4125 6225
580 499 702 564 650

582 632 772 693 Quaest.
793 634 841 685 4.
864 635 943 686 An
967 634 1208 698 possibile
1231 637 1428 690 dicatur
1453 640 1643 707 aliquid
1669 643 1963 708 simpliciter

581 774 624 825 D
643 706 925 756 secundum
956 720 1134 758 causas
1158 710 1446 777 superiores
1469 716 1523 764 et
1545 713 1835 767 inferiores.

627 787 727 826 1sr.
755 789 906 829 xmu.

580 848 842 910 Expositio
865 855 1051 904 textus.

580 921 705 971 Anr.
743 934 781 971 1.
815 923 1006 982 Quaest.
1046 929 1091 976 1.
1134 928 1211 976 An
1246 926 1475 989 potentia
1514 928 1639 994 Dei,
1675 929 1958 980 secundum

643 993 782 1055 quod
803 992 1115 1060 huiusmodi,
1136 997 1332 1048 infinita
1349 999 1432 1049 sit.

582 1062 783 1186 Qfflt'·
802 1069 851 1116 2.
889 1069 968 1118 An
995 1068 1168 1119 divina
1200 1070 1447 1133 essentia,
1474 1070 1581 1122 sive
1608 1072 1864 1137 potentia,
1893 1072 1960 1124 sit

736 1137 858 1187 nita.

581 1207 772 1267 Quaest
806 1213 853 1262 3.
888 1212 967 1261 An
994 1211 1167 1264 divina
1196 1214 1424 1278 potentia
1455 1215 1619 1280 possit
1640 1214 1695 1267 in
1720 1215 1960 1267 effectum

642 1284 758 1330 actu
787 1281 1060 1335 infinitum.

581 1350 772 1472 Qtffih
805 1355 853 1405 4.
887 1356 966 1405 An
993 1355 1167 1407 divina
1185 1359 1416 1421 potentia
1442 1358 1682 1411 extendat
1701 1374 1757 1412 se
1785 1360 1852 1411 ad
1876 1359 1957 1410 in-

577 1497 726 1546 Dtsr.
755 1508 896 1547 κων.

580 1568 842 1630 Expositio
867 1572 1053 1622 textus.

582 1642 707 1691 Aur.
737 1653 776 1691 1.
806 1642 997 1701 Quaest.
1030 1648 1074 1694 1.
1109 1644 1186 1695 An
1209 1645 1345 1695 Deus
1365 1646 1589 1710 potuerit
1608 1651 1858 1702 mundum
1884 1651 1959 1705 fa-

646 1725 762 1762 cerc
793 1714 1061 1765 meliorem
1088 1717 1254 1782 quoad
1287 1718 1620 1770 substantiam
1643 1722 1865 1785 partium
1887 1724 1961 1774 in-

645 1784 970 1849 tegrantium·

585 1857 770 1917 Quaest
804 1860 852 1907 2.
883 1859 960 1908 An
986 1859 1207 1910 mundus
1233 1862 1456 1924 potuerit
1477 1862 1587 1914 fieri
1608 1864 1789 1916 melior
1807 1881 1961 1931 quan-

646 1932 754 1979 tum
780 1929 845 1979 ad
870 1931 1206 1994 proprietates
1233 1933 1452 1997 partium
1483 1935 1859 2000 integr-antium.

586 2002 776 2061 Quoest.
810 2003 855 2051 3.
883 2003 960 2051 An
986 2003 1122 2052 Deus
1143 2006 1365 2069 potuerit
1386 2006 1554 2058 facere
1582 2010 1830 2061 mundum
1855 2027 1963 2064 me-

645 2072 827 2123 liorem
849 2078 1093 2136 quantum
1121 2076 1185 2125 ad
1208 2077 1441 2127 ordinem
1469 2080 1706 2142 partium.

586 2144 776 2203 Quaest.
804 2145 850 2194 4.
882 2146 959 2194 An
985 2146 1124 2197 Deus
1145 2148 1368 2211 potuerit
1397 2149 1566 2201 facere
1597 2152 1847 2207 mundum
1872 2169 1963 2206 an-

645 2215 936 2280 tiquiorcm.

585 2289 712 2338 Αιιτ.
741 2298 798 2339 ιι.
835 2289 1022 2347 Quzest.
1049 2290 1221 2341 unica.
1245 2293 1325 2342 An
1352 2293 1488 2346 Deus
1512 2295 1652 2360 quod
1684 2298 1842 2351 semel
1865 2312 1961 2364 po-

646 2361 764 2421 test,
791 2373 994 2425 semper
1017 2364 1196 2426 possit.

586 2433 731 2482 Disr.
762 2442 882 2481 ην.

587 2502 847 2567 Expositio
875 2505 1060 2556 textus.

586 2577 711 2626 Aur.
743 2586 780 2625 1.
803 2576 993 2634 Quoest.
1020 2579 1064 2627 1.
1085 2577 1228 2627 Anin
1253 2578 1361 2628 Deo
1376 2577 1646 2643 aitponere
1660 2582 1992 2638 voluntatem.

588 2647 779 2706 Quaest.
818 2650 864 2697 2.
910 2649 985 2697 An
1029 2649 1165 2698 Deus
1207 2648 1403 2700 dicatur
1435 2651 1785 2716 omnivolens,
1833 2656 1964 2753 sicut

649 2718 960 2769 omnisciens
987 2725 1039 2770 et
1066 2721 1408 2785 omnipotens.

586 2793 713 2842 Αιιτ.
741 2803 802 2841 ιι.

588 2864 778 2924 Quaest.
808 2869 852 2914 1.
883 2865 962 2914 An
991 2864 1226 2917 voluntas
1251 2866 1345 2917 Dei
1374 2867 1440 2918 sit
1468 2882 1622 2919 causa
1648 2883 1839 2923 rerum.

587 2936 776 2995 Quaest.
806 2939 853 2986 2.
878 2937 958 2986 An
983 2937 1219 2988 voluntas
1256 2939 1351 2989 Dei
1386 2940 1451 2990 sit
1483 2941 1778 2993 immediata
1811 2958 1964 2996 causa

646 3022 838 3058 rerum.

587 3079 712 3131 Λιιτ.
745 3090 820 3131 ιιι.
859 3079 1050 3140 Quaest.
1089 3081 1135 3131 1.
1168 3081 1248 3132 An
1281 3080 1518 3133 voluntas
1560 3082 1733 3135 divina
1771 3101 1963 3140 conve-

647 3152 846 3203 nienter
868 3153 1119 3204 dividatur
1146 3154 1201 3204 in
1225 3154 1541 3206 voluntatem
1567 3157 1701 3222 signi
1734 3163 1785 3210 et
1809 3161 1965 3212 bene-

646 3224 834 3288 placiti.

588 3296 778 3356 Quaest.
805 3296 854 3345 2.
900 3296 1024 3356 Quas
1053 3300 1106 3348 et
1126 3300 1253 3363 quot
1273 3297 1374 3348 sint
1399 3297 1546 3363 signa
1570 3299 1753 3353 divinae
1777 3303 1961 3355 volun-

587 3439 734 3489 D1sr.
760 3450 900 3489 XLVI.

587 3509 847 3572 Expositio
875 3513 1061 3560 textus.

586 3584 712 3631 Anr.
740 3594 777 3631 1.
810 3582 997 3641 Quaest.
1031 3585 1075 3631 1.
1104 3582 1182 3632 An
1202 3584 1339 3632 Deus
1368 3582 1491 3632 velit
1523 3599 1704 3638 omnes
1727 3587 1963 3640 homines

646 3653 815 3703 salvos
841 3654 950 3704 fleri
972 3654 1230 3704 voluntate
1257 3655 1578 3716 beneplaciti.

585 3727 773 3785 Quaest.
802 3728 850 3776 2.
881 3730 959 3776 An
986 3728 1124 3776 Deus
1149 3726 1268 3776 velit
1295 3728 1428 3777 mala
1455 3729 1585 3780 fleri.

585 3799 775 3856 Quaest.
807 3800 855 3847 3.
884 3799 962 3848 An
990 3798 1125 3848 mala
1151 3798 1260 3847 fieri
1285 3800 1350 3849 sit
1374 3800 1592 3851 bonum.

586 3869 774 3928 Quoest.
799 3872 846 3918 4.
875 3871 952 3919 An
973 3869 1108 3919 maia
1133 3869 1244 3919 fleri
1269 3870 1334 3920 sit
1359 3884 1557 3924 verum.

586 3940 772 3999 Quoest.
805 3944 854 3991 5.
884 3943 963 3991 An
996 3942 1189 3992 malum
1227 3941 1293 3991 sit
1317 3942 1597 3994 ordinabile
1633 3958 1664 3995 a
1704 3947 1961 3998 voluntate

647 4011 758 4062 Dei.

583 4085 772 4144 Quaest.
804 4085 851 4136 6.
891 4086 970 4136 An
1005 4085 1195 4136 malum
1229 4085 1296 4137 sit
1329 4086 1393 4137 de
1430 4088 1806 4153 complemento
1842 4091 1961 4142 uni-

644 4169 797 4205 versi.

582 4229 729 4278 D1sr.
758 4239 926 4279 nvn.

580 4299 839 4362 Expositio
865 4302 1049 4350 textus.

581 4372 773 4431 Quaest.
800 4377 844 4423 1.
874 4374 953 4422 An
978 4371 1212 4424 voluntas
1234 4371 1539 4437 beneplaciti
1562 4374 1655 4424 Dei
1679 4375 1841 4439 possit
1865 4375 1958 4427 im·

642 4443 822 4507 pediri.

580 4518 769 4577 Quoest.
803 4519 850 4566 2.
879 4518 960 4566 An
986 4515 1166 4580 aliquis
1191 4516 1354 4581 possit
1379 4516 1549 4567 facere
1578 4518 1758 4567 contra
1781 4518 1960 4570 volun·

639 4592 799 4638 tatem
827 4587 979 4651 signi.

580 4662 768 4721 Quaest.
799 4664 846 4711 3.
878 4664 956 4710 An
983 4661 1121 4710 Deus
1147 4661 1334 4711 debeat
1356 4660 1492 4710 mala
1513 4659 1824 4725 permittere.

579 4734 767 4793 Quaest.
798 4734 845 4782 4.
868 4734 948 4783 An
974 4734 1112 4782 Deus
1137 4733 1300 4796 possit.
1320 4733 1455 4782 mala
1473 4733 1772 4797 praecipere.

578 4806 725 4856 D1sr.
749 4815 943 4855 xnvm.

579 4875 841 4939 Expositio
864 4878 1051 4927 textus.

579 4949 703 4999 Διιτ.
733 4958 774 4998 1.
813 4946 1003 5006 Quaest.
1045 4950 1091 4997 1.
1135 4946 1214 4996 An
1254 4944 1494 5011 possibile
1537 4945 1602 4996 sit
1644 4943 1960 4997 voluntatem

639 5022 867 5068 nostram
894 5017 1082 5068 divinae
1111 5018 1359 5069 voluntati
1381 5017 1711 5068 conformari.

579 5090 768 5150 Quaest.
797 5093 845 5139 2.
886 5095 965 5139 An
998 5089 1326 5140 conformitas
1365 5088 1640 5140 voluntatis
1672 5092 1862 5140 nostrae
1895 5090 1960 5140 ad

640 5162 866 5212 divinam
893 5161 1046 5212 faciat.
1072 5174 1188 5211 eam
1210 5161 1419 5227 justam.

578 5236 704 5287 Aur.
758 5246 821 5285 11.
864 5234 1053 5293 Quoest.
1107 5236 1156 5283 1.
1205 5237 1285 5284 An
1330 5237 1596 5284 teneamur
1646 5233 1961 5284 voluntatem

641 5310 871 5358 nostram
905 5306 1156 5358 voluntati
1190 5306 1376 5358 divium
1413 5307 1739 5358 conformare
1781 5307 1835 5357 in
1878 5321 1962 5357 ra·-

640 5378 780 5428 tione
801 5378 1027 5430 volendi.

584 5451 772 5510 Quaest.
795 5453 842 5499 2.
874 5452 951 5500 An
973 5450 1142 5514 quoad
1163 5449 1379 5500 volitum
1403 5450 1717 5501 voluntatem
1733 5454 1963 5501 nostram

644 5519 902 5573 voluntati
915 5521 1102 5573 divinae
1128 5525 1393 5574 teneamur
1420 5522 1761 5574 conformare.

2046 505 2311 577 INDEX.

2022 716 2113 767 138

2022 789 2108 839 111

2020 860 2113 909 111

2023 1002 2112 1053 117

2023 1146 2112 1195 150

2021 1288 2112 1339 153

2025 1433 2115 1482 156

2024 1504 2115 1554 157

2025 1580 2115 1630 159

2025 1799 2110 1848 161

2024 1940 2114 1990 161

2025 2088 2113 2137 165

2026 2231 2117 2280 167

2026 2374 2116 2423 169

2026 2447 2110 2496 171

2026 2518 2115 2567 171

2030 2591 2117 2640 177

2030 2732 2119 2781 179

2030 2807 2115 2856 181

2028 2881 2120 2929 182

2030 3023 2119 3074 181

2030 3237 2120 3287 186

2030 3378 2118 3428 187

2029 3452 2117 3500 180

2029 3523 2118 3571 191

2027 3666 2116 3716 196

2028 3739 2116 3786 199

2024 3809 2112 3857 201

2022 3882 2115 3929 203

2023 4024 2114 4073 205

2021 4167 2115 4215 206

2024 4239 2113 4287 208

2021 4309 2112 4358 210

2023 4451 2115 4499 212

2022 4594 2114 4642 211

2020 4666 2113 4714 216

2022 4735 2116 4783 217

2021 4806 2115 4854 219

2022 4879 2110 4928 221

2022 5020 2113 5069 223

2023 5164 2113 5212 225

2024 5380 2115 5428 226

2024 5520 2116 5571 227

2222 645 2536 696 Prooemium
2561 643 2616 694 in
2640 644 2826 696 librum
2853 645 3230 699 Sententiarum
3253 650 3555 703 secundum.

2222 718 2281 766 ln
2308 716 2396 770 lib.
2430 718 2490 769 ΙΙ.
2523 717 2667 769 Βιετ.
2698 729 2736 767 ι.

2223 789 2380 840 ΡΑιιτ.
2404 800 2445 841 1.
2470 789 2733 855 Expositio
2752 791 2940 841 textus.

2221 861 2350 910 Αιιτ.
2386 873 2429 911 1.

2221 934 2411 992 Quoest.
2437 939 2483 983 1.
2514 934 2592 983 An
2613 945 2698 983 res
2723 932 2946 983 habeant
2969 932 3274 998 principium
3298 936 3514 989 causale.

2221 1004 2409 1063 Quffist.
2433 1006 2481 1053 2.
2501 1004 2579 1054 An
2607 1004 2827 1055 mundus
2847 1007 2911 1055 ab
2935 1008 3147 1069 aeterno,
3172 1005 3255 1056 vel
3274 1021 3338 1057 ex
3367 1013 3598 1073 tempore

2281 1075 2558 1139 productus
2581 1075 2665 1126 sit.

2222 1151 2345 1200 aar.
2373 1161 2434 1200 u.
2464 1150 2654 1209 Quaest.
2685 1152 2732 1200 1.
2760 1149 2841 1200 An
2876 1163 2957 1201 res
2982 1151 3243 1218 productas
3278 1153 3459 1208 sintin
3484 1169 3598 1207 esse

2283 1237 2314 1271 a
2339 1220 2568 1284 pluribus
2584 1221 2864 1286 principiis.

2221 1295 2409 1354 Quoest.
2459 1297 2507 1343 2.
2557 1295 2636 1344 An
2679 1294 2903 1360 primum
2946 1294 3255 1360 principium
3305 1297 3601 1361 produxerit

2283 1364 2457 1414 omnia
2481 1363 2670 1428 seipso,
2699 1378 2766 1414 an
2792 1366 3047 1417 mediante
3075 1367 3196 1418 alio.

2221 1438 2345 1488 Aur.
2376 1448 2459 1487 111.
2488 1436 2675 1495 Quaest.
2706 1441 2752 1488 1.
2772 1439 2851 1488 An
2874 1438 3064 1489 creatio
3089 1439 3425 1491 mutationem
3445 1440 3597 1492 dieat.

2223 1509 2413 1569 Quoest.
2453 1510 2501 1558 2.
2531 1509 2610 1558 An
2633 1510 2823 1561 creatio
2852 1510 2989 1561 dieat
3017 1511 3245 1561 medium
3270 1512 3402 1563 inter
3439 1513 3601 1564 Crea-

2282 1584 2449 1630 torem
2476 1583 2527 1630 et
2553 1585 2860 1632 creaturam.

2222 1654 2381 1704 PART.
2411 1663 2474 1702 11.
2504 1652 2763 1715 Expositio
2791 1654 2978 1703 textus.

2222 1725 2348 1774 Aur.
2377 1735 2418 1773 1.
2441 1723 2630 1782 Quaest.
2657 1726 2704 1772 1.
2734 1726 2813 1775 An
2833 1739 2865 1774 a
2886 1723 3053 1788 primo
3082 1724 3330 1777 efficiente
3352 1725 3601 1792 debuerit,

2283 1795 2366 1844 vel
2390 1793 2612 1859 potuerit
2637 1809 2748 1845 esse
2777 1810 2953 1846 rerum
2977 1796 3266 1848 multitudo.

2222 1868 2411 1927 Quaest.
2440 1869 2488 1915 2.
2517 1868 2595 1916 An
2620 1880 2792 1917 rerum
2821 1867 3125 1918 universitas
3156 1869 3341 1932 triplici
3378 1869 3587 1921 distinc-

2284 1938 2424 1988 tione
2452 1937 2817 2002 distinguatur,
2845 1943 3078 1990 creatura
3107 1940 3381 2006 spirituali,
3415 1955 3601 2007 corpo-

2281 2010 2392 2073 rali,
2424 2013 2476 2059 et
2502 2024 2567 2059 ex
2588 2013 2804 2074 utraque
2827 2011 3015 2061 media.

2224 2083 2348 2133 Am·-
2387 2094 2449 2133 11.
2480 2081 2671 2143 Quaest.
2716 2087 2761 2132 1.
2786 2085 2864 2133 An
2894 2085 3029 2134 Deus
3055 2083 3119 2134 ad
3146 2082 3359 2147 gloriam
3386 2085 3493 2149 sui,
3519 2086 3606 2136 vel

2283 2152 2349 2203 ad
2374 2166 2547 2203 rerum
2576 2153 2863 2217 utilitatem,
2882 2168 2965 2204 res
2992 2154 3127 2218 ipsas
3152 2156 3468 2220 produxerit.

2224 2228 2413 2287 Quaest.
2436 2228 2485 2277 2.
2513 2229 2586 2277 An
2615 2227 2825 2292 angelus
2847 2227 2913 2278 sit
2931 2228 3255 2291 praestantior
3270 2229 3500 2280 homine.

2223 2300 2350 2349 Aur.
2379 2310 2462 2349 ιιι.
2491 2298 2681 2357 Quaest.
2717 2303 2764 2350 1.
2799 2301 2879 2350 An
2912 2300 3123 2365 angelus
3164 2304 3216 2351 et
3254 2300 3426 2352 anima
3452 2300 3606 2353 diffe-

2283 2374 2401 2421 rant
2425 2369 2619 2434 specie.

2224 2443 2371 2493 D1sr.
2403 2453 2460 2491 11.

2226 2516 2384 2566 ΡΑιιτ.
2414 2525 2452 2563 1.
2484 2510 2745 2574 Expositio
2770 2514 2958 2563 textus.

2225 2588 2351 2637 Αιιτ.
2376 2598 2413 2636 1.
2434 2585 2623 2644 Quaest.
2648 2589 2695 2635 1.
2721 2585 2799 2634 An
2816 2583 3093 2648 spiritualia
3105 2583 3330 2636 habeant
3344 2584 3607 2650 propriam

2287 2669 2601 2707 mensuram.

2228 2728 2414 2787 Quaest.
2461 2728 2511 2776 2.
2557 2727 2635 2776 An
2674 2725 2905 2776 omnium
2940 2725 3304 2777 aeviternorum
3342 2725 3407 2776 sit
3447 2740 3607 2777 unum

2288 2811 2476 2848 aevum.

2227 2871 2417 2930 Quoest.
2445 2869 2493 2918 3.
2520 2871 2600 2919 An
2626 2867 2906 2933 spiritualia
2928 2867 3152 2919 habeant
3188 2872 3607 2934 permanentem,

2289 2939 2370 2990 vel
2397 2939 2742 2991 successivam
2766 2953 3081 2991 mensuram.

2226 3012 2354 3061 Aur.
2384 3022 2447 3062 11.

2230 3085 2417 3144 Quaest.
2452 3086 2500 3134 1.
2529 3085 2611 3135 An
2631 3096 2803 3135 aevum
2821 3083 3079 3150 praecedat
3105 3081 3273 3147 aliquo
3298 3081 3455 3134 modo
3482 3086 3608 3134 tem·

2327 3169 2404 3205 us·

2229 3170 2417 3288 Qtfaest.
2442 3228 2492 3276 2.
2522 3227 2598 3277 An
2615 3226 2750 3279 inter
2768 3230 2973 3293 tempus
2998 3230 3050 3279 et
3071 3239 3240 3278 aevum
3257 3226 3323 3277 sit
3349 3225 3606 3277 allamen-

2288 3312 2407 3349 sura
2434 3297 2622 3348 media.

2229 3372 2418 3430 Quaest.
2444 3371 2489 3419 3.
2515 3371 2591 3419 An
2613 3367 2898 3433 spirituales
2927 3371 2979 3419 et
3000 3368 3290 3433 corporales
3312 3368 3609 3420 substantias

2290 3440 2438 3492 simul
2465 3445 2650 3491 creatae
2674 3440 2790 3490 sint.

2227 3514 2384 3564 ΡΑιιτ.
2412 3525 2473 3563 11.
2512 3511 2770 3574 Expositio
2804 3513 2993 3560 textus.

2226 3587 2350 3635 An'r.
2382 3597 2420 3635 1.
2457 3584 2642 3643 Quoest.
2686 3587 2731 3632 1.
2774 3584 2853 3632 An
2881 3582 3069 3632 coelum
3101 3595 3399 3646 empyreum
3429 3580 3527 3645 sit,
3557 3584 3609 3631 et

2226 3656 3165 3847 Qufssgssffrgfffnnssiffimssnpymum
3200 3724 3376 3775 influat
3416 3724 3470 3774 in
3493 3723 3607 3775 haec

2284 3812 2335 3847 in
2360 3811 2549 3849 eriora.

2224 3871 2348 3920 Αιιτ.
2372 3883 2435 3921 11.
2452 3870 2642 3929 Quaest.
2662 3873 2704 3919 1.
2724 3870 2800 3919 An
2815 3867 2983 3932 angeli
3001 3867 3167 3918 sintin
3189 3868 3306 3919 loco
3337 3882 3606 3932 corporeo.

2225 3941 2415 4001 Quoest.
2445 3944 2491 3990 2.
2524 3947 2601 3991 An
2627 3939 2836 4004 angelus
2866 3939 3018 3990 simul
3046 3942 3098 3990 et
3123 3939 3376 3990 semel.sit
3399 3940 3453 3990 in
3491 3940 3605 4005 plu-

2285 4014 2428 4064 ribus
2454 4013 2599 4063 locis.

2225 4086 2400 4145 Quaest
2456 4085 2504 4135 3.
2548 4086 2626 4135 An
2656 4082 2867 4149 angelus
2901 4082 2967 4133 sit
3002 4082 3057 4135 in
3096 4082 3213 4134 loco
3238 4082 3460 4148 partibili
3478 4120 3497 4147 ,
3524 4082 3609 4133 vel

2323 4157 2530 4208 unciali.

2225 4172 2416 4289 Qtfaest.
2444 4232 2491 4280 4.
2531 4229 2610 4280 An
2635 4228 2809 4293 plures
2833 4226 3002 4292 angeli
3027 4227 3131 4279 sint
3163 4227 3315 4279 simul
3342 4226 3397 4278 in
3424 4227 3607 4279 eodem

2285 4300 2423 4350 loco.

2225 4373 2374 4423 D1sr.
2401 4384 2487 4423 111.

2224 4443 2486 4506 Expositio
2512 4445 2699 4495 textus.

2224 4519 2351 4567 Aur.
2381 4527 2420 4566 ι.
2461 4516 2649 4575 Quaest.
2695 4517 2743 4564 1.
2781 4514 2858 4564 An
2884 4511 3054 4578 angeli
3089 4511 3191 4563 sint
3230 4512 3505 4577 compositi
3540 4525 3607 4564 ex

2283 4588 2497 4637 materia
2525 4591 2576 4637 et
2598 4586 2785 4637 forma.

2224 4659 2409 4719 Quaest.
2440 4662 2489 4708 2.
2508 4658 2586 4708 An
2611 4655 2826 4707 materia
2858 4670 2923 4706 ex
2945 4669 3045 4720 qua
3073 4655 3342 4718 compositi
3368 4658 3488 4706 sunt
3512 4669 3604 4706 an-

2285 4730 2403 4795 geli,
2432 4731 2499 4780 sit
2527 4729 2709 4780 eadem
2730 4741 2850 4779 cum
2873 4725 3088 4778 materia
3117 4727 3476 4791 corporalium.

2223 4808 2412 4867 Quaest.
2452 4807 2500 4855 3.
2531 4811 2609 4857 An
2649 4802 2865 4854 materia
2898 4802 3239 4866 corporalium
3280 4806 3331 4853 et
3369 4803 3610 4867 spiritua-

2284 4876 2408 4927 lium
2430 4877 2497 4926 sit
2518 4890 2620 4926 una
2645 4888 2881 4926 numero,

2223 4950 2330 5002 Aur
2370 4960 2433 4999 11.
2464 4948 2656 5007 Quaest.
2686 4951 2732 4998 1.
2765 4947 2844 4996 An
2866 4944 2921 4995 in
2947 4944 3139 5010 angelis
3165 4943 3232 4996 sit
3250 4958 3398 4996 mera
3419 4944 3608 4996 discre-

2284 5021 2355 5071 tio
2378 5018 2676 5085 personalis.

2223 5093 2412 5152 Quaest.
2443 5093 2491 5142 2.
2525 5093 2705 5142 Utrum
2732 5087 3015 5154 personalis
3042 5088 3329 5152 proprietas
3352 5088 3407 5139 in
3446 5102 3609 5155 ange-

2283 5164 2346 5213 lis
2372 5164 2437 5214 sit
2461 5161 2806 5225 accidentalis,
2833 5162 2918 5211 vel
2946 5160 3307 5211 substantialis.

2225 5237 2418 5296 Quaest.
2449 5237 2496 5285 3.
2536 5236 2717 5286 Utrum
2747 5233 2987 5284 discretio
3010 5232 3292 5296 personalis
3316 5232 3381 5284 sit
3407 5246 3439 5283 a
3467 5235 3610 5297 parte

2285 5306 2523 5371 principii
2546 5304 2794 5368 formalis,
2818 5304 2902 5355 vel
2926 5303 3219 5356 materialis.

2225 5380 2384 5430 ΡΑιιτ.
2412 5391 2478 5430 11.
2502 5376 2764 5442 Expositio
2790 5380 2977 5427 textus.

2226 5451 2351 5500 Aur.
2381 5461 2422 5500 1.
2441 5449 2633 5509 Quaest.
2654 5451 2703 5500 1.
2732 5447 2915 5498 Utrum
2941 5447 3080 5499 Deus
3102 5446 3283 5500 fecerit
3304 5446 3475 5513 ipsum
3499 5459 3607 5497 ma-

2272 5521 2418 5572 lum.

3657 656 3742 705 sat

3660 727 3749 776 231

3662 797 3751 846 237

3660 868 3754 917 239

3660 940 3752 988 210

3662 1082 3754 1133 213

3662 1229 3754 1278 218

3661 1369 3750 1421 251

3662 1441 3753 1491 253

3661 1585 3753 1633 255

3662 1656 3754 1705 258

3663 1800 3754 1850 260

3663 2015 3756 2065 262

3665 2159 3755 2209 261

3664 2232 3758 2281 266

3582 2374 3759 2427 ,268

3666 2445 3761 2494 272

3667 2514 3759 2563 271

3668 2658 3758 2707 276

3667 2800 3758 2849 279

3668 2941 3761 2991 282

3668 3013 3758 3062 281

3668 3157 3759 3207 285

3667 3298 3758 3347 286

3668 3439 3763 3490 287

3669 3512 3764 3560 289

3669 3654 3761 3704 291

3666 3798 3760 3848 293

3668 3870 3759 3918 296

3669 4013 3760 4062 298

3668 4157 3760 4206 300

3668 4299 3762 4350 302

3668 4372 3761 4420 301

3669 4443 3761 4493 308

3668 4586 3761 4636 310

3667 4729 3760 4779 313

3666 4877 3763 4927 318

3665 5022 3757 5070 321

3671 5163 3763 5212 323

3672 5305 3766 5355 326

3672 5376 3763 5426 328

3669 5518 3759 5567 330
