4125 6225
1084 415 1460 483 DISTINC'I'.
1503 414 1711 481 XLIV.
1757 412 1939 481 ΛΒΤ.
1981 414 2058 480 11.
2107 413 2405 493 QUAEST.
2453 414 2501 479 Ι.

209 548 517 613 mnndum
535 550 1030 632 amplectentem
1053 551 1276 630 istum,
1301 551 1372 615 in
1396 569 1525 634 quo
1547 551 1742 615 situm

207 660 406 739 posset
429 657 672 722 habere
691 660 904 741 magis
922 659 1147 736 altum,
1168 662 1234 723 et
1257 660 1496 739 minus3
1514 676 1745 724 verum

205 768 304 827 est.
340 764 651 852 Similiter
679 767 1102 848 judicandum
1128 767 1205 830 de
1231 767 1641 849 antiquitate:
1684 769 1747 829 et

63 858 188 976 ἐξ
205 871 362 947 ideo,
389 872 444 935 si
474 878 809 955 quaeratur
840 878 1062 939 utrum
1096 874 1262 938 Deus
1297 874 1574 957 potuerit
1596 875 1746 938 ante

205 974 404 1039 faeere
423 977 767 1058 mundum,
789 978 1306 1060 distinguendum
1334 976 1495 1041 sicut
1518 975 1741 1040 ethic:

213 1106 240 1142 ι
275 1080 514 1147 Utrum
556 1084 726 1149 Deus
766 1086 1041 1168 potuerit
1075 1085 1280 1149 facere
1320 1085 1637 1150 mundum
1677 1083 1746 1146 in

207 1189 319 1254 alio
347 1190 514 1271 loco,
545 1192 651 1257 vel
678 1193 862 1271 alibi3
894 1215 925 1253 n
961 1193 1109 1276 quia
1132 1192 1509 1257 adverbialis
1536 1191 1748 1255 deter-

211 1297 472 1363 minatio
491 1303 698 1382 potest
720 1301 943 1365 cadere
963 1301 1083 1364 sub
1105 1299 1512 1383 ampliatione
1537 1296 1743 1374 verbi,

209 1405 300 1468 vel
321 1410 547 1485 extra3
581 1408 633 1470 si
661 1408 784 1471 snb
803 1407 1214 1490 ampliatione
1238 1407 1440 1487 verbi,
1469 1410 1625 1471 tunc
1653 1408 1748 1469 est

208 1530 377 1592 vera,
408 1518 475 1578 et
508 1518 604 1578 est
629 1533 885 1594 sensus,
914 1516 1085 1598 quod
1124 1514 1290 1579 Deus
1318 1515 1521 1599 potuit
1544 1514 1744 1579 alium

207 1620 415 1684 locum
433 1622 662 1700 facere,
679 1628 743 1687 et
759 1623 829 1687 in
851 1623 960 1688 illo
983 1624 1295 1688 mundum
1319 1623 1512 1689 istum
1533 1627 1742 1687 totum

211 1747 480 1810 ponere:
530 1732 739 1814 potuit
791 1733 963 1795 enim
1019 1734 1223 1797 facere
1275 1735 1534 1796 centum
1590 1732 1746 1795 tales

210 1838 503 1916 mundos,
525 1843 590 1902 et
606 1839 816 1903 adhuc
837 1859 1044 1903 unum
1071 1840 1587 1921 complectentem
1611 1857 1745 1903 om-

209 1963 345 2024 neS,
380 1950 445 2009 et
492 1964 699 2010 unum
739 1947 812 2010 in
850 1948 987 2012 loco
1021 1947 1229 2011 altiori
1272 1965 1467 2029 quam
1504 1946 1740 2011 alium:

209 2052 289 2115 sic
301 2053 441 2116 etin
457 2054 1240 2137 temporeintelligendum
1255 2058 1370 2134 est,
1383 2055 1554 2136 quod
1574 2054 1744 2118 Deus

209 2160 410 2241 potuit
430 2160 636 2225 facere
653 2167 908 2245 tempus
928 2167 1075 2226 ante
1090 2163 1234 2242 hoc,
1250 2166 1313 2225 et
1326 2163 1396 2225 in
1416 2161 1523 2225 illo
1541 2162 1745 2226 facere

212 2268 546 2332 mnndum.
597 2268 742 2333 Alio
777 2270 966 2334 modo
1011 2273 1215 2352 potest
1257 2269 1479 2333 cadere
1514 2269 1745 2333 adver-

210 2372 387 2437 bialis
411 2375 855 2440 determinatio
878 2381 1058 2441 extra
1081 2376 1552 2460 ampliationem
1576 2376 1652 2440 de
1677 2377 1745 2457 ly

208 2488 428 2565 potest,
448 2487 509 2545 et
529 2487 623 2547 est
647 2502 904 2547 sensus:
924 2484 1087 2548 Deus
1109 2487 1314 2566 potest
1333 2485 1536 2548 facere
1561 2502 1746 2547 mun-

213 2589 360 2652 dum
385 2590 588 2654 istum
612 2590 682 2653 in
719 2591 844 2655 alio
869 2592 1037 2670 loc0‚
1072 2591 1185 2673 qui
1212 2595 1307 2655 est
1343 2596 1523 2655 extra
1553 2610 1746 2656 mun-

213 2695 392 2760 dum:
428 2698 614 2762 ethic
640 2705 738 2793 φὶ
761 2699 1105 2782 implicatio
1129 2699 1292 2779 falsi,
1328 2700 1481 2782 quia
1507 2718 1637 2764 non
1654 2703 1748 2763 est

209 2807 378 2872 locus
415 2808 540 2872 nisi
588 2810 762 2874 intra
810 2811 1127 2875 mundum
1158 2829 1175 2874 ε
1229 2814 1293 2876 et
1335 2810 1625 2875 similiter
1667 2811 1746 2876 de

211 2923 485 3003 tempore
511 2922 1026 3004 intelligendum.

285 3033 344 3089 1.
391 3029 485 3093 Ad
509 3029 668 3094 illud
695 3030 866 3111 quod
893 3030 1210 3114 objicitur,
1240 3029 1412 3112 quod
1437 3034 1583 3094 ante
1609 3048 1743 3095 non

209 3139 339 3199 erat
372 3136 494 3200 nisi
525 3138 877 3217 aeternitas,
923 3139 1264 3203 dicendum
1304 3139 1477 3221 quod
1516 3157 1746 3202 verum

215 3249 334 3322 esu
353 3245 461 3309 sed
485 3250 705 3310 tamen
733 3245 895 3311 Deus
922 3251 1166 3329 poterat
1188 3248 1392 3310 facere
1410 3246 1584 3329 quod
1598 3250 1746 3312 ante

214 3355 366 3414 osset
391 3355 669 3434 tempus·

286 3463 344 3521 2.
386 3459 485 3524 Ad
527 3459 686 3524 illud
729 3460 901 3543 quod
941 3461 1242 3543 objicitur
1285 3460 1362 3525 de
1410 3462 1662 3526 infinito
1708 3481 1747 3526 a

214 3571 380 3648 parte
401 3571 571 3646 ante,
598 3567 942 3631 dicendum
969 3568 1142 3650 quod
1157 3568 1490 3634 infinitum
1513 3589 1551 3632 a
1569 3574 1746 3652 parte

216 3676 350 3737 ante
385 3678 591 3755 potest
624 3691 760 3737 esse
795 3674 1192 3757 apponendo,
1237 3680 1349 3738 aut
1388 3676 1743 3740 secundum

218 3789 454 3865 actum,
509 3789 622 3850 aut
674 3788 1028 3852 secundum
1082 3788 1426 3869 potentiam
1460 3810 1474 3850 :
1537 3789 1745 3871 primo

220 3892 393 3956 modo
426 3893 575 3957 dicit
608 3894 1060 3972 aeternitatem3
1091 3894 1367 3958 secundo
1395 3894 1586 3959 modo
1618 3896 1746 3958 mi-

220 3998 402 4076 nime,
422 4000 572 4082 quia
596 4000 918 4064 aeternitas
943 4000 1093 4064 dicit
1117 4001 1440 4064 infinitum
1469 4005 1637 4065 actu.

292 4112 346 4171 3.
388 4108 485 4171 Ad
520 4108 683 4172 illud
719 4109 890 4190 quod
928 4108 1224 4191 objicitur
1269 4109 1443 4191 quod
1488 4127 1745 4173 necesse

221 4220 304 4279 ost
342 4236 573 4299 ponere
610 4221 870 4295 statum,
914 4217 1255 4282 dicendum
1298 4218 1469 4300 quod
1515 4236 1746 4283 verum

223 4328 334 4401 «εἰς
362 4326 465 4388 sed
504 4330 706 4389 status
737 4329 1004 4407 possunt
1039 4344 1174 4389 esse
1206 4325 1474 4402 infiniti,
1507 4329 1572 4388 et
1598 4325 1745 4390 licet

227 4430 287 4493 in
323 4434 591 4514 potentia
642 4451 776 4498 non
815 4434 894 4497 sit
943 4452 1180 4517 ponere
1213 4438 1482 4510 statum,
1530 4438 1746 4499 tamen

227 4536 361 4617 quia
372 4545 545 4604 actus
563 4558 697 4605 non
718 4542 1125 4623 consequitur
1147 4546 1344 4606 totam
1369 4543 1740 4625 potentiam,

230 4645 320 4708 sed
337 4647 398 4709 in
417 4648 628 4731 aliquo
656 4651 823 4712 statu
850 4652 966 4729 est,
992 4648 1136 4712 ideo
1153 4649 1223 4711 in
1241 4652 1412 4711 statu
1439 4649 1648 4712 finito.
1677 4647 1745 4713 Si

230 4760 527 4834 quaeratur
550 4774 753 4839 quare
771 4756 980 4837 magis
1007 4755 1077 4819 in
1103 4755 1249 4832 hoc,
1274 4774 1472 4838 quam
1498 4756 1569 4819 in
1593 4755 1741 4837 alin,

231 4862 367 4927 ratio
406 4882 663 4929 summa
702 4868 766 4928 et
806 4863 1133 4947 potissima
1177 4867 1272 4927 est
1313 4863 1610 4929 voluntas
1649 4864 1744 4927 fa-

234 4966 442 5036 cientis.

294 5073 348 5133 4.
387 5071 482 5135 Ad
504 5070 671 5134 illud
691 5070 861 5153 quod
881 5070 1179 5152 oincitur
1202 5071 1375 5153 quod
1401 5069 1747 5152 antiquitas

281 5265 388 5327 ¹Cf.
417 5249 561 5317 'Alex
587 5264 813 5325 Mensis,
838 5280 892 5330 p.
917 5266 968 5329 1,
998 5280 1048 5330 q.
1071 5276 1195 5331 ΧΠ,
1224 5266 1414 5316 memb.
1443 5269 1504 5329 43
1535 5267 1591 5318 S.
1613 5266 1747 5317 Tho-

229 5346 335 5395 mas,
362 5338 380 5388 1
410 5339 570 5401 seut„
602 5351 657 5401 q.
690 5348 742 5398 1,
770 5340 864 5386 art.
896 5340 953 5399 43
994 5337 1164 5402 AEgid.
1192 5339 1360 5400 Rom„
1389 5339 1406 5388 l
1442 5337 1599 5394 Sent„
1630 5338 1741 5389 dist.

226 5413 346 5471 κων,
369 5423 424 5473 p.
453 5411 519 5474 ll,
548 5424 602 5475 q.
632 5419 685 5472 13
727 5407 983 5473 Richard.,
1011 5409 1030 5460 1
1059 5409 1218 5472 Sent„
1243 5408 1359 5460 dist.
1384 5419 1524 5478 κων,
1554 5414 1649 5460 art.
1687 5413 1742 5476 4,

3276 420 3394 480 169

1854 550 2046 633 coepit
2085 569 2234 615 cum
2276 551 2542 628 mundo,
2588 550 2929 616 dicendum
2958 551 3134 633 quod
3166 568 3397 616 verum

1853 663 1981 740 est3
2015 661 2125 725 sed
2160 658 2327 725 Deus
2367 660 2573 742 potuit
2613 660 2818 724 facere
2863 658 3035 742 quod
3060 663 3207 723 ante
3238 659 3395 723 inci-

1853 770 2059 850 peret:
2098 767 2241 832 ideo
2265 785 2399 831 non
2435 766 2603 832 valet
2638 766 2797 830 ratio
2834 765 2964 830 illa.
2996 764 3291 830 Rationes
3315 767 3395 830 ad

1854 877 2216 960 oppositum
2226 879 2375 940 sunt
2389 875 2834 955 concedendae3
2851 876 3206 959 procedunt
3220 878 3394 942 enim

1854 983 2207 1050 secundum
2234 984 2509 1068 primam
2535 984 2733 1050 viam.

2313 1223 2794 1294 ARTICULUS
2840 1225 2925 1293 Π.

1932 1414 2419 1499 consequenter,
2443 1420 2758 1499 quantum
2776 1416 2855 1481 ad
2874 1416 3226 1480 secundum
3248 1417 3396 1481 arti-

1852 1521 2094 1602 culum,
2134 1524 2448 1605 quaeritur
2484 1523 2563 1586 de
2599 1523 3111 1588 immutabilitate
3155 1524 3392 1588 divinae

1852 1629 2178 1711 potentiae,
2206 1634 2432 1694 utrum
2464 1630 2757 1695 videlicet
2794 1632 2966 1714 quod
3002 1630 3199 1696 semel
3227 1631 3394 1696 Deus

1850 1741 2077 1819 potest,
2106 1755 2355 1820 semper
2379 1738 2594 1821 possit.

2294 1969 2651 2048 QUAESTIO
2694 1970 2960 2037 UNICA.

1961 2124 2052 2182 An
2079 2127 2218 2183 Deus
2242 2125 2383 2197 quod
2405 2127 2562 2182 semel
2584 2129 2796 2199 potest,
2824 2141 3028 2199 semper
3050 2128 3224 2198 possit
3240 2123 3283 2182 ¹.

1933 2275 2010 2339 Et
2036 2275 2206 2358 quod
2234 2276 2345 2354 sic,
2374 2276 2659 2356 videtur3
2693 2276 2845 2359 quia
2871 2276 3079 2340 omnis
3110 2274 3393 2357 potentia
3427 2315 3495 2360 Ad
3514 2327 3618 2372 opp,

1853 2402 1999 2467 quae
2018 2388 2111 2448 est
2128 2385 2296 2449 idem
2317 2404 2470 2449 cum
2494 2385 2785 2460 essentia,
2806 2384 2998 2448 habet
3016 2384 3186 2448 idem
3213 2403 3394 2467 posse

1854 2488 2024 2570 quod
2051 2489 2228 2552 esse’
2259 2509 2275 2550 ι
2328 2493 2392 2553 et
2431 2498 2621 2554 omne
2658 2487 2814 2551 illud
2851 2490 3036 2569 cujus
3080 2506 3263 2570 posse
3303 2494 3398 2551 est

1854 2596 2024 2660 idem
2051 2596 2225 2678 quod
2252 2614 2409 2675 esse,
2442 2596 2498 2660 si
2524 2596 2719 2660 habet
2743 2613 2881 2659 esse
2908 2595 3311 2660 immutabile
3333 2599 3394 2660 et

1853 2707 2171 2769 aeternum
2193 2752 2210 2782 ,
2248 2703 2440 2768 habet
2466 2706 2530 2767 et
2574 2722 2757 2785 posse
2799 2725 2814 2765 ε
2868 2702 2977 2767 sed
3014 2703 3186 2784 quod
3234 2702 3399 2767 Deus

1852 2810 2046 2874 semel
2075 2814 2192 2886 est,
2221 2828 2472 2893 semper
2499 2815 2622 2889 est,
2647 2810 2799 2893 quia
2828 2812 2966 2891 ejus
2993 2828 3129 2874 esse
3150 2814 3248 2874 est
3274 2810 3400 2873 im-

1853 2919 2159 2983 mutabile
2179 2941 2195 2982 :
2216 2936 2374 3001 ergo
2406 2922 2471 2984 et
2488 2918 2657 3001 quod
2677 2918 2870 2982 semel
2893 2921 3120 3000 potest,
3147 2936 3400 3001 semper

1852 3030 2085 3110 potest.
2476 3043 2481 3049 ·

1931 3140 1993 3199 2.
2037 3133 2219 3212 Item,
2250 3134 2459 3199 omnis
2502 3134 2784 3216 potentia
2809 3151 2956 3216 quae
2989 3138 3086 3198 est
3121 3133 3396 3210 infinita,

1852 3250 1916 3307 et
1939 3261 2075 3308 non
2118 3248 2321 3325 potest
2357 3260 2487 3306 non
2526 3260 2661 3306 esse
2699 3242 2974 3319 infinita,
3020 3259 3269 3323 semper
3305 3246 3401 3306 est

1851 3355 2141 3433 respectu
2176 3349 2560 3433 aequalium3
2595 3349 2746 3431 quia
2794 3349 2847 3411 si
2896 3354 3186 3430 respectu
3235 3366 3401 3431 pau·

1853 3477 2079 3523 corum
2116 3463 2311 3534 esset,
2360 3457 2701 3541 aliquando
2729 3457 3043 3522 desineret
3080 3475 3214 3520 esse
3249 3457 3399 3519 insi·-

1851 3566 2009 3641 nita,
2030 3569 2095 3629 et
2112 3565 2423 3629 desineret
2437 3583 2569 3650 esse
2587 3563 2990 3646 omnipotens
3015 3584 3029 3626 :
3050 3562 3159 3627 sed
3179 3561 3400 3627 divina

1852 3672 2133 3756 potentia
2157 3690 2408 3755 semper
2443 3676 2538 3735 est
2576 3670 2827 3734 infinita
2864 3674 2926 3733 et
2952 3671 3394 3752 omnipotens:

1852 3799 2009 3862 ergo
2050 3778 2214 3844 nihil
2255 3778 2649 3861 possibilium
2679 3777 2977 3841 accrescit
3005 3778 3087 3854 ei,
3126 3795 3246 3841 nec
3282 3778 3398 3841 de-

1852 3888 2075 3952 crescit
2117 3907 2133 3950 :
2163 3902 2319 3967 ergo
2368 3885 2541 3967 quod
2594 3883 2791 3948 semel
2845 3887 3090 3967 potest,
3146 3903 3399 3967 semper

1851 3999 2077 4079 potest.

1934 4109 1992 4168 3.
2038 4103 2198 4168 Item
2218 4151 2234 4181 ,
2265 4100 2475 4166 omnis
2507 4100 2791 4182 potentia
2829 4117 2977 4182 quae
3004 4105 3098 4165 est
3133 4101 3398 4166 omnino

1851 4212 2192 4289 sufficiens,
2222 4213 2285 4273 et
2309 4207 2489 4272 nullo
2517 4206 2704 4270 modo
2731 4206 3092 4289 dependens
3129 4227 3168 4271 a
3194 4208 3398 4289 possi-

1850 4320 1985 4398 bili,
2020 4337 2213 4383 omne
2248 4317 2419 4401 quod
2447 4321 2672 4399 potest,
2708 4333 2958 4399 semper
2988 4319 3213 4397 potest,
3243 4315 3297 4378 si
3325 4314 3396 4377 in

1852 4427 2057 4509 seipsa
2093 4432 2346 4490 maneat
2379 4443 2511 4488 non
2547 4427 2834 4488 mutata:
2873 4422 2982 4486 sed
3025 4422 3239 4486 divina
3278 4440 3393 4504 po·

1853 4535 2046 4598 tentia
2066 4537 2160 4597 est
2181 4550 2427 4616 semper
2451 4530 2847 4614 huJusmodi‚
2878 4533 2941 4594 et
2958 4545 3088 4594 non
3106 4532 3395 4622 mutatur

1851 4642 1920 4706 in
1947 4659 2048 4705 se:
2081 4659 2260 4721 ergO,
2290 4646 2411 4703 etc.

1931 4754 1992 4812 4.
2038 4748 2219 4826 Item,
2255 4746 2567 4830 quidquid
2593 4744 2758 4810 Deus
2782 4744 3014 4828 potuit,
3041 4742 3251 4807 adhuc
3274 4761 3392 4825 po-

1852 4860 1992 4936 test,
2027 4856 2081 4917 si
2106 4853 2266 4918 nihil
2290 4854 2529 4918 factum
2553 4852 2838 4935 estquod
2867 4869 2997 4915 non
3024 4851 3228 4914 subsit
3255 4852 3395 4933 ejus

1854 4963 2116 5029 virtuti:
2146 4961 2255 5025 sed
2288 4959 2448 5023 nihil
2476 4963 2678 5042 potest
2703 4957 2842 5021 fieri
2873 4957 3042 5039 quod
3079 4975 3212 5020 non
3237 4958 3391 5021 sub·

1846 5072 2055 5152 jaceat
2107 5069 2347 5133 divinae
2398 5067 2624 5133 virtuti
2655 5088 2670 5129 ε
2716 5082 2874 5147 ergo
2923 5066 3180 5147 propter
3229 5063 3393 5129 illud

1855 5284 1904 5333 q.
1925 5282 1978 5333 13
2008 5270 2143 5319 Petr.
2168 5267 2234 5318 de
2258 5268 2483 5331 Tarant.‚
2510 5267 2529 5316 1
2561 5265 2720 5321 Sent..
2743 5263 2859 5314 dist.
2882 5274 3023 5325 κων,
3055 5277 3107 5327 q.
3126 5274 3185 5328 v;
3216 5263 3392 5326 Steph.

1856 5340 2066 5404 Druias„
2092 5342 2110 5390 1
2147 5339 2308 5402 Seni„
2339 5338 2459 5389 dist.
2483 5348 2635 5398 mis,
2661 5349 2714 5401 q.
2733 5347 2787 5386 v.
2807 5360 2865 5372 —
2894 5340 2916 5370 ²
2935 5335 3165 5399 Ariston,
3193 5334 3390 5402 Physic.

1853 5411 1940 5461 lib.
1964 5411 2030 5464 111
2047 5446 2064 5475 ,
2094 5412 2233 5462 cont.
2254 5411 2339 5462 32.
