4125 6225
631 428 752 490 m
1745 415 2374 492 SENTENTIARUM
2412 423 2561 492 Lm.
2604 426 2685 493 ΙΙ.

633 577 901 643 corpora
944 559 1221 625 coelestia
1267 558 1772 642 incorruptibilia
1821 561 2036 644 posuit
2089 561 2172 627 ad
2283 561 2521 645 aliquid
2554 563 2745 628 alicui
2761 611 2781 644 ,
2819 563 3057 628 sufficit
3092 561 3260 645 quod
3304 560 3538 626 habeat
3570 559 3823 626 virtua-

633 666 1066 749 regulandum
1133 671 1198 733 et
1255 667 1618 748 regendum
1689 668 2130 751 corruptibilia
2149 717 2170 749 ,
2282 667 2447 744 liter,
2491 686 2625 734 non
2659 673 2906 752 oportet
2939 668 3110 753 quod
3151 668 3383 732 babeat
3424 666 3773 732 formaliter
3803 687 3821 730 ε

635 792 784 858 quae
822 778 977 839 sunt
1021 774 1276 840 diversa
1314 778 1380 838 et
1417 774 1859 855 multiformia,
1889 776 2059 840 dedit
2086 777 2178 841 eis
2287 777 2450 841 sicut
2471 795 2735 842 movens
2757 777 3084 842 immobile
3105 778 3213 843 dat
3234 779 3506 852 motum,
3534 773 3832 857 quamvis

635 882 910 949 virtutes
950 884 1406 963 consequentes
1452 897 1601 945 suas
1642 882 1915 964 specieS,
1947 901 2181 947 secun·
2289 887 2502 970 ipsum
2530 904 2659 951 non
2687 890 3026 953 moveatur
3056 908 3071 951 ε
3103 887 3193 950 sic
3220 883 3713 967 intelligendum
3738 887 3834 948 est

639 987 796 1055 dum
843 1008 1005 1073 quas
1042 989 1294 1054 diversa
1326 987 1671 1053 luminaria
1710 994 2036 1073 aspectum
2060 989 2183 1054 ha·
2290 993 2362 1057 in
2389 995 2730 1077 proposito.
2771 993 3117 1073 Praeterea,
3148 1011 3299 1057 cum
3330 994 3665 1076 ponuntur
3688 1008 3835 1055 cor-

640 1096 868 1164 bercnt
901 1098 979 1162 ad
1016 1098 1268 1162 diversa
1312 1097 1626 1163 elementa
1647 1144 1665 1173 ,
1707 1100 1772 1161 et
1811 1097 1891 1161 ad
1933 1097 2186 1162 diversa
2294 1120 2452 1186 pora
2490 1103 2765 1168 coelestia
2802 1103 3171 1187 imprimere
3211 1101 3280 1164 in
3321 1102 3460 1166 haec
3499 1099 3833 1176 inferiora,

643 1222 910 1289 corpora
947 1203 1301 1269 mineralia.
1342 1202 1522 1268 Unde
1558 1203 1712 1286 quia
1739 1203 1919 1267 Luna
1942 1221 2024 1268 ex
2051 1203 2188 1268 vir-
2296 1212 2363 1273 et
2390 1209 2672 1275 diversas
2698 1210 3033 1293 qualitates
3061 1225 3401 1291 generare,
3438 1206 3561 1270 hoe
3587 1222 3720 1269 non
3748 1208 3843 1268 est

643 1317 781 1378 tute
808 1311 929 1376 sibi
957 1312 1155 1376 indita
1179 1329 1330 1376 cum
1353 1311 1670 1393 adJutorio
1686 1311 1951 1375 luminis
1971 1329 2187 1394 aspec-
2298 1316 2787 1399 intelligendum
2813 1317 2988 1400 quod
3014 1317 3107 1380 eis
3130 1316 3283 1380 dent
3309 1333 3391 1378 ex
3422 1332 3521 1392 se;
3556 1312 3668 1377 sed
3693 1312 3847 1376 edu-

647 1423 788 1484 tum
832 1419 1024 1484 habet
1059 1436 1252 1500 super
1291 1417 1636 1482 humorem
1654 1466 1672 1498 ,
1696 1417 1840 1484 ideo
1863 1435 1978 1500 per
2003 1436 2190 1483 suam
2302 1428 2455 1488 cunt
2480 1425 2671 1502 illud,
2701 1425 2874 1508 quod
2911 1424 3098 1489 estin
3144 1422 3420 1505 potentia
3438 1470 3455 1501 ,
3488 1420 3559 1484 in
3599 1423 3839 1484 actum.

648 1525 1051 1592 influentiam
1078 1524 1422 1590 humidum
1451 1528 1846 1607 augmentat,
1869 1526 2029 1590 etad
2051 1528 2195 1609 ejus
2306 1531 2619 1597 Praeterea
2642 1551 2776 1596 non
2802 1534 2898 1596 est
2925 1529 3417 1611 intelligendum
3434 1576 3451 1607 ,
3487 1525 3662 1609 quod
3698 1525 3847 1590 dent

651 1634 1059 1719 praesentiam
1096 1636 1472 1698 excrescunt
1505 1634 1744 1713 maria,
1778 1637 1840 1698 et
1863 1635 2048 1717 quasi
2080 1653 2197 1698 ex·
2304 1657 2422 1724 per
2457 1658 2525 1704 se
2559 1639 2799 1719 solum,
2834 1639 2943 1703 sed
2979 1637 3347 1722 adjuvando
3378 1635 3689 1700 virtutem
3724 1650 3846 1696 na-

654 1744 948 1821 aestuant,
980 1745 1043 1805 et
1082 1741 1401 1820 effluunt3
1432 1740 1514 1805 ad
1545 1741 1901 1806 absentiam
1936 1759 2094 1807 vero
2128 1742 2198 1806 in
2305 1750 2474 1812 turae
2507 1747 2824 1812 inferioris
2855 1766 2873 1811 ε
2903 1747 3028 1810 boc
3053 1749 3268 1810 autem
3294 1744 3538 1808 faciunt
3566 1748 3709 1807 tum
3741 1757 3854 1823 per

657 1850 874 1914 sinum
918 1865 1113 1913 suum
1151 1848 1566 1928 colliguntur,
1616 1851 1679 1913 et
1721 1848 2008 1913 refluunt
2050 1867 2069 1912 ε
2111 1848 2201 1913 sic
2310 1856 2617 1920 virtutem
2661 1854 2825 1919 lueis
2862 1853 2934 1918 in
2977 1872 3108 1937 qua
3147 1851 3626 1917 communicant
3645 1898 3663 1927 ,
3711 1855 3854 1914 tum

659 1955 851 2023 etiam
877 1953 1371 2036 intelligendum
1396 1957 1491 2017 est
1516 1957 1580 2018 et
1605 1954 1677 2018 in
1694 1954 1840 2018 aliis
1864 1954 2200 2019 luminari·
2312 1963 2506 2027 etiam
2536 1981 2650 2047 per
2676 1963 2949 2028 virtutes
2975 1960 3286 2043 proprias,
3316 1959 3672 2024 secundum
3700 1973 3859 2040 quas

659 2063 806 2130 bus.
852 2062 1274 2129 Concedendae
1331 2065 1485 2126 sunt
1524 2061 1726 2144 igitur
1774 2063 2051 2129 rationes
2094 2082 2204 2129 os-
2314 2074 2522 2152 agunt
2560 2071 2631 2133 in
2667 2069 2809 2135 haec
2844 2069 3144 2134 inferiora
3174 2091 3191 2132 ε
3224 2086 3357 2133 non
3391 2069 3463 2133 ut
3503 2066 3861 2149 producant
3936 2147 3946 2154 -

661 2170 990 2236 tendentes
1029 2169 1201 2253 quod
1242 2169 1590 2234 luminaria
1633 2169 1703 2233 in
1745 2169 1851 2234 his
1890 2171 2207 2237 inferiori-
2316 2176 2438 2240 sibi
2482 2177 2718 2241 similia
2734 2226 2752 2258 ,
2801 2176 2911 2241 sed
2953 2180 3028 2241 ut
3070 2176 3401 2240 influendo
3445 2175 3857 2251 conservent,

662 2277 786 2343 bus
815 2277 1055 2342 habent
1075 2277 1358 2343 diversas
1375 2276 1843 2360 impressiones,
2318 2288 2583 2366 regant,
2613 2289 2676 2348 et
2699 2284 3032 2348 intendant
3054 2297 3276 2347 rerum
3302 2280 3679 2346 inferiorum
3702 2296 3864 2363 qua-

748 2388 781 2450 1
811 2390 876 2450 et
900 2388 961 2449 2.
995 2384 1095 2450 Ad
1122 2384 1280 2450 illud
1310 2402 1468 2451 vero
1492 2385 1665 2468 qnod
1691 2384 2009 2467 objicitur,
2038 2386 2214 2469 quod
2321 2392 2530 2458 litates
2555 2395 2618 2456 et
2642 2395 2928 2456 naturas

667 2495 916 2561 nullam
950 2494 1187 2559 babent
1213 2494 1728 2576 impressionem,
1762 2494 1913 2577 quia
1942 2499 2096 2560 sunt
2121 2496 2215 2559 si-
2406 2504 2467 2562 4.
2501 2498 2601 2563 Ad
2634 2498 2792 2563 illud
2821 2498 2993 2582 quod
3020 2497 3338 2580 objicitur,
3372 2452 3544 2581 guod
3570 2498 3865 2562 omnium

672 2621 807 2686 gna
832 2605 1121 2683 tantum3
1162 2601 1501 2667 dicendum
1527 2601 1701 2686 quod
1729 2600 2056 2685 Scriptura
2082 2620 2218 2667 non
2326 2607 2406 2671 sit
2429 2606 2796 2685 calefacere3
2823 2605 3195 2689 responderi
3216 2608 3441 2688 potest,
3466 2604 3637 2688 quod
3660 2610 3872 2670 motus
4007 2676 4013 2681 ,

673 2710 830 2777 dicit
861 2710 1033 2793 quod
1067 2709 1197 2773 sint
1233 2712 1488 2775 tantum
1522 2710 1592 2774 in
1629 2709 2167 2792 significationem
2198 2733 2214 2776 ε
2326 2718 2395 2779 et
2435 2714 2660 2778 lumen
2698 2731 2834 2777 non
2876 2718 2972 2777 est
3013 2712 3335 2777 sufficiens
3376 2730 3567 2776 causa
3611 2711 3868 2791 caloriS,

673 2818 830 2903 quia
876 2820 940 2882 et
983 2819 1134 2881 sunt
1177 2816 1368 2899 signa
1408 2817 1482 2880 in
1527 2817 2064 2899 significationem
2088 2866 2106 2898 ,
2159 2820 2223 2883 et
2331 2821 2439 2886 sed
2466 2825 2679 2886 motus
2703 2839 2856 2885 cum
2880 2820 3235 2900 velocitate,
3265 2824 3327 2884 et
3352 2821 3574 2884 lumen
3602 2838 3752 2884 cum
3779 2837 3877 2884 ra-

675 2929 829 2991 sunt
861 2942 1071 2991 causae
1097 2924 1168 2988 in
1193 2924 1541 2989 efficaciam
1570 2946 1585 2989 ε
1619 2924 1829 3007 magis
1859 2910 2078 2990 tamen
2103 2945 2223 2991 ex-
2332 2929 2590 2994 diorum
2640 2928 3164 3011 multiplicatione
3205 2949 3220 2992 ι
3262 2930 3325 2992 et
3365 2927 3517 3010 quia
3561 2926 3704 2992 haec
3745 2945 3877 2992 non

675 3037 897 3122 primit
919 3036 1090 3122 quod
1113 3037 1241 3101 sint
1261 3035 1472 3119 signa,
1496 3053 1696 3121 quam
1717 3037 1891 3121 quod
1914 3037 2042 3100 sint
2064 3054 2226 3101 cau-
2334 3038 2728 3100 concurrunt
2767 3035 2841 3099 in
2883 3035 3184 3099 omnibus
3227 3034 3657 3098 luminaribus
3675 3083 3693 3112 ,
3735 3035 3879 3098 ideo

677 3162 770 3210 ιω
786 3195 805 3225 ,
852 3163 971 3229 pro
1013 3163 1090 3210 eo
1136 3144 1309 3226 quod
1351 3162 1469 3209 nec
1508 3147 1774 3209 causant
1815 3144 2224 3223 sufficienter,
2335 3165 2468 3210 non
2502 3149 2770 3228 possunt
2798 3146 3015 3210 omnia
3049 3146 3409 3209 calefacere.
3442 3143 3657 3210 Posset
3685 3145 3883 3209 etiam

681 3271 804 3319 nec
829 3259 1092 3318 causant
1117 3250 1471 3316 necessario
1498 3269 1515 3315 ε
1542 3255 1607 3315 et
1635 3252 1777 3316 ideo
1804 3253 2016 3335 magis
2041 3254 2228 3317 attri-
2337 3252 2418 3318 ad
2456 3252 2580 3317 hoc
2612 3253 2790 3318 reddi
2827 3253 2989 3317 ratio
3025 3252 3149 3316 alia
3166 3300 3183 3329 ‚
3219 3252 3370 3335 quia
3407 3252 3529 3316 hoc
3559 3270 3696 3316 non
3731 3256 3883 3316 tan-

685 3361 828 3426 buit
848 3361 942 3426 eis
963 3360 1278 3426 rationem
1301 3359 1661 3441 signorum.
1685 3358 1766 3424 Et
1787 3378 1902 3443 per
1915 3359 2039 3424 hoc
2059 3363 2234 3444 patet
2336 3364 2479 3425 tum
2518 3360 2665 3424 facit
2707 3363 2917 3424 motus
2957 3363 3022 3423 et
3059 3358 3491 3438 luminositas;
3539 3359 3648 3424 sed
3688 3361 3884 3424 etiam

686 3468 1016 3553 responsio
1067 3469 1148 3533 ad
1202 3467 1360 3532 illud
1413 3467 1782 3533 Damasceni
1802 3518 1821 3548 ,
1878 3488 2029 3534 cum
2083 3469 2234 3534 dicit
2340 3468 2421 3532 ad
2447 3468 2568 3532 hoc
2595 3467 2740 3531 facit
2759 3467 2966 3531 virtus
2989 3467 3244 3550 propria
3258 3513 3275 3544 ,
3307 3466 3659 3531 secundum
3686 3483 3886 3548 quam

687 3578 858 3661 quod
903 3595 1037 3642 non
1075 3579 1228 3640 sunt
1272 3594 1482 3641 causae
1525 3577 1596 3640 in
1637 3574 1742 3640 bis
1781 3576 2229 3642 inferioribus:
2341 3576 2520 3640 stella
2539 3575 2644 3639 vel
2668 3574 2921 3658 planeta
2946 3573 3311 3639 calefaciens
3337 3577 3668 3656 aspectum
3695 3573 3889 3637 habet

688 3703 825 3749 non
848 3684 991 3749 vult
1015 3684 1190 3748 enim
1214 3700 1455 3764 negare
1481 3681 1640 3766 quin
1664 3681 1942 3748 habeant
1965 3684 2235 3749 influen-
2344 3699 2537 3765 super
2562 3682 2823 3764 igneam
2850 3685 3150 3746 naturam
3186 3680 3643 3765 principaliter.

691 3794 886 3871 tiam;
927 3791 1038 3856 sed
1064 3791 1210 3858 vult
1236 3790 1444 3856 dicere
1469 3790 1642 3872 quod
1667 3808 1786 3854 nec
1815 3793 1966 3854 sunt
2003 3790 2241 3873 princi·
2427 3794 2487 3853 5.
2531 3789 2631 3854 Ad
2662 3788 2824 3853 illud
2851 3789 3021 3872 quod
3048 3788 3365 3871 objicitur,
3394 3788 3565 3870 quod
3601 3786 3709 3852 Sol
3743 3805 3892 3851 ma-

694 3901 804 3985 pia
837 3899 1212 3965 inferiorum
1244 3897 1622 3963 sufficientia
1637 3946 1656 3977 ,
1689 3915 1808 3962 nec
1849 3901 1999 3963 sunt
2029 3916 2241 3963 neces·
2348 3897 2451 3979 gis
2472 3896 2901 3962 communicat
2915 3897 3223 3962 virtutem
3246 3913 3430 3960 suam
3451 3895 3672 3975 Lunae,
3695 3915 3894 3979 quam

699 4006 903 4072 saria:
925 4009 1272 4089 operantur
1292 4005 1469 4070 enim
1494 4010 1569 4069 ut
1592 4023 1803 4070 causae
1825 4005 2239 4084 universales,
2349 4004 2542 4070 alicui
2577 4005 2892 4083 inferiori;
2933 4003 3267 4068 dicendum
3300 4004 3472 4086 quod
3490 4051 3509 4081 ,
3547 4004 3713 4067 sicut
3743 4003 3898 4069 dicit

700 4132 848 4199 quae
893 4131 1010 4197 per
1050 4113 1461 4196 particulares
1509 4112 1799 4195 indigent
1843 4112 2140 4196 adjuvari
2182 4116 2248 4179 et
2353 4112 2814 4196 Philosophus¹
2842 4111 2912 4175 in
2936 4111 3099 4176 libro
3127 4110 3205 4178 dc
3229 4112 3503 4190 Anima,
3532 4134 3562 4171 e
3588 4114 3768 4175 actus
3793 4129 3897 4175 ao-

699 4224 967 4307 possunt
992 4220 1306 4304 impediri.
2349 4219 2637 4286 tivorum
2681 4222 2775 4283 est
2818 4220 2891 4283 in
2936 4218 3210 4301 patiente
3253 4217 3708 4300 praedisposito.
3750 4238 3780 4276 υ
3822 4218 3901 4282 Et

786 4332 847 4393 3.
894 4328 993 4393 Ad
1036 4327 1194 4393 illud
1241 4328 1416 4392 enim
1455 4327 1627 4411 quod
1669 4327 1972 4410 objicitur
2009 4327 2196 4393 tertio
2227 4349 2245 4393 ι
2355 4326 2656 4392 Boetius⁸
2688 4347 2704 4390 ε
2736 4348 2768 4388 α
2797 4324 3000 4392 Omne
3027 4325 3197 4408 quod
3226 4326 3631 4407 cognoscitur
3659 4324 3764 4389 vel
3788 4342 3901 4388 re-

714 4458 749 4499 c
763 4436 896 4501 Aut
913 4435 1298 4518 imprimunt
1318 4434 1489 4519 quod
1510 4435 1768 4512 habent,
1793 4439 1905 4499 aut
1925 4435 2097 4519 quod
2119 4452 2253 4499 non
2358 4435 2613 4519 cipitur,
2653 4434 3007 4499 secundum
3039 4431 3562 4514 cognoscentium
3591 4430 3697 4495 vel
3732 4431 3903 4495 reci-

708 4543 987 4626 babent3
1037 4564 1069 4603 ι)
1104 4542 1442 4608 dicendum
1491 4543 1663 4626 quod
1712 4543 1924 4625 primo
1972 4543 2256 4608 influunt
2358 4542 2672 4626 pientium
2698 4540 3058 4604 facultatem
3080 4537 3640 4621 comprehenditur
3663 4537 3769 4602 vel
3792 4555 3903 4601 re-

713 4652 1023 4718 virtutem
1061 4668 1249 4715 suam
1286 4668 1484 4734 quam
1523 4649 1790 4730 babent,
1828 4653 1892 4715 et
1933 4669 2048 4733 per
2082 4650 2256 4715 illam
2362 4649 2615 4732 cipitur.
2654 4668 2686 4707 ι)
2720 4642 3036 4723 Quoniam
3072 4663 3230 4727 ergo
3268 4643 3570 4708 inferiora
3606 4649 3759 4708 sunt
3794 4663 3903 4709 re-

716 4762 1029 4843 generant
1054 4762 1117 4824 et
1142 4761 1563 4841 augmentant
1585 4757 1858 4823 formam
1884 4761 1951 4822 et
1983 4757 2259 4840 speciem
2360 4757 2611 4840 ceptiva
2649 4754 2911 4818 luminis
2952 4754 3187 4836 pariter
3222 4756 3285 4817 et
3324 4752 3578 4828 caloriS,
3618 4750 3769 4815 hinc
3812 4755 3907 4816 est

1336 4914 1353 4930 .
1405 4864 1427 4885 '
1562 4882 1628 4927 m
1693 4864 1707 4879 '
1751 4865 1766 4880 ⁶
2147 4865 2160 4879 '
2217 4866 2231 4880 ‘
2720 4881 2761 4925 n
2803 4879 2850 4924 n
2889 4865 3140 4925 tantum
3180 4878 3256 4924 ea
3296 4858 3655 4934 illuminat,
3694 4858 3805 4923 sed
3845 4862 3910 4922 et

499 4937 671 5043 {¹1:⁸33
719 4867 1332 5058 ἓὲἲῖτῗέωὴὲἰὲἓξ
1346 4864 2077 5051 ῃξίιοζᾶῦεῗᾜὲζηῗίῗιῖ
2090 4865 2261 5053 3:111}ss
2365 4862 2722 5035 {lsggmffisst
2737 4879 2946 5050 30quia
2970 4984 3124 5033 vero
3152 4966 3333 5030 Luna
3362 4969 3514 5029 nata
3540 4967 3636 5028 est
3662 4964 3909 5029 illumi-

499 5059 666 5167 ssiffissf
720 5084 944 5151 habere
971 5083 1205 5148 dicitur
1226 5082 1474 5147 duobus
1498 5080 1725 5160 modis,
1752 5080 1858 5146 vel
1879 5079 2260 5160 virtualiter,
2369 5078 2513 5143 nari
2531 5125 2549 5154 ,
2600 5077 2708 5141 sed
2754 5094 2887 5140 non
2935 5079 3032 5140 est
3076 5078 3226 5139 nata
3268 5072 3538 5138 calefieri
3555 5121 3573 5152 ,
3622 5071 3777 5138 hinc
3816 5077 3910 5136 est

725 5191 829 5257 vel
867 5191 1260 5256 formaliter:
1288 5193 1353 5255 et
1386 5189 1468 5254 ad
1500 5188 1625 5253 hoc
1661 5187 1835 5271 quod
1860 5188 2268 5270 impartiatur
2371 5185 2543 5269 quod
2570 5202 2610 5248 a
2637 5183 2782 5249 Sole
2810 5184 3032 5248 lumen
3061 5180 3285 5264 recipit
3314 5183 3377 5245 et
3402 5179 3709 5260 refundit,
3739 5178 3909 5244 calo-

797 5353 813 5386 ¹
831 5353 1004 5412 Arist„
1030 5353 1092 5403 de
1128 5353 1334 5409 Anima,
1378 5352 1467 5401 m».
1498 5353 1576 5416 ιι,
1618 5354 1756 5402 cont.
1781 5352 1860 5406 24.
1884 5376 1948 5391 -
1974 5349 1994 5382 2
2014 5349 2181 5415 soen,
2207 5346 2269 5403 ae
2373 5311 2513 5359 rem
2536 5308 2851 5410 Vemffmn
2875 5289 3128 5372 recipit’
3154 5285 3599 5409 nffcfefundit·

736 5421 1004 5493 consolat„
1033 5436 1242 5493 pr0⁸.1v
1269 5424 1323 5480 in
1341 5423 1482 5477 med.
2455 5400 2518 5467 6.
2564 5397 2664 5465 Ad
2704 5396 2862 5463 illud
2897 5396 3069 5483 quod
3104 5394 3425 5477 olecltur,
3463 5391 3635 5476 quod
3681 5395 3912 5458 natura
