4125 6225
556 1830 724 1878 Funda-

510 1900 640 1942 ment.
658 1891 719 1947 (0)

757 410 876 471 454

752 537 1248 622 imaginationes
1268 537 1577 619 effugere,
1597 534 1858 600 sollicite
1881 538 1945 598 et
1959 532 2298 616 diligenter

752 646 1108 712 cavendum
1149 647 1273 724 est,
1303 662 1386 709 ne
1422 641 1753 725 contingat
1777 641 2120 724 aliquando
2146 642 2294 706 ani-

754 773 936 819 mum
979 772 1018 817 a
1055 752 1242 817 bonis
1283 755 1344 815 et
1380 752 1462 816 ab
1501 749 1765 815 utilibus
1804 749 2296 831 cogitationibus

751 860 1038 925 revocari
1080 881 1094 924 ε
1125 860 1250 923 hoc
1273 863 1489 922 tamen
1514 856 1767 920 difficile
1795 859 1910 933 est,
1939 856 2064 920 nisi
2090 857 2152 921 ei
2182 857 2295 939 qui

751 966 975 1030 solitus
1016 968 1113 1030 est
1154 965 1224 1029 in
1265 962 1449 1029 bonis
1488 963 1782 1027 animum
1821 980 2156 1043 exercere;
2188 965 2294 1028 cui

751 1072 957 1136 multo
995 1071 1241 1136 facilius
1286 1075 1351 1134 et
1385 1069 1810 1135 delectabilius
1853 1074 1949 1134 est
1990 1070 2061 1134 in
2111 1071 2295 1135 bonis

753 1182 996 1249 versari
1020 1180 1531 1263 cogitationibus,
1559 1198 1756 1263 quam
1775 1180 1856 1243 sit
1880 1179 2039 1245 viris
2064 1198 2291 1245 carna-

752 1289 923 1355 libus
949 1289 1019 1353 in
1044 1289 1227 1355 foedis
1250 1291 1313 1353 et
1335 1287 1629 1371 turpibus
1651 1286 2066 1369 imaginibus.

1303 1526 1661 1606 QUAESTIO
1702 1527 1777 1593 V.

753 1681 846 1738 An
873 1681 1129 1740 doemonee
1165 1683 1343 1739 malas
1372 1683 1676 1754 affectiones
1707 1683 1981 1741 incendere
2009 1688 2224 1757 possint
2243 1687 2285 1743 ¹.

831 1823 1057 1888 Utrum
1085 1824 1409 1889 daemones
1430 1826 1673 1909 possint
1699 1826 1898 1890 malas
1927 1827 2290 1892 affectiones

747 1933 1117 2012 incendere;
1166 1939 1230 1998 et
1268 1933 1442 2017 quod
1481 1934 1610 2013 sic,
1655 1934 1907 1999 videtur
1931 1935 1954 1969 ⁸
1997 1957 2012 1971 ·
2063 1936 2287 2003 Omnes

746 2041 1176 2109 adulterantes
1211 2045 1380 2108 sicut
1407 2042 1698 2109 clibanus
1732 2060 2068 2111 succensus
2107 2062 2149 2109 a
2182 2060 2287 2110 co·

742 2158 970 2231 quente
1002 2169 1025 2211 :
1056 2153 1119 2214 et
1143 2150 1355 2214 Glossa
1381 2151 1640 2233 exponit
1668 2151 1839 2233 quod
1878 2152 2167 2216 clibanus
2191 2155 2287 2216 est

739 2257 1081 2321 fornicator
1105 2305 1122 2336 ‚
1154 2260 1219 2321 et
1243 2275 1527 2339 coquens
1566 2258 1853 2323 diabolus
1883 2279 1899 2320 :
1933 2276 2090 2340 ergo
2112 2307 2131 2338 ‚
2161 2264 2280 2323 etc.

821 2363 978 2427 Item
1007 2363 1225 2442 Beda³,
1253 2383 1443 2447 super
1469 2365 1655 2444 Acta,
1688 2364 2034 2448 dicitquod
2057 2365 2283 2430 diabo-

738 2471 842 2535 lus
863 2470 1268 2536 fraudulenta
1290 2476 1354 2537 et
1372 2472 1592 2537 callida
1613 2472 1979 2556 deceptione
1996 2473 2282 2539 animam

737 2577 806 2641 111
849 2577 1149 2642 affectum
1189 2579 1448 2643 malitiae
1499 2580 1694 2644 trahit
1742 2603 1757 2644 ε
1800 2582 1908 2644 sed
1956 2581 2079 2646 hoc
2115 2581 2282 2645 nihil

736 2685 910 2750 aliud
941 2691 1036 2751 est
1053 2736 1071 2767 ,
1101 2706 1296 2770 quam
1336 2706 1601 2770 pravam
1629 2690 2025 2754 affectionem
2051 2690 2279 2755 incen-

737 2794 885 2860 dere
916 2814 933 2859 :
962 2814 1143 2877 ergo,
1173 2802 1293 2861 etc.

817 2902 997 2979 Item,
1016 2903 1304 2968 diabolus
1315 2908 1517 2987 potest
1534 2922 1791 2969 carnem
1808 2909 2092 2969 nostram
2111 2925 2278 2971 com-

737 3029 996 3076 movere
1014 3060 1031 3088 ‚
1088 3011 1251 3075 sicut
1297 3012 1526 3078 dicitur
1571 3012 1639 3076 in
1681 3012 1813 3079 Job.
1862 3012 2039 3077 Unde
2085 3033 2276 3097 super

734 3118 895 3184 illud
919 3125 942 3159 *
982 3141 997 3183 ε
1051 3119 1246 3185 Terra
1281 3119 1531 3186 tradita
1566 3127 1655 3187 est
1692 3123 1766 3187 in
1801 3138 2000 3187 manu
2042 3125 2271 3205 impii,

733 3226 994 3310 exponit
1031 3226 1378 3308 Gregorius
1413 3251 1427 3292 ε
1478 3252 1509 3290 c
1540 3227 1609 3292 Id
1649 3233 1746 3293 est
1779 3248 1923 3294 caro
1963 3230 2032 3293 in
2075 3250 2273 3296 manu

732 3334 985 3399 diaboli.
1017 3355 1047 3394 x>
1086 3333 1151 3398 Si
1189 3352 1346 3415 ergo
1385 3353 1574 3400 carne
1604 3341 1920 3403 commota
1959 3339 2273 3405 excitatur

730 3440 1028 3504 stimulus
1077 3442 1637 3526 concupiscentiae,
1685 3445 1798 3527 qui
1845 3449 1939 3509 est
1978 3447 2048 3510 in
2087 3448 2272 3512 nobis

729 3550 1031 3627 tanquam
1061 3548 1386 3629 igniculus
1413 3569 1631 3632 pravae
1663 3553 2013 3618 affectionis
2034 3603 2051 3633 ‚
2091 3556 2270 3620 vide-

727 3659 836 3717 tur
863 3654 1034 3737 quod
1062 3655 1349 3721 diabolus
1376 3658 1571 3740 possit
1608 3659 1678 3723 in
1711 3660 1893 3724 nobis
1932 3662 2265 3729 incendere

724 3760 1121 3826 affectionem
1145 3765 1687 3848 concupiscentiae.

760 3924 766 3933 .
806 3867 963 3932 Item
978 3870 1201 3951 ignem
1218 3872 1582 3949 incendere,
1604 3891 1736 3938 non
1755 3878 1850 3938 est
1866 3875 2038 3940 aliud
2064 3897 2263 3961 quam

723 3971 865 4052 igni
898 3973 1206 4055 pabulum
1234 3977 1595 4042 ministrare
1628 4001 1642 4042 ε
1673 3979 1782 4043 sed
1810 3980 1995 4045 malae
2025 3981 2262 4065 imagi-

722 4075 1045 4157 nationes,
1101 4083 1165 4142 et
1212 4080 1555 4144 exteriores
1609 4083 2138 4165 opportunitates,
2196 4092 2260 4152 et

721 4175 1080 4240 occasiones
1134 4183 1288 4242 sunt
1340 4178 1619 4243 fomenta
1664 4182 2189 4264 concupiscentiae
2236 4205 2253 4249 ε

720 4300 877 4363 ergo
932 4282 1186 4347 videtur
1239 4285 1411 4367 quod
1466 4286 1757 4352 diabolus
1801 4289 1976 4353 hunc
2032 4291 2254 4372 ignem

718 4390 1246 4472 concupiscentiae
1274 4393 1511 4474 possit
1495 4413 1565 4456 111
1595 4394 1779 4458 nobis
1807 4398 2168 4463 accendere.

795 4496 954 4560 Item
991 4496 1265 4561 calidum
1293 4503 1493 4581 potest
1528 4500 1917 4568 calefacere·
1948 4523 2108 4587 ergo
2147 4507 2252 4570 in-

712 4606 1115 4671 flammatum
1179 4612 1382 4691 potest
1422 4609 1820 4678 inflammare
1880 4633 1896 4677 :
1955 4616 2063 4680 sed
2114 4616 2251 4681 dia-

710 4712 895 4778 bolus
923 4718 1091 4779 totus
1124 4718 1219 4780 est
1252 4716 1685 4784 inflammatus
1705 4769 1723 4801 ,
1753 4720 1953 4786 immo
1981 4724 2142 4789 etin
2172 4744 2247 4791 eo

708 4828 860 4885 sunt
903 4823 1181 4887 flammae
1219 4829 1283 4887 et
1317 4825 1640 4891 incentiva
1678 4829 2019 4911 vitiorum,
2081 4833 2247 4898 sicut

707 4928 936 4994 dicitur
962 4930 1028 4994 in
1053 4931 1277 4998 Jacobo
1299 4938 1321 4972 ⁸
1327 4938 1429 5008 ‚et
1453 4932 1622 4998 Beda
1644 4934 1822 5014 dicit,
1853 4940 1917 5002 et
1943 4937 2243 5021 Magister

773 5090 790 5123 ¹
847 5091 928 5154 Cf.
973 5092 1028 5143 S.
1067 5092 1323 5156 Thomas,
1376 5098 1507 5158 part.
1553 5096 1593 5159 1,
1638 5102 1817 5162 quaest.
1862 5109 1984 5164 ext,
2028 5104 2128 5152 art.
2172 5107 2233 5169 2;

704 5161 841 5212 etde
873 5163 1042 5224 Verbo,
1069 5178 1121 5230 q.
1140 5177 1271 5230 1111,
1291 5169 1387 5216 art.
1409 5170 1470 5230 9,
1502 5167 1628 5218 etde
1649 5169 1804 5234 Malo
1828 5184 1879 5234 q.
1901 5183 2010 5236 xvr,
2030 5179 2126 5224 art.
2149 5180 2234 5241 11,

701 5232 870 5298 AEgid.
896 5235 1066 5299 Rom„
1096 5238 1134 5286 11
1168 5237 1328 5303 Seni„
1356 5238 1476 5290 dist.
1499 5250 1632 5304 vul,
1663 5256 1714 5305 q.
1737 5254 1809 5305 11,
1839 5248 1933 5293 art.
1959 5247 2008 5296 5.
2033 5245 2155 5296 dub.
2178 5250 2233 5312 3,

701 5304 978 5370 Henricus,
1016 5308 1212 5369 Quolib.
1246 5307 1347 5376 111,
1387 5325 1438 5375 q.
1464 5324 1595 5376 11113
1640 5314 1951 5380 Richardus‚
1992 5318 2037 5368 11
2076 5319 2233 5380 Sena,

700 5375 814 5427 diat.
843 5388 967 5443 vm,
994 5383 1089 5430 art.
1111 5383 1167 5444 2,
1191 5395 1242 5446 q.
1268 5393 1346 5446 v15
1376 5384 1673 5451 Durandus,
1701 5387 1745 5437 11
1774 5387 1910 5439 Sent.
1920 5389 2084 5452 ,dis.t
2107 5403 2232 5456 vm,

1883 396 2506 465 SENTENTIARUM
2542 396 2691 463 LIB.
2735 397 2815 463 11.

2404 533 2475 598 in
2496 533 2720 598 litera:
2753 550 2910 616 ergo
2929 536 3134 617 potest
3148 533 3434 599 diabolus
3450 551 3569 600 nos
3588 533 3670 599 ad
3694 533 3931 599 malum

2403 633 2863 697 inflammare.
2892 651 3049 716 ergo
3077 637 3142 697 et
3166 633 3522 701 incendere.

2484 740 2582 805 Ad
2635 740 3050 824 oppositum.
3097 746 3155 805 1.
3204 739 3429 823 Imago
3469 740 3751 804 maxime
3789 757 3929 823 per-

2400 850 2612 914 ficitur
2652 849 2719 912 in
2761 849 3090 915 affectione
3151 854 3214 913 et
3270 849 3631 927 voluntate3
3675 866 3830 929 ergo
3882 847 3935 911 si

2399 956 2690 1022 diabolus
2718 974 2850 1020 non
2876 955 3069 1021 habet
3093 974 3273 1039 posse
3298 974 3494 1039 super
3529 956 3848 1035 animam,
3868 957 3934 1019 in

2399 1067 2715 1147 quantum
2752 1067 2848 1127 est
2874 1063 2984 1128 Dei
3021 1063 3271 1146 imag0‚
3317 1082 3475 1145 ergo
3516 1082 3647 1127 non
3690 1063 3936 1127 videtur

2399 1172 2573 1255 quod
2608 1171 2802 1254 possit
2826 1172 3223 1235 affectionem
3254 1175 3538 1235 nostram
3580 1171 3932 1236 incendere.

2477 1284 2539 1343 2.
2563 1279 2721 1343 Item
2738 1279 2993 1345 libertas
3007 1279 3249 1343 arbitrii
3271 1279 3552 1344 consistit
3571 1280 3848 1343 maxime
3865 1281 3935 1343 in

2397 1388 2659 1463 affectu,
2694 1387 2829 1452 sive
2857 1388 2925 1451 in
2967 1386 3330 1466 voluntate3
3378 1386 3488 1450 sed
3515 1386 3789 1450 liberum
3830 1404 3933 1449 ar-

2397 1494 2662 1559 bitrium
2690 1500 2785 1559 est
2824 1494 2980 1560 illud
3006 1512 3198 1578 super
3223 1494 3395 1577 quod
3436 1492 3705 1557 minime
3736 1497 3936 1576 potest

2396 1603 2685 1668 diabolus
2718 1626 2732 1668 :
2769 1621 2927 1685 ergo
2952 1603 3205 1669 videtur
3232 1603 3407 1686 quod
3440 1603 3708 1667 minime
3742 1603 3933 1686 possit

2395 1710 2463 1774 in
2490 1716 2779 1776 nostrum
2806 1712 3106 1777 affectum
3134 1734 3149 1775 ε
3179 1730 3336 1792 ergo
3360 1712 3417 1773 si
3439 1729 3573 1775 non
3600 1715 3803 1793 potest
3830 1711 3929 1773 in-

2392 1816 2669 1883 tellectui
2706 1819 3137 1901 cognitionem
3173 1818 3276 1883 vel
3307 1818 3760 1901 cogitationem
3804 1818 3927 1882 im-

2394 1926 2642 1991 mittere
2663 1974 2678 2003 ,
2720 1945 2878 2008 ergo
2904 1927 3108 1991 multo
3145 1927 3364 1991 minus
3402 1927 3803 1991 affectionem
3829 1927 3926 1991 in-

2391 2034 2678 2099 cendere.

2472 2146 2532 2204 3.
2562 2140 2721 2206 Item
2741 2142 3055 2224 cogitatus
3073 2142 3509 2225 praeambulus
3534 2147 3631 2208 est
3647 2144 3727 2208 ad
3746 2144 3924 2207 affec»

2389 2248 2629 2313 tionem
2663 2250 2815 2315 :sed
2854 2251 3025 2332 quod
3056 2269 3189 2315 non
3234 2256 3436 2334 potest
3461 2252 3529 2315 in
3568 2252 3921 2335 dispositio-

2389 2373 2539 2418 nem
2556 2403 2573 2433 ,
2595 2374 2726 2420 non
2744 2360 2949 2438 potest
2971 2358 3038 2420 in
3063 2358 3604 2440 complementum
3637 2378 3652 2418 t
3688 2377 3843 2441 ergo
3868 2359 3920 2421 si

2387 2460 2676 2527 diabolus
2719 2481 2855 2527 non
2901 2468 3107 2548 potest
3146 2465 3490 2528 immittere
3530 2464 3881 2547 cogitatum
3897 2513 3915 2544 ,

2388 2587 2520 2634 non
2550 2575 2756 2652 potest
2783 2572 3123 2638 incendere
3151 2574 3469 2638 affectum.

2464 2681 2524 2740 4.
2561 2676 2719 2742 Item
2759 2702 2772 2742 :
2809 2681 2863 2743 si
2890 2685 3094 2764 potest
3135 2682 3332 2746 malas
3364 2683 3776 2765 cogitationes
3818 2683 3914 2748 in-

2385 2788 2685 2870 cendere;
2713 2809 2864 2854 cum
2888 2790 3257 2874 hujusmodi
3285 2788 3650 2858 affectiones
3671 2812 3914 2877 semper

2383 2896 2511 2960 sint
2555 2898 2900 2980 culpabiles
2920 2949 2938 2980 ‚
2987 2902 3285 2966 continue
3320 2906 3529 2983 posset
3568 2921 3685 2966 nos
3716 2903 3912 2967 facere

2382 3023 2638 3088 peccare
2675 3026 2692 3070 ε
2729 3008 2899 3091 quod
2935 3008 3112 3073 nefas
3151 3012 3246 3072 est
3293 3009 3521 3074 dicere.
3565 3009 3677 3074 Est
3713 3010 3913 3091 igitur

2380 3114 2648 3196 quaestio
2665 3163 2682 3191 ‚
2708 3134 2853 3197 quae
2868 3115 3240 3181 ‘differentia
3256 3118 3337 3180 sit
3360 3117 3529 3181 inter
3554 3117 3905 3196 incendere,

2380 3227 2444 3285 et
2514 3223 2861 3288 immittere
2883 3272 2901 3304 ,
2994 3229 3058 3289 et
3140 3244 3256 3308 pro
3323 3231 3568 3308 quanto
3631 3226 3909 3291 diabolus

2379 3331 2590 3412 magis
2634 3332 2865 3396 dicitur
2921 3333 3213 3399 incensor
3234 3382 3252 3414 ,
3298 3353 3499 3418 quam
3549 3336 3900 3415 immissor,

2377 3455 2527 3501 cum
2578 3458 2618 3503 e
2667 3458 2974 3505 converso
3027 3442 3318 3508 videatur
3373 3445 3548 3527 quod
3596 3446 3667 3525 (c)
3713 3445 3902 3509 multo

2374 3547 2518 3630 plus
2545 3548 2626 3613 sit
2651 3550 2816 3614 affici
2846 3569 3043 3633 quam
3074 3553 3373 3634 cogitare.

2914 3791 3365 3859 CONCLUSIO.

2370 3945 2586 4000 Doemon
2606 3948 2785 4017 potest
2814 3948 3028 4002 animas
3049 3951 3259 4004 nostras
3285 3949 3582 4017 incendere,
3613 3955 3889 4022 cogitatio-

2429 4049 2521 4090 nes
2545 4038 2597 4091 et
2627 4036 2933 4107 affectiones
2961 4037 3246 4093 arcitando
3279 4042 3330 4094 et
3352 4039 3821 4098 subministrando.

2446 4193 2629 4277 Resp.
2661 4195 2739 4259 ad
2776 4196 2933 4278 Arg.
2968 4197 3314 4263 Dicendum
3357 4203 3529 4284 quod
3568 4204 3888 4269 incendere

2363 4305 2458 4366 est
2488 4306 2667 4366 actus
2701 4305 3043 4369 translatus
3070 4325 3110 4369 a
3135 4308 3571 4390 corporalibus
3598 4311 3678 4375 ad
3707 4311 3887 4393 spiri-

2364 4410 2679 4476 tualia.1n
2706 4414 3139 4495 corporalibus
3164 4420 3413 4496 autem,
3446 4417 3772 4484 incendere
3796 4423 3885 4482 est

2360 4535 2490 4582 non
2513 4519 2730 4599 ignem
2768 4539 3106 4600 generare,
3135 4522 3245 4587 sed
3273 4524 3486 4606 potius
3518 4526 3654 4607 igni
3688 4526 3881 4609 pabu-

2357 4624 2497 4690 lum
2525 4627 2885 4691 ministrare
2904 4676 2922 4708 ‚
2945 4629 3048 4692 vel
3071 4630 3448 4712 applicando
3476 4632 3693 4715 ignem
3718 4652 3881 4697 com-

2354 4731 2637 4796 bustibili
2659 4782 2677 4815 ,
2727 4734 2832 4799 vel
2877 4736 3313 4802 combustibile
3353 4739 3528 4820 igni;
3576 4740 3664 4805 sic
3706 4745 3765 4804 et
3807 4740 3881 4804 in

2354 4840 2810 4923 spiritualibus.
2865 4827 3042 4925 Ignis
3094 4848 3309 4909 autem
3375 4846 3493 4911 iste
3551 4849 3877 4931 concupis-—

2352 5013 2404 5063 q.
2426 5011 2490 5063 v3
2527 4999 2710 5052 Thom.
2741 5004 2882 5069 Arg„
2926 5006 2969 5056 11
3013 5006 3172 5067 Sent„
3212 5008 3329 5059 dist.
3359 5022 3486 5076 vm,
3524 5026 3576 5076 q.
3606 5025 3654 5074 1,
3690 5017 3775 5062 art.
3804 5014 3872 5075 4;

2350 5071 2527 5135 Steph.
2560 5073 2770 5139 Bruler„
2795 5077 2837 5126 11
2870 5076 3028 5142 Sent„
3058 5078 3175 5130 dist.
3206 5091 3319 5147 vm,
3352 5097 3402 5145 q.
3425 5095 3565 5133 11.-
3589 5085 3749 5148 ’Ose.‚
3772 5095 3867 5149 vu,

2349 5146 2395 5194 4.
2417 5144 2735 5208 -,³Beda1
2720 5148 2771 5197 in
2802 5149 2934 5213 Act„
2963 5165 3007 5201 c.
3031 5163 3101 5201 v1.
3121 5176 3184 5187 —
3217 5153 3378 5216 ⁴101),
3403 5168 3478 5220 111,
3507 5158 3587 5207 24.
3607 5158 3705 5194 —⁸
3738 5156 3869 5218 Jac,

2348 5226 2428 5278 111,
2449 5218 2497 5266 6.

2413 5323 2474 5387 (α)
2506 5324 2651 5376 Edaet.
2680 5326 2792 5377 Vati
2772 5341 2835 5376 tc.
2868 5328 2944 5377 Ad
2967 5342 3153 5394 opp.-
3179 5329 3248 5397 (ὁ)
3279 5331 3421 5383 Edit.
3450 5333 3865 5386 Vatic.Fundun.

2343 5423 2404 5435 —
2427 5397 2492 5462 (c)
2522 5397 2640 5451 Coec.
2663 5398 2783 5448 edit.
2816 5412 2948 5449 cum.

3978 755 4125 810 Adop-

3975 818 4121 869 Ρω-ἷὲ)
