4125 6225
667 359 786 420 478

667 491 1002 574 quentium
1020 538 1037 570 ‚
1080 489 1310 555 scilicet
1344 489 1589 554 ratione
1632 487 2054 572 praesidentiae
2074 534 2091 564 ‚
2137 489 2203 551 et

665 598 1011 677 influendo,
1038 601 1101 663 et
1126 598 1498 682 imperando
1515 645 1534 678 ‚
1560 596 1649 661 sic
1674 594 1942 661 cessabit
1966 597 2030 660 et
2049 611 2203 659 eva-

666 708 960 773 cuabitur
979 756 995 786 ,
1027 708 1183 791 quia
1213 705 1592 772 illuminatio
1619 724 1819 789 quam
1846 704 2082 768 dicitur
2107 720 2205 768 re-

665 815 872 897 cipere
912 815 1183 897 angelus
1217 817 1297 881 ab
1334 815 1565 897 angelo
1589 864 1605 893 ‚
1635 819 1698 879 et
1723 812 2105 897 imperium,
2150 812 2207 875 si

666 922 838 1004 quod
863 927 958 986 est
983 922 1103 1002 ihi,
1134 922 1481 988 attenditur
1509 940 1625 1005 per
1663 920 2204 1004 comparationem

667 1029 747 1094 ad
768 1048 886 1093 nos
908 1078 925 1107 ,
956 1031 1190 1113 quihus
1220 1030 1614 1111 ministrant,
1646 1049 1779 1094 non
1808 1046 1923 1111 per
1947 1045 2204 1111 compa·

666 1137 977 1202 rationem
1015 1140 1096 1203 ad
1140 1139 1345 1204 Deum
1363 1187 1381 1217 ,
1431 1140 1502 1203 in
1544 1157 1677 1222 quo
1720 1138 2085 1220 quiescunt,
2143 1137 2207 1199 et

667 1245 1077 1311 beatitudinis
1139 1247 1557 1331 completione
1620 1247 1892 1331 perfecte
1958 1245 2207 1309 illumi-
2248 1310 2253 1315 .

669 1358 906 1418 nantur
932 1370 950 1415 ι
978 1357 1044 1418 et
1068 1355 1424 1419 secundum
1450 1354 1625 1421 viam
1652 1353 1820 1418 hanc
1855 1351 2208 1435 procedunt

669 1461 946 1526 rationes
988 1466 1052 1525 et
1102 1462 1502 1526 auctoritates
1559 1460 1956 1525 ostendentes
1976 1509 1994 1539 ,
2034 1459 2207 1542 quod

668 1573 812 1651 post
857 1569 1170 1651 iudicium
1210 1569 1477 1634 cessabit
1519 1567 1805 1652 praelatio
1841 1567 2086 1633 ordinis
2126 1566 2207 1633 ad

669 1678 980 1742 ordinem.
1012 1677 1114 1742 Sic
1141 1678 1316 1742 enim
1342 1677 1495 1741 dicit
1519 1676 1820 1759 Magister
1843 1681 1905 1741 et
1931 1677 2208 1760 Aposto-

669 1783 802 1863 luS,
833 1786 1004 1869 quod
1033 1785 1197 1850 Deus
1221 1785 1555 1850 evacuabit
1581 1786 2041 1868 praelationem,
2063 1801 2210 1849 eva·

668 1895 917 1959 cuando
944 1898 1339 1977 potestatem,
1370 1894 1796 1977 principatum
1820 1894 2015 1958 :dum
2035 1893 2210 1957 enim

669 2001 925 2067 tolletur
977 2002 1436 2081 ministerium,
1482 2002 1741 2066 tolletur
1788 2002 2099 2085 subjectio
2147 2004 2212 2067 et
2274 2076 2278 2081 ,

613 2193 620 2198 .
669 2108 1039 2192 imperium.

752 2219 812 2282 1.
861 2217 961 2282 Ad
1007 2216 1160 2282 illud
1210 2235 1368 2298 ergo
1415 2216 1587 2299 quod
1646 2215 1981 2299 objicitur,
2035 2215 2212 2299 quod

671 2325 954 2407 praelatio
993 2324 1232 2390 ordinis
1281 2324 1362 2389 ad
1410 2323 1704 2388 ordinem
1752 2323 2099 2388 attenditur
2141 2323 2211 2387 in

670 2432 1095 2515 praecellentia
1159 2432 1550 2498 naturalium
1607 2436 1671 2497 et
1730 2432 2210 2513 gratuitorum3

670 2539 1013 2604 dicendum
1056 2541 1228 2622 quod
1275 2541 1417 2604 haec
1461 2558 1596 2604 non
1638 2544 1733 2605 est
1785 2544 1917 2604 tota
1967 2558 2208 2604 causa:

672 2649 844 2713 unde
863 2696 883 2728 ,
911 2648 966 2713 si
995 2668 1078 2717 ex
1103 2649 1224 2714 hoc
1250 2653 1517 2731 arguat,
1547 2648 1628 2714 ah
1660 2647 2073 2713 insufficienti
2104 2665 2214 2713 ar-

672 2756 839 2836 guit.

659 2879 675 2897 ·
753 2868 815 2927 2.
855 2862 953 2927 Ad
997 2862 1157 2926 illud
1198 2862 1371 2945 quod
1412 2861 1741 2945 objicitur,
1782 2861 1955 2944 quod
1998 2861 2216 2943 angeli

674 2970 845 3035 beati
898 2970 1234 3035 beatificati
1286 2975 1439 3036 sunt
1488 2967 1810 3054 perfecte3
1872 2970 2216 3036 dicendum

673 3078 846 3161 quod
865 3127 883 3158 ,
913 3077 1059 3142 licet
1094 3097 1176 3143 ex
1202 3082 1381 3162 parte
1422 3078 1679 3156 vlrtutis
1705 3079 2216 3163 contemplativas

675 3189 1014 3270 perfectam
1049 3188 1177 3251 sint
1200 3188 1656 3254 beatitudinem
1697 3189 1965 3253 assecuti
1988 3238 2006 3270 ,
2037 3195 2101 3254 et
2135 3208 2217 3255 ex

674 3295 782 3360 illa
819 3302 997 3380 parte
1023 3296 1187 3359 nihil
1212 3297 1292 3359 sit
1319 3296 1387 3359 in
1419 3297 1512 3359 eis
1551 3315 1634 3361 ex
1662 3301 1874 3379 parte,
1921 3301 2076 3361 sunt
2111 3302 2217 3362 ta-

675 3421 827 3469 men
853 3405 1062 3469 adhuc
1082 3404 1357 3469 viatores
1383 3405 1626 3469 ratione
1661 3405 2030 3469 ministerii:
2064 3424 2218 3470 nam

676 3517 992 3596 quantum
1008 3513 1089 3577 ad
1104 3513 1278 3576 illam
1300 3512 1456 3591 vim,
1480 3523 1548 3576 ut
1566 3494 1763 3596 supra
1781 3514 1796 3547 ¹
1816 3513 2056 3578 dictum
2073 3514 2214 3595 fuit,

676 3621 916 3684 suntin
943 3625 1112 3685 statu
1137 3621 1454 3700 merendi,
1484 3626 1549 3685 et
1573 3621 1714 3686 ideo
1750 3621 1961 3686 adhuc
1978 3621 2220 3705 aliquid

676 3728 914 3793 hahent
940 3729 1111 3811 quod
1145 3729 1560 3795 evacuabitur
1586 3733 1728 3812 post
1762 3729 1931 3794 diem
1966 3728 2214 3809 judicii.

757 3841 818 3904 3.
847 3838 947 3903 Ad
981 3838 1139 3904 illud
1165 3838 1338 3922 quod
1380 3839 1704 3921 obiicitur,
1735 3839 1907 3921 quod
1934 3838 2222 3920 pulchri-

677 3946 833 4011 tudo
881 3946 1163 4010 consistit
1209 3946 1280 4010 in
1329 3947 1592 4025 ordine3
1652 3947 1994 4014 dicendum
2047 3947 2221 4029 quod

679 4073 911 4122 verum
938 4059 1032 4120 est
1061 4074 1078 4118 ε
1107 4073 1259 4118 nam
1302 4054 1465 4119 sicut
1504 4055 1585 4119 ab
1624 4054 1875 4136 angelis
1914 4073 2045 4119 non
2095 4053 2223 4118 tol-

678 4163 846 4228 letur
863 4163 1291 4247 pulchritud0‚
1310 4162 1398 4227 ita
1413 4162 1608 4227 etiam
1626 4180 1743 4226 nec
1760 4162 2019 4226 tolletur
2037 4162 2219 4227 ordo.

681 4269 804 4336 Sed
829 4290 912 4335 ex
942 4270 1065 4335 hoc
1087 4289 1217 4335 non
1241 4269 1530 4352 sequitur
1545 4317 1564 4350 ,
1594 4269 1767 4352 quod
1793 4287 1926 4334 non
1961 4269 2224 4334 tollatur

680 4378 965 4462 praelatio
982 4426 1003 4458 ,
1065 4377 1218 4460 quia
1267 4376 1552 4458 praelatio
1596 4395 1732 4441 non
1778 4377 2224 4442 tantummodo

682 4486 946 4552 includit
971 4486 1042 4549 in
1071 4503 1139 4549 se
1156 4484 1649 4567 praecellentiam
1667 4535 1684 4566 ‚
1707 4486 1817 4562 sed
1846 4487 2040 4552 etiam
2061 4504 2224 4569 prae-

681 4592 1019 4660 sidentiam
1039 4641 1059 4673 ,
1107 4610 1256 4675 quae
1308 4590 1453 4675 plus
1500 4593 1761 4677 respicit
1801 4594 2224 4676 indigentiam

683 4704 811 4770 viae
829 4752 846 4782 ,
878 4720 1078 4786 quam
1108 4700 1651 4784 pulchritudinem
1681 4709 1745 4767 et
1775 4705 2225 4787 perfectionem

684 4812 907 4897 patriae
932 4833 948 4876 ε
979 4812 1121 4877 ideo
1134 4859 1151 4890 ‚
1178 4828 1329 4874 cum
1347 4808 1590 4875 tollitur
1608 4811 1917 4894 praelatio,
1947 4811 2227 4896 pulchri-

685 4920 840 4986 tudo
867 4937 1002 4982 non
1029 4916 1372 4982 minuitur.

763 5034 825 5093 4.
864 5028 964 5094 Ad
995 5027 1159 5092 illud
1194 5026 1364 5109 quod
1408 5025 1710 5109 objicitur
1728 5073 1746 5103 ,
1797 5027 1971 5110 quod
2004 5026 2098 5092 ita
2132 5030 2230 5092 est

750 5156 769 5191 ¹
790 5154 918 5205 Dist.
937 5165 1031 5218 vn,
1058 5155 1155 5203 art.
1180 5155 1225 5215 1,
1253 5166 1305 5216 q.
1324 5164 1395 5202 vt.
1421 5153 1520 5189 —2
1539 5152 1620 5215 Cf.
1659 5153 1711 5203 S.
1736 5152 1945 5218 Thom.,
1977 5167 2031 5218 p.
2070 5155 2126 5218 1,
2170 5170 2224 5221 q.

684 5238 843 5292 cvm,
871 5229 967 5279 art.
988 5229 1048 5289 3;
1088 5229 1140 5276 et
1169 5224 1208 5274 ll
1254 5225 1418 5287 Sem„
1441 5225 1559 5275 dist.
1593 5236 1668 5288 lx,
1697 5238 1749 5289 q.
1780 5236 1818 5287 1,
1843 5229 1939 5276 art.
1962 5230 2021 5291 3;
2054 5227 2224 5292 AEgid.

684 5299 857 5364 Rom„
886 5299 930 5349 11
959 5299 1119 5357 Seni„
1157 5296 1276 5347 dist.
1303 5308 1388 5360 lx,
1408 5311 1460 5361 q.
1483 5307 1552 5361 11,
1573 5300 1670 5348 art.
1692 5301 1716 5348 1
1735 5311 1752 5360 ;
1797 5296 1974 5362 Steph.
2000 5297 2223 5362 Brulet'.²

687 5371 732 5421 11
761 5369 921 5436 Sem„
945 5371 1061 5422 dist.
1085 5381 1161 5434 rx,
1190 5384 1244 5434 q.
1262 5381 1370 5434 ηις
1389 5370 1545 5422 Gabr.
1573 5370 1699 5436 Biel,
1727 5372 1771 5421 11
1799 5371 1962 5436 sent„
1990 5371 2111 5425 dist.
2143 5383 2220 5437 ιι,

1791 347 2414 418 SENTENTIARUM
2454 347 2602 415 LIB.
2644 348 2724 413 11.

2308 484 2724 567 inseparabile
2752 484 2832 548 ab
2863 484 3086 549 ordine
3113 485 3495 567 angelorum
3508 534 3526 564 ‚
3558 487 3733 569 quod
3759 492 3851 554 est

2310 609 2445 656 esse
2485 590 2923 676 Principatum
2964 591 3131 657 sicut
3172 611 3307 659 esse
3346 591 3723 676 Seraphim3
3755 595 3854 660 di—

2311 702 2588 767 cendum
2613 702 2785 785 quod
2830 700 3263 785 Principatus,
3295 702 3647 767 secundum
3690 704 3857 785 quod

2312 810 2602 874 nominat
2641 809 2931 875 ordinem
2954 859 2971 887 ‚
3018 828 3149 873 non
3193 809 3345 873 dicit
3389 810 3858 892 praesidentiam

2313 918 2626 983 actualem
2643 967 2661 998 ‚
2706 918 2816 983 sed
2859 919 3106 983 donum
3149 918 3407 999 gratiae,
3460 919 3563 982 vel
3602 918 3850 997 datum,

2314 1027 2668 1091 secundum
2691 1026 2864 1109 quod
2891 1027 3162 1109 angelus
3187 1031 3378 1092 natus
3403 1031 3500 1092 est
3525 1026 3668 1091 aliis
3694 1046 3856 1110 prae-

2314 1134 2515 1199 sidere
2546 1157 2562 1200 ι
2594 1139 2659 1200 et
2682 1135 2807 1200 hoc
2834 1155 3097 1200 manere
3118 1140 3362 1219 potest,
3392 1135 3604 1201 ablata
3630 1136 3856 1200 actuali

2314 1244 2684 1325 praelatione
2714 1263 2731 1307 ε
2762 1249 2827 1309 et
2854 1244 2993 1309 ideo
3018 1262 3152 1310 non
3179 1242 3469 1327 sequitur
3502 1267 3518 1307 ε
3569 1267 3602 1305 α
3622 1243 3856 1309 Desinit

2315 1354 2683 1438 principari,
2718 1374 2877 1439 ergo
2902 1355 3134 1421 desinit
3170 1373 3309 1421 esse
3350 1354 3788 1438 principatus;
3821 1375 3851 1414 ι

2316 1462 2471 1545 quia
2492 1463 2910 1547 Principatus
2937 1483 3073 1530 non
3100 1464 3257 1530 dicit
3275 1467 3514 1545 actum,
3543 1464 3654 1528 sed
3685 1462 3855 1529 hahi-

2315 1574 2460 1637 tum
2486 1572 2590 1638 vel
2616 1575 2878 1638 statum.

2834 1798 3189 1879 QUAESTIO
3230 1799 3366 1867 vn.

2390 1950 2485 2001 An
2512 1942 2723 2002 ordines
2748 1946 3059 2017 angelorum
3085 1948 3200 2002 sint
3223 1960 3431 2013 novem,
3461 1944 3549 2000 vel
3561 1945 3747 2017 plures
3761 1945 3800 1997 ².

2399 2111 2486 2176 De
2513 2110 2639 2176 illis
2662 2110 2996 2176 ordinibus
3022 2109 3403 2192 angelorum
3438 2112 3754 2192 quantum
3780 2109 3851 2173 ad
3876 2124 4038 2170 raam

2319 2236 2708 2297 numerum3
2738 2223 2802 2284 et
2840 2219 3156 2302 quaeritur
3191 2221 3417 2282 utrum
3456 2217 3539 2281 sit
3562 2221 3762 2282 status
3790 2217 3852 2281 in

2318 2327 2667 2394 novenario
2686 2375 2703 2406 ,
2739 2345 2823 2391 an
2861 2326 3278 2411 protendatur
3312 2344 3627 2390 numerus
3664 2344 3853 2408 usque

2320 2436 2399 2500 ad
2428 2436 2802 2514 denarium;
2835 2439 2899 2499 et
2924 2435 3098 2518 quod
3122 2435 3235 2514 sic,
3255 2434 3533 2499 videtur.
3560 2434 3733 2499 Sicut
3751 2435 3854 2498 ha-

2319 2545 2507 2608 betur
2534 2544 2606 2608 in
2633 2546 2807 2617 Luca
2833 2550 2880 2624 ⁸,
2899 2544 2970 2608 in
2991 2543 3295 2627 parabola
3317 2544 3395 2609 de
3411 2543 3724 2616 ‚drachma
3750 2541 3850 2623 (a),

2319 2651 2515 2717 homo
2551 2651 2930 2735 intelligitur
2963 2670 3078 2736 per
3103 2652 3475 2716 drachmam
3503 2651 3805 2717 decimam
3835 2670 3850 2712 ε

2321 2761 2430 2826 sed
2443 2780 2572 2827 non
2587 2760 2821 2825 dicitur
2835 2760 3138 2826 drachma
3153 2760 3422 2841 decima,
3442 2760 3567 2824 nisi
3580 2760 3857 2843 respectu

2321 2867 2657 2933 novenarii
2678 2914 2695 2948 ,
2746 2868 2859 2950 qui
2900 2870 2996 2931 est
3019 2866 3089 2930 in
3116 2867 3364 2949 angelis
3410 2888 3426 2931 ε
3462 2884 3623 2947 ergo
3654 2865 3711 2928 si
3750 2863 3855 2928 de-

2323 2974 2491 3041 cima
2525 2976 2831 3042 drachma
2858 2975 3193 3041 reinventa
3222 2979 3351 3055 est,
3392 2973 3651 3040 videtur
3698 2972 3857 3055 quod

2322 3104 2559 3153 novem
2612 3083 2944 3151 ordinibus
2986 3069 3272 3149 decimus
3324 3081 3481 3148 ordo
3531 3081 3859 3164 adjunctus

2323 3197 2438 3258 est.

2404 3301 2587 3379 Item,
2604 3300 2658 3365 si
2679 3299 2948 3382 angelus
2965 3317 3298 3385 nunquam
3314 3301 3653 3383 peccasset,
3674 3297 3858 3361 homo

2324 3410 2525 3474 factus
2549 3413 2748 3487 esset,
2781 3412 2843 3473 et
2867 3408 2949 3473 ad
2976 3407 3436 3473 beatitudinem
3462 3406 3857 3490 perveniret,

2325 3518 2435 3582 sed
2460 3537 2592 3583 non
2617 3519 3050 3582 assumeretur
3077 3515 3157 3580 ad
3188 3514 3634 3580 restaurandos
3677 3529 3861 3594 ange-

2324 3626 2535 3690 lorum
2568 3626 2821 3690 ordines
2852 3646 2868 3688 :
2898 3643 3079 3706 ergO,
3108 3623 3161 3687 si
3190 3642 3320 3688 non
3354 3626 3596 3686 careret
3620 3621 3856 3698 ordine,
3962 3685 3966 3694 ,

2326 3734 2396 3800 in
2443 3735 2656 3818 aliquo
2708 3733 2931 3799 ordine
2977 3734 3321 3815 poneretur
3374 3752 3389 3794 ε
3451 3729 3563 3794 sed
3619 3729 3753 3792 sive
3796 3727 3860 3790 in

2325 3860 2480 3921 uno,
2508 3841 2644 3908 sive
2672 3840 2740 3904 in
2779 3839 3094 3923 pluribuS,
3137 3854 3371 3901 novem
3398 3835 3729 3899 ordinibus
3752 3833 3860 3898 ad-

2320 3952 2623 4035 jiceretur
2659 3949 2814 4014 ordo
2840 3947 3134 4012 ulteriuS.
3168 3944 3236 4010 Si
3276 3963 3433 4026 ergo
3469 3943 3694 4010 civitas
3723 3942 3860 4007 Hie-

2326 4057 2604 4122 rusalem
2659 4075 2773 4140 per
2821 4054 3143 4119 Christum
3197 4054 3467 4136 perfecte
3519 4055 3859 4117 restaurata

2329 4170 2456 4243 est,
2481 4166 2736 4231 videtur
2770 4163 2946 4248 quod
2981 4181 3112 4228 non
3142 4162 3225 4226 sit
3249 4165 3449 4226 status
3472 4160 3769 4225 ordinum
3798 4158 3858 4220 in

2329 4274 2674 4339 novenario
2698 4324 2716 4355 ‚
2747 4273 2881 4337 imo
2927 4272 3093 4355 quod
3143 4271 3238 4335 eis
3276 4269 3376 4351 adj
3385 4267 3619 4333 iciatur
3650 4266 3861 4332 saltem

2328 4382 2612 4448 decimus
2637 4382 2815 4447 ordo.

2410 4489 2568 4556 Item
2608 4488 2931 4573 proportio
2978 4485 3296 4570 reperitur
3335 4484 3405 4549 in
3443 4483 3769 4562 numeris3
3809 4483 3865 4545 et

2331 4598 2484 4680 quia
2498 4595 2715 4662 omnia
2732 4581 3042 4678 producta
3057 4597 3208 4658 sunt
3224 4592 3579 4658 secundum
3597 4592 3865 4657 debitam

2330 4703 2829 4787 proportionem,
2852 4701 3071 4767 omnia
3087 4700 3390 4765 dicuntur
3408 4717 3545 4763 esse
3571 4699 3865 4782 producta

2332 4811 2684 4877 secundum
2719 4811 2997 4875 rationes
3033 4806 3396 4873 numerales
3411 4854 3429 4883 ‚
3454 4810 3592 4871 tam
3630 4807 3710 4870 ab
3738 4806 3863 4869 Au-

2332 4917 2594 5001 gustino
2636 4918 2700 4999 ⁸,
2737 4936 2934 5001 quam
2978 4935 3020 4981 a
3063 4914 3303 4980 Boetio.
3353 4914 3421 4979 Si
3459 4932 3620 4996 ergo
3656 4913 3865 4976 civitas

2332 5045 2625 5112 supernae
2643 5024 3043 5091 Hierusalem
3056 5028 3151 5090 est
3163 5023 3387 5091 civitas
3398 5019 3859 5106 perfectissima,

2334 5205 2386 5257 q.
2416 5202 2467 5255 1,
2497 5193 2594 5240 art.
2616 5191 2675 5253 7,
2702 5187 2826 5238 dub.
2848 5192 2895 5239 1.
2920 5187 3174 5246 —8Luc.‚
3197 5186 3641 5252 xv‚9.—⁸Aug.,
3662 5184 3722 5235 de
3747 5181 3859 5235 Gen.

2334 5263 2406 5314 ad
2419 5262 2544 5328 litt„
2569 5261 2659 5313 lib.
2680 5262 2775 5328 ΙΙΙ,
2806 5276 2852 5313 c.
2873 5273 2983 5327 xvt,
3011 5275 3068 5311 n.
3090 5263 3167 5312 25.

2398 5371 2462 5436 (a)
2484 5369 2565 5421 Al.
2593 5370 2880 5435 drflgmflm,
2903 5371 2953 5420 et
2976 5369 3051 5419 sic
3071 5368 3322 5431 dehtcepe.
