4125 6225
374 2202 437 2247 ru

438 2201 587 2245 ndum.

605 433 725 495 526

601 582 707 629 res
726 565 1079 629 mutim
1102 582 1221 647 pa·
1240 564 1577 629 materiam
1594 567 1661 628 d
1686 564 1961 628 (ormam
1982 578 2154 626 com-

604 678 963 754 ponuntm,
998 676 1065 736 et
1100 676 1197 736 est
1239 672 1531 736 invenire
1570 690 1803 754 puram
1842 671 2150 748 formam,

604 782 673 844 in
714 801 847 863 qua
890 781 1053 843 nihil
1102 784 1195 843 est
1244 780 1323 843 de
1370 778 1777 862 possibilitate
1820 778 2150 852 materiae,

602 894 823 971 utpote
846 888 1049 952 Deum
1076 906 1277 969 :ergo
1303 888 1426 951 erit
1457 887 1734 969 reperire
1761 904 1993 968 puram
2021 903 2155 948 ma-

604 997 865 1073 teriam,
898 997 965 1059 in
1002 1014 1132 1077 qua
1166 995 1329 1059 nihil
1362 994 1489 1059 erit
1522 994 1600 1058 de
1634 993 1994 1057 actualitate
2030 993 2157 1056 for-

604 1121 733 1166 mae
760 1125 777 1165 ε
798 1102 908 1166 sed
932 1103 1053 1166 hoc
1073 1119 1205 1166 non
1225 1102 1349 1165 fuit
1367 1100 1495 1165 nisi
1516 1100 1586 1162 in
1606 1099 1834 1164 mundi
1855 1097 2151 1163 exordio:

604 1228 764 1290 ergo
789 1209 1043 1274 videtur
1069 1209 1242 1292 quod
1274 1207 1545 1273 materia
1572 1206 1879 1289 producta
1909 1206 1991 1270 sit
2017 1205 2157 1270 sine

605 1316 784 1379 omni
815 1316 1044 1380 forma.

688 1428 751 1487 6.
794 1421 953 1487 Item
991 1421 1157 1487 Deus
1192 1427 1287 1486 est
1320 1440 1524 1504 agens
1558 1419 2107 1486 ordinatissimum
2135 1438 2154 1483 ε

608 1548 768 1613 ergo
793 1531 876 1594 ab
902 1533 1192 1595 extremo
1231 1530 1297 1594 in
1325 1534 1689 1595 extremum
1716 1528 2011 1612 pervenit
2041 1545 2158 1609 per

609 1637 898 1702 medium
922 1659 937 1701 ε
960 1638 1071 1701 sed
1092 1638 1376 1703 medium
1397 1638 1564 1703 inter
1581 1637 1847 1702 omnino
1864 1654 1995 1700 non
2017 1653 2154 1712 ena,

608 1748 674 1810 et
703 1764 818 1811 ens
851 1747 920 1810 in
950 1750 1132 1825 actu,
1164 1750 1260 1811 est
1289 1765 1403 1810 ens
1436 1747 1701 1811 omnino
1732 1746 1802 1809 in
1837 1744 2153 1828 potentia:

610 1869 770 1934 ergo
796 1852 1049 1917 videtur
1078 1853 1250 1936 quod
1277 1854 1445 1918 Deus
1461 1901 1480 1931 ,
1510 1855 1576 1917 in
1608 1853 2024 1937 productione
2051 1870 2158 1916 re·

610 1979 785 2038 rum,
811 1960 990 2044 prius
1014 1962 1093 2026 de
1118 1980 1247 2025 non
1274 1966 1420 2025 ente
1444 1961 1588 2026 fecit
1613 1980 1727 2025 ens
1752 1962 1824 2024 in
1848 1960 2155 2043 potentia,

613 2086 809 2152 quam
838 2068 1213 2150 produxerit
1243 2067 1524 2150 aliquam
1552 2067 1846 2131 formam.

694 2174 790 2238 Ad
830 2174 1197 2256 oppositum
1234 2172 1457 2255 Hugo,
1495 2173 1565 2236 in
1601 2172 1766 2237 libro
1800 2172 1880 2237 de
1920 2172 2158 2240 Sacra-

614 2283 846 2348 mentis
870 2281 889 2318 ¹
927 2304 952 2346 .·
985 2304 1015 2341 α
1055 2280 1251 2345 Credo
1293 2279 1468 2344 illam
1512 2280 1791 2363 primam
1835 2279 2159 2343 materiam

616 2407 745 2452 non
769 2389 911 2453 ideo
934 2388 1166 2452 dictam
1187 2387 1529 2452 informem
1553 2388 1709 2464 sore,
1736 2386 1893 2469 quia
1912 2386 2160 2451 nullam

611 2495 877 2559 omnino
921 2494 1197 2559 formam
1238 2492 1567 2571 habuerit3
1616 2494 1778 2576 qnia
1819 2512 2161 2576 nunquam

610 2602 851 2685 aliquid
888 2601 1010 2667 tale
1044 2618 1422 2684 corporeum
1455 2601 1726 2665 existere
1769 2603 1988 2683 potest.
2022 2622 2056 2660 n
2084 2599 2164 2664 Et

611 2711 736 2775 hoc
759 2710 928 2775 idem
956 2708 1257 2790 Magister
1284 2707 1435 2773 dicit
1462 2707 1534 2772 in
1564 2707 1794 2772 littera.

697 2818 855 2884 ltem
873 2816 1164 2882 Boetius²
1187 2839 1202 2880 ι
1223 2840 1254 2877 α
1281 2814 1483 2881 Omne
1505 2834 1642 2880 esse
1665 2821 1760 2880 est
1782 2835 1822 2879 a
1844 2817 2053 2883 forma
2080 2838 2097 2883 ι
2122 2840 2155 2879 n

619 2927 729 2992 sed
761 2944 951 2991 omne
979 2925 1152 3008 quod
1178 2928 1452 3000 creatur,
1484 2924 1701 2988 statim
1730 2930 1872 3007 post
1896 2927 2163 2991 creatio-

620 3052 771 3099 nem
801 3038 894 3098 est
924 3056 940 3097 z
971 3050 1129 3115 ergo
1156 3028 1262 3096 vel
1291 3035 1386 3095 est
1413 3031 1650 3111 forma,
1682 3030 1784 3097 vel
1811 3031 2004 3099 habet
2032 3033 2165 3099 for-

620 3159 816 3205 mam.
851 3140 917 3205 Si
960 3139 1167 3222 igitur
1203 3138 1472 3202 materia
1514 3138 1724 3221 prima
1757 3146 1966 3205 creata
2004 3141 2126 3206 fuit
2142 3190 2162 3219 ,

619 3249 724 3315 vel
759 3249 880 3312 fuit
919 3248 1125 3313 forma
1142 3295 1160 3325 ,
1199 3245 1303 3311 vel
1337 3246 1566 3310 hahuit
1607 3247 1880 3312 formam
1923 3250 1992 3313 in
2028 3266 2166 3314 suae

619 3353 974 3419 eductionis
1019 3352 1328 3437 principio
1361 3372 1378 3417 ε
1415 3351 1524 3417 sed
1567 3370 1699 3416 non
1742 3354 1864 3418 fuit
1908 3355 2116 3419 forma
2145 3375 2163 3420 ε

620 3479 801 3543 ergO,
832 3464 952 3525 etc.
1470 3523 1480 3534 ,

703 3567 861 3632 item
892 3565 1352 3649 Philosophus⁸
1383 3587 1399 3630 ε
1429 3589 1462 3628 τι
1491 3565 1880 3648 Impossibile
1910 3571 2004 3632 est
2028 3585 2168 3632 ma—

623 3675 851 3739 teriam
877 3675 1158 3757 separari
1184 3674 1266 3737 ab
1290 3673 1469 3737 omni
1493 3673 1698 3737 forma
1725 3696 1741 3737 :
1773 3695 1803 3733 n
1824 3673 1933 3737 sed
1958 3675 2013 3737 si
2036 3693 2169 3739 ma-

623 3783 786 3848 teria
801 3787 1086 3865 tempore
1105 3780 1539 3864 praeexisteret
1554 3780 1734 3846 omni
1755 3780 2002 3860 tormae,
2029 3799 2173 3864 pos-

625 3894 719 3954 set
759 3889 840 3954 ab
868 3908 944 3953 ea
979 3888 1261 3971 separari
1294 3910 1310 3952 ι
1338 3906 1496 3970 ergo
1522 3905 1655 3952 non
1691 3887 1814 3953 fuit
1848 3891 2058 3953 creata
2100 3889 2170 3952 in

624 3998 904 4062 carentia
929 3997 1138 4060 omnis
1162 3998 1408 4061 formae.

708 4103 865 4169 Item
899 4104 1133 4183 unitas,
1169 4103 1437 4182 bonitas,
1469 4102 1723 4181 veritas,
1754 4101 1887 4167 sive
1916 4102 2169 4183 modus,

625 4214 886 4298 specie5‚
914 4218 978 4278 et
1003 4212 1181 4290 ord0,
1208 4214 1360 4276 sunt
1384 4212 1455 4276 in
1476 4211 1670 4276 rebus
1691 4228 1772 4274 ex
1798 4214 1977 4294 parte
2001 4211 2174 4294 prin-

625 4321 776 4405 cipii
824 4321 1108 4386 formalis
1145 4342 1162 4385 t
1202 4321 1313 4385 scd
1354 4320 1745 4404 impossibile
1791 4324 1889 4384 est
1931 4320 2175 4403 aliquid

626 4449 763 4495 esse
780 4478 796 4509 ,
833 4430 934 4495 vel
964 4429 1264 4513 produci,
1297 4428 1365 4492 in
1395 4446 1524 4511 quo
1551 4446 1685 4493 non
1714 4429 1797 4491 sit
1824 4428 2176 4510 vestigium

628 4537 937 4603 Creatoris
969 4558 985 4600 t
1016 4554 1174 4618 ergo
1219 4533 1607 4618 impossihile
1654 4539 1751 4599 est
1770 4583 1787 4615 ,
1835 4536 2007 4619 quod
2049 4537 2176 4600 ali-

628 4647 785 4731 quid
812 4647 1123 4712 educatur
1150 4663 1371 4710 carens
1396 4646 1575 4710 omni
1605 4646 1835 4710 forma.

709 4753 902 4834 Item,
934 4753 991 4818 si
1023 4752 1290 4817 materia
1318 4751 1426 4816 illa
1455 4757 1696 4816 careret
1721 4752 1899 4816 omni
1934 4753 2172 4832 forma,

629 4879 790 4944 ergo
824 4864 889 4925 et
927 4862 1110 4926 omni
1147 4861 1472 4925 accidente
1502 4881 1517 4922 ε
1549 4877 1709 4941 ergo
1748 4878 1881 4924 non
1916 4859 2179 4926 haberet

631 4969 926 5049 extendi,
966 4987 1084 5033 nec
1120 4967 1352 5048 locari,
1385 4985 1504 5032 nec
1539 4984 1675 5031 esse
1705 4966 1775 5030 in
1811 4970 2029 5046 motu,
2060 4986 2179 5032 nec

632 5076 704 5140 in
748 5077 963 5159 quiete
990 5095 1007 5140 ε
1034 5076 1143 5141 scd
1187 5075 1353 5138 nihil
1395 5073 1519 5138 tale
1564 5074 1635 5137 in
1677 5091 1898 5137 rerum
1940 5056 2179 5139 natura

634 5188 838 5266 potest
876 5183 1145 5248 existere
1175 5201 1193 5244 ε
1225 5199 1382 5264 ergo
1411 5179 1680 5246 materia
1703 5198 1837 5244 non
1874 5181 2082 5264 potuit
2107 5180 2178 5245 in

635 5291 741 5356 sui
765 5290 1124 5355 conditione
1151 5290 1330 5354 omni
1360 5290 1565 5354 forma
1593 5306 1831 5353 carere.

723 5420 739 5452 ¹
782 5417 936 5481 Hug.,
987 5416 1049 5466 de
1091 5416 1346 5476 Sacram„
1413 5415 1501 5465 lib.
1555 5417 1610 5481 1,
1663 5418 1794 5480 part.
1848 5414 1903 5478 1,
1945 5428 2060 5480 cap.
2103 5426 2177 5467 tv.

1729 423 2356 493 SENTENTIARUu
2391 426 2544 493 un.
2589 429 2667 493 Π.

2347 559 2505 627 Item
2532 564 2819 643 materia,
2843 562 2968 628 hoc
2993 564 3209 646 ipsum
3232 565 3406 648 qnod
3427 569 3554 644 est,
3579 565 3816 630 dicitur

2263 687 2400 733 esse
2428 670 2509 734 ad
2535 671 2808 735 formam
2833 693 2848 735 ε
2875 690 3036 753 ergo
3060 672 3461 736 essentialem
3485 672 3682 736 habet
3709 673 3816 737 de-

2265 776 2672 858 pendentiam
2703 797 2743 841 a
2769 779 2972 842 forma
2997 803 3012 843 :
3036 779 3094 841 si
3118 797 3278 860 ergo
3305 780 3699 862 impossibile
3723 784 3818 843 est

2264 882 2505 965 aliquid
2531 886 2810 966 separari
2837 885 2918 949 ab
2943 904 3022 949 eo
3048 886 3220 968 quod
3247 886 3666 951 essentialiter
3689 887 3814 950 sibi

2263 989 2537 1057 inhaeret
2555 1039 2573 1068 ‚
2621 993 3009 1076 impossibile
3053 998 3150 1058 est
3193 995 3530 1059 materiam
3576 999 3814 1077 praeter

2265 1115 2526 1163 omnem
2553 1100 2828 1165 formam
2853 1101 3146 1167 existere.

2806 1340 3261 1407 CONGLUSIO.

2265 1495 2504 1551 Materia
2523 1497 2711 1567 prima
2726 1499 2906 1568 potest
2931 1493 3264 1552 considerari
3281 1496 3571 1564 insci-min
3591 1499 3819 1552 &cistere

2444 1588 2623 1641 autem
2648 1601 2757 1641 non
2776 1590 2950 1657 potest
2986 1588 3137 1641 omni
3159 1587 3343 1654 forma
3367 1584 3630 1657 spoliata.

2349 1743 2534 1826 Resp.
2561 1744 2643 1809 ad
2664 1745 2825 1826 Arg.
2850 1743 2947 1808 Ad
2973 1744 3426 1827 praedictorum
3453 1743 3818 1825 intelligen-

2267 1850 2424 1915 tiam
2445 1858 2541 1916 est
2566 1852 2943 1928 notandum,
2969 1852 3141 1934 quod
3159 1851 3500 1934 dupliciter
3522 1858 3617 1916 est
3638 1852 3819 1934 loqui

2267 1957 2347 2022 de
2391 1959 2660 2022 materia
2688 1981 2704 2022 ε
2738 1962 2851 2023 aut
2889 1958 3242 2022 secundnm
3284 1959 3459 2041 quod
3499 1959 3714 2023 existit
3750 1960 3818 2023 in

2267 2068 2531 2143 natura3
2561 2068 2677 2129 aut
2700 2066 3053 2131 secundum
3076 2067 3246 2149 quod
3273 2067 3717 2131 consideratur
3735 2067 3817 2131 ab

2267 2172 2506 2236 anima.
2551 2171 2620 2237 Si
2660 2173 3014 2237 secundum
3051 2173 3227 2256 quod
3267 2174 3708 2239 consideratur
3739 2174 3818 2237 ab

2268 2280 2484 2344 anima
2502 2328 2519 2357 ,
2550 2280 2641 2344 sic
2669 2284 2875 2364 potest
2911 2280 3300 2345 considerari
3331 2282 3624 2345 informis
3641 2330 3660 2361 ,
3685 2283 3817 2346 sive

2269 2405 2381 2469 per
2415 2387 2841 2470 privationem
2882 2388 3110 2452 formai
3160 2388 3472 2451 distinctae
3491 2437 3510 2466 ,
3539 2388 3677 2452 sive
3709 2407 3818 2471 per

2269 2493 2695 2575 privationem
2715 2495 2910 2559 etiam
2934 2496 3146 2559 omnis
3168 2496 3393 2559 formae
3425 2514 3444 2559 z
3469 2499 3534 2559 et
3559 2497 3651 2560 sic
3669 2496 3818 2560 dicit

2269 2601 2712 2681 Augustinus,
2757 2599 2867 2664 XII
2915 2601 3431 2681 confessiorem,
3483 2603 3817 2666 essentiam

2271 2707 2556 2771 materiae
2587 2707 2882 2790 intelligi.
2925 2707 3090 2773 Nam
3129 2710 3428 2789 materia,
3467 2710 3818 2774 secundum

2270 2816 2373 2879 sui
2394 2817 2756 2896 essentiam,
2774 2820 2870 2880 est
2890 2817 3182 2880 informis
3203 2835 3318 2899 per
3342 2817 3815 2900 possibilitatem

2271 2922 2711 2987 omnimodam
2743 2945 2757 2987 :
2790 2928 2854 2987 et
2885 2923 3041 2988 dum
3073 2924 3167 2987 sic
3201 2924 3662 3003 consideratur,
3691 2923 3817 2988 for-

2273 3048 2529 3094 marum
2561 3030 2698 3115 ipsa
2732 3031 3045 3115 capacitas
3061 3079 3078 3109 ,
3111 3032 3248 3096 sive
3288 3031 3700 3116 possibilitas,
3729 3034 3821 3093 est

2272 3138 2393 3201 sibi
2423 3157 2541 3221 pro
2570 3138 2799 3204 forma.
2832 3138 2942 3204 Est
2974 3140 3211 3205 iterum
3242 3140 3420 3221 loqui
3450 3140 3531 3204 de
3557 3138 3820 3202 materia

2272 3247 2627 3311 secundum
2654 3247 2827 3330 quod
2851 3247 3044 3312 habet
3073 3266 3208 3313 esse
3238 3248 3307 3311 in
3336 3249 3568 3311 natura
3586 3296 3606 3325 ,
3646 3251 3713 3311 et
3734 3245 3822 3309 sic

2272 3372 2614 3437 nunquam
2638 3360 2733 3419 est
2758 3360 2995 3438 praeter
3020 3356 3238 3421 locum
3253 3404 3272 3435 ,
3299 3359 3362 3419 et
3387 3359 3665 3438 tempus,
3689 3354 3823 3419 sive

2274 3465 2508 3544 praeter
2526 3463 2809 3545 quietem
2833 3467 2900 3527 et
2924 3467 3175 3527 motum
3204 3486 3220 3527 ι
3245 3468 3310 3527 et
3335 3463 3458 3527 hoc
3480 3462 3670 3526 modo
3691 3479 3824 3527 non

2274 3571 2675 3636 solummodo
2696 3590 2831 3636 non
2853 3572 3184 3654 congruit,
3212 3573 3345 3637 imo
3368 3571 3564 3636 etiam
3591 3571 3823 3653 impos-

2275 3677 2458 3741 sibile
2497 3682 2593 3742 est
2630 3679 2964 3743 materiam
3007 3679 3352 3742 informem
3393 3679 3667 3743 existere
3711 3695 3823 3760 per

2276 3784 2704 3866 privationem
2730 3785 2944 3849 omnis
2979 3784 3228 3848 formae.
3263 3784 3342 3848 Et
3375 3785 3499 3848 hoc
3525 3790 3621 3848 est
3651 3783 3823 3866 quod

2276 3892 2424 3958 dicit
2446 3890 2771 3973 Magister,
2799 3895 2861 3955 et
2882 3891 3075 3973 Hugo
3099 3891 3176 3956 de
3200 3890 3268 3956 S.
3285 3890 3573 3972 Victore;
3602 3897 3665 3957 et
3687 3910 3824 3956 om-

2277 4017 2391 4064 nes
2434 3999 2505 4063 in
2548 4000 2672 4065 hoc
2712 4002 3080 4063 tractatores
3123 4004 3611 4079 consenserunt,
3655 3999 3822 4082 quod

2278 4106 2388 4170 illa
2434 4107 2700 4172 materia
2718 4155 2737 4186 ,
2782 4125 2931 4189 quae
2974 4107 3186 4189 primo
3230 4107 3538 4190 producta
3578 4112 3675 4172 est
3714 4124 3824 4189 per

2280 4214 2664 4302 creationem
2683 4262 2700 4291 ‚
2735 4232 2868 4278 non
2901 4214 3024 4278 fuit
3054 4216 3123 4278 in
3157 4215 3525 4280 omnimoda
3559 4213 3821 4297 possibi-

2278 4318 2452 4384 litate
2466 4368 2484 4397 ‚
2514 4321 2651 4385 sive
2686 4321 2755 4384 in
2790 4321 3069 4385 carentia
3099 4322 3313 4386 omnis
3346 4322 3571 4385 formae
3603 4341 3620 4384 ε
3656 4320 3824 4385 unde

2283 4429 2697 4493 concedendae
2740 4432 2892 4492 sunt
2929 4429 3210 4494 rationes
3251 4430 3332 4494 ad
3373 4428 3543 4493 hanc
3581 4433 3822 4512 partem

2279 4535 2583 4599 inductae.

2363 4649 2395 4705 1
2425 4647 2488 4708 et
2507 4647 2569 4706 2.
2591 4641 2689 4706 Ad
2709 4641 2868 4706 illud
2887 4643 3062 4725 quod
3080 4642 3399 4726 oincitur‚
3422 4643 3596 4726 quod
3619 4642 3822 4726 primo

2281 4753 2446 4815 facta
2479 4756 2574 4816 est
2607 4751 2901 4816 omnium
2935 4750 3248 4833 capacitas
3268 4800 3284 4827 ‚
3314 4755 3377 4815 et
3419 4751 3713 4814 similiter
3747 4751 3823 4815 de

2281 4877 2360 4924 eo
2397 4860 2574 4942 quod
2614 4858 2847 4924 dicitur
2886 4859 2958 4922 in
2990 4856 3103 4922 ΧΠ
3142 4858 3624 4938 confessionum
3641 4858 3662 4891 ⁸
3676 4881 3703 4932 ;
3728 4856 3824 4921 di-

2282 4967 2558 5031 cendum
2587 4968 2761 5049 quod
2788 4966 3198 5049 Augustinus
3229 4966 3514 5048 loquitur
3544 4965 3624 5030 de
3656 4965 3824 5048 prio-

2284 5074 2470 5138 ritate
2504 5078 2753 5138 naturae
2767 5122 2784 5153 ,
2818 5092 2951 5138 non
2985 5074 3064 5138 de
3099 5073 3424 5156 prioritate
3449 5072 3820 5138 durationis,

2284 5228 2347 5239 —
2364 5201 2386 5234 ²
2405 5200 2534 5250 Boet
2555 5235 2572 5263 ,
2601 5198 2674 5247 De
2693 5201 2886 5247 unitate
2910 5201 2958 5247 et
2977 5212 3107 5263 uno,·
3134 5197 3193 5247 de
3221 5198 3399 5247 Trinit.
3422 5196 3494 5247 ad
3520 5196 3820 5262 symmach„

2284 5276 2401 5337 post
2437 5268 2654 5335 princip.
2683 5294 2747 5307 —
2772 5269 2794 5303 ⁸
2815 5270 3046 5333 Aristot„
3093 5269 3295 5334 Physic.
3340 5268 3430 5319 lib.
3463 5271 3517 5334 1,
3559 5274 3696 5320 cont.
3727 5271 3814 5330 593

2286 5344 2374 5395 lib.
2399 5344 2500 5406 ΙΙΙ,
2529 5345 2668 5391 cont.
2694 5343 2770 5391 16.
2791 5366 2851 5378 —
2871 5341 3066 5406 ⁴Aug„
3107 5341 3332 5406 confess.
3361 5340 3450 5391 lib.
3478 5343 3568 5392 ΧΗ
3591 5378 3608 5402 ,
3638 5356 3684 5392 c.
3715 5351 3820 5403 111,

2287 5429 2343 5466 n.
2364 5417 2457 5479 ¹5;
2485 5413 2547 5463 de
2574 5413 2697 5464 Gen.
2729 5412 2800 5463 ad
2819 5412 2947 5478 liu„
2976 5413 3065 5464 lib.
3093 5415 3167 5477 11,
3197 5427 3243 5464 c.
3263 5424 3338 5475 xi,
3366 5415 3521 5465 n.24.
