4125 6225
631 380 753 452 638

633 518 1120 599 distinctionem,
1144 518 1300 600 quia
1321 517 1394 581 in
1421 517 1686 584 homine
1702 523 1797 583 est
1820 514 2172 602 personalis

622 627 922 692 discretio
967 643 1082 708 per
1128 625 1448 706 originem
1468 673 1487 706 ,
1539 626 1611 689 in
1656 626 1903 707 angelis
1951 627 2170 690 autem

631 751 764 797 non
793 752 810 797 ε
841 751 1000 814 ergo
1042 732 1403 814 expressius
1445 737 1858 816 repraesentat
1893 731 2172 797 Trinita-

630 843 762 904 tem
791 840 984 905 homo
1004 888 1021 921 ,
1050 857 1246 922 quam
1286 841 1562 921 angelus
1592 864 1607 905 ε
1642 842 1752 906 sed
1792 842 1863 905 in
1899 858 2030 923 quo
2077 843 2172 904 est

629 947 986 1029 expressior
1003 947 1498 1031 repraesentatio,
1524 952 1619 1015 est
1634 948 1992 1032 expressior
2008 947 2169 1014 ima-

628 1073 716 1139 go
748 1076 763 1118 :
796 1074 975 1138 ergo,
1009 1058 1128 1120 etc.

707 1161 864 1227 Item
909 1162 1265 1229 evidentius
1302 1161 1591 1228 imitatur
1633 1162 1906 1227 alterum
1928 1209 1947 1243 ,
1994 1162 2169 1245 quod

625 1267 915 1334 imitatur
939 1272 1256 1352 quantum
1272 1269 1350 1333 ad
1370 1268 1790 1334 substantiam
1812 1273 1876 1334 et
1898 1268 2169 1333 modum

626 1375 959 1457 existendi,
989 1394 1187 1459 quam
1209 1376 1382 1460 quod,
1407 1376 1696 1441 imitatur
1716 1376 1927 1441 solum
1950 1394 2167 1459 quan-

623 1486 768 1547 tum
817 1484 899 1547 ad
941 1484 1217 1548 alterum
1266 1503 1283 1548 :
1337 1483 1446 1548 sed
1493 1484 1712 1548 anima
1756 1487 2169 1567 repraesentat

626 1589 1000 1656 Trinitatem
1023 1608 1370 1671 summam,
1409 1594 1474 1655 et
1505 1595 1699 1673 prout
1721 1596 1817 1656 est
1839 1592 1912 1656 in
1934 1592 2161 1675 seipsa,

623 1701 687 1763 et
711 1703 904 1782 prout
929 1700 1112 1763 estin
1139 1698 1353 1776 rebus,
1381 1702 1458 1763 ut
1483 1699 1573 1763 sic
1599 1699 1670 1763 in
1688 1700 1970 1782 qualibet
1989 1702 2167 1782 parte

623 1807 904 1889 corporis
942 1806 1026 1870 sit
1062 1809 1196 1871 tota
1213 1853 1230 1883 ,
1272 1807 1440 1871 sicut
1478 1826 1734 1871 summa
1772 1808 2043 1872 essentia
2073 1811 2167 1873 est

619 1913 693 1978 in
718 1918 1009 1979 creatura
1032 1938 1046 1975 :
1070 1932 1228 1996 ergo
1250 1915 1610 1998 expressius
1628 1915 1915 1980 imitatur
1933 1917 2161 1997 Deum,

619 2039 818 2105 quam
859 2022 1127 2104 angelus
1177 2044 1192 2085 :
1243 2023 1354 2087 sed
1401 2024 1574 2106 quod
1612 2024 1974 2107 expressius
2010 2023 2033 2086 i
2041 2024 2165 2087 mi-

619 2132 793 2193 tatur
809 2177 827 2209 ,
861 2130 1273 2195 excellentius
1297 2149 1417 2195 sua
1441 2132 1730 2213 imagine
1754 2132 2110 2215 insignitur
2140 2150 2161 2196 z

622 2253 802 2318 ergo,
833 2240 952 2301 etc.

701 2343 864 2408 Item
899 2344 1260 2427 expressius
1282 2348 1697 2428 repraesentat
1722 2345 1925 2411 Deum
1943 2395 1961 2428 ,
1990 2348 2164 2431 quod

618 2457 1031 2535 repraesentat
1069 2453 1282 2535 ipsum
1309 2472 1444 2517 non
1471 2455 1680 2519 solum
1702 2454 1773 2518 in
1798 2474 1887 2533 se,
1917 2457 2027 2521 sed
2054 2475 2163 2522 se-

619 2560 905 2625 cundum
925 2559 1097 2642 quod
1118 2565 1213 2623 est
1232 2560 1622 2644 principium
1641 2561 1937 2639 aliorum,
1959 2581 2160 2646 quam

618 2667 791 2749 quod
815 2666 1013 2731 altero
1039 2665 1230 2730 modo
1255 2670 1546 2732 tantum:
1574 2667 1683 2731 sed
1702 2667 1898 2733 homo
1926 2686 2161 2753 reprae-

617 2777 823 2839 sentat
849 2772 1050 2838 Deum
1077 2791 1211 2837 non
1235 2773 1448 2838 solum
1474 2777 1685 2839 utens
1710 2776 1899 2839 estin
1926 2794 2016 2856 se,
2044 2778 2157 2842 sed

618 2882 810 2946 etiam
833 2887 906 2949 ut
931 2886 1027 2947 est
1056 2881 1448 2965 principium
1475 2882 1749 2946 aliorum
1769 2903 1786 2963 ;
1815 2884 1973 2966 quia
1996 2885 2162 2949 sicut

617 3007 702 3054 ex
726 3007 860 3053 uno
893 2988 1019 3054 Deo
1044 2990 1292 3068 omnia,
1322 2989 1414 3053 ita
1436 3008 1518 3054 ex
1551 3008 1684 3055 uno
1725 2991 1988 3057 homine
2016 3011 2161 3057 om-

615 3114 730 3161 nes
770 3095 1062 3161 homines
1078 3146 1097 3176 ,
1144 3096 1311 3161 sicut
1351 3097 1494 3162 vult
1537 3097 1785 3162 Glossa¹
1823 3122 1840 3164 :
1873 3118 2063 3182 ergo,
2104 3102 2159 3166 si

616 3203 788 3285 quod
814 3203 1174 3286 expressius
1198 3209 1635 3287 repraesentat,
1659 3206 1973 3271 rationem
1999 3208 2160 3273 ima-

614 3311 787 3394 ginis
809 3313 1142 3395 participat
1165 3313 1576 3394 eminentius,
1607 3318 1799 3397 patet,
1836 3319 1959 3380 etc.

694 3419 853 3485 Item
898 3420 1151 3503 plenius
1193 3424 1605 3503 repraesentat
1652 3417 1892 3504 aliquid
1907 3471 1926 3503 ,
1984 3424 2157 3507 quod

612 3536 1025 3613 repraesentat
1066 3530 1280 3614 ipsum
1319 3550 1432 3614 per
1473 3534 1785 3615 majorem
1828 3549 2157 3601 accessum

613 3638 695 3701 ad
721 3656 904 3702 suam
934 3638 1306 3703 totalitatem
1342 3662 1355 3702 ε
1387 3639 1494 3703 sed
1522 3639 1718 3705 homo
1745 3648 2157 3724 repraesentat

611 3742 816 3809 Deum
848 3747 916 3809 in
947 3750 1266 3829 quantum
1291 3750 1388 3810 est
1412 3747 1737 3829 exemplar
1761 3751 1825 3811 et
1845 3748 2153 3830 spiritua-

607 3849 795 3933 lium,
827 3858 890 3917 et
916 3854 1340 3937 corporalium
1362 3876 1379 3933 ;
1411 3854 1685 3936 angelus
1712 3858 1927 3919 autem
1953 3856 2151 3921 altero

606 3960 798 4025 modo
821 3964 1074 4025 tantum
1105 3979 1122 4024 :
1152 3979 1309 4043 ergo
1336 3961 1408 4026 in
1428 3962 1690 4026 homine
1717 3956 2150 4029 excellentiori

606 4069 797 4133 modo
823 4069 1138 4152 reperitur
1168 4069 1412 4151 imago·

685 4174 866 4256 Item,
900 4182 1140 4260 quanto
1174 4176 1547 4261 exemplum
1570 4195 1687 4243 seu
1711 4179 2147 4262 exemplatum

603 4283 818 4365 magis
859 4284 1083 4351 unitur
1130 4286 1217 4366 (α)
1260 4284 1611 4368 exemplari
1628 4333 1647 4365 ,
1702 4289 1878 4351 tanto
1933 4285 2149 4369 magis

602 4392 1037 4458 conformatur
1078 4393 1177 4472 ei;
1209 4395 1272 4457 et
1297 4398 1538 4476 quanto
1565 4393 1774 4475 magis
1799 4397 2026 4459 natum
2051 4399 2149 4459 est

600 4500 775 4564 uniri
790 4547 807 4576 ,
836 4503 1011 4563 tanto
1055 4499 1264 4581 magis
1307 4504 1535 4564 natum
1579 4504 1675 4564 est
1712 4501 2095 4566 conformari
2122 4522 2143 4567 ε

601 4609 713 4673 sed
729 4612 959 4673 natura
984 4608 1272 4674 humana
1293 4610 1519 4673 unitur
1539 4609 1775 4674 divinae
1803 4611 1874 4674 in
1895 4611 2146 4676 unitate

598 4735 912 4801 personae,
953 4718 1125 4800 quod
1163 4718 1424 4801 quidem
1459 4736 1590 4782 non
1615 4718 1764 4782 facit
1801 4718 2092 4800 angelica
2121 4736 2141 4785 ε

601 4842 761 4908 ergo
788 4825 1146 4910 expressior
1169 4825 1359 4890 estin
1381 4842 1460 4889 ea
1481 4824 1723 4908 imago,
1744 4843 1942 4910 quam
1969 4826 2051 4892 sit
2074 4829 2144 4893 in

602 4933 858 5016 angelo·

683 5041 843 5107 Item
869 5060 986 5126 per
1018 5039 1583 5105 considerationem
1618 5039 1991 5126 Philosophi
2020 5064 2038 5106 t
2075 5041 2144 5109 Si

599 5149 919 5233 optimum
960 5149 1032 5212 in
1057 5167 1191 5214 uno
1229 5166 1467 5230 genere
1504 5151 1598 5214 est
1625 5149 1856 5215 melius
1895 5150 2141 5234 optimo

600 5257 672 5322 in
696 5259 820 5324 alio
846 5276 1105 5339 genere,
1136 5258 1333 5324 etiam
1354 5262 1451 5326 est
1485 5258 1854 5344 simpliciter
1880 5259 2008 5327 hoc
2027 5260 2142 5327 illo

671 5386 690 5420 ¹
710 5384 877 5434 Gloss.
904 5385 960 5433 in
985 5386 1034 5434 II
1064 5385 1203 5448 Cor„
1230 5401 1278 5435 c.
1299 5398 1375 5436 xi.

1765 375 2391 450 SENTENTIARUM
2430 378 2579 447 LIB.
2624 381 2705 448 II.

2284 513 2515 580 melius
2544 537 2561 580 ε
2590 518 2700 583 sed
2737 517 3028 587 Christus
3043 569 3060 599 ,
3091 522 3205 606 qui
3232 526 3329 588 est
3352 522 3636 606 optimus
3659 523 3815 593 inter

2280 621 2575 689 homines
2596 644 2842 708 omnes,
2871 630 3306 697 excellentiori
3334 632 3527 697 modo
3549 632 3814 715 insigni·

2280 731 2387 794 tus
2411 735 2506 795 est
2526 731 2813 815 imagine
2830 734 2961 816 Dei,
2983 755 3181 819 quam
3201 739 3485 822 optimus
3511 740 3812 821 angelus:

2280 854 2441 917 ergo
2467 838 2687 922 imago
2712 841 2823 907 Dei
2844 843 2914 907 in
2933 844 3220 928 homine,
3246 865 3447 931 quam
3469 846 3541 911 in
3567 847 3817 929 angelo,

2280 950 2597 1033 reperitur
2623 954 3063 1021 excellentius.

2822 1231 3275 1302 CONCLUSIO.

2276 1379 2542 1449 Imaqinis
2586 1382 2735 1436 ratio
2801 1383 2981 1453 quoad
3006 1372 3135 1441 ‘esse
3188 1387 3304 1441 tam
3340 1385 3404 1441 in
3445 1388 3823 1445 convoeaemtia

2349 1454 2577 1533 ordinis,
2605 1486 2767 1543 quam
2777 1475 3169 1544 proportionis,
3195 1475 3422 1547 aequalis
3447 1479 3525 1532 est
3539 1478 3604 1531 in
3628 1478 3821 1548 anqelo

2349 1562 2401 1613 et
2427 1561 2491 1614 in
2519 1559 2764 1625 homine:
2794 1576 2900 1632 quo
2926 1578 3049 1619 vero
3074 1563 3149 1619 ad
3177 1562 3302 1621 bene
3327 1580 3432 1623 esse
3458 1566 3740 1637 imaginis,
3767 1583 3826 1626 se

2346 1652 2529 1705 mutuo
2555 1649 2829 1707 eaecedunt.

2357 1804 2543 1888 Resp.
2574 1807 2656 1871 ad
2679 1807 2958 1889 Argum.
2987 1808 3086 1874 Ad
3107 1810 3564 1892 praedictorum
3584 1812 3822 1877 intelli·
3850 1855 4011 1900 mm

2277 1913 2563 1994 gentiam
2585 1917 2682 1979 est
2707 1916 3084 1996 notandum,
3112 1917 3284 1999 quod
3309 1918 3572 2000 quidam
3593 1921 3818 1986 volue-
3862 1921 3994 1976 orbim

2273 2024 2428 2085 runt
2449 2021 2683 2099 dicere,
2714 2022 2887 2105 quod
2913 2028 3274 2091 creaturam
3313 2027 3523 2109 maai-3
3551 2042 3684 2094 esse
3728 2028 3820 2093 ad

2273 2130 2622 2211 imaqinem
2667 2131 2786 2196 Dei
2800 2177 2823 2209 ‚
2865 2130 2987 2195 dici
3033 2135 3239 2214 potest
3294 2132 3631 2215 dupliciter
3669 2156 3685 2199 ε
3714 2136 3819 2201 vel

2273 2238 2598 2302 extensive
2615 2286 2633 2318 ,
2682 2237 2787 2303 vel
2830 2237 3169 2306 intensive.
3219 2238 3286 2305 Si
3327 2241 3683 2319 extensive,
3728 2244 3817 2307 sic

2271 2344 2581 2408 dixerunt
2634 2345 2810 2427 quod
2865 2345 3063 2411 homo
3102 2347 3344 2428 -magis
3404 2353 3818 2431 repraesentat

2269 2450 2496 2531 Deum,
2525 2469 2726 2533 quam
2753 2452 3048 2533 angelus,
3080 2453 3234 2535 quia
3258 2453 3330 2516 in
3357 2453 3671 2536 pluribus,
3701 2474 3814 2521 ra-

2267 2558 2445 2624 tione
2471 2559 2753 2641 corporis
2779 2559 2898 2623 sibi
2927 2560 3092 2624 uniti
3125 2579 3142 2625 ε
3168 2564 3392 2643 utpote
3417 2561 3489 2625 in
3513 2562 3814 2644 spiritua·-

2267 2665 2457 2742 libus,
2488 2668 2553 2729 et
2576 2665 3010 2748 corporalibus
3027 2715 3045 2747 ,
3076 2671 3141 2732 et
3172 2667 3244 2730 in
3270 2667 3464 2733 modo
3498 2669 3812 2735 existendi

2267 2772 2339 2836 in
2364 2772 2557 2837 rebus
2571 2820 2590 2850 ,
2619 2777 2683 2838 et
2716 2772 3073 2838 secundum
3121 2774 3315 2838 etiam
3354 2774 3623 2839 modum
3664 2793 3808 2857 pro·

2267 2880 2538 2945 ducendi
2564 2898 2667 2945 res
2703 2901 2719 2945 :
2758 2885 2823 2946 et
2859 2880 2949 2945 sic
2976 2881 3196 2946 dicunt
3240 2883 3580 2964 procedere
3614 2885 3810 2951 ratio-

2266 3007 2380 3053 nes
2420 2989 2502 3054 ad
2539 2990 2885 3054 secundam
2916 2992 3187 3071 partem.
3222 2987 3465 3055 Tamen
3512 2991 3688 3072 quod
3731 2992 3808 3058 de

2266 3094 2510 3162 Christo
2537 3096 2855 3181 objicitur,
2889 3112 3023 3162 non
3062 3095 3234 3162 valet
3264 3119 3280 3161 t
3311 3096 3471 3163 illud
3514 3098 3692 3163 enim
3716 3101 3809 3164 est

2264 3204 2595 3286 singulare
2639 3203 3053 3286 privilegium
3069 3251 3088 3281 ,
3118 3222 3239 3268 nec
3263 3208 3357 3269 est
3382 3208 3667 3286 naturae,
3697 3206 3806 3271 sed

2262 3314 2476 3396 potius
2507 3312 2758 3394 gratiae.
2790 3309 2862 3376 Si
2902 3317 3122 3376 autem
3159 3312 3408 3377 dicatur
3450 3331 3584 3378 una
3624 3332 3803 3379 crea-

2260 3425 2413 3485 tura
2438 3420 2648 3502 magis
2667 3437 2803 3484 esse
2829 3419 2908 3484 ad
2928 3418 3303 3500 imaginem,
3324 3437 3523 3501 quam
3542 3420 3671 3485 alia
3700 3422 3803 3486 in·

2260 3530 2530 3607 tensive,
2559 3529 2711 3612 quia
2735 3528 3091 3610 expressius
3118 3531 3561 3610 repraesentat3
3595 3528 3686 3592 sic
3711 3529 3800 3594 di-

2260 3642 2417 3703 cunt
2443 3638 2754 3719 angelum
2773 3636 2985 3718 magis
3010 3654 3146 3701 esse
3168 3635 3249 3700 ad
3277 3635 3639 3716 imaginem
3663 3636 3797 3718 Dei,

2258 3764 2459 3828 quam
2485 3746 2566 3810 sit
2590 3746 2808 3825 homo,
2838 3744 3003 3810 sicut
3026 3742 3368 3809 ostendunt
3394 3742 3800 3808 auctoritates

2258 3859 2323 3918 et
2361 3853 2641 3918 rationes
2684 3854 2766 3918 ad
2809 3851 3199 3936 oppositum.
3237 3849 3316 3914 Et
3353 3849 3479 3915 hoc
3517 3850 3803 3916 insinuat

2259 3961 2629 4044 GregoriuS,
2656 3980 2805 4026 cum
2834 3961 3024 4026 dicit:
3059 3983 3089 4022 α
3117 3959 3371 4036 Quanto
3395 3959 3467 4022 in
3492 3977 3570 4023 eo
3595 3959 3798 4023 subti-

2255 4070 2378 4136 lior
2407 4075 2503 4135 est
2525 4073 2788 4146 natura,
2816 4072 2994 4134 tanto
3020 4067 3094 4132 in
3119 4086 3196 4132 eo
3222 4068 3442 4150 imago
3476 4065 3798 4131 Trinitatis

2252 4179 2532 4244 similius
2565 4177 2935 4242 insinuatur
2960 4177 3270 4259 impressa
3294 4196 3324 4247 ,t
3367 4196 3399 4236 n
3431 4178 3494 4239 et
3519 4173 3795 4239 rationes

2246 4304 2398 4351 eam
2425 4288 2884 4368 consequentes
2904 4284 3270 4362 ostendunt,
3299 4282 3472 4365 quod
3496 4281 3661 4348 sicut
3685 4299 3795 4347 ex-

2254 4393 2579 4460 cellentior
2605 4396 2702 4457 est
2739 4396 2973 4457 natura
2998 4390 3289 4473 angelica
3305 4437 3325 4469 ,
3354 4390 3447 4456 sic
3480 4389 3790 4455 excellen-

2253 4503 2448 4568 tiores
2477 4500 2671 4566 habet
2696 4499 3031 4584 potentias,
3056 4503 3121 4564 et
3141 4499 3454 4580 majorem
3481 4497 3672 4562 habet
3695 4515 3794 4561 ca·

2252 4610 2612 4693 pacitatem,
2640 4611 2704 4672 et
2728 4607 3009 4689 digniori
3036 4606 3227 4670 modo
3258 4608 3352 4669 est
3372 4604 3655 4686 imagine
3680 4602 3790 4667 Dei

2251 4715 2562 4798 insignita
2601 4735 2620 4779 ε
2659 4719 2723 4780 et
2766 4713 3123 4778 secundum
3171 4713 3339 4776 hanc
3378 4711 3555 4775 viam
3600 4709 3790 4793 plana

2252 4827 2347 4888 est
2377 4821 2703 4905 responsio
2725 4822 2806 4885 ad
2832 4822 3254 4904 quaestionem
3278 4818 3692 4902 propositam,
3726 4820 3790 4882 et

2240 4930 2333 4996 -ad
2357 4932 2622 5013 objecta.
2652 4930 2777 4996 Sed
2804 4929 2948 4993 licet
2966 4929 3085 4994 iste
3112 4927 3341 4993 modus
3364 4926 3611 4991 dicendi
3633 4942 3787 5007 pro-

2249 5039 2481 5106 babilis
2505 5038 2830 5116 videatur;
2850 5041 3069 5102 tamen
3093 5055 3227 5101 non
3254 5036 3569 5101 modicam
3595 5033 3790 5100 habet

2248 5147 2641 5214 calumniam
2667 5145 2912 5211 ratione
2936 5144 3277 5229 utriusque
3309 5143 3507 5227 partis
3528 5142 3788 5208 distinc-

2246 5256 2459 5324 tionis,
2489 5254 2673 5336 Quod
2694 5253 2871 5319 enim
2891 5252 3138 5319 dicatur
3161 5252 3382 5335 imago
3408 5250 3624 5334 magis
3649 5266 3786 5316 esse

2314 5387 2379 5450 (a)
2407 5384 2531 5434 Coc.
2544 5381 2671 5432 edit.
2701 5379 2951 5434 innititur.
