4125 6225
1191 378 1401 447 ms‘r.
1430 375 1665 444 mv.
1711 375 1892 462 ΛΒΤ.
1939 376 1988 441 1.
2035 376 2333 456 QnAEs‘r.
2377 375 2481 442 1v.
3384 385 3460 443 13

282 521 446 598 sunt3
478 538 510 578 ι
554 516 715 600 quia
745 515 911 582 ideae
945 534 1079 581 non
1116 519 1266 579 sunt
1302 515 1518 598 plures
1564 512 1809 576 ratione

284 630 403 710 ejus
428 624 599 709 quod
635 628 836 705 sunt,
890 622 1002 689 sed
1046 624 1291 688 ratione
1340 623 1482 704 ejus
1516 619 1598 684 ad
1637 617 1810 701 quod

288 739 435 801 sunt.

778 880 1141 960 QUAESTIO
1180 878 1282 945 lv.

292 1043 372 1101 An
398 1039 523 1098 Idan
566 1039 960 1112 plurificenmr
993 1039 1056 1093 in
1097 1037 1203 1091 Deo
1255 1031 1538 1089 secundum
1585 1029 1811 1103 plurifi-

354 1133 596 1187 cationem
624 1128 939 1186 meatorum
966 1131 1031 1184 in
1066 1126 1236 1199 specie
1262 1126 1505 1188 tantum,
1534 1119 1620 1176 vel
1648 1121 1814 1175 etiam

353 1223 408 1276 in
426 1217 728 1275 individuus
749 1216 792 1271 ¹.

115 1390 277 1439 rud-
364 1379 578 1447 Utrum
594 1379 761 1445 ideae
783 1378 1228 1462 plurificentur
1255 1390 1368 1457 per
1394 1368 1816 1454 comparatio-

300 1508 428 1555 nem
447 1489 525 1555 ad
540 1488 749 1553 ideata
764 1487 1123 1552 secundum
1139 1481 1618 1549 multitudinem
1649 1478 1818 1543 idea-

300 1604 490 1665 torum
528 1598 846 1679 quantum
888 1594 972 1659 ad
1016 1592 1446 1659 diversitatem
1484 1590 1815 1654 universa-

300 1707 443 1772 lium
475 1753 493 1782 ,
531 1704 635 1769 vel
673 1702 1152 1783 singularium;
1198 1702 1262 1765 et
1298 1698 1469 1783 quod
1519 1695 1813 1778 singula-

302 1816 451 1880 rium
466 1861 484 1893 ,
514 1811 793 1890 videtur,
822 1809 1131 1892 quoniam
1157 1825 1271 1890 per
1317 1806 1490 1870 ideas
1525 1807 1620 1869 est
1655 1802 1817 1867 ratio

303 1918 708 2002 distinguendi
740 1938 758 1981 ι
796 1917 908 1981 sed
944 1916 1110 1981 Deus
1135 1932 1267 1979 non
1294 1916 1548 1978 tantum
1587 1910 1818 1977 distin-

304 2026 428 2110 guit
448 2023 803 2091 universale
830 2023 913 2086 ab
939 2019 1311 2099 universali,
1336 2018 1447 2083 sed
1469 2019 1663 2082 etiam
1685 2016 1818 2079 sin-

304 2134 505 2216 gulare
525 2151 564 2196 a
580 2129 901 2212 singulari
918 2131 964 2192 ².
996 2128 1117 2193 Sed
1143 2128 1296 2210 quia
1311 2124 1652 2206 distinguit
1675 2122 1820 2187 uni·

303 2239 522 2306 versele
556 2238 638 2302 ab
676 2235 1069 2315 universali,
1114 2234 1256 2299 ideo
1300 2231 1494 2297 habet
1531 2227 1819 2313 plurium

304 2344 744 2410 universalium
794 2342 972 2408 ideas
1021 2343 1087 2406 et
1122 2339 1437 2418 rationes3
1482 2337 1653 2403 unde
1698 2334 1822 2400 alia

307 2453 523 2517 ratione
542 2452 834 2517 conditus
862 2453 962 2515 est
981 2467 1187 2533 equus
1208 2496 1225 2527 ,
1254 2447 1380 2511 alia
1404 2444 1650 2510 ratione
1667 2460 1823 2507 con-

310 2560 460 2625 ditus
490 2565 582 2624 est
605 2559 800 2623 homo
832 2580 849 2622 z
880 2576 1073 2639 ergo,
1103 2560 1223 2620 etc.

375 2666 521 2732 Item
535 2715 553 2747 ,
586 2665 871 2748 cognitio
905 2665 1004 2729 rei
1042 2661 1401 2738 verissima,
1446 2662 1540 2724 est
1582 2658 1676 2723 rei
1715 2674 1822 2721 se-

308 2774 567 2840 cundum
590 2771 968 2837 totalitatem
996 2792 1014 2836 ι
1064 2770 1173 2835 sed
1208 2767 1535 2849 singulare
1581 2763 1823 2847 aliquid

309 2883 463 2947 addit
486 2898 676 2964 supra
699 2879 1108 2945 universale:
1141 2893 1300 2959 ergo
1327 2891 1477 2938 cum
1511 2872 1677 2938 Deus
1718 2874 1825 2935 to-

310 2991 437 3055 tum
481 2990 813 3071 cognoscat
838 3037 857 3069 ‚
907 3004 1043 3050 non
1083 2985 1336 3048 tantum
1382 2980 1576 3045 habet
1616 2977 1826 3042 ideam

311 3091 660 3159 universalis
679 3140 700 3172 ,
744 3089 855 3156 sed
891 3088 1086 3155 etiam
1122 3082 1506 3171 superadditi
1530 3131 1548 3162 ,
1592 3080 1828 3146 scilicet

311 3200 631 3282 singularis
665 3222 682 3263 ε
725 3196 1018 3263 similiter
1045 3196 1110 3259 et
1138 3191 1399 3257 alterius
1432 3188 1775 3272 singularis
1804 3209 1821 3254 ε

312 3326 453 3390 ergo
475 3308 529 3371 si
550 3307 761 3373 addita
787 3307 943 3371 sunt
968 3303 1220 3369 diversa
1245 3299 1600 3365 secundum
1626 3298 1828 3362 ratio-

312 3433 469 3496 nem,
494 3416 626 3481 sive
649 3412 1132 3479 multitudinem
1157 3408 1450 3488 idealem,
1478 3409 1673 3490 patet,
1703 3408 1822 3471 etc.

388 3522 529 3588 Item
547 3572 565 3605 ,
599 3522 767 3587 Deus
801 3519 1116 3605 quosdam
1155 3535 1238 3581 ex
1260 3514 1635 3581 hominihus
1659 3530 1829 3597 prae-

316 3633 584 3715 destinat,
601 3633 917 3718 quosdam
940 3628 1237 3714 reprobat
1262 3646 1280 3692 ε
1302 3626 1411 3691 sed
1433 3625 1559 3693 alia
1583 3625 1828 3690 ratione

323 3741 609 3824 quosdam
629 3738 1043 3824 praedestinat
1063 3785 1082 3814 ,
1117 3738 1183 3801 et
1207 3734 1331 3799 alia
1354 3733 1601 3799 ratione
1630 3750 1829 3815 quos-

311 3847 444 3913 dam
470 3849 806 3932 reprobat:
837 3863 998 3928 ergo
1020 3842 1377 3909 secundum
1406 3840 1597 3905 aliam
1628 3838 1831 3904 ratio-

315 3973 449 4021 nem
473 3961 532 4021 et
546 3957 759 4022 ideam
782 3957 936 4019 sunt
959 3949 1241 4037 praeeciu
1256 3998 1275 4030 ‚
1294 3952 1360 4014 et
1376 3947 1827 4033 praedestinati,

312 4064 377 4129 in
398 4064 515 4130 Deo
542 4087 560 4130 ε
589 4063 702 4129 sed
724 4063 872 4128 haec
897 4062 994 4125 est
1019 4057 1353 4127 diversitas
1372 4053 1784 4121 individualis
1807 4103 1827 4136 ,

312 4173 435 4240 sive
454 4172 803 4240 numeralis
832 4195 850 4233 ι
881 4187 1041 4252 ergo
1063 4158 1083 4251 ,
1113 4171 1233 4234 etc.

386 4280 530 4347 Item
546 4330 563 4360 ‚
583 4280 727 4345 idea
740 4275 1207 4359 multiplicatur
1228 4274 1300 4338 in
1326 4271 1560 4339 divinis
1581 4270 1828 4336 ratione

313 4394 612 4473 respectus
626 4393 691 4453 et
702 4384 1031 4453 relationis
1044 4383 1125 4448 ad
1144 4383 1430 4449 ideatum
1454 4402 1471 4446 z
1493 4398 1652 4462 ergo
1669 4378 1834 4443 mul-

310 4496 563 4579 tiplicato
590 4513 724 4561 uno
744 4543 764 4576 ,
795 4490 1253 4575 multiplicatur
1277 4493 1341 4556 et
1364 4489 1691 4572 reliquum
1719 4503 1737 4548 t
1769 4489 1834 4552 et

312 4624 446 4670 cum
469 4606 665 4671 homo
690 4658 707 4686 ,
748 4605 865 4688 qui
891 4606 989 4668 est
1012 4600 1329 4680 ideatum,
1377 4597 1834 4682 multiplicetur

308 4713 366 4777 in
401 4714 663 4780 diversis
692 4709 1047 4778 individuis
1072 4709 1425 4775 secundum
1453 4725 1595 4772 rem
1612 4754 1631 4787 ,
1660 4705 1833 4770 mul-

310 4820 680 4904 tiplicabitur
702 4819 851 4886 idea
874 4821 1165 4903 respectu
1193 4816 1454 4884 illorum
1480 4814 1834 4881 secundum

304 4929 625 4995 rationem.

134 5062 177 5106 u
199 5077 280 5122 q...
372 5039 628 5105 Contra:
644 5044 675 5102 1
689 5085 707 5103 .
723 5033 1291 5121 perAugustimnn
1304 5029 1831 5098 adNehridium⁸:

353 5164 469 5228 ¹0!-
497 5166 552 5218 S.
576 5163 803 5225 stom„
827 5175 883 5225 p.
908 5160 964 5224 1,
991 5174 1045 5223 q.
1064 5170 1152 5224 xv,
1180 5162 1358 5222 art..3;
1387 5160 1441 5208 et
1470 5159 1488 5208 1
1522 5158 1681 5221 Sem„
1714 5156 1832 5208 dist.

294 5245 444 5301 nn,
474 5251 528 5302 q.
558 5248 635 5301 Π,
668 5234 859 5295 art.3;
901 5230 1049 5282 etde
1082 5230 1260 5291 Ver-it„
1287 5244 1338 5294 q.
1370 5240 1465 5289 111,
1493 5232 1676 5292 arm,
1708 5230 1771 5292 5,
1804 5231 1834 5279 6

293 5309 407 5372 ²²⁷3
432 5306 609 5373 AEgid.
628 5308 820 5368 Rom„
846 5303 1041 5363 ISent„
1062 5302 1180 5353 dist.
1198 5313 1377 5365 xxxvi,
1397 5314 1449 5367 q.
1471 5312 1551 5366 1v3
1574 5300 1832 5367 menard„

292 5379 309 5428 I
333 5378 491 5442 Seni„
521 5379 649 5430 diet.
666 5385 846 5428 xxm
859 5408 879 5437 ,
903 5375 998 5422 art.
1017 5373 1069 5437 2,
1094 5385 1148 5436 q.
1170 5386 1249 5439 ης,
1277 5372 1535 5427 mancho,
1558 5372 1622 5423 de
1648 5373 1833 5438 Mayr„

1927 534 1957 572 α
1971 511 2144 589 DIco,
2166 513 2484 594 quantum
2498 508 2577 575 ad
2595 508 2925 574 hominem
2938 510 3301 577 faciendum
3321 531 3462 596 per-

1917 620 2097 696 tinet,
2117 622 2373 683 tantum
2388 616 2737 701 quamdam
2760 617 3063 699 hominiS,
3085 638 3217 683 non
3243 635 3459 683 meam

1919 726 2024 791 vel
2051 730 2234 790 tuam
2255 774 2272 805 ,
2300 725 2389 788 ibi
2416 741 2553 788 esse
2593 723 2908 788 rationem
2940 748 2954 791 z
2987 747 3018 786 υ
3052 745 3210 810 ergo
3240 726 3462 792 multi-

1920 835 2175 918 plicatio
2204 833 2310 899 vel
2357 832 2674 898 distinctio
2718 831 3073 899 ideatorum
3111 834 3460 900 attenditur

1922 948 2133 1013 solum
2152 946 2506 1013 secundum
2517 943 2949 1010 diversitatem
2972 945 3459 1012 universalium.

2001 1060 2061 1119 2.
2108 1056 2267 1119 Item
2292 1104 2311 1135 ‚
2338 1052 2567 1118 artifex
2592 1055 2843 1118 creatus
2873 1072 2988 1137 per
3027 1072 3226 1118 unam
3248 1053 3460 1118 ideam

1920 1162 2215 1246 producit
2261 1161 2463 1225 multa
2492 1178 2510 1224 ε
2543 1178 2701 1242 ergo
2741 1178 2890 1225 cum
2935 1161 3059 1227 hoc
3103 1161 3186 1225 sit
3223 1159 3462 1225 nobili-

1921 1269 2070 1334 tatis
2086 1318 2105 1349 ,
2135 1269 2304 1334 Deus
2337 1287 2452 1353 per
2490 1286 2692 1333 unam
2729 1267 2938 1332 ideam
2979 1285 3049 1333 re
3090 1272 3153 1333 et
3190 1268 3461 1348 ratione,

1923 1377 2131 1443 multa
2153 1377 2406 1442 diversa
2431 1395 2704 1442 numero
2730 1376 3042 1460 producit.

2005 1489 2063 1548 3.
2098 1482 2280 1562 Item,
2314 1484 2665 1566 singulare,
2697 1486 2772 1549 ut
2796 1483 3146 1565 singulare,
3176 1487 3272 1549 est
3297 1501 3468 1549 com-

1923 1591 2195 1675 positius
2237 1590 2588 1657 universali
2622 1613 2637 1656 :
2670 1609 2829 1673 ergo
2860 1591 2914 1655 si
2959 1596 3054 1656 est
3077 1592 3217 1656 idea
3244 1592 3314 1656 in
3340 1591 3468 1656 Deo

1925 1696 2296 1779 singulariS,
2329 1701 2403 1762 ut
2428 1696 2777 1779 singularis
2796 1744 2813 1776 ,
2842 1701 2999 1762 tunc
3025 1716 3185 1780 ergo
3213 1702 3309 1763 est
3333 1716 3469 1764 una
3595 1767 3602 1773 ,

1924 1803 2066 1869 idea
2091 1805 2289 1868 altera
2314 1803 2664 1886 simplicior
2697 1825 2714 1870 ε
2757 1804 2868 1870 sed
2894 1805 3017 1869 hoc
3043 1809 3141 1870 est
3164 1805 3471 1873 inconve-

1924 1911 2109 1975 niens
2141 1935 2155 1976 :
2189 1929 2346 1994 ergo
2361 1960 2378 1991 ,
2412 1914 2534 1976 etc.

2007 2023 2071 2082 4.
2115 2019 2275 2084 Item
2297 2066 2316 2096 ,
2365 2018 2694 2100 singulare
2740 2018 2951 2101 magis
2994 2018 3331 2102 proprium
3377 2022 3474 2084 est

1927 2145 2126 2211 quam
2153 2126 2514 2193 universale
2536 2126 2559 2162 ⁸
2595 2148 2611 2189 ε
2656 2125 2712 2189 si
2738 2143 2896 2207 ergo
2938 2125 3010 2189 in
3041 2124 3167 2191 Deo
3207 2130 3301 2191 est
3329 2126 3470 2192 idea

1927 2234 2311 2300 universalis
2354 2237 2428 2298 ut
2472 2233 2856 2300 universalis
2870 2282 2889 2313 ,
2928 2236 2993 2298 et
3024 2232 3369 2315 singularis
3394 2237 3471 2299 ut

1928 2340 2273 2422 singularis
2289 2389 2307 2418 ,
2333 2359 2491 2423 ergo
2518 2359 2651 2405 una
2674 2340 2816 2405 idea
2840 2341 3200 2405 communis
3221 2389 3238 2420 ,
3270 2340 3468 2405 altera

1928 2449 2231 2533 propria:
2267 2449 2378 2514 sed
2402 2467 2745 2513 commune
2785 2449 2965 2533 prius
2988 2451 3086 2514 est
3118 2452 3183 2513 et
3216 2447 3470 2530 simpli-

1929 2564 2068 2627 cius
2088 2566 2219 2643 est,
2248 2581 2446 2644 quam
2463 2562 2835 2646 proprium:
2865 2580 3024 2644 ergo
3050 2580 3186 2627 una
3211 2561 3354 2626 idea
3378 2561 3474 2625 est

1930 2670 2130 2737 altera
2154 2670 2329 2754 prior
2353 2675 2417 2735 et
2441 2670 2787 2754 simplicior
2837 2691 2853 2730 ε
2904 2687 3063 2751 ergo
3107 2669 3175 2733 in
3212 2668 3340 2735 Deo
3378 2670 3475 2734 est

1932 2795 2171 2861 ponere
2206 2777 2495 2843 ordinem
2518 2826 2537 2858 ,
2585 2782 2650 2843 et
2687 2777 3211 2862 compositionem
3253 2794 3473 2842 essen-

1930 2885 2149 2951 tialem
2165 2934 2185 2966 ,
2215 2888 2336 2950 etc.

2516 3101 2967 3172 GONGLUSIO.

1934 3279 2101 3347 Ideae,
2136 3294 2246 3337 non
2270 3280 2442 3336 solum
2468 3280 2648 3352 quoad
2679 3283 2856 3355 ipsum
2895 3279 3224 3349 universale,
3252 3279 3345 3338 sed
3366 3294 3482 3337 res-

2115 3372 2277 3443 pectu
2300 3370 2468 3426 etiam
2496 3371 2863 3442 sinqularium
2882 3371 3293 3445 plurificantur.

2016 3528 2204 3613 Resp.
2232 3529 2313 3594 ad
2334 3528 2496 3612 Arg.
2522 3529 2870 3596 Dicendum
2894 3530 3067 3613 quod
3091 3529 3235 3595 idea
3262 3527 3332 3592 in
3356 3526 3483 3592 Deo

1935 3636 2293 3702 secundum
2317 3654 2457 3701 rem
2482 3640 2578 3701 est
2597 3636 2818 3701 divina
2838 3636 3097 3716 veritas,
3123 3634 3481 3700 secundum

1936 3744 2251 3809 rationem
2273 3742 2677 3824 intelligendi
2704 3747 2797 3807 est
2829 3743 3178 3809 similitudo
3214 3739 3482 3823 cogniti.

1938 3849 2095 3916 Haec
2123 3852 2340 3915 autem
2388 3849 2739 3915 similitudo
2783 3853 2879 3915 est
2906 3851 3070 3925 ratio
3121 3847 3486 3932 expressiva

1938 3956 2360 4040 cognoscendi
2421 3975 2556 4021 non
2612 3960 2867 4022 tantum
2910 3956 3270 4024 universale
3300 4003 3319 4034 ,
3376 3953 3486 4019 sed

1937 4065 2137 4132 etiam
2162 4063 2490 4146 singulare
2504 4112 2527 4144 ‚
2568 4064 2869 4147 quamvis
2895 4064 3034 4148 ipsa
3059 4082 3194 4129 non
3221 4063 3304 4127 sit
3329 4061 3487 4128 uni-

1936 4171 2202 4240 versalis
2228 4188 2346 4235 nec
2371 4169 2746 4253 singularia,
2793 4169 2958 4236 sicut
3001 4189 3122 4236 nec
3160 4169 3325 4235 Deus
3365 4188 3385 4232 z
3423 4170 3487 4233 et

1941 4280 2086 4345 ideo
2111 4297 2247 4344 non
2270 4280 2522 4343 tantum
2562 4281 2658 4342 est
2705 4277 3055 4344 similitudo
3102 4274 3488 4344 universalis

1938 4390 2016 4453 ut
2062 4384 2426 4451 universale
2475 4386 2569 4449 est
2584 4432 2604 4465 ‚
2657 4384 2767 4450 sed
2793 4385 2987 4450 etiam
3024 4383 3371 4468 singularis
3414 4384 3489 4446 ut

1940 4495 2270 4577 singulare
2299 4515 2315 4559 ε
2360 4494 2427 4558 et
2454 4493 2598 4560 ideo
2624 4493 2778 4577 quia
2803 4494 3155 4560 similitudo
3182 4497 3278 4561 est
3305 4495 3490 4559 utro-

1940 4620 2220 4684 rumque
2257 4650 2277 4682 ,
2324 4619 2459 4667 non
2505 4600 2715 4667 solum
2757 4603 3219 4687 multiplicatur
3259 4619 3487 4666 secun-

1940 4709 2106 4774 dum
2132 4707 2614 4774 multitudinem
2640 4709 3130 4790 universalium,
3155 4709 3266 4775 sed
3290 4710 3488 4776 etiam

1941 4816 2398 4898 singularium.
2428 4815 2507 4880 Et
2529 4815 2656 4881 hoc
2677 4821 2773 4882 est
2805 4818 2981 4901 quod
3005 4816 3158 4882 dicit
3177 4818 3488 4900 Augusti-

1942 4942 2074 4989 nus
2100 4923 2181 4989 ad
2200 4921 2576 4988 Nebridium
2589 4929 2613 4965 ⁸
2640 4944 2656 4988 ε
2690 4946 2722 4985 α
2736 4923 2911 5003 Dico,
2931 4927 3249 5007 quantum
3274 4924 3355 4990 ad
3372 4925 3487 4991 ho·

1941 5034 2187 5100 minem
2212 5035 2573 5101 faciendum
2597 5036 2896 5121 pertinet,
2922 5036 3206 5102 hominis
3232 5040 3489 5104 tantum

1944 5158 2145 5223 ISent.,
2173 5158 2291 5210 dist.
2314 5172 2482 5227 nvn,
2509 5176 2564 5228 q.
2585 5173 2669 5226 1v3
2699 5161 2879 5226 steph.
2906 5160 3117 5224 Brulef„
3147 5162 3348 5224 ISmt„
3369 5163 3488 5217 dist.

1941 5240 2119 5295 xxxv,
2148 5243 2201 5296 q.
2222 5242 2303 5282 111.
2321 5258 2387 5271 —-
2411 5234 2434 5268 ²
2454 5234 2605 5299 Aug„
2633 5233 2724 5283 lib.
2745 5232 2999 5285 LXXXIII
3018 5232 3226 5295 φησι,
3255 5247 3308 5299 q.
3330 5246 3489 5298 xnvx,

1940 5315 1998 5350 n.
2018 5304 2070 5352 2.
2088 5326 2152 5338 -
2172 5301 2358 5369 ⁸Aug.,
2386 5305 2553 5369 Epist.
2575 5317 2674 5356 cxv
2706 5303 2788 5369 (al.
2814 5306 2943 5368 xlv).
2961 5329 3024 5341 —
3049 5303 3067 5334 ⁴
3089 5304 3269 5369 Arist„
3294 5305 3491 5372 Physt‘c.

1944 5371 2047 5423 lib.
2074 5372 2123 5437 I,
2151 5370 2209 5425 in
2232 5377 2574 5441 procem—⁸
2592 5376 2743 5442 Aug,
2769 5375 2936 5440 Epist.
2954 5386 3056 5429 cxv
3086 5377 3170 5441 (al.
3195 5378 3325 5442 nv).
