4125 6225
1172 413 1367 480 DIST.
1410 412 1588 478 XLV.
1632 410 1814 477 ART.
1857 412 1933 477 ΙΙ.
1982 411 2279 491 QUAEST.
2320 412 2399 477 ΙΙ.

194 553 492 636 proxima
538 556 602 616 et
654 551 1023 616 immediata
1039 597 1056 626 ,
1112 548 1374 632 ponitur
1425 548 1732 611 effectus:

194 677 346 741 ergo
389 677 546 723 cum
582 659 804 722 divina
839 658 1137 723 voluntas
1171 655 1294 719 fuit
1330 655 1411 718 ab
1457 658 1733 735 aeternO,

194 770 424 831 caetera
450 769 602 831 sunt
629 769 890 829 aeterna.

266 880 326 939 3.
375 876 540 940 Item
551 920 573 952 ,
602 893 792 939 omne
824 873 993 955 quod
1018 871 1210 935 habet
1233 888 1489 933 causam
1516 869 1735 951 proxi-

193 1002 363 1047 mam
414 988 480 1047 et
522 982 990 1058 immediatam,
1044 984 1107 1044 et
1150 978 1599 1058 necessariam,
1641 980 1737 1042 est

193 1089 683 1154 demonstrabile
707 1098 726 1130 ¹
757 1111 773 1152 :
815 1087 922 1151 scd
971 1085 1049 1168 (α)
1089 1087 1140 1150 51
1178 1085 1397 1149 divina
1437 1085 1734 1149 voluntas

192 1205 280 1263 est
305 1199 611 1262 omnium
638 1216 830 1261 causa
852 1198 1056 1278 prima
1080 1200 1144 1260 et
1168 1195 1562 1273 immediata,
1590 1213 1732 1258 om-

193 1307 292 1369 nia
317 1308 482 1369 sunt
507 1304 1038 1369 demonstrabilia.

264 1416 323 1475 4.
375 1411 568 1489 Item,
600 1410 858 1492 cognita
882 1428 1069 1473 causa
1096 1409 1389 1491 proxima
1415 1411 1478 1472 et
1500 1409 1728 1472 imme·

190 1521 388 1597 diata,
447 1539 580 1584 non
615 1524 708 1583 est
747 1519 918 1583 ultra
956 1535 1243 1600 quaerere
1267 1518 1289 1552 ²
1319 1540 1332 1580 ε
1377 1533 1535 1597 ergo
1574 1515 1729 1580 scito

191 1628 356 1709 quod
399 1626 566 1691 Deus
604 1625 760 1690 velit
798 1625 1068 1707 aliquid,
1106 1624 1294 1688 stulte
1331 1623 1578 1686 laborat
1615 1624 1728 1704 qui

191 1734 420 1816 quaerit
446 1751 706 1797 causam
733 1731 922 1795 aliam
950 1750 965 1794 :
997 1731 1105 1794 scd
1136 1731 1214 1795 (13
1239 1730 1418 1794 omni
1446 1730 1613 1793 bono
1639 1730 1729 1793 sic

190 1843 425 1905 scimus
468 1841 672 1905 Deum
725 1857 977 1903 causam
1025 1856 1205 1901 esse:
1254 1856 1411 1917 ergo
1454 1855 1586 1901 non
1632 1842 1728 1900 est

188 1949 448 2013 ulterior
485 1946 831 2030 quaerenda
861 1969 876 2009 ε
923 1936 1191 2027 pereunt
1229 1963 1385 2025 ergo
1425 1949 1489 2007 et
1533 1962 1720 2008 vanae

189 2061 332 2118 sunt
353 2054 637 2120 scientiae
657 2051 1048 2130 doctrinales,
1090 2051 1220 2114 imo
1255 2068 1476 2114 omnes
1514 2050 1723 2115 scien-

185 2163 305 2226 tiae.

724 2375 1169 2442 CONCLUSIO.

195 2548 455 2605 Voluntas
477 2551 557 2604 oet
584 2561 748 2603 causa
766 2545 1083 2601 immediata
1105 2558 1304 2609 rerum,
1329 2559 1446 2600 cum
1464 2545 1538 2599 sit
1560 2559 1725 2600 causa

339 2640 555 2710 prima,
586 2637 1050 2693 universalissima
1076 2639 1127 2691 ec
1156 2635 1545 2691 actualissima.

260 2805 445 2888 Resp.
477 2806 560 2869 ad
585 2805 744 2886 Arg.
773 2804 868 2868 Ad
894 2804 1094 2886 hujus
1118 2803 1605 2885 intelligentiam
1633 2808 1726 2867 est

191 2915 539 2978 notandum
576 2912 771 2994 quod,
801 2930 948 2974 cum
988 2910 1059 2973 13
1097 2911 1401 2974 creaturis
1436 2909 1516 2973 sit
1541 2928 1724 2992 repe-

191 3021 308 3083 rire
355 3038 616 3084 causam
650 3017 1080 3082 universalem
1127 3022 1190 3080 et
1239 3018 1682 3098 particularem
1702 3067 1717 3093 ,

192 3147 375 3191 causa
407 3127 788 3191 universalis
822 3144 954 3190 uno
991 3125 1180 3190 modo
1216 3124 1361 3207 plus
1406 3125 1617 3189 influit
1654 3125 1723 3188 13

191 3236 477 3300 effectum
493 3254 689 3317 quam
704 3233 1121 3318 particulariS,
1140 3232 1262 3296 alio
1277 3232 1465 3295 modo
1479 3233 1714 3296 311335.

194 3343 509 3421 Quantum
545 3344 721 3407 enim
758 3344 835 3407 ad
879 3343 1309 3416 infimitatem,
1341 3360 1533 3404 causa
1569 3342 1720 3404 uni-

193 3450 445 3514 versalis
465 3451 638 3533 (quia
658 3469 857 3532 agens
875 3451 1083 3532 potior
1099 3449 1210 3530 est)
1229 3448 1442 3529 magis
1464 3446 1711 3525 influit3

194 3558 288 3622 sed
330 3563 646 3641 quantum
691 3558 769 3621 ad
805 3556 1259 3633 actualitatem,
1299 3560 1363 3618 ct
1400 3559 1713 3635 quantum

193 3664 261 3728 ad
295 3684 369 3728 ea
401 3682 551 3747 quae
592 3669 744 3729 sunt
777 3664 1033 3747 propria
1066 3665 1196 3741 rei,
1226 3663 1443 3728 minus
1477 3662 1709 3726 influit.

192 3768 260 3833 Et
291 3772 450 3834 ratio
493 3772 694 3854 hnjus
735 3776 861 3850 est,
909 3770 1061 3852 quia
1102 3789 1295 3833 causa
1339 3770 1715 3835 universalis

191 3881 386 3941 creata
413 3896 549 3941 non
573 3876 768 3940 habet
794 3876 1228 3940 omnimodam
1260 3876 1710 3954 actualitatem,

193 4000 296 4047 nec
319 3985 660 4066 perfectam
687 3986 1064 4066 potentiam;
1096 3989 1158 4047 et
1185 3983 1327 4046 idco
1355 4002 1486 4046 non
1513 3988 1717 4065 potest

192 4093 512 4173 pervenire
536 4093 616 4156 ad
637 4094 910 4156 sormam
933 4090 1267 4174 specialem
1286 4091 1407 4153 nisi
1426 4109 1539 4172 per
1557 4090 1716 4155 acci-

193 4197 360 4278 dens,
401 4203 477 4264 ut
512 4217 629 4281 per
673 4200 944 4262 sormam
986 4197 1235 4278 agentis
1279 4198 1708 4279 particulariS,

195 4323 324 4386 quae
347 4325 478 4370 non
507 4310 602 4370 est
623 4306 703 4369 ab
732 4306 888 4387 ipsa.
920 4304 1148 4368 Divina
1173 4309 1390 4367 autem
1415 4304 1714 4368 voluntas

194 4415 276 4473 est
299 4431 485 4475 causa
511 4413 721 4495 prima
746 4416 808 4475 et
833 4411 1376 4476 universalissima
1402 4415 1467 4475 et
1489 4417 1711 4477 actua-

196 4517 444 4583 lissima:
475 4520 622 4584 ideo
646 4524 851 4601 potest
875 4520 941 4583 in
966 4523 1175 4583 totum
1200 4519 1516 4597 effectum,
1547 4524 1611 4584 et
1643 4520 1710 4583 in

193 4627 369 4689 totam
387 4627 483 4708 rei
510 4627 934 4691 substantiam
957 4627 1148 4690 etiam
1167 4627 1302 4690 sine
1322 4626 1710 4693 adminiculo

195 4731 429 4798 alterius
455 4752 667 4798 causae
685 4781 703 4813 ,
728 4752 846 4798 nec
872 4733 1088 4815 aliqua
1124 4752 1314 4796 causa
1352 4739 1556 4816 potest
1594 4736 1710 4799 ali-

195 4838 331 4919 quid
355 4842 457 4905 vel
489 4840 816 4906 modicum
842 4840 980 4904 5133
1007 4842 1180 4923 ipsa:
1210 4846 1274 4904 ct
1295 4842 1435 4906 ideo
1461 4860 1711 4909 3333553

196 4953 278 5009 est
307 4949 471 5031 quod
513 4949 653 5032 ipsa
684 4950 768 5012 sit
806 4967 997 5013 causa
1031 4949 1395 5012 immediata
1426 4951 1495 5015 in
1532 4953 1709 5016 omni

195 5056 414 5122 actione
449 5064 516 5123 et
549 5077 643 5122 re.
679 5057 757 5122 Et
792 5057 1208 5123 concedendae
1247 5065 1399 5123 sunt
1436 5061 1710 5125 rationes

195 5159 262 5222 ad
277 5161 407 5229 hoc.

249 5323 501 5386 ¹Aristot.,
530 5330 719 5380 Poster.
749 5329 839 5380 lib.
865 5330 918 5389 Γ,
946 5331 1085 5379 cont.
1110 5331 1159 5379 6.
1179 5330 1289 5388 —32
1307 5329 1457 5381 Arist.
1463 5368 1481 5394 ,
1510 5331 1707 5397 Physic.

200 5393 275 5449 lin.
300 5403 368 5469 its,
397 5407 536 5456 cont.
559 5408 639 5469 38,
669 5407 721 5455 et
745 5401 1025 5468 Metaphys.
1053 5402 1143 5454 lib.
1165 5401 1276 5456 Vll!
1294 5439 1313 5468 ‚
1342 5408 1481 5455 cont.
1505 5407 1581 5456 12.

3260 414 3377 477 185

1924 554 1954 611 1
1967 597 1982 613 .
2010 548 2110 612 Ad
2125 549 2369 631 objecta
2380 547 2448 610 13
2467 546 2876 625 contrarium,
2890 547 3376 630 intelligendum

1842 655 2011 736 quod
2057 673 2208 718 cum
2254 654 2418 717 Deus
2458 653 2539 716 sit
2579 653 2870 717 omnium
2913 673 3104 718 causa
3146 655 3373 718 imme-

1775 840 1778 841 ,
1842 762 2030 837 diata,
2054 761 2478 843 quorumdam
2503 764 2716 824 tamen
2735 765 2830 824 est
2842 765 2973 825 tota
2987 780 3197 841 causa,
3213 762 3375 828 sicut

1840 889 2066 935 eorum
2083 889 2228 953 quae
2253 874 2576 947 creantur3
2597 869 3022 951 quorumdam
3044 874 3257 933 autem
3281 876 3375 936 est

1840 999 2031 1044 causa
2056 999 2205 1044 cum
2244 980 2370 1044 alia
2404 998 2593 1042 causa
2630 979 3016 1061 particulari,
3046 985 3371 1045 uteorum

1839 1106 1986 1169 quae
2015 1091 2166 1151 sunt
2196 1106 2233 1151 a
2266 1089 2502 1150 natura
2532 1084 2934 1168 particulari:
2967 1091 3029 1150 et
3061 1087 3201 1151 haec
3225 1089 3372 1169 qui-

1837 1192 1983 1256 dem
2021 1212 2212 1257 causa
2248 1192 2569 1256 concurrit
2606 1209 2738 1255 non
2781 1196 3038 1275 propter
3073 1194 3372 1276 indigen-

1834 1301 1990 1363 tiam
2010 1301 2244 1364 divinae
2262 1298 2628 1377 voluntatiS,
2646 1298 2753 1361 sed
2776 1305 3032 1382 propter
3048 1320 3369 1366 summam

1835 1406 2305 1485 liberalitatem,
2347 1427 2492 1490 quae
2530 1425 2660 1471 non
2701 1412 2947 1474 tantum
2979 1410 3147 1474 dedit
3181 1411 3371 1476 rebus

1835 1533 1998 1593 3553,
2034 1516 2144 1579 53(1
2183 1521 2246 1580 et
2278 1518 2712 1598 operationem
2743 1524 2805 1583 et
2840 1518 3277 1598 diffusionem,
3307 1526 3371 1585 et

1833 1625 2091 1704 propter
2111 1623 2394 1687 ordinem
2416 1629 2480 1688 et
2502 1627 2963 1690 connexionem
2986 1625 3270 1691 universi
3289 1628 3368 1692 ad

1832 1729 2132 1793 invicem.
2170 1730 2299 1795 Nec
2336 1752 2466 1796 una
2498 1753 2692 1799 causa
2726 1737 2991 1816 derogat
3015 1735 3223 1815 alteri3
3259 1734 3365 1798 sed

1832 1838 2002 1899 totus
2038 1837 2295 1901 effectus
2332 1844 2424 1901 est
2466 1858 2503 1903 a
2540 1859 2731 1905 causa
2772 1847 3009 1920 creata,
3041 1846 3102 1905 et
3137 1845 3305 1906 totus
3331 1862 3368 1907 a

1832 1941 2163 2008 voluntate
2195 1944 2442 2008 infinita
2475 1946 2775 2011 increata.
2808 1947 2886 2011 Et
2918 1949 2998 2011 sit
3031 1952 3201 2030 patet
3235 1968 3367 2012 res-

1833 2050 2057 2130 ponsio
2094 2050 2173 2114 ad
2207 2053 2489 2134 primum
2532 2054 2895 2135 objectum:
2943 2055 3159 2137 objicit
3195 2055 3368 2119 enim

1833 2155 1910 2218 de
1938 2175 2129 2221 33353
2157 2157 2526 2225 immediata
2554 2167 2841 2243 respectu
2874 2161 3133 2225 alterius
3160 2180 3368 2227 causae

1834 2268 2091 2345 creatae,
2141 2267 2293 2348 quia
2327 2267 2473 2331 duae
2516 2287 2724 2332 causae
2772 2275 2997 2334 creatae
3043 2288 3175 2333 non
3220 2277 3370 2335 sunt

1835 2370 2219 2436 immediatae
2246 2374 2314 2437 in
2343 2375 2563 2439 eodem
2593 2394 2827 2457 genere
2854 2396 3086 2443 causae.

1910 2481 1972 2542 2.
2011 2479 2108 2541 Ad
2160 2479 2315 2544 illud
2358 2481 2529 2563 quod
2572 2483 2867 2564 objicitur
2921 2485 3121 2566 quod,
3166 2484 3369 2568 posita

1832 2604 2020 2649 33353
2047 2586 2433 2667 immediata,
2454 2593 2572 2652 etc.
2594 2611 2609 2666 ;
2638 2589 3003 2669 dicendum,
3028 2592 3198 2673 quod
3220 2610 3368 2656 cau-

1832 2712 1968 2756 sam
2012 2696 2164 2776 poni
2206 2698 2300 2758 est
2334 2695 2696 2777 dupliciter,
2726 2698 2827 2763 vel
2865 2699 2934 2762 in
2973 2718 3136 2779 esse,
3168 2700 3270 2763 vel
3298 2699 3365 2763 in

1832 2805 2121 2886 operari:
2146 2811 2209 2869 et
2232 2806 2434 2888 posita
2456 2826 2647 2872 causa
2673 2809 2740 2871 13
2769 2828 2924 2888 3553,
2953 2828 3082 2873 303
3107 2811 3368 2892 ponitur

1832 2912 1898 2974 in
1922 2916 2091 2990 actu,
2118 2913 2241 2975 nisi
2263 2917 2537 2994 ponatur
2558 2913 2624 2976 in
2652 2916 3009 2996 operando:
3037 2920 3099 2980 et
3124 2916 3213 2980 sic
3234 2933 3364 2979 non

1830 3018 1953 3081 fuit
1977 3019 2057 3083 ab
2087 3025 2344 3097 aeterno,
2375 3021 2483 3084 sed
2507 3021 2887 3106 intempore
2910 3023 2976 3086 in
3000 3042 3130 3105 quo
3157 3024 3367 3105 dispo-

1830 3126 1978 3204 suit,
2009 3132 2072 3190 et
2094 3127 2298 3190 'voluit
2318 3128 2398 3191 ab
2425 3133 2686 3206 aetern0‚
2706 3131 3054 3212 producere
3080 3149 3241 3194 rem.

1910 3238 1969 3296 3.
2015 3234 2113 3297 Ad
2159 3234 2316 3297 illud
2358 3236 2527 3316 quod
2563 3236 2892 3315 obiicitur,
2939 3237 3109 3319 quod
3147 3238 3366 3301 omnia

1828 3343 1975 3402 sunt
2003 3339 2535 3420 demonstrabilia,
2570 3342 2910 3405 dicendum
2939 3343 3106 3424 quod
3133 3362 3363 3406 verum

1826 3453 1951 3524 est,
1983 3450 2038 3511 si
2064 3467 2255 3512 causa
2297 3449 2405 3513 illa
2449 3451 2529 3514 sit
2569 3451 2826 3534 propria
2851 3457 2913 3514 et
2947 3451 3364 3517 determinata

1824 3554 1905 3617 ad
1929 3556 2084 3618 tales
2111 3557 2389 3620 effectus
3326 3633 3329 3642 ,

1903 3666 1965 3725 4.
2009 3662 2107 3726 Ad
2137 3664 2291 3728 illud
2314 3665 2484 3747 quod
2510 3666 2805 3748 objicitur
2829 3666 2997 3749 quod
3022 3685 3153 3731 non
3179 3667 3364 3732 debet

1824 3771 2029 3853 quaeri
2070 3770 2193 3834 alia
2232 3790 2454 3850 causa,
2502 3772 2841 3836 dicendum
2870 3775 3040 3855 quod
3084 3776 3137 3837 si
3178 3776 3362 3857 plene
3442 3811 3457 3832 ι

1823 3883 2310 3959 cognosceretur
2337 3879 2447 3942 Dei
2492 3880 2788 3944 voluntas
2825 3886 2887 3944 et
2930 3882 3253 3965 dispositio
3292 3885 3361 3948 in

1822 4007 1919 4067 53,
1971 3989 2186 4054 331135
2224 4010 2513 4073 unquam
2549 3992 2927 4057 desideraret
2963 3996 3122 4058 scire
3169 3995 3360 4059 aliam

1822 4115 2105 4172 causam,
2135 4098 2222 4160 ita
2249 4099 2431 4180 plene
2459 4105 2864 4180 cognosceret
2893 4102 2964 4164 in
2994 4102 3200 4165 causis
3225 4103 3361 4184 pri-

1822 4204 2234 4269 mordialibus
2262 4227 2276 4269 ε
2308 4210 2587 4269 attamen
2621 4207 2772 4288 quia
2812 4207 3030 4272 divina
3061 4210 3361 4274 voluntas

1820 4332 1952 4377 non
1978 4314 2403 4394 cognoscitur,
2425 4333 2543 4377 nec
2567 4315 2703 4397 ipsa
2729 4316 3006 4381 excludit
3021 4318 3089 4380 in
3108 4318 3360 4399 agendo

1822 4422 2255 4504 operationem
2319 4438 2527 4484 causae
2581 4428 2811 4487 creatae
2830 4472 2847 4502 ,
2905 4442 3023 4487 nec
3077 4424 3360 4488 excludit

1821 4529 2011 4593 etiam
2049 4529 2118 4591 13
2151 4529 2590 4609 cognoscendo
2629 4531 3060 4611 cognitionem
3096 4531 3359 4596 rationis

1821 4637 2163 4716 humanae3
2204 4636 2347 4700 ideo
2380 4636 2623 4700 bonum
2652 4643 2748 4701 est
2780 4641 2843 4701 et
2875 4639 3141 4721 perutile
3167 4658 3359 4703 exer-

1822 4747 1948 4809 ceri
1979 4745 2049 4807 in
2080 4745 2577 4809 consideratione
2609 4764 2947 4809 causarum
2974 4751 3354 4825 creatarum,

1821 4856 1896 4916 ut
1908 4851 2122 4934 aliquo
2141 4852 2331 4915 modo
2345 4852 2693 4934 semiplene
2712 4854 3046 4917 veniamus
3059 4853 3123 4916 in
3141 4856 3360 4934 cogni·

1819 4959 2058 5022 tionem
2087 4958 2258 5023 illius
2283 4977 2491 5022 causae
2528 4978 2876 5043 supremae,
2907 4978 3054 5043 quae
3082 4965 3175 5024 est
3212 4961 3359 5027 finis

1822 5064 2031 5129 omnis
2058 5065 2461 5147 cognitionis,

1887 5191 1956 5255 (a)
1984 5191 2164 5241 Melius·
2189 5191 2447 5256 leyendum
2475 5206 2616 5258 ergo·
