4125 6225
695 393 814 456 280

776 532 836 592 3.
867 528 1024 593 110111
1048 530 1169 593 hoc
1193 529 1446 595 videtur
1468 549 1508 595 a
1532 549 1761 597 causa:
1793 532 2021 614 positio
2046 534 2223 598 enim

612 711 617 718 ,
695 638 1047 702 multorum
1092 643 1221 717 est,
1275 639 1443 721 quod
1494 658 1685 704 causa
1730 659 1924 722 quare
1969 645 2225 723 tempus

434 3540 645 3599 opinion.

484 4087 603 4143 Impr

436 4154 572 4196 batur.

692 765 902 810 unum
921 751 1123 829 potest
1148 768 1302 826 esse,
1330 753 1424 812 est
1448 749 1622 831 quia,
1644 750 1940 831 quamvis
1961 751 2041 813 sit
2068 751 2225 814 acci-

692 856 876 935 dens,
914 862 1125 921 tamen
1166 863 1260 920 est
1294 875 1594 921 mensura
1631 856 2011 935 extrinseca,
2061 859 2225 922 sicut

691 962 889 1038 100115,
928 967 990 1026 et
1025 963 1178 1044 quia
1217 981 1347 1027 non
1383 968 1476 1028 est
1499 965 1785 1029 accidens
1819 965 2082 1030 situale:
2114 967 2222 1030 sed

692 1070 813 1133 hoc
840 1074 1045 1134 totum
1073 1072 1398 1136 invenitur
1424 1074 1493 1136 in
1519 1091 1699 1137 aevo:
1730 1091 1909 1155 ergo,
1941 1078 2059 1138 etc.

772 1186 832 1245 4.
862 1182 1014 1246 Item
1045 1184 1098 1246 si
1124 1183 1308 1265 plura
1326 1189 1476 1249 sunt
1497 1204 1659 1264 aeva,
1687 1190 1797 1249 aut
1820 1203 1978 1268 ergo
2005 1185 2220 1266 simul,

691 1294 803 1353 aut
843 1295 1330 1373 consequenter:
1376 1309 1507 1355 non
1549 1296 2023 1375 consequenter,
2072 1310 2220 1356 cum

691 1396 1015 1477 quodlibet
1056 1398 1139 1461 sit
1179 1397 1503 1461 infinitum
1551 1418 1590 1462 a
1643 1404 1820 1482 parte
1870 1404 2045 1482 post3
2089 1417 2222 1462 non

690 1505 902 1583 simul,
934 1507 1085 1586 quia
1110 1523 1256 1588 quae
1285 1510 1438 1569 sunt
1467 1505 1681 1582 simul,
1724 1511 1872 1570 sunt
1899 1505 1968 1569 in
1999 1507 2221 1570 eodem

688 1612 986 1675 instanti:
1018 1615 1255 1694 ergosi
1292 1614 1598 1678 aeviterna
1637 1616 1785 1676 sunt
1823 1614 2039 1689 simul,
2075 1618 2224 1678 sunt

689 1717 755 1780 in
783 1718 1005 1782 eodem
1023 1737 1196 1782 nunc
1214 1720 1338 1783 aevi
1362 1737 1378 1783 ε
1400 1737 1558 1802 ergo
1576 1720 1628 1783 si
1647 1720 1938 1783 omnium
1963 1721 2220 1784 seviter-

688 1843 922 1889 norum
967 1830 1060 1890 est
1102 1845 1312 1891 unum
1350 1847 1546 1907 nunc,
1577 1846 1734 1911 ergo
1768 1848 1974 1894 unum
2001 1848 2220 1895 aevum

688 1951 801 2013 per
825 1934 1184 1998 essentiam.

1227 2197 1674 2266 CONCLUSIO.

687 2367 935 2423 Omnium
957 2367 1332 2423 ‹eviternorum
1373 2383 1481 2423 non
1511 2367 1675 2424 datur
1710 2385 1878 2426 aevum
1911 2386 2079 2426 unum
2111 2387 2217 2427 nu-

755 2471 896 2512 mero
918 2474 935 2524 ς
972 2456 1063 2511 sed
1088 2461 1216 2527 quot
1240 2461 1367 2512 sunt
1393 2461 1653 2514 oeviterna
1667 2500 1686 2529 ,
1718 2462 1798 2515 tot
1823 2475 1939 2515 oeva
1963 2465 2215 2532 511111Ρο-

755 2545 949 2612 nenda,
983 2546 1106 2601 licet
1132 2549 1367 2602 omniwn
1396 2549 1773 2620 temporalium
1797 2551 1871 2605 sit
1892 2565 2059 2607 unum
2088 2555 2216 2606 tem·

746 2650 868 2706 pus.

761 2792 946 2876 Resp.
980 2794 1059 2858 ad
1086 2795 1244 2876 Arg.
1271 2794 1368 2858 Ad
1391 2796 1507 2877 huj
1517 2813 1591 2859 us
1626 2796 1996 2878 quaestionis
2020 2798 2216 2864 intel-

676 2901 1007 2982 ligentiam
1025 2948 1040 2976 ‚
1096 2902 1524 2984 principaliter
1580 2904 2069 2986 praenotandum
2118 2912 2214 2972 est

676 3008 946 3091 qualiter
963 3008 1354 3089 intelligatur
1372 3009 1582 3072 unitas
1596 3009 1663 3072 in
1681 3013 1808 3073 tem
1816 3029 1987 3092 pore.
2008 3012 2214 3077 Scien-

676 3115 833 3179 dum
859 3120 1073 3178 autem
1106 3115 1275 3196 quod
1302 3115 1629 3197 tripliciter
1656 3122 2067 3183 tentaverunt
2094 3121 2211 3183 ali-

677 3223 793 3303 qui
826 3223 1138 3286 unitatem
1172 3223 1476 3303 temporis
1517 3223 1820 3306 accipere,
1858 3228 2209 3291 secundum

676 3329 846 3410 quod
875 3330 1160 3392 accidens
1187 3329 1373 3391 babet
1399 3329 1725 3410 tripliciter
1748 3335 2100 3416 comparari
2129 3336 2207 3400 ad

674 3437 1056 3518 subjectum.
1080 3435 1282 3499 Habet
1300 3437 1473 3499 enim
1504 3436 1593 3499 ibi
1618 3455 1895 3518 causam,
1928 3442 2208 3505 existen-

673 3544 852 3621 tiam,
884 3549 946 3606 et
976 3544 1431 3625 apparentiam.
1462 3543 1771 3609 Dixerunt
1800 3564 1958 3628 ergo
1984 3549 2203 3630 aliqui,

674 3649 844 3731 quod
887 3652 1143 3732 tempus
1183 3655 1279 3714 est
1312 3668 1519 3714 unum
1546 3650 1786 3714 ratione
1828 3654 2090 3734 subjecti
2138 3655 2207 3719 in

674 3774 803 3836 quo
829 3756 1039 3838 primo
1062 3761 1175 3835 est,
1204 3762 1268 3820 et
1287 3775 1402 3839 per
1424 3776 1520 3821 se:
1548 3776 1677 3840 quo
1706 3764 1971 3839 remoto,
1990 3779 2207 3826 remo·

674 3870 863 3926 vetur
880 3868 940 3926 et
961 3868 1233 3946 tempus
1258 3861 1435 3929 Unde
1451 3865 1752 3929 dixerunt
1769 3868 1939 3948 quod
1954 3872 2206 3953 tempus

674 3976 767 4033 est
792 3989 1034 4047 unum,
1070 3971 1225 4053 quia
1250 3975 1344 4034 est
1378 3973 1445 4035 in
1479 3973 1688 4054 primo
1730 3976 1972 4055 mobili,
2017 3980 2120 4060 cuj
2133 3999 2206 4042 us

605 4103 648 4134 0·
676 4083 857 4141 motu
894 4083 1193 4155 cessante,
1240 4084 1437 4145 cessat
1476 4085 1538 4145 et
1572 4086 1846 4163 tempus,
1893 4084 2011 4147 Sed
2048 4085 2207 4153 illud

674 4203 804 4247 non
831 4185 1063 4248 sufficit
1096 4186 1339 4264 dicere;
1371 4187 1543 4269 quia,
1578 4188 1740 4251 sicut
1766 4189 1913 4252 dicit
1938 4191 2204 4272 Augus·-

674 4292 870 4371 1111115,
898 4293 949 4354 51
970 4297 1238 4356 cessaret
1261 4300 1470 4358 motus
1489 4296 1678 4377 primi
1700 4296 1969 4376 1110111115,
1996 4300 2205 4364 adhuc

672 4403 882 4480 posset
926 4400 1169 4462 moveri
1210 4406 1346 4464 rota
1395 4403 1580 4483 figuli
1612 4407 1711 4466 :et
1757 4409 1997 4468 constat
2034 4409 2206 4488 quod

673 4511 1150 4571 mensuraretur
1184 4507 1287 4570 ille
1316 4513 1564 4572 motus:
1609 4528 1767 4592 ergo
1794 4531 1927 4577 11011
1956 4518 2207 4579 tantum

676 4617 770 4674 est
796 4613 909 4693 ibi,
940 4613 1071 4678 imo
1097 4617 1253 4679 etin
1276 4615 1414 4678 aliis
1440 4617 1629 4680 rebus
1656 4619 2016 4684 mobilibus,
2047 4620 2204 4686 Item

672 4726 927 4803 tempus
950 4726 1045 4785 est
1078 4722 1145 4785 in
1171 4723 1605 4787 affectionibus
1633 4728 1694 4787 et
1720 4727 2207 4807 cogitationibus

675 4828 858 4892 liberi
897 4830 1160 4907 arbitrii,
1205 4830 1375 4911 quod
1412 4848 1543 4892 non
1583 4832 1800 4896 subest
1833 4837 2037 4899 motui
2074 4856 2205 4901 coe·-

437 4955 646 5012 opinios.
676 4936 837 5013 lesti,
880 4937 1044 5001 sicut
1087 4938 1226 5000 vult
1254 4938 1682 5018 Augustinus,
1730 4940 1806 5003 Et
1841 4941 1981 5006 ideo
2027 4945 2209 5010 dixe-

674 5046 827 5104 runt
869 5043 1014 5123 alii,
1059 5044 1226 5126 quod
1277 5049 1525 5127 tempus
1569 5052 1663 5111 est
1713 5068 1917 5113 unum
1965 5054 2208 5121 ratione

674 5150 940 5230 subjecti
976 5151 1042 5213 in
1083 5170 1214 5234 quo
1254 5153 1461 5235 primo
1502 5159 1784 5237 apparet.
1831 5157 1988 5221 Cum
2033 5163 2205 5226 enim

678 5260 931 5337 tempus
955 5259 1035 5321 sit
1052 5278 1383 5339 numerus,
1406 5263 1540 5325 sive
1564 5281 1862 5329 mensura
1874 5274 2202 5349 motuum3

741 5380 946 5447 ¹Arist.,
976 5382 1170 5448 Physic.
1198 5384 1286 5435 lib.
1311 5389 1398 5449 tv,
1420 5391 1560 5439 cont.
1582 5390 1670 5442 1Ὀὲ
1692 5393 1744 5441 et
1768 5393 1847 5440 131
1872 5406 1888 5455 3
1917 5391 1978 5442 de
2001 5394 2208 5456 Anima,

1806 393 2425 465 SENTENTIARUM
2462 397 2614 468 LIB.
2658 401 2737 468 ΙΙ.

2331 540 2394 600 et
2417 554 2729 602 numerus
2752 537 2870 601 iste
2895 537 3247 603 secundum
3284 540 3623 604 essentiam
3651 525 3723 603 et'
3739 540 3852 604 ha·-

2331 643 2537 707 bitum
2562 645 2643 707 sit
2663 644 2729 706 in
2757 663 2828 708 re
2856 645 3114 721 mobili,
3145 645 3248 710 vel
3279 650 3482 726 mota,
3512 647 3585 709 in
3612 665 3743 729 qua
3770 651 3860 710 ast

2308 750 2507 833 ,prius
2532 755 2594 815 et
2621 753 2935 833 posterius
2949 800 2964 828 ‚
2992 754 3345 819 secundum
3370 754 3684 819 actualem
3711 773 3862 819 vero

2329 860 2839 924 numerationem
2867 860 2948 923 sit
2972 878 3012 923 a
3040 865 3218 942 parte
3241 861 3475 926 animae
3489 909 3505 937 ,
3537 863 3700 925 sicut
3724 864 3864 926 vult

2331 963 2751 1048 Philosophus
2762 974 2780 1009 ¹
2794 970 2857 1030 et
2873 967 3273 1048 Augustinus
3294 987 3311 1047 ;
3328 987 3479 1033 cum
3495 970 3714 1033 anima
3730 988 3864 1033 om-

2330 1089 2445 1137 nes
2462 1079 2673 1138 motus
2697 1079 2760 1139 et
2777 1076 3161 1139 mutationes
3186 1082 3483 1140 numeret
3503 1077 3862 1160 aspiciendo

2329 1180 2409 1243 ad
2448 1199 2813 1245 mensuram
2844 1186 3056 1246 motus
3092 1182 3283 1264 primi
3327 1184 3601 1262 1110111115,
3631 1185 3862 1249 scilicet

2330 1305 2445 1368 per
2464 1288 2651 1364 diem,
2674 1307 2916 1352 annum
2939 1289 3270 1364 ethoram,
3293 1290 3639 1355 voluerunt
3654 1292 3860 1358 dicere

2329 1395 2499 1477 quod
2540 1414 2748 1459 unum
2784 1399 2879 1460 est
2923 1401 3176 1478 tempus
3214 1399 3457 1462 ratione
3496 1401 3765 1481 subjecti
3791 1402 3858 1465 iu

2330 1520 2461 1584 quo
2479 1502 2686 1585 primo
2703 1506 2963 1585 apparet
2987 1504 3173 1584 :quia
3202 1505 3317 1568 etsi
3346 1506 3562 1568 omnia
3587 1506 3861 1570 habeant

2328 1610 2615 1692 proprias
2634 1611 2943 1692 period05,
2965 1615 3178 1675 tamen
3196 1613 3414 1676 omnia
3434 1619 3857 1677 numerantur

2328 1719 2391 1779 et
2416 1722 2871 1781 mensurantur
2895 1736 3010 1800 per
3035 1736 3401 1783 mensuram
3437 1725 3648 1784 motus
3671 1739 3856 1802 regu-

2326 1822 2480 1887 laris
2495 1871 2512 1901 ,
2556 1828 2620 1888 et
2661 1828 2843 1902 certi,
2892 1829 2955 1891 et
3003 1827 3189 1891 nobis
3232 1827 3576 1906 notissimi,
3629 1828 3858 1892 scilicet

2328 1934 2540 1995 motus
2574 1933 2824 1996 mobilis
2849 1935 3062 2016 primi.
3095 1933 3219 2000 Sed
3253 1933 3411 1998 illud
3436 1953 3570 1998 non
3602 1937 3848 2014 sufficit,
3877 1932 4050 2038 δαΐζω-

2325 2038 2480 2120 quia
2512 2038 2663 2103 dicit
2705 2039 3149 2123 Ρ111105ορ11115,
3188 2040 3266 2106 de
3310 2041 3471 2108 coelo
3499 2048 3560 2107 et
3595 2042 3849 2122 Mundo,

2324 2145 2498 2228 quod
2540 2147 2592 2209 si
2643 2151 2850 2210 essent
2894 2149 3021 2212 duo
3061 2148 3319 2212 mobilia
3358 2149 3594 2231 prima,
3649 2149 3850 2213 adhuc

2324 2270 2533 2315 unum
2561 2258 2720 2317 aeset
2750 2259 3024 2336 tempus,
3069 2260 3133 2318 et
3161 2259 3317 2319 tunc
3346 2273 3477 2319 non
3503 2261 3712 2338 posset
3735 2248 3854 2320 dici'

2325 2378 2533 2423 unum
2569 2360 2810 2424 ratione
2837 2362 3100 2443 subjecti
3141 2363 3209 2425 in
3254 2380 3382 2445 quo
3425 2363 3634 2444 primo
3671 2368 3846 2441 esset,

2323 2469 2531 2531 necin
2561 2488 2690 2552 quo
2715 2470 2921 2552 primo
2950 2474 3301 2551 appareret,
3332 2488 3484 2534 cum
3507 2474 3850 2554 utrumque

2322 2579 2483 2638 05501
2512 2593 2695 2657 aeque
2723 2577 3006 2658 primum
3041 2582 3104 2640 et
3135 2577 3430 2654 evidens;
3461 2595 3579 2640 nec
3614 2577 3852 2640 ratione

2322 2681 2577 2762 animae,
2600 2683 2753 2763 quia
2770 2686 3021 2765 tempus
3037 2700 3170 2746 non
3189 2685 3283 2746 est
3301 2700 3611 2747 numerus
3633 2702 3852 2747 uume-

2321 2807 2493 2867 rans‚
2523 2790 2631 2853 sed
2657 2794 3053 2866 11111110101115,
3086 2793 3159 2854 ut
3193 2788 3621 2874 Philosophus
3648 2793 3786 2855 vult
3805 2794 3847 2870 ¹,

2321 2900 2383 2959 et
2407 2901 2661 2978 tempus
2689 2903 2783 2961 est
2808 2897 3133 2978 dispositio
3160 2896 3253 2960 rei
3280 2901 3482 2974 extra,
3513 2916 3647 2961 non
3686 2899 3851 2961 fictio

2320 3003 2577 3067 animae.
2617 3003 2696 3067 Et
2720 3004 2861 3067 ideo
2902 3003 3198 3066 dixerunt
3238 3005 3409 3068 tertii
3451 3005 3847 3086 profundius,

2319 3110 2492 3191 quod
2541 3110 2751 3175 unitas
2799 3110 3103 3193 temporis
3150 3111 3430 3176 sumitur
3478 3114 3560 3177 ab
3612 3115 3853 3178 unitate

2316 3219 2585 3301 subjecti
2612 3239 2650 3282 a
2675 3236 2806 3301 quo
2834 3223 3166 3283 causatur:
3191 3219 3547 3301 subjectum
3576 3226 3789 3286 autem
3813 3241 3850 3285 a

2316 3343 2448 3406 quo
2473 3330 2791 3403 causatur,
2816 3328 2910 3388 est
2931 3325 3198 3388 materIa
3215 3330 3288 3388 ut
3313 3327 3656 3407 mutabiliS,
3679 3333 3741 3391 et
3763 3328 3848 3392 ita

2315 3437 2532 3495 utens
2572 3432 2641 3494 in
2680 3432 2978 3512 potentia.
3025 3429 3187 3494 Nam
3216 3432 3500 3509 materia,
3540 3438 3615 3497 ut
3655 3439 3751 3498 est
3783 3435 3848 3498 in

2315 3537 2730 3619 acquisitione
2758 3538 3004 3616 formae,
3044 3543 3366 3602 mutatur:
3398 3543 3461 3602 et
3502 3539 3593 3603 sic
3619 3546 3715 3604 est
3739 3561 3850 3605 ens

2315 3643 2379 3706 in
2415 3645 2729 3725 potentia:
2782 3649 2845 3708 et
2887 3645 3028 3709 ideo
3072 3636 3323 3728 tempus
3363 3645 3648 3709 maxime
3689 3649 3847 3711 inter

2314 3753 2533 3815 omnia
2559 3754 2902 3817 accidentia
2920 3772 2987 3815 se
3009 3758 3181 3817 tenet
3206 3754 3350 3835 plus
3376 3772 3526 3817 cum
3556 3756 3839 3819 materia.

2314 3857 2490 3923 Sicut
2517 3861 2716 3942 igitur
2743 3861 3009 3923 materia
3035 3880 3168 3924 una
3207 3866 3303 3925 est
3345 3880 3457 3942 per
3483 3865 3838 3943 essentiam,

2313 3966 2607 4030 differens
2632 3984 2745 4048 per
2771 3983 2926 4045 esse,
2967 3986 3096 4030 una
3136 3984 3268 4030 non
3298 3969 3540 4032 unitate
3578 3973 3840 4035 univer-

2314 4075 2595 4150 salitatis,
2616 4094 2733 4139 nec
2753 4075 3235 4155 singularitatis,
3258 4076 3366 4139 sed
3386 4077 3599 4142 medio
3617 4079 3799 4143 modo
3820 4101 3835 4155 ;

2313 4182 2403 4245 sic
2427 4187 2491 4246 et
2509 4186 2759 4264 tempus
2775 4184 2843 4244 in
2869 4183 3168 4247 omnibus
3186 4184 3661 4265 temporalibus
3693 4185 3767 4249 Et
3789 4186 3837 4249 si

2314 4306 2563 4369 quaeras
2586 4288 2755 4352 unde
2778 4293 2871 4352 est
2889 4289 3010 4352 hoc
3032 4289 3202 4370 quod
3225 4293 3481 4372 tempus
3503 4296 3596 4355 est
3613 4311 3832 4371 unum,

2314 4413 2463 4458 011111
2490 4399 2701 4458 tamen
2735 4399 2944 4459 motus
2961 4396 3088 4459 sint
3107 4397 3297 4473 varii3
3318 4397 3656 4462 dicendum
3677 4399 3836 4481 quod

2314 4504 2527 4564 motus
2569 4500 2882 4565 diffinitur
2922 4520 3035 4583 per
3074 4500 3137 4563 id
3181 4502 3257 4565 ad
3290 4502 3459 4585 quod
3500 4508 3629 4568 est:
3680 4504 3839 4569 unde

2315 4611 2526 4671 motus
2567 4608 2818 4691 respicit
2853 4613 3188 4685 motorem,
3233 4614 3297 4673 01
3333 4609 3586 4689 mobile,
3617 4616 3680 4676 et
3718 4616 3838 4675 ter-

2316 4715 2601 4792 minum;
2630 4718 2885 4796 tempus
2911 4720 3124 4779 autem
3153 4714 3409 4797 respicit
3433 4716 3636 4798 ipsam
3665 4718 3841 4781 dura-

2315 4824 2554 4887 tionem
2599 4825 2873 4899 variam,
2912 4828 2977 4887 et
3013 4825 3427 4887 successivam
3444 4868 3461 4901 ,
3498 4842 3648 4906 quae
3674 4825 3841 4888 venit

2315 4951 2397 4996 ex
2448 4931 2728 5013 potentia
2781 4932 2876 4995 rei
2928 4931 3198 4994 mobilis,
3256 4928 3335 4993 Et
3387 4931 3541 5012 quia
3595 4934 3838 5011 tempus

2315 5043 2559 5103 naturae
2605 5039 2860 5102 duranti
2906 5036 3296 5101 consimilius
3337 5041 3461 5115 est,
3506 5041 3569 5100 et
3619 5043 3838 5101 natura

2315 5146 2424 5210 illa
2448 5164 2641 5229 supra
2666 5164 2860 5228 quam
2895 5144 3201 5208 fundatur
3240 5149 3334 5207 est
3362 5162 3494 5207 una
3531 5162 3832 5220 numero;

2315 5324 2408 5447 1ξὰ
2429 5325 2507 5387 11,
2538 5328 2676 5375 cont.
2698 5326 2776 5375 61.
2797 5348 2860 5362 -
2885 5325 2907 5358 ²
2927 5323 3023 5387 ld„
3050 5324 3246 5389 physic.
3279 5323 3367 5376 uh.
3394 5326 3488 5389 w,
3507 5328 3649 5374 eant.
3677 5326 3756 5375 131
3787 5324 3836 5373 et

2319 5400 2340 5445 1
2411 5428 2424 5443 .
2607 5404 2618 5411 ’
