4125 6225
1794 506 2416 572 sfiwssramntn
2459 507 2606 572 LIB.
2651 507 2731 572 II.

721 669 883 732 ergo
919 649 1129 713 differt
1166 648 1457 711 similiter
1492 665 1625 728 qno
1662 650 1945 723 meatur,
1986 651 2051 708 et
2087 644 2262 725 qnod
2451 644 2632 719 Item,
2665 647 2720 708 si
2755 646 2988 709 εει-6660
3013 650 3108 710 est
3133 647 3416 711 medinm
3449 648 3611 712 inter
3643 647 3892 713 Creato-

722 756 2262 838 crffltur.Sedquodcreatnrestcreatnra;quo
2367 758 2600 816 remet
2637 760 3172 831 croeturam,ant
3209 760 3746 836 ergoaeternum,
3787 760 3899 817 aut

724 872 977 930 creatur
1018 864 1367 928 formaliter
1408 870 1503 926 est
1544 862 1819 924 creatio:
1846 880 2003 940 ergo
2050 858 2264 921 differt
2369 861 2760 942 temporale:
2791 862 2843 923 si
2870 868 3220 941 aeternum,
3249 882 3408 945 ergo
3441 863 3676 945 aliquid
3711 866 3900 925 aeter-

724 977 961 1039 creatio
1004 975 1211 1037 activa
1238 980 1297 1049 (a
1354 992 1395 1035 a
1424 978 1713 1035 creatura
1730 1020 1749 1048 ,
1794 976 1857 1033 et
1902 968 2194 1031 similiter
2225 984 2266 1027 a
2371 988 2532 1031 num
2557 978 2652 1033 est
2671 971 2844 1033 alind
2865 992 2904 1034 a
2929 972 3084 1049 Deo;
3113 974 3166 1035 si
3187 972 3552 1053 temporale,
3576 990 3733 1052 ergo
3755 974 3901 1033 ante

728 1085 1017 1148 Creatore
1054 1082 1285 1144 creatio
1328 1083 1577 1162 passiva
1608 1078 1662 1147 ib
1718 1095 1923 1158 :ergo
1962 1081 2057 1139 est
2101 1076 2268 1138 inter

728 1198 1098 1273 utrumque.

810 1305 873 1363 3.
914 1299 1069 1362 Item
1106 1296 1274 1380 quod
1316 1295 1575 1371 transit,
1604 1312 1739 1357 non
1774 1298 1867 1357 est
1910 1294 2080 1356 idem
2115 1310 2266 1355 cum

728 1386 1001 1492 eoquod
1038 1402 2027 1489 permanetzsedcrearireiaet
2064 1400 2268 1462 inin-

730 1518 947 1593 stanti,
978 1520 1043 1578 et
1068 1533 1200 1579 non
1225 1513 1501 1594 amplius
1528 1534 1543 1574 :
1570 1529 1729 1591 ergo
1754 1528 1903 1573 cum
1930 1528 2066 1572 esse
2091 1527 2267 1571 crea-

730 1632 893 1689 turae
914 1625 1125 1697 duret,
1150 1628 1213 1686 et
1236 1626 1489 1684 maneat
1514 1624 1653 1702 post
1676 1618 2086 1691 creationem,
2111 1634 2270 1696 ergo

730 1731 941 1794 differt
976 1730 1177 1794 creari
1212 1735 1275 1793 et
1312 1746 1484 1803 oese3
1524 1745 1683 1808 ergo
1720 1726 1952 1790 creatio
1984 1730 2049 1788 et
2087 1743 2256 1787 crea·

732 1845 898 1903 tura.

814 1953 877 2011 4.
922 1948 1078 2011 Item
1114 1947 1329 2010 omnis
1368 1944 1636 2008 mutatio
1667 1948 1761 2008 eet
1792 1942 1937 2019 via,
1974 1946 2037 2004 et
2064 1941 2274 2004 omnis

736 2055 845 2116 via
878 2054 1087 2116 differt
1110 2074 1151 2116 a
1177 2053 1471 2129 termino,
1510 2052 1667 2133 quia
1702 2050 1861 2113 nihil
1896 2049 2276 2112 terminatur

602 2158 611 2165 ’
738 2163 815 2224 ad
848 2162 1129 2243 seip>um
1148 2164 1191 2222 ¹.
1222 2160 1291 2223 Si
1316 2180 1473 2240 ergo
1504 2160 1735 2221 creatio
1762 2164 1855 2221 est
1887 2158 2182 2233 mutatiO,
2213 2162 2276 2219 et

738 2268 929 2331 habet
954 2274 1309 2332 creaturam
1342 2286 1456 2350 pro
1482 2267 1777 2341 termino,
1810 2283 1968 2345 ergo
1994 2264 2208 2327 differt
2238 2283 2278 2326 a

738 2382 1063 2451 creatura,
1112 2382 1187 2439 ut
1230 2378 1337 2439 via
1376 2394 1415 2437 a
1456 2375 1775 2437 termino:
1804 2372 1913 2435 sed
1962 2372 2070 2434 via
2114 2371 2280 2434 cadit

738 2483 949 2546 media
976 2484 1141 2545 inter
1168 2488 1455 2547 extrema
1483 2504 1499 2543 :
1524 2499 1705 2561 ergo,
1731 2486 1850 2542 etc.

820 2593 881 2652 5.
936 2588 1093 2652 Item
1144 2608 1257 2671 per
1306 2589 1691 2671 impossibile
1734 2609 1751 2649 ι
1796 2586 1862 2649 Si
1909 2585 2144 2648 creatio
2187 2590 2282 2648 δ’(

740 2702 1064 2772 croetura,
1106 2703 1169 2760 et
1212 2697 1421 2761 omnis
1464 2700 1753 2758 creatura
1796 2699 2082 2769 creatur,
2123 2712 2283 2772 ergo

743 2805 977 2869 creatio
1022 2810 1273 2868 creatur
1320 2827 1335 2867 ε
1386 2804 1493 2867 sed
1544 2821 1735 2866 omne
1780 2802 1953 2883 quod
1996 2806 2281 2878 creatur,

746 2917 999 2976 creatur
1024 2930 1139 2993 per
1164 2914 1547 2975 creationem
1578 2911 1852 2973 mediam
1882 2929 1901 2972 ι
1928 2928 2088 2990 ergo
2115 2929 2284 2972 crea-

746 3020 836 3083 tio
886 3037 999 3101 per
1046 3020 1239 3081 aliam
1282 3019 1705 3093 creationem,
1750 3022 1813 3079 et
1857 3018 1944 3099 sic
1988 3017 2288 3096 deinceps

753 3146 951 3206 usque
996 3129 1063 3189 in
1102 3128 1430 3190 infinitum
1460 3127 1563 3188 :si
1602 3143 1763 3206 ergo
1805 3143 1933 3187 non
1974 3129 2072 3186 est
2111 3124 2287 3187 abire

754 3234 819 3295 in
846 3234 1206 3312 infinitum,
1236 3238 1437 3315 patet,
1464 3237 1584 3295 etc.

518 3355 725 3400 rada-
833 3340 1063 3405 Contra
1102 3364 1119 3404 ε
1160 3339 1281 3404 Per
1328 3338 1789 3421 Philosophum
1830 3337 1909 3404 de
1960 3338 2188 3403 causis
2211 3338 2236 3371 ²
2261 3357 2286 3397 .-

758 3448 971 3513 Prima
996 3468 1215 3514 rerum
1244 3453 1603 3512 creatarum
1628 3453 1724 3511 est
1758 3465 1893 3510 esse
1926 3469 1943 3509 ε
1974 3447 2084 3509 sed
2125 3445 2289 3508 nihil

754 3554 2290 3639 exparteoeeaturaeaetantecrearizergo

755 3666 955 3728 creari
995 3683 1131 3728 non
1171 3669 1265 3729 eet
1302 3663 1481 3727 aliud
1524 3681 1721 3744 quam
1762 3680 1897 3725 aese
1930 3683 1945 3723 :
1977 3678 2137 3740 ergo
2175 3678 2292 3723 nec

758 3773 986 3836 oeoetio
1018 3771 1195 3835 aliud
1232 3790 1429 3854 quam
1458 3770 1728 3834 essentia
1753 3793 1770 3833 ε
1796 3787 1955 3850 ergo
1991 3768 2170 3831 nulla
2197 3772 2294 3831 oet

757 3877 1111 3943 differentia
1135 3879 1467 3943 creationis
1494 3878 1574 3942 ad
1600 3882 1981 3941 creaturam.

838 3986 995 4050 Item
1021 3988 1185 4052 inter
1210 4007 1324 4052 ens
1346 3988 1428 4051 ab
1454 3988 1601 4066 alio,
1627 3992 1689 4050 et
1718 4004 1851 4050 non
1876 3985 1960 4048 ab
1984 3983 2136 4060 alio,
2162 4002 2294 4047 non

758 4099 853 4159 est
874 4095 1161 4159 medium
1185 4119 1200 4159 :
1230 4095 1340 4159 sed
1363 4114 1555 4159 omne
1575 4095 1747 4177 quod
1772 4111 1904 4156 non
1925 4095 2019 4155 oet
2040 4092 2122 4154 ab
2143 4091 2290 4168 alin,

760 4209 855 4268 est
888 4205 1179 4283 Creator;
1209 4223 1402 4268 omne
1426 4209 1640 4268 autem
1684 4204 1854 4286 quod
1891 4207 1985 4266 aet
2019 4202 2101 4265 ab
2142 4201 2290 4279 ali0,

758 4313 1173 4378 essentialiter
1208 4317 1304 4376 est
1324 4317 1649 4376 creatura:
1668 4328 1827 4392 ergo
1850 4310 2014 4373 inter
2032 4327 2110 4373 ea
2131 4309 2296 4373 nihil

758 4428 855 4488 est
884 4422 1193 4487 medium.

841 4529 999 4594 Item
1036 4550 1148 4614 per
1172 4529 1557 4612 impossibile
1588 4527 1961 4593 ostenditur.
1996 4526 2300 4591 Creatura

756 4639 1029 4703 refertur
1054 4637 1135 4701 ad
1160 4637 1517 4702 Creatorem
1545 4660 1561 4699 2
1588 4641 1701 4700 aut
1728 4654 1885 4715 ergo
1915 4654 2029 4717 per
2055 4654 2155 4709 se,
2187 4640 2302 4698 aut

756 4765 873 4829 per
917 4747 1091 4810 aliud
1130 4768 1147 4809 ι
1186 4747 1241 4809 si
1287 4764 1399 4828 per
1442 4745 1655 4820 aliud,
1702 4745 2021 4827 quaeritur
2062 4743 2142 4807 de
2191 4742 2299 4807 illo

758 4859 980 4918 utrum
1004 4854 1313 4917 referatur
1338 4853 1565 4935 seipso,
1592 4857 1705 4915 aut
1742 4852 1889 4931 alio,
1920 4857 1983 4915 et
2019 4851 2112 4914 sic
2150 4870 2298 4934 pro-

759 4961 1037 5024 oedendo
1054 4961 1122 5024 in
1144 4959 1505 5036 infinitum3
1532 4960 1585 5021 si
1604 4977 1758 5022 vero
1780 4959 2050 5022 refertur
2069 4959 2297 5041 seipsa,

760 5068 871 5132 sed
916 5068 1187 5131 refertur
1228 5085 1343 5148 per
1386 5066 1773 5130 creationem
1811 5090 1825 5129 :
1864 5084 2023 5147 ergo
2068 5067 2301 5131 creatio

762 5195 895 5240 non
920 5181 1016 5240 est
1044 5175 1218 5240 aliud
1242 5194 1439 5258 quam
1465 5179 1775 5239 creatura.

830 5373 850 5407 ¹
869 5373 1042 5435 Arist„
1068 5372 1263 5437 Physic.
1292 5371 1378 5423 lib.
1404 5373 1469 5423 III
1488 5409 1506 5435 ‚
1532 5374 1673 5423 cont.
1693 5372 1741 5421 6.
1761 5371 1867 5408 —2
1900 5373 2092 5422 Auctor
2119 5372 2210 5422 lib.
2239 5371 2302 5421 de

768 5443 965 5506 σωθῶ,
991 5457 1142 5508 prop.
1172 5447 1302 5495 4.-
1322 5445 1346 5479 ⁸
1376 5445 1527 5495 Forte
1549 5444 1717 5510 agitur
1752 5443 1816 5493 de
1857 5443 2057 5494 Concil-
2095 5447 2297 5498 Senon.

768 5530 854 5568 ιιι.
878 5517 997 5567 ¹224
1024 5522 1163 5567 cont.
1188 5518 1341 5568 Joan.
1368 5521 1601 5569 Scotum.

2373 1078 2666 1140 omnium
2707 1080 3088 1143 creationem
3125 1086 3220 1143 eat
3257 1079 3498 1161 aliquid
3531 1077 3898 1160 temporale.

2375 1184 2620 1249 Horum
2658 1194 2872 1250 autem
2901 1192 3250 1269 utrumque
3281 1192 3376 1250 ost
3411 1186 3782 1250 haereticum
3807 1186 3901 1248 di-

2375 1313 2516 1358 cere
2535 1344 2552 1371 ,
2592 1300 2652 1357 et
2681 1297 3090 1377 reprobatum
3119 1297 3182 1358 in
3215 1296 3485 1359 Concilio
3511 1294 3860 1360 Senonensi
3882 1300 3904 1333 ⁸

2375 1403 2454 1465 de
2479 1402 2670 1475 ideis,
2699 1422 2850 1484 quae
2873 1404 3272 1486 ponebantur
3299 1423 3338 1467 a
3361 1403 3744 1486 quibusdam
3771 1420 3906 1467 me-

2375 1511 2500 1574 diae
2525 1512 2690 1574 inter
2717 1511 2916 1575 Deum
2942 1518 3006 1576 et
3033 1531 3154 1576 reS.

2459 1619 2617 1684 Item
2646 1639 2686 1682 a
2711 1621 3118 1703 proportione
3153 1621 3404 1684 videtur
3437 1621 3558 1684 hoc
3593 1638 3772 1702 posse
3808 1636 3909 1683 os-

2377 1728 2575 1790 tendi.
2607 1726 2784 1792 Sicut
2814 1729 2988 1791 enim
3023 1748 3090 1791 se
3127 1728 3318 1791 habet
3344 1728 3595 1811 Creator
3621 1726 3700 1790 ad
3737 1745 3908 1809 crea-

2378 1840 2592 1899 turam
2609 1885 2628 1914 ,
2667 1836 2754 1898 ita
2787 1837 3021 1900 creatio
3055 1837 3260 1899 activa
3293 1837 3360 1915 gc]
3413 1835 3494 1899 ad
3527 1837 3910 1899 creationem

2382 1943 2700 2025 passivam
2727 1943 2835 2023 {dn
2863 1963 3022 2024 ergo
3045 1963 3084 2007 a
3107 1950 3463 2026 permutata
3485 1943 3908 2026 proportione,

2381 2051 2544 2114 sicut
2585 2070 2652 2114 se
2697 2051 2884 2115 habet
2925 2051 3180 2115 Creator
3215 2052 3296 2116 ad
3337 2052 3719 2116 creationem
3763 2052 3912 2114 acti·

2383 2178 2564 2237 vam,
2605 2162 2692 2223 ita
2717 2166 3008 2224 creatura
3039 2161 3118 2224 ad
3145 2162 3528 2226 creationem
3559 2162 3910 2245 passivam:

2383 2266 2490 2328 sed
2512 2266 2765 2329 Creator
2783 2286 2913 2330 non
2937 2268 3142 2331 differt
3165 2268 3518 2332 secundum
3538 2286 3678 2331 rem
3695 2288 3734 2331 a
3753 2286 3916 2331 crea·

2383 2374 2556 2437 tione
2581 2376 2788 2438 activa
2809 2393 2917 2457 ie:
2947 2394 3128 2457 ergo,
3159 2381 3278 2440 etc.

2930 2636 3380 2704 CONCLUSIO.

2391 2812 2605 2867 creatio
2648 2817 2834 2867 actim
2853 2818 2930 2869 eu
2957 2813 3186 2870 medium
3213 2818 3358 2870 inter
3381 2813 3684 2869 Creatorem
3707 2816 3761 2868 et
3784 2828 3924 2869 crea·

2465 2908 2644 2957 tin-an·
2669 2904 2950 2958 secunaeimn
2973 2908 3230 2961 renonem
3251 2906 3532 2976 proecisam
3565 2908 3780 2958 tantum
3793 2922 3812 2974 ;
3841 2901 3926 2957 sed

2465 2996 2667 3048 creatio
2697 2998 2920 3065 passiva
2961 3000 3038 3051 cu
3079 2995 3308 3050 medinm
3345 2993 3625 3050 mmmm
3663 2996 3922 3048 rationem

2465 3098 2572 3138 non
2607 3088 2922 3155 prm-risam,
2973 3086 3108 3156 quin
3147 3088 3270 3158 ipsa
3313 3084 3562 3141 marcilii!
3607 3083 3743 3140 dicit
3781 3084 3924 3139 ultra

2467 3179 2791 3230 ereaturam.

2479 3345 2664 3429 Resp.
2683 3347 2763 3410 ad
2781 3348 2939 3429 Arg.
2967 3345 3312 3412 Dicendum
3339 3349 3512 3430 quod
3538 3353 3634 3413 oet
3661 3349 3834 3432 loqui
3853 3349 3926 3414 de

2397 3455 2714 3517 creatione
2753 3455 2960 3518 activa
2991 3457 3064 3536 is)
3080 3504 3101 3534 ‚
3139 3461 3202 3520 et
3229 3456 3306 3519 de
3341 3457 3660 3521 creatione
3685 3458 3926 3540 passiva

2405 3563 2510 3644 (9).
2539 3561 2605 3626 Si
2628 3562 2706 3626 de
2732 3565 3050 3627 creatione
3072 3566 3280 3628 activa
3297 3564 3664 3647 loquamur,
3682 3567 3772 3629 sic
3788 3565 3922 3630 dico

2399 3671 2572 3752 quod
2607 3689 2739 3733 non
2775 3675 2872 3734 aet
2898 3671 3184 3735 medium
3219 3673 3573 3736 secundum
3602 3691 3778 3752 rem,
3821 3671 3924 3737 sed

2401 3779 2612 3841 solum
2637 3779 2994 3842 secundum
3015 3781 3326 3843 rationem
3355 3780 3747 3862 intelligendi
3763 3828 3782 3858 ,
3815 3797 3926 3861 pro

2403 3900 2479 3945 eo
2498 3881 2671 3963 quod
2699 3881 2864 3944 Deus
2881 3930 2900 3958 ,
2937 3901 3088 3945 cum
3113 3883 3194 3945 sit
3223 3901 3476 3946 summe
3507 3883 3813 3965 simpleX,
3840 3885 3926 3945 est

2403 4007 2522 4052 sua
2549 3988 2732 4051 actio.
2779 3987 2844 4052 Si
2872 3993 3090 4052 autem
3135 3990 3476 4072 loquamur
3513 3992 3592 4055 de
3619 3991 3926 4054 creatione

2403 4096 2656 4178 passiva
2683 4094 2790 4175 (h),
2813 4101 2966 4158 tunc
2984 4095 3398 4176 distinguitur
3421 4119 3436 4158 :
3458 4097 3610 4178 quia
3627 4115 3740 4179 per
3758 4114 3922 4160 crea·

2403 4207 2570 4266 turae
2607 4221 2842 4266 nomen
2867 4207 3072 4283 potest
3103 4203 3344 4283 signari
3361 4208 3426 4266 et
3450 4204 3778 4284 importari
3793 4222 3928 4266 om-

2405 4329 2487 4373 ne
2508 4310 2678 4391 quod
2711 4315 2804 4372 ost
2829 4310 2910 4372 ab
2932 4310 3092 4387 ali0,
3119 4310 3394 4391 itaquod
3421 4309 3612 4373 habet
3636 4329 3770 4374 esse
3797 4313 3926 4392 post

2407 4419 2670 4482 omuino
2705 4435 2837 4481 non
2876 4435 3010 4480 esse
3048 4438 3064 4479 ε
3096 4422 3160 4479 et
3195 4418 3314 4481 hoc
3345 4418 3535 4480 modo
3565 4419 3632 4481 in
3674 4419 3924 4482 nomine

2408 4528 2716 4588 creaturae
2767 4523 3086 4586 clauditur
3129 4524 3266 4605 ipsa
3317 4526 3550 4587 creatio
3565 4574 3582 4600 ,
3629 4526 3923 4607 quoniam

2409 4638 2700 4698 creatura
2725 4652 2856 4697 non
2893 4639 3142 4697 tantum
3185 4633 3474 4697 nominat
3517 4636 3655 4716 ipsa
3694 4640 3923 4714 creata,

2409 4743 2518 4806 sed
2553 4743 2746 4806 etiam
2771 4745 3132 4819 concreata;
3163 4741 3342 4804 etsie
3377 4759 3506 4803 uon
3538 4747 3632 4803 est
3659 4742 3926 4805 medium

2409 4868 2528 4912 nec
2555 4868 2624 4912 re
2643 4898 2660 4924 ,
2691 4867 2806 4912 nec
2833 4848 3101 4912 ratione.
3129 4848 3271 4911 Alio
3298 4847 3486 4911 modo
3521 4851 3812 4912 creatura
3827 4867 3929 4912 no-

2409 4957 2617 5020 minat
2641 4957 2843 5038 ipsam
2871 4956 3291 5019 substantiam
3320 4957 3414 5019 rei
3442 4955 3522 5018 ab
3548 4955 3766 5038 aliquo
3793 4974 3927 5036 pro-

2409 5064 2679 5128 ducente
2692 5064 2769 5127 de
2783 5063 3015 5141 nihil03
3039 5065 3203 5128 etsie
3225 5063 3456 5128 creatio
3473 5068 3646 5127 tenet
3654 5063 3923 5127 medium

2411 5190 2546 5236 non
2569 5170 2921 5235 secundum
2949 5191 3087 5236 rem
3122 5177 3184 5236 et
3210 5177 3508 5236 naturam
3524 5219 3541 5248 ,
3577 5172 3687 5236 sed
3711 5188 3924 5235 secun·

2477 5298 2546 5360 (a)
2570 5297 2692 5346 Coet.
2709 5296 2830 5346 edit.
2851 5297 3075 5347 actio.—
3092 5296 3158 5358 (b)
3179 5296 3438 5347 aceedit.
3457 5295 3648 5360 passio.
3661 5321 3724 5332 —
3739 5297 3794 5358 (e)
3814 5295 3922 5345 Coet.

2409 5368 2532 5418 edit.
2559 5369 2870 5432 passionem
2891 5395 2955 5407 -
2981 5369 3054 5433 (d)
3084 5369 3207 5418 Goet.
3234 5367 3353 5417 odit.
3389 5368 3609 5418 actione.
3639 5392 3704 5405 --
3731 5367 3792 5431 (e)
3818 5366 3926 5415 eat.

2409 5441 2533 5491 edit.
2573 5443 2726 5492 actio.
2753 5469 2815 5479 —
2841 5443 2912 5506 (s)
2937 5443 3060 5492 Cat.
3083 5441 3206 5491 edit.
3234 5440 3494 5504 passio.—
3511 5443 3576 5504 (ᾳ)
3604 5440 3690 5489 Αἰ.
3716 5438 3922 5489 actione·

2411 5539 2474 5552 —
2493 5512 2557 5577 (h)
2587 5513 2674 5564 At.
2702 5515 2957 5576 passione.
