4125 6225
1055 431 1251 498 DIST.
1299 430 1404 496 111.
1449 429 1679 496 PART.
1719 427 1798 496 II.
1842 428 2022 496 ART.
2068 427 2146 493 11.
2192 425 2487 506 QUAEST.
2532 425 2582 489 Ι.

241 566 504 631 modum
527 568 711 633 facile
734 586 862 632 non
891 571 985 633 est
1021 567 1394 649 intelligere,
1423 567 1575 649 quia
1602 567 1767 631 diffl-

241 674 355 737 cile
405 677 499 739 est
535 676 750 741 videre
802 695 931 759 qua
962 677 1206 740 ratione
1243 674 1479 757 species
1532 675 1771 756 possint

240 781 669 865 multiplicari.
689 782 853 847 Nam
866 784 1102 866 species
1120 781 1313 862 unius
1325 780 1418 846 rei
1431 798 1559 844 non
1578 798 1772 862 gene-

238 892 335 951 rat
348 894 623 971 speciem
636 892 897 956 omnino
915 890 1256 955 differentis
1274 889 1367 953 rei
1381 912 1397 968 ;
1412 908 1530 953 nec
1548 890 1769 954 eadem

239 996 476 1076 species
515 1015 583 1061 se
622 998 996 1080 multiplicat
1042 999 1114 1061 in
1162 998 1376 1061 anima
1419 997 1772 1061 secundum

239 1119 607 1184 numerum,
638 1123 787 1170 cum
805 1104 874 1168 in
890 1124 1024 1169 una
1043 1105 1123 1167 sit
1140 1103 1376 1183 anima,
1397 1102 1558 1166 sicut
1577 1102 1773 1166 unius

237 1208 467 1290 objecti
498 1228 631 1274 una
668 1215 764 1275 est
790 1210 1027 1293 species
1052 1210 1123 1273 in
1155 1227 1288 1275 uno
1315 1209 1569 1292 speculo
1604 1209 1770 1274 indi-

238 1315 396 1379 viso.
430 1316 695 1382 Causam
720 1323 939 1383 autem
966 1319 1151 1383 credo
1183 1335 1319 1382 esse
1337 1317 1596 1394 falsam3
1619 1317 1771 1399 quia

237 1423 502 1504 planum
527 1431 620 1490 est
648 1427 817 1509 quod
858 1427 1126 1509 angelus
1158 1427 1348 1490 habet
1378 1425 1770 1490 intellectum

238 1531 619 1613 possibilem,
641 1551 789 1598 cum
813 1552 945 1598 non
963 1533 1043 1597 sit
1058 1551 1262 1617 purus
1282 1534 1479 1596 actuS.
1498 1530 1769 1595 Planum

240 1638 429 1703 etiam
458 1644 573 1718 est,
604 1642 777 1724 quod
804 1643 994 1706 habet
1023 1644 1319 1723 agentem
1346 1639 1609 1721 majoris
1631 1638 1770 1702 vir-

240 1750 391 1813 tutis
407 1798 424 1829 ,
474 1770 670 1834 quam
713 1752 767 1814 si
814 1755 975 1816 esset
1022 1751 1271 1835 corpori
1326 1750 1645 1832 alligatus.
1699 1747 1769 1818 Si

241 1877 396 1940 ergo
424 1859 723 1941 alligatus
750 1864 954 1942 potest
984 1859 1369 1939 abstrahere,
1400 1863 1463 1923 et
1490 1856 1773 1941 possibili

240 1966 639 2048 imprimere3
666 1971 904 2050 quanto
928 1967 1134 2048 magis
1160 1966 1514 2030 intellectus
1526 1965 1688 2029 liber
1711 1967 1775 2029 et

241 2078 564 2156 separatus
605 2074 728 2138 hoc
766 2077 1012 2157 potest?
1047 2073 1191 2138 Ideo
1231 2077 1326 2138 est
1370 2072 1493 2136 alia
1520 2072 1769 2155 positio,

243 2181 408 2263 quod
436 2181 710 2262 angelus
729 2182 1024 2263 quaedam
1052 2179 1376 2262 cognoscit
1401 2198 1514 2262 per
1538 2178 1774 2262 species

242 2288 513 2367 innatas,
558 2291 790 2372 utputa
819 2287 1133 2352 naturalia
1169 2291 1235 2351 et
1274 2287 1626 2352 necessaria
1645 2336 1661 2365 ,
1711 2289 1776 2351 et

244 2414 388 2478 quse
412 2397 678 2461 fuerunt
698 2415 849 2460 cum
875 2396 1105 2477 angelo
1126 2399 1486 2474 concreata;
1516 2395 1625 2460 sed
1651 2395 1773 2458 for-

241 2503 431 2581 tuita,
472 2508 538 2568 et
563 2502 923 2567 voluntaria
937 2549 954 2578 ‚
993 2506 1056 2565 et
1092 2502 1307 2566 futura
1341 2501 1773 2583 contingentia

243 2609 541 2693 intelligit
574 2629 687 2693 per
725 2610 962 2693 species
997 2608 1333 2691 acquisitas
1372 2612 1437 2673 et
1469 2612 1771 2691 receptas.

241 2717 590 2800 Angelicus
614 2719 789 2782 enim
813 2716 1169 2781 intellectus
1190 2720 1286 2780 est
1310 2716 1623 2798 possibilis
1643 2733 1774 2780 res-

240 2832 425 2909 pectu
456 2826 573 2910 huj
587 2825 833 2890 usmodi
860 2825 1213 2907 specierum
1231 2844 1253 2889 2
1283 2843 1413 2889 non
1441 2829 1652 2889 tamen
1681 2826 1776 2888 est

238 2911 429 2998 tanta⁸
448 2933 862 3017 possibilitate
907 2932 1216 3016 possibilis
1231 2981 1249 3011 ,
1294 2936 1368 2996 ut
1409 2932 1736 2995 humanus
1751 2980 1769 3011 ,

239 3042 387 3125 quia
413 3042 748 3105 humanus
770 3043 864 3104 est
892 3039 1201 3123 possibilis
1231 3038 1491 3103 omnino
1518 3042 1774 3122 propter

238 3150 614 3215 nuditatem.
650 3148 755 3213 Est
779 3148 971 3212 etiam
1002 3146 1313 3231 possibilis
1336 3151 1591 3229 propter
1616 3165 1773 3211 con-

232 3256 632 3337 junctionem
654 3274 805 3322 cum
828 3254 1410 3339 phantasmatibus3
1448 3253 1776 3336 angelicus

243 3384 395 3431 vero
415 3369 651 3432 neutro
676 3364 888 3443 modo,
909 3363 1019 3427 sed
1044 3362 1354 3444 possibilis
1375 3365 1469 3427 est
1488 3364 1778 3445 respectu

244 3474 694 3556 praedictorum
712 3468 1233 3553 cognoscibilium
1256 3490 1271 3532 :
1290 3487 1439 3532 cum
1453 3468 1626 3533 enim
1645 3486 1777 3531 non

242 3580 522 3646 habeant
567 3596 825 3643 causam
871 3580 1109 3641 certam
1125 3625 1144 3656 ,
1200 3576 1372 3640 solus
1419 3575 1614 3656 Deus,
1664 3575 1774 3657 qui

243 3690 442 3772 seipso
490 3686 843 3769 cognoscit,
873 3688 980 3764 {est
1016 3684 1089 3747 in
1124 3687 1271 3747 actu
1311 3688 1601 3766 respectu
1635 3683 1777 3747 talis

242 3803 630 3889 cognitionis
646 3850 665 3882 ,
697 3804 759 3866 et
782 3801 887 3864 ille
919 3799 1032 3883 qui
1058 3799 1384 3880 cognoscit
1398 3799 1468 3863 in
1494 3799 1642 3877 De0,
1671 3799 1776 3864 vel

241 3928 352 3993 per
406 3907 869 3976 revelationem
928 3907 1159 3970 factam
1207 3925 1248 3970 a
1287 3906 1414 3972 Deo
1437 3927 1454 3987 ;
1506 3907 1776 3989 angelus

240 4038 412 4100 vero,
455 4019 574 4103 qui
614 4017 861 4098 indiget
896 4016 1338 4082 informatione
1387 4017 1614 4100 speciei
1662 4035 1777 4101 per

240 4132 573 4203 naturam,
620 4128 713 4189 est
752 4126 1042 4206 respectu
1079 4123 1303 4187 talium
1350 4124 1420 4187 in
1460 4124 1738 4206 potentia
1752 4171 1769 4203 ,

38 4254 218 4364 balssm
239 4253 369 4300 non
402 4235 476 4299 in
509 4236 676 4297 actu.
715 4229 838 4295 Sed
874 4230 1015 4294 haec
1053 4229 1282 4312 positio
1317 4229 1570 4295 videtur
1602 4231 1672 4294 in
1707 4249 1775 4295 se

240 4344 537 4408 claudere
559 4341 686 4405 duo
712 4338 1018 4422 opposita,
1047 4337 1283 4402 scilicet
1308 4337 1480 4419 quod
1504 4337 1773 4420 angelus

238 4450 469 4516 habeat
514 4448 752 4532 species
795 4445 1263 4511 universalium
1282 4492 1301 4524 ,
1344 4448 1409 4510 et
1450 4446 1770 4530 suscipiat,

238 4559 399 4639 post,
429 4555 669 4640 species
694 4552 1140 4635 singularium.
1168 4550 1419 4636 Species
1444 4553 1617 4617 enim
1644 4553 1774 4618 sin-

184 4644 193 4653 ·
239 4664 571 4744 gularium
600 4661 886 4745 ejusdem
910 4660 1140 4744 speciei
1166 4678 1297 4725 non
1324 4659 1625 4725 differunt
1648 4660 1772 4723 nisi

239 4786 537 4848 numero,
567 4772 633 4833 et
667 4766 1053 4851 impossibile
1100 4770 1193 4831 est
1228 4766 1573 4832 accidentia
1596 4769 1772 4850 ejus-

240 4879 386 4944 dem
420 4877 648 4963 speciei
682 4877 931 4943 diversa
966 4893 1236 4940 numero
1278 4892 1412 4940 esse
1451 4875 1519 4937 in
1549 4874 1770 4938 eodem

241 4987 557 5071 subjecto:
590 5003 746 5068 ergo
783 4984 1001 5049 nullus
1036 4983 1389 5048 intellectus
1425 4984 1626 5065 potest
1652 4982 1769 5045 ha·

242 5093 393 5159 bere
436 5095 675 5178 species
714 5093 929 5177 plures
957 5092 1236 5158 hominis
1254 5111 1287 5171 3·
1319 5090 1429 5154 sed
1480 5089 1534 5153 si
1580 5089 1773 5153 habet

239 5218 440 5266 unam
485 5202 770 5265 innatam
783 5249 801 5280 ,
839 5218 972 5265 non
1010 5202 1213 5283 potest
1250 5198 1441 5263 aliam
1483 5197 1769 5279 ejusdem

241 5308 468 5392 speciei
521 5307 799 5390 recipere
820 5354 839 5386 ,
888 5306 1057 5372 sicut
1096 5324 1215 5371 nec
1260 5305 1408 5371 duae
1451 5304 1771 5369 albedines

241 5419 393 5479 sunt
424 5415 500 5478 in
532 5415 752 5479 eodem
791 5432 1072 5498 corpore.
1103 5412 1286 5492 Quod
1312 5413 1367 5477 si
1401 5411 1571 5478 dicas
1603 5411 1767 5475 dua-

635 5540 785 5588 ·ron.
826 5540 900 5590 11.

3288 433 3403 496 337

1874 584 2022 631 rum
2053 562 2422 629 albedinum
2457 561 2901 626 similitudines
2926 580 3059 628 esse
3089 564 3158 628 in
3185 567 3407 632 eodem

1875 692 2020 738 aere
2035 722 2053 750 ,
2085 677 2148 737 et
2170 671 2418 736 diversa
2440 670 2687 734 lumina
2713 671 2998 753 ejusdem
3026 676 3274 738 naturae
3287 723 3306 755 ,
3338 677 3412 740 ut

1876 782 2023 846 dicit
2053 779 2413 862 Dionysius,
2443 784 2505 843 et
2541 779 2726 843 facies
2758 779 3031 845 duorum
3068 782 3408 846 hominum

1877 889 1948 953 in
1973 888 2194 953 eadem
2223 887 2527 969 imagine,
2553 905 2682 950 non
2707 891 2803 951 est
2823 888 3059 967 simile;
3083 889 3233 971 quia
3258 909 3408 954 cum

1876 998 2043 1063 idola
2069 1002 2133 1063 et
2159 998 2408 1062 lumina
2430 997 2500 1060 in
2531 997 2741 1061 medio
2780 997 3261 1079 distinguantur
3295 1019 3410 1083 per

1876 1124 2025 1170 suas
2073 1105 2353 1186 origines
2367 1152 2384 1180 ‚
2427 1104 2694 1168 diversae
2751 1105 2985 1186 figurae
3030 1111 3295 1188 possunt
3341 1108 3412 1171 in

1878 1229 2116 1292 genere
2133 1212 2366 1293 flgurae
2396 1210 2648 1275 differre
2671 1213 2897 1294 specie.
2920 1212 3033 1277 Vel
3054 1213 3237 1277 aliter
3270 1213 3410 1278 suf-

1878 1319 2009 1382 ficit
2038 1319 2274 1402 species
2301 1319 2532 1400 flgurae
2561 1337 2710 1382 cum
2736 1337 3028 1399 numer0,
3059 1319 3227 1384 sicut
3263 1338 3408 1404 pos-

1877 1444 2021 1490 sum
2042 1429 2171 1490 tres
2195 1426 2431 1507 species
2450 1426 2714 1490 omnino
2740 1426 2977 1491 similes
3003 1429 3407 1510 confingere:

1878 1536 1941 1598 et
1970 1534 2059 1596 sic
2096 1533 2348 1598 videtur
2386 1533 2552 1597 dicta
2583 1534 2810 1616 positio
2848 1536 3164 1599 contraria
3198 1536 3413 1619 impli-

1878 1660 2042 1706 care.
2074 1641 2390 1724 Amplius,
2420 1642 2474 1704 si
2503 1642 2737 1724 species
2765 1646 2858 1706 est
2885 1646 3093 1708 totum
3121 1661 3256 1708 esse
3281 1644 3413 1708 for-

1877 1749 2044 1814 male
2077 1749 2592 1830 individuorum,
2636 1753 2712 1815 ut
2750 1750 2897 1814 dicit
2926 1750 3179 1816 Boetius
3194 1752 3215 1786 ¹
3235 1801 3253 1831 ,
3295 1771 3414 1817 nec

1879 1861 1973 1921 est
1998 1857 2416 1923 individuatio
2448 1858 2679 1922 nisiex
2715 1860 3160 1941 conjunctione
3186 1862 3409 1926 formae

1880 1982 2028 2030 cum
2056 1965 2352 2044 materia;
2383 1966 2438 2029 si
2457 1966 2692 2049 species
2707 1968 2985 2032 existens
3001 1967 3071 2031 in
3090 1968 3413 2034 intellectu

1879 2073 2141 2137 omnino
2170 2073 2479 2138 abstrahit
2513 2093 2554 2138 a
2586 2075 2853 2139 materia
2868 2124 2885 2153 ,
2913 2075 3094 2140 nullo
3131 2076 3321 2141 modo
3347 2077 3416 2140 in

1880 2180 2103 2259 eodem
2130 2181 2453 2247 intellectu
2480 2187 2577 2248 est
2600 2202 2837 2267 ponere
2851 2183 3133 2250 diversas
3154 2186 3411 2267 specieS,

1880 2287 2016 2352 sive
2052 2290 2288 2353 formas
2327 2290 2460 2355 solo
2498 2308 2771 2355 numero
2811 2291 3207 2357 differentes:
3237 2296 3299 2357 et
3324 2294 3416 2357 sic

1878 2397 2040 2461 redit
2061 2398 2232 2462 idem
2257 2399 2430 2480 qnod
2456 2399 2657 2481 prius,
2692 2399 2925 2464 scilicet
2949 2399 3119 2482 quod
3147 2400 3201 2463 si
3222 2400 3415 2465 intel-

1878 2502 2078 2568 lectus
2089 2506 2416 2586 angelicus
2437 2506 2628 2570 habet
2641 2508 2935 2571 omnium
2952 2506 3414 2572 universalium

1879 2606 2117 2688 species
2141 2608 2414 2688 innatas,
2439 2608 2684 2672 nullam
2711 2608 2979 2674 ulterius
3006 2611 3280 2692 speciem
3304 2628 3413 2675 re-

1880 2712 2051 2795 cipit,
2081 2714 2190 2778 sed
2217 2714 2598 2779 sufficienter
2623 2733 2737 2798 per
2761 2714 2901 2780 illas
2926 2717 3147 2781 omnia
3171 2735 3414 2798 cogno-

1879 2822 2016 2886 scit.
2045 2822 2124 2886 Et
2146 2823 2290 2888 ideo
2320 2827 2417 2888 est
2440 2823 2624 2888 tertia
2659 2824 2916 2906 positio,
2947 2825 3115 2909 quod
3147 2826 3417 2907 angelus
3444 2839 3653 2887 ramos.

1880 2930 2097 2994 omnia
2138 2931 2463 3012 cognoscit
2508 2950 2622 3014 per
2659 2932 2898 3015 species
2945 2931 3228 2997 innatas:
3282 2950 3416 2995 non

1880 3038 2032 3121 quia
2056 3057 2190 3104 non
2216 3040 2411 3123 possit
2441 3038 2719 3123 recipere
2755 3038 3028 3124 species:
3059 3042 3212 3105 tunc
3241 3039 3416 3104 enim

1881 3147 1936 3209 si
1976 3146 2141 3212 Deus
2180 3150 2421 3212 crearet
2454 3146 2711 3230 aliquod
2746 3165 2991 3214 novum
3033 3148 3269 3232 specie,
3300 3167 3417 3214 ne-

1881 3272 2051 3319 cesse
2070 3257 2231 3320 esset
2246 3255 2557 3337 angelum
2569 3255 2870 3337 ignorare
2889 3279 2905 3322 z
2928 3255 3099 3339 quod
3116 3256 3171 3320 si
3187 3256 3417 3322 falsum

1881 3365 2003 3441 est,
2052 3366 2262 3445 posset
2305 3363 2606 3446 recipere.
2656 3363 2736 3428 Et
2782 3364 2923 3429 ideo
2971 3364 3113 3429 haec
3144 3383 3280 3429 non
3324 3368 3417 3429 est

1880 3467 2077 3532 ratio:
2112 3468 2222 3533 sed
2246 3467 2391 3550 hoc,
2417 3471 2592 3553 quod
2619 3470 2782 3535 Deus
2804 3470 3195 3537 intellectum
3220 3489 3418 3552 ange-
3527 3468 3533 3476 ’

1879 3573 2078 3638 licum
2091 3575 2451 3658 possibilem
2464 3580 2557 3642 tot
2569 3577 2732 3660 speci
2738 3579 2895 3643 ebus
2913 3578 3221 3661 implevit,
3245 3579 3416 3662 quod

1881 3699 1996 3764 per
2021 3682 2164 3747 illas
2188 3688 2433 3766 poterat
2458 3685 2675 3750 omnia
2701 3703 3081 3768 cognoscere
3106 3687 3241 3751 sine
3275 3705 3420 3751 om-

1879 3790 1948 3852 ni
1968 3791 2326 3874 receptione
2343 3812 2536 3859 nova.
2557 3794 2638 3860 Et
2653 3793 2795 3859 ideo
2812 3793 3044 3859 dicitur
3064 3794 3417 3860 intellectus

1880 3897 2208 3978 angelicus
2242 3917 2378 3964 esse
2405 3900 2477 3965 in
2507 3905 2654 3965 actu
2686 3904 2978 3984 respectu
3009 3918 3251 3978 rerum,
3282 3919 3415 3965 non

1880 4005 2035 4087 quia
2064 4006 2270 4089 seipso
2304 4008 2385 4071 sit
2427 4008 2499 4073 in
2535 4011 2718 4087 actu,
2756 4007 2859 4073 vel
2898 4007 3051 4091 quia
3086 4008 3170 4073 sit
3200 4011 3411 4088 actus,

1879 4111 1988 4175 sed
2001 4131 2117 4195 per
2132 4115 2370 4197 species
2380 4116 2586 4181 factus
2602 4121 2699 4181 est
2713 4115 2782 4180 in
2795 4119 2942 4180 actu
2963 4138 2979 4180 ε
2998 4119 3063 4181 et
3074 4116 3325 4196 modus,
3348 4119 3411 4180 et

1879 4218 2233 4287 intellectus
2270 4223 2456 4288 istius
2481 4224 2811 4308 positionis
2838 4226 2932 4288 est
2958 4222 3084 4288 hic.
3130 4223 3294 4289 Deus
3326 4224 3406 4308 (α)

1879 4332 2051 4395 enim
2086 4333 2155 4397 in
2191 4336 2437 4418 angelis
2484 4337 2844 4402 concreavit
2881 4337 3120 4420 species
3158 4337 3415 4402 univer-

1879 4438 2040 4503 sales
2067 4441 2361 4507 omnium
2389 4444 2746 4509 flendarum
2772 4461 3026 4523 rerum,
3054 4448 3115 4509 et
3142 4462 3258 4526 per
3276 4444 3415 4510 illas

1879 4551 2125 4613 certum
2175 4555 2272 4617 est
2312 4551 2485 4636 quod
2528 4555 2732 4636 potest
2771 4552 2990 4618 omnia
3032 4552 3415 4620 universalia

1877 4672 2295 4738 cognoscere:
2327 4663 2529 4743 potest
2559 4660 2752 4725 etiam
2786 4661 2856 4725 in
2883 4659 3234 4743 singularia
3247 4710 3264 4741 ,
3302 4661 3413 4726 sed

1878 4787 2011 4833 non
2036 4769 2160 4832 nisi
2198 4770 2536 4850 componat
2565 4767 2646 4831 ad
2677 4767 2954 4833 invicem
2967 4816 2988 4847 ,
3017 4770 3090 4832 ut
3121 4770 3311 4850 patet.
3343 4766 3413 4832 Si

1878 4892 2035 4956 ergo
2060 4874 2264 4939 habeo
2290 4892 2484 4957 penes
2519 4892 2623 4938 me
2658 4875 2931 4958 speciem
2974 4875 3207 4956 flgurae
3220 4922 3238 4955 ,
3269 4892 3412 4957 spe-

1880 4982 2040 5046 ciem
2079 4981 2380 5062 nominis»,
2410 4982 2637 5047 coloris
2673 4985 2736 5047 et
2773 4965 3099 5065 temporiS,
3131 4986 3195 5047 et
3229 5000 3411 5046 com-

1877 5104 2113 5171 ponam
2161 5089 2241 5153 ad
2284 5089 2566 5154 invicem
2590 5137 2608 5170 ,
2657 5089 2792 5153 sine
2834 5107 3004 5153 nova
3054 5090 3410 5172 receptione

1876 5195 2108 5277 speciei
2154 5180 2534 5276 cognoscam
2576 5194 2979 5259 individuum
3026 5199 3101 5260 ut
3136 5196 3208 5261 in
3260 5216 3412 5281 pro-

1876 5303 2014 5385 pria
2039 5311 2292 5368 natura.
2337 5303 2460 5368 Sed
2493 5303 2647 5387 quia
2677 5303 2824 5367 talis
2864 5304 3254 5387 compositio,
3284 5305 3410 5370 nisi

1940 5429 1959 5464 ¹
1978 5428 2181 5494 Porph„
2209 5442 2256 5479 c.
2284 5427 2347 5479 de
2370 5429 2658 5495 Proprio.—
2681 5427 2748 5494 (α)
2773 5427 2919 5480 Edit.
2953 5429 3070 5482 Ven.
3099 5431 3284 5483 Deum.

3049 5524 3129 5585 22
