4125 6225
320 5241 391 5285 Aa
408 5252 511 5297 opp.

511 337 633 402 614

509 469 624 554 qui
651 471 850 553 hujus
873 470 1098 533 formae
1117 466 1452 532 essentiam
1468 465 1697 531 indidit
1720 466 2006 530 materiae
2029 487 2045 530 ε

507 577 793 659 alioquin
846 593 1181 658 nunquam
1228 577 1461 637 natura
1513 573 1721 656 ipsam
1774 572 1856 637 ad
1915 592 2052 637 esse

506 684 918 769 produceret,
958 683 1082 746 nisi
1129 681 1295 747 Deus
1329 682 1532 765 ipsam
1570 680 1857 745 materiae
1883 680 2052 744 indi-

509 790 740 867 disset,
788 790 953 854 sicut
990 807 1186 872 supra
1228 792 1555 852 ostensum
1591 787 1748 867 fuit,
1787 788 2053 852 distinc-

510 898 682 962 tione
727 916 844 964 vm
876 920 891 962 :
935 901 999 961 et
1033 896 1176 961 ideo
1217 915 1350 962 non
1386 900 1635 979 oportet
1678 895 1851 979 quod
1892 896 2053 960 edu—

512 1026 662 1073 cens
686 1008 865 1071 illam
889 1009 1164 1072 formam
1191 1008 1261 1070 in
1283 1012 1499 1071 actum
1527 1007 1605 1070 sit
1638 1005 1916 1071 nobilius
1944 1005 2053 1070 illa

509 1118 720 1182 forma
742 1116 995 1195 educta;
1027 1119 1092 1180 et
1134 1116 1335 1200 hujus
1367 1115 1738 1198 exemplum
1770 1115 1842 1179 in
1873 1114 2052 1178 mul-

506 1225 590 1289 tis
615 1228 819 1309 potest
858 1224 1052 1308 poni,
1082 1224 1246 1289 sicut
1288 1224 1356 1287 in
1398 1215 1814 1288 mineralihus
1836 1271 1854 1300 ,
1893 1227 1956 1286 et
1984 1223 2054 1285 in

507 1333 729 1398 multis
752 1336 939 1398 terrae
982 1332 1412 1397 nascentibus
1461 1331 1540 1395 Et
1582 1349 1697 1414 per
1734 1330 1857 1394 hoc
1883 1333 2057 1414 patet

507 1441 834 1523 responsio
859 1440 942 1505 ad
967 1439 1095 1504 duo
1122 1439 1453 1522 sequentia
1478 1458 1668 1504 :nam
1695 1439 1870 1522 quod
1891 1431 2052 1521 obji-

509 1546 675 1612 citur
722 1548 802 1612 de
854 1548 1165 1612 divisione
1221 1548 1504 1629 corporis
1550 1547 1844 1612 annulosi
1865 1596 1882 1627 ,
1915 1549 2056 1629 jam

512 1659 807 1737 apertum
835 1659 929 1717 est
954 1673 972 1736 ;
998 1654 1155 1737 quia
1184 1653 1359 1718 enim
1394 1673 1623 1738 corpus
1664 1654 2056 1718 annulosum

511 1766 606 1828 est
622 1762 889 1826 modicae
917 1760 1436 1843 organizationiS,
1467 1765 1531 1825 et
1552 1761 1736 1844 quasi
1761 1761 2058 1825 consimi-

508 1871 588 1936 lis
614 1872 682 1934 in
706 1871 995 1954 partibus
1020 1873 1084 1935 et
1112 1870 1185 1933 in
1205 1873 1359 1949 tot0,
1388 1870 1531 1934 ideo
1553 1869 1623 1933 in
1649 1870 1931 1952 qualibet
1956 1869 2057 1933 sui

510 1981 691 2063 parte
718 1982 814 2042 est
838 1978 1058 2042 anima
1085 1977 1156 2040 in
1187 1978 1483 2059 proxima
1510 1977 1610 2040 sui
1651 1977 2058 2059 dispositione

511 2086 593 2150 ad
613 2085 737 2149 hoc
763 2085 935 2167 quod
963 2084 1045 2148 sit
1086 2083 1157 2147 in
1183 2089 1330 2149 actu
1353 2130 1371 2161 ,
1400 2087 1465 2147 et
1500 2083 1665 2159 ide0‚
1696 2082 1859 2147 facta
1886 2083 2060 2147 divi-

511 2192 709 2274 sione,
740 2192 977 2256 virtute
1003 2190 1233 2275 prioris
1258 2193 1483 2256 formae
1504 2195 1567 2256 et
1590 2191 1899 2256 beneflcio
1925 2210 2062 2255 cor-

510 2301 687 2383 poris
713 2300 1003 2380 coelestiS,
1034 2300 1247 2363 subito
1272 2299 1599 2364 inducitur
1639 2300 1865 2364 forma.
1908 2298 2058 2363 Plu-

511 2426 614 2474 res
639 2412 860 2472 autem
887 2410 1041 2472 sunt
1069 2408 1244 2473 modi
1269 2408 1379 2472 alii
1421 2408 1670 2486 dicendi
1697 2408 1864 2472 circa
1909 2408 2054 2473 hoc.

594 2514 865 2594 Quidam
897 2517 1071 2581 enim
1111 2516 1333 2581 dicunt
1372 2515 1545 2598 quod
1571 2516 1789 2579 anima
1833 2517 2059 2580 multi·-

513 2625 808 2712 plicatur,
839 2644 991 2690 cum
1021 2625 1101 2689 sit
1145 2625 1531 2708 spiritualiS‚
1571 2625 1737 2688 sicut
1778 2630 2061 2708 punctus

513 2734 594 2798 ad
622 2733 1002 2798 divisionem
1046 2732 1272 2812 lineae,
1306 2736 1370 2797 et
1396 2732 1633 2815 species
1672 2732 1754 2798 ad
1802 2733 2058 2798 divisio-

512 2859 665 2907 nem
688 2842 968 2926 speculi:
993 2845 1442 2906 verumtamen
1472 2841 1541 2905 in
1561 2846 1790 2907 neutro
1823 2842 2061 2907 horum

514 2948 1005 3030 intelligendum
1023 2953 1139 3027 est,
1161 2950 1331 3030 quod
1356 2948 1516 3013 illud
1539 2948 1710 3012 idem
1740 2949 1914 3032 quod
1940 2951 2064 3014 fuit

516 3074 728 3122 unum
762 3057 876 3121 fiat
899 3056 1088 3141 plura
1097 3075 1120 3140 3
1156 3060 1220 3121 et
1262 3056 1404 3123 ideo
1431 3055 1794 3141 praecedens
1820 3057 1928 3122 via
1968 3062 2066 3123 est

516 3164 732 3245 magis
757 3164 969 3247 plana.

595 3276 657 3335 6.
688 3271 787 3335 Ad
828 3271 1132 3335 ultimum
1170 3271 1458 3336 similiter
1496 3274 1671 3355 patet
1707 3274 2061 3356 responsi0,

520 3379 691 3463 quod
719 3397 871 3443 cum
896 3379 1137 3444 animal
1162 3384 1505 3461 generetur
1542 3379 1623 3443 ab
1650 3380 1917 3445 animali
1949 3400 2064 3464 per

517 3487 1069 3569 propagationem,
1101 3487 1216 3551 etsi
1241 3504 1376 3550 non
1394 3486 1718 3552 decidatur
1735 3490 1953 3552 anima
1981 3491 2063 3553 ab

519 3593 756 3673 anima,
782 3593 946 3657 sicut
964 3611 1195 3677 corpus
1216 3594 1526 3658 deciditur
1551 3613 1591 3660 a
1609 3613 1889 3678 corpore,
1912 3597 2067 3679 quia

517 3717 653 3765 non
686 3704 781 3764 est
816 3701 1035 3765 anima
1078 3701 1406 3766 divisibilis
1443 3704 1517 3767 ut
1558 3721 1855 3786 corpora;
1890 3705 2064 3769 deci-

522 3806 764 3871 duntur
793 3811 1008 3871 tamen
1032 3826 1182 3873 cum
1222 3810 1361 3891 ipso
1409 3827 1672 3891 corpore
1699 3811 1963 3892 spiritus
2004 3815 2068 3875 et

524 3917 784 3994 caloreS,
814 3919 880 3980 et
903 3918 1109 3983 virtus
1133 3918 1325 3981 etiarn
1354 3917 1668 3995 animaIiS,
1696 3937 1844 4001 quae
1872 3920 2066 4002 adju-

522 4029 636 4091 vat
657 4042 806 4088 cum
833 4024 1072 4091 virtute
1109 4024 1388 4111 matricis
1415 4026 1798 4090 continentis
1814 4077 1834 4106 ,
1864 4032 1939 4091 ut
1959 4029 2071 4092 illa

523 4131 806 4217 potentia
840 4131 1081 4211 activa,
1113 4149 1261 4215 quae
1288 4134 1424 4196 erat
1459 4132 1528 4196 in
1565 4132 1839 4197 humore
1883 4136 2069 4200 semi-

523 4238 707 4303 nario
728 4287 746 4318 ,
775 4237 856 4302 ad
894 4242 1111 4302 actum
1155 4237 1543 4320 completum
1591 4241 1923 4322 perveniat
1953 4261 1969 4306 ε
2005 4246 2071 4308 et

527 4364 611 4411 ex
642 4345 766 4408 hoc
791 4362 925 4408 non
968 4344 1257 4428 sequitur
1285 4346 1457 4428 quod
1501 4346 1720 4411 anima
1761 4349 2072 4432 producat

526 4453 719 4518 aliam
743 4454 1029 4518 animam
1056 4472 1140 4517 ex
1165 4453 1392 4531 nihile,
1418 4471 1536 4518 nec
1561 4455 1735 4537 quod
1763 4446 2071 4538 producat

526 4578 609 4625 ex
634 4561 759 4626 alia
784 4561 1075 4640 materia,
1100 4579 1221 4627 nec
1246 4561 1439 4626 etiam
1457 4563 1629 4647 quod
1651 4564 1960 4647 producat
1988 4584 2072 4632 ex

526 4686 755 4754 seipsa.

1053 4818 1409 4898 QUAESTIO
1451 4821 1532 4886 ll.

530 4966 625 5024 An
656 4979 883 5038 corpora
919 4967 1246 5023 animalium
1275 4969 1389 5023 sint
1422 4972 1715 5041 composita
1742 4986 1809 5027 ea.-
1841 4978 2075 5044 quatuor

1133 5057 1401 5115 elementis
1433 5057 1473 5115 ¹.

615 5196 848 5262 Utrum
873 5217 1136 5289 corpora
1173 5200 1553 5268 animalium
1581 5207 1925 5288 composita
1951 5207 2078 5273 sint

541 5319 624 5369 ex
654 5307 930 5394 quatuor
968 5307 1299 5379 elementis
1319 5357 1338 5390 ‚
1368 5327 1454 5376 an
1496 5330 1579 5383 ex
1617 5330 1781 5397 uno;
1815 5318 1879 5380 et
1905 5315 2078 5398 quod

1630 327 2259 398 SENTENTIABUM
2298 330 2449 400 LIB.
2487 331 2569 396 II.

2158 486 2241 532 ex
2268 486 2422 548 un0,
2453 466 2707 536 videtur
2731 469 2939 551 primo
2964 485 3080 552 per
3104 467 3523 553 Scripturam,
3553 488 3705 555 qum

2156 575 2307 639 dicit
2330 576 2393 638 ²:
2424 574 2794 642 Producant
2833 592 3021 659 aquoe
3064 577 3313 659 reptile,
3339 581 3458 643 etc.
3497 577 3577 642 Et
3611 578 3708 642 si-

2159 682 2394 746 mililer
2429 701 2446 747 ε
2478 683 2796 750 Producat
2823 689 2992 750 terra
3019 686 3306 752 animam
3332 688 3651 752 viventem
3683 708 3710 751 .·

2157 790 2211 853 si
2240 791 2441 872 igitur
2469 790 2795 875 Scriptura
2821 793 3212 859 sufficienter
3242 795 3547 878 exprimit
3571 794 3711 857 ani-

2158 899 2428 962 malium
2455 899 2823 979 materiam,
2874 919 3025 964 cum
3057 919 3191 965 non
3232 902 3555 985 exprimat
3587 900 3712 966 nisi

2159 1009 2471 1092 simplicia
2495 1011 2831 1091 elementa,
2868 1015 3060 1093 patet,
3086 1016 3205 1078 etc.

2239 1120 2301 1181 2.
2332 1115 2491 1182 Item
2527 1118 2731 1182 forma
2756 1118 2941 1182 debet
2981 1119 3452 1203 proportionari
3501 1122 3713 1187 mate-

2159 1225 2316 1289 riae:
2367 1243 2524 1306 ergo
2562 1243 2790 1308 corpus
2834 1226 3071 1289 animae
3105 1249 3119 1290 :
3167 1227 3277 1291 sed
3324 1227 3530 1292 forma
3566 1227 3716 1291 ani-

2161 1333 2430 1397 malium
2475 1336 2570 1397 est
2618 1333 2893 1416 simplex
2926 1356 2940 1398 :
2969 1352 3127 1418 ergo
3173 1352 3440 1419 corpora
3482 1335 3716 1400 debent

2163 1461 2299 1507 esse
2341 1442 2653 1525 simplicia
2710 1465 2725 1507 :
2779 1458 2936 1523 ergo
2977 1461 3112 1507 non
3139 1447 3292 1508 sunt
3314 1462 3398 1507 ex
3425 1449 3716 1526 quatuor

2163 1550 2491 1616 elementis
2520 1573 2534 1614 :
2567 1568 2749 1631 ergo,
2776 1555 2898 1614 etc.

2245 1663 2305 1724 3.
2336 1658 2519 1738 Item,
2549 1662 2792 1741 quanto
2821 1657 3061 1740 aliquid
3090 1657 3170 1726 ad
3203 1661 3503 1722 naturam
3529 1677 3716 1726 com-

2161 1765 2497 1848 positionis
2522 1766 2729 1848 magis
2748 1765 3007 1841 accedit,
3025 1769 3202 1829 tanto
3225 1765 3442 1830 minus
3460 1770 3556 1829 est
3572 1786 3718 1849 per·

2174 1871 2447 1951 fectum;
2480 1873 2650 1955 quod
2678 1873 2854 1937 enim
2880 1873 3228 1955 simplicius
3254 1879 3368 1952 est,
3393 1876 3721 1956 potentius

2175 1983 2273 2043 est
2301 1985 2365 2044 et
2405 1980 2745 2063 perfectius
2779 2001 2795 2045 :
2831 1980 2883 2043 si
2911 1981 3117 2062 igitur
3145 1981 3362 2044 anima
3401 1982 3719 2048 sensibilis

2168 2091 2262 2151 est
2283 2087 2490 2152 forma
2512 2087 2695 2152 valde
2723 2090 2949 2170 potens
2975 2092 3039 2151 et
3066 2088 3319 2167 nobilis,
3341 2106 3500 2169 ergo
3528 2090 3719 2156 debet

2165 2212 2302 2261 esse
2338 2196 2639 2278 perfectio
2665 2195 2946 2279 corporis
2976 2195 3301 2279 simplicIS,
3325 2200 3391 2261 et
3412 2214 3542 2261 non
3569 2215 3718 2281 per-

2167 2303 2356 2368 mixti
2379 2321 2463 2367 ex
2481 2305 2762 2385 quatuor
2788 2302 3141 2367 elementiS.

2246 2413 2310 2474 4.
2325 2407 2485 2475 Item
2503 2428 2770 2492 corpora
2786 2411 2866 2475 ad
2886 2414 3185 2475 ornatum,
3206 2410 3348 2474 coeli
3370 2412 3723 2494 spectantia

2168 2537 2298 2582 non
2323 2522 2473 2582 sunt
2497 2520 2660 2582 facta
2683 2518 2761 2583 de
2790 2518 2915 2582 alia
2943 2519 3212 2583 materia
3253 2537 3457 2601 quam
3486 2518 3722 2583 coelum

2167 2625 2337 2710 quod
2364 2630 2594 2690 ornant
2626 2648 2642 2687 ε
2673 2644 2832 2707 ergo
2857 2625 2998 2708 pari
3023 2625 3298 2705 ratione,
3330 2627 3386 2688 si
3414 2626 3717 2707 quaedatn

2168 2732 2470 2797 animalia
2497 2736 2729 2797 ornant
2754 2736 2992 2796 terram
3011 2781 3029 2810 ,
3062 2736 3128 2796 et
3153 2733 3456 2814 quaedam
3492 2751 3717 2815 aquas,

2169 2838 2468 2922 quaedam
2502 2843 2655 2904 sunt
2697 2857 2778 2904 ex
2807 2839 2939 2903 sola
2965 2842 3137 2903 terra
3160 2886 3178 2915 ‚
3207 2842 3270 2902 et
3299 2839 3597 2921 quaedam
3637 2857 3723 2904 ex

2171 2945 2306 3010 sola
2336 2965 2526 3028 aqua.

2251 3057 2311 3117 5.
2345 3051 2525 3130 Item,
2556 3052 2610 3117 si
2639 3070 2905 3137 corpora
2928 3051 3307 3117 animalium
3328 3055 3618 3118 constant
3640 3072 3724 3120 ex

2116 3194 2121 3199 ,
2171 3165 2447 3244 quatuor
2474 3161 2805 3225 elementis
2824 3209 2843 3240 ,
2872 3163 3026 3223 tunc
3063 3160 3319 3224 videtur
3355 3159 3528 3242 quod
3571 3179 3723 3225 cum

2172 3268 2483 3334 elementa
2507 3269 2786 3332 habeant
2826 3268 3109 3351 sphaeras
3145 3268 3506 3347 distinctas,
3554 3268 3725 3351 quod

2173 3376 2489 3440 elementa
2518 3376 2970 3440 constituentia
3010 3393 3245 3457 corpus
3273 3375 3570 3439 animalis
3598 3375 3729 3438 sint

2171 3481 2243 3546 in
2260 3500 2473 3546 unum
2489 3483 2717 3563 juncta
2739 3499 2853 3563 per
2873 3481 3251 3545 violentiam
3288 3503 3304 3544 ι
3333 3481 3387 3543 si
3414 3498 3573 3561 ergo
3593 3480 3730 3545 vio-

2174 3588 2368 3653 lentia
2390 3591 2483 3652 est
2508 3592 2732 3653 contra
2759 3592 3057 3652 naturam
3074 3637 3091 3665 ‚
3119 3588 3485 3652 constitutio
3508 3589 3727 3670 cujus-

2174 3696 2329 3761 libet
2355 3696 2637 3779 corporis
2679 3696 2975 3760 animalis
3003 3700 3099 3760 est
3138 3699 3359 3760 contra
3385 3699 3726 3777 naturam;

2177 3791 2351 3891 quod
2379 3812 2471 3871 est
2500 3807 2983 3872 inconveniens.

2256 3922 2319 3981 6.
2374 3915 2535 3979 Item
2590 3933 2675 3999 ex
2724 3914 2963 3978 eisdem
3013 3912 3315 3977 animalia
3375 3916 3528 3976 sunt
3574 3930 3732 3994 pro-

2176 4024 2368 4089 ducta
2390 4027 2567 4098 tunc,
2616 4039 2698 4085 ex
2739 4021 2974 4103 quibus
3020 4019 3463 4102 producuntur
3501 4037 3679 4082 nunc
3709 4038 3729 4083 ε

2178 4131 2288 4196 sed
2359 4149 2535 4194 nunc
2592 4132 2857 4212 possunt
2926 4126 3243 4191 elementa
3298 4127 3534 4190 virtute
3613 4143 3734 4188 na-

2178 4243 2343 4304 turae
2405 4238 2750 4303 coadunari
2805 4258 2821 4298 t
2878 4254 3037 4318 ergo
3081 4253 3212 4299 non
3266 4236 3532 4318 possunt
3584 4252 3734 4298 cor-

2179 4368 2338 4433 pora
2363 4347 2741 4412 animalium
2780 4364 2862 4411 ex
2897 4348 3177 4429 quatuor
3211 4344 3540 4408 elementis
3581 4362 3738 4426 pro-

2180 4456 2349 4521 duci.
2380 4454 2582 4537 Major
2617 4452 2964 4537 propositio
2987 4470 3103 4534 per
3143 4469 3209 4515 se
3248 4450 3584 4515 manifesta
3613 4454 3730 4517 est.

2182 4562 2391 4627 Minor
2434 4561 2761 4644 probatur,
2803 4560 2959 4642 quia
3001 4576 3133 4622 non
3181 4561 3277 4623 est
3324 4559 3394 4620 in
3428 4562 3737 4641 potestate

2181 4676 2431 4735 naturae
2470 4671 2693 4752 ignem
2731 4669 2937 4733 facere
2978 4666 3355 4731 descendere
3401 4688 3418 4730 :
3466 4666 3522 4729 si
3558 4665 3737 4732 enim

2182 4776 2453 4843 descend
2468 4781 2622 4857 eret,
2648 4794 2800 4841 cum
2825 4774 3112 4843 medium
3131 4773 3548 4838 interstitium
3572 4774 3740 4838 aeris

2249 4976 2268 5011 ¹
2293 4974 2375 5039 Cf.
2398 4975 2544 5025 Alex.
2566 4973 2782 5037 Mensis,
2819 4987 2873 5036 p.
2898 4972 2963 5036 ΙΙ,
2993 4986 3045 5037 q.
3068 4982 3183 5034 Lm,
3210 4970 3402 5021 memb.
3425 4975 3481 5035 13
3513 4972 3568 5022 S.
3596 4970 3739 5023 Tho·

2184 5060 2325 5110 mas,
2357 5048 2397 5097 ΙΙ
2429 5048 2591 5108 Seni„
2617 5046 2735 5096 dist.
2762 5057 2857 5110 xv,
2887 5058 2940 5108 q.
2968 5056 3010 5095 11
3040 5081 3055 5105 ,
3086 5048 3182 5094 art.
3209 5047 3229 5093 ¹
3250 5058 3267 5106 ;
3307 5042 3541 5106 AEgidius
3565 5044 3739 5111 Rom„

2185 5120 2226 5170 11
2254 5120 2417 5179 Sent„
2446 5117 2566 5167 dist.
2587 5129 2675 5181 ιν,
2701 5131 2752 5182 q.
2787 5128 2824 5185 Ι,
2853 5120 2952 5167 art.
2975 5119 2995 5165 ¹
3019 5130 3036 5181 ;
3065 5114 3324 5175 Bit-hard„
3355 5115 3396 5163 11
3429 5114 3585 5174 Seni„
3617 5115 3741 5168 dist.

2186 5201 2286 5249 ιν,
2315 5203 2368 5254 q.
2392 5201 2444 5252 13
2474 5189 2658 5239 Thom.
2690 5191 2833 5253 Arg„
2866 5188 2907 5237 ΙΙ
2942 5187 3100 5246 8εηί.,
3130 5185 3246 5236 dist.
3270 5196 3363 5248 κν,
3403 5198 3454 5249 q.
3475 5197 3527 5247 1,
3556 5190 3652 5236 art.
3678 5191 3738 5251 13

2186 5261 2496 5313 Franciscus
2524 5261 2587 5311 de
2616 5261 2802 5324 Mayr„
2839 5261 2879 5310 ΙΙ
2910 5259 3069 5316 Seni„
3107 5257 3224 5308 dist.
3249 5268 3348 5320 xv,
3382 5270 3436 5322 q.
3463 5269 3513 5321 15
3556 5258 3736 5324 Steph.

2188 5333 2398 5401 BruleI.‚
2427 5333 2471 5389 ll
2502 5332 2664 5401 Sene„
2694 5332 2814 5382 dist.
2835 5343 2923 5396 ιν,
2950 5345 3002 5395 q.
3023 5343 3083 5381 11.
3102 5357 3159 5368 -
3179 5331 3202 5365 ¹
3223 5330 3367 5391 Gen„
3396 5341 3433 5394 1,
3454 5331 3534 5393 20,
3566 5332 3642 5385 24.
