4125 6225
644 466 764 527 648

646 599 800 665 hinc
824 601 1114 684 estquod
1144 602 1215 665 in
1244 602 1524 685 imagine
1558 606 1966 671 recreationis
1981 655 2001 688 ,
2032 625 2185 691 quae

645 707 906 792 quidem
946 708 1137 774 estin
1165 710 1464 792 gratuitis
1486 760 1505 792 ‚
1534 712 1680 779 duae
1725 719 1877 779 sunt
1912 714 2187 781 virtutes

647 836 794 902 quae
844 818 1191 902 respiciunt
1228 819 1586 885 affectivam
1601 871 1621 903 ,
1664 822 1899 887 scilicet
1936 840 2081 907 spes
2120 828 2188 890 et

649 925 942 1012 charitas,
972 944 1169 1008 penes
1206 927 1366 992 duas
1399 926 1603 1009 vires,
1636 928 1874 994 scilicet
1907 930 2188 995 irascibi-

648 1031 777 1097 lem
804 1037 867 1098 et
893 1034 1487 1118 concupiscibilem;
1518 1055 1649 1101 una
1674 1053 1854 1118 vere,
1883 1055 2031 1122 quae
2057 1056 2188 1103 res-

649 1140 801 1225 picit
826 1141 1241 1225 cognitivam,
1267 1142 1501 1208 scilicet
1526 1143 1683 1209 fides
1698 1192 1717 1224 ,
1760 1162 1908 1227 quae
1934 1144 2193 1228 respicit

650 1248 1022 1314 rationalem
1074 1273 1090 1315 ι
1141 1250 1436 1334 quamvis
1474 1254 1539 1317 et
1597 1269 1740 1334 spes
1761 1299 1780 1329 ,
1837 1253 2191 1317 reformans

651 1355 1053 1439 irascibilem,
1074 1376 1188 1442 per
1213 1376 1608 1442 consequens
1629 1359 1931 1425 reformet
1952 1359 2033 1443 (α)
2057 1378 2193 1425 me-

652 1465 925 1529 moriam
943 1514 964 1544 ,
997 1484 1150 1530 cum
1179 1467 1564 1534 conveniant
1604 1466 1676 1530 in
1722 1471 1868 1531 actu
1883 1516 1903 1548 ,
1945 1468 2058 1550 qui
2099 1472 2196 1534 est

654 1574 891 1637 tenere.
947 1570 1316 1638 Secundum
1362 1572 1484 1638 hoc
1537 1573 1739 1655 igitur
1786 1574 2055 1657 planum
2099 1577 2196 1639 est

655 1681 1032 1763 respondere
1058 1680 1139 1746 ad
1165 1681 1587 1765 quaestionem
1615 1687 1679 1747 et
1708 1683 1954 1767 objecta
1986 1703 2005 1749 ε
2033 1703 2194 1750 con-

658 1787 1008 1852 cedendum
1051 1791 1144 1853 est
1187 1789 1360 1853 enim
1401 1789 1480 1854 de
1511 1789 1733 1873 plano,
1770 1790 1942 1872 quod
1975 1791 2199 1874 imago

657 1896 1093 1980 principaliter
1160 1897 1415 1980 respicit
1474 1896 1903 1980 cognitivam3
1968 1917 2199 1966 conce-

660 2004 884 2071 dendae
922 2010 1075 2070 sunt
1107 2007 1303 2071 etiam
1344 2006 1622 2071 rationes
1636 2055 1655 2087 ,
1697 2025 1845 2090 quae
1891 2006 2013 2073 hoc
2042 2027 2200 2092 pro-

661 2111 834 2175 bant.
902 2138 910 2148 ’

744 2221 774 2279 1
787 2265 804 2280 .
824 2216 924 2282 Ad
953 2216 1110 2282 illud
1131 2236 1288 2283 vero
1313 2219 1486 2302 quod
1499 2220 1798 2305 objicitur
1814 2221 1892 2287 de
1917 2222 2202 2306 imagine

664 2324 1132 2389 reformationis
1149 2374 1169 2406 ,
1220 2325 1558 2391 dicendum
1601 2328 1775 2411 quod
1823 2347 1958 2394 non
1995 2331 2166 2397 valet
2182 2380 2199 2409 ‚

667 2435 822 2519 quia
846 2436 1063 2518 imago
1096 2437 1561 2531 reformationis
1597 2439 1809 2522 potius
1844 2446 1939 2505 est
1971 2442 2202 2506 simili-

667 2543 822 2609 tudo
848 2545 1166 2627 quaedam‚
1187 2563 1384 2629 quam
1403 2547 1488 2610 sit
1510 2548 1748 2629 image.
1780 2547 1848 2613 Si
1872 2548 2048 2613 enim
2064 2567 2208 2633 pro·

668 2651 809 2735 prie
839 2654 1003 2717 esset
1045 2651 1288 2735 imago,
1331 2656 1495 2718 esset
1531 2671 1731 2737 capax
1767 2654 1901 2732 Dei,
1941 2660 2005 2720 et
2046 2662 2210 2722 esset

668 2758 1045 2823 immortalis
1093 2778 1111 2824 ε
1155 2779 1333 2825 nunc
1374 2764 1592 2826 autem
1632 2780 1766 2827 non
1804 2767 1900 2827 est
1938 2764 2031 2828 sic
2079 2787 2095 2830 :
2147 2768 2211 2829 et

670 2867 837 2944 ideo,
866 2866 1018 2950 quia
1042 2867 1260 2950 imago
1297 2868 1705 2934 recreationis
1729 2870 1941 2953 potius
1978 2875 2074 2936 est
2116 2873 2207 2936 si-

555 3048 563 3057 ,
673 2974 966 3039 militudo
1006 2993 1205 3058 quam
1247 2975 1491 3057 imago,
1523 2977 1732 3059 magis
1779 2977 2212 3061 principaliter

673 3080 926 3165 respicit
951 3081 1300 3166 potentiam
1333 3082 1713 3166 affectivam,
1750 3103 1946 3168 quam
1980 3086 2211 3169 cogni-

676 3189 910 3270 tivum,
953 3189 1250 3272 quamvis
1288 3192 1587 3258 reformet
1624 3198 1758 3257 tam
1793 3194 2210 3275 cognitivam,

677 3314 877 3381 quam
905 3296 1287 3362 affectivam.

760 3408 821 3467 2.
861 3403 959 3469 Ad
986 3405 1145 3471 illud
1184 3405 1358 3489 quod
1388 3405 1707 3489 objicitur,
1736 3406 1905 3490 quod
1946 3408 2219 3492 comple·

682 3516 975 3577 mentum
1009 3512 1221 3595 magis
1252 3517 1346 3578 est
1369 3512 1439 3576 in
1479 3513 1838 3592 voluntate3
1878 3513 2218 3578 dicendum

686 3620 879 3710 quod,
915 3620 1035 3685 etsi
1080 3618 1375 3684 voluntas
1415 3618 1645 3684 ultima
1684 3619 1765 3683 sit
1802 3619 1873 3684 in
1909 3620 2218 3703 imagine,

689 3746 819 3792 non
860 3730 1078 3791 tamen
1124 3745 1192 3791 se
1235 3726 1426 3791 habet
1475 3744 1590 3809 per
1626 3727 1892 3791 modum
1942 3728 2225 3811 comple-

689 3834 890 3900 menti
931 3835 1002 3898 in
1030 3834 1274 3900 ratione
1297 3834 1600 3917 imaginis
1630 3852 1646 3895 z
1675 3834 1895 3917 imago
1930 3836 2108 3900 enim
2136 3835 2227 3899 di-

695 3941 778 4006 cit
817 3941 1108 4007 ordinem
1145 3947 1210 4007 et
1250 3942 1568 4025 originem
1612 3943 1685 4006 in
1716 3943 2032 4025 potentiis,
2061 3942 2229 4007 sicut

696 4053 790 4115 est
830 4049 899 4113 in
949 4049 1264 4133 personis3
1324 4052 1390 4115 et
1441 4049 1979 4133 quemadmodum
2042 4050 2230 4115 tertia

764 4172 830 4240 (a)
851 4173 974 4227 Cat.
990 4173 1111 4226 edit.
1135 4174 1471 4227 reformat.-
1484 4174 1552 4241 (b)
1575 4174 1697 4228 Cot.
1714 4174 1838 4227 edit.
1858 4173 2228 4240 cognitionem.

1772 468 2402 539 SENTEN'HARUM
2445 470 2599 537 1213.
2639 470 2721 538 11·

2290 625 2560 692 persona
2572 623 2705 671 non
2722 605 2987 689 ponitur
3001 604 3275 670 dierum
3290 603 3694 688 compbtiva,
3714 618 3843 667 nec

2290 716 2445 782 alias
2487 715 2824 799 complere,
2857 715 2967 780 md
3007 714 3223 798 potins
3261 714 3345 779 ab
3382 714 3475 779 eis
3514 713 3837 795 recipere3

2291 824 2382 888 sic
2405 824 2730 900 voluntas,
2757 826 2948 906 prout
2976 827 3071 889 est
3094 839 3247 906 pars
3266 822 3591 904 imaginis,
3620 821 3845 904 potius

2293 930 2725 997 consideratur
2750 930 2822 995 in
2843 931 3086 998 ratione
3111 929 3517 1013 egredientis,
3546 945 3757 1012 quam
3774 926 3845 991 in

2292 1040 2536 1105 ratione
2569 1041 2943 1126 complentis
2970 1059 2989 1105 ι
3021 1042 3085 1104 et
3108 1037 3262 1121 quia
3287 1036 3496 1121 prima
3522 1037 3696 1100 ratio
3725 1034 3852 1098 ori-

2295 1147 2466 1228 ginis
2489 1152 2583 1212 est
2621 1168 2737 1233 per
2778 1149 3046 1214 modum
3079 1149 3350 1221 naturae,
3379 1162 3526 1226 quae
3573 1143 3847 1226 quidem

2297 1252 2581 1318 consistit
2605 1255 2677 1319 in
2716 1259 2865 1320 ortu
2898 1251 3341 1334 intelligentiae
3378 1268 3462 1314 ex
3498 1249 3844 1328 memoria,

2298 1360 2450 1425 hinc
2500 1366 2592 1426 est
2641 1362 2815 1445 quod
2857 1362 3075 1442 imago
3127 1357 3535 1442 principalius
3588 1357 3852 1440 respicit

2301 1469 2715 1550 cognitivam‚
2741 1488 2939 1554 quam
2963 1466 3346 1533 affectivam.

2382 1581 2437 1641 3.
2486 1577 2585 1643 Ad
2627 1577 2784 1643 illud
2825 1576 2997 1660 quod
3036 1574 3330 1657 oincitur
3345 1621 3363 1649 ,
3401 1572 3574 1655 quod
3624 1572 3854 1652 imago

2303 1684 2584 1749 consistit
2621 1702 2814 1768 penes
2845 1681 3310 1748 nobilissimum
3341 1680 3412 1743 in
3447 1679 3707 1757 anima;
3749 1677 3853 1743 di-

2306 1790 2580 1856 cendum
2614 1790 2783 1874 quod
2816 1788 3283 1856 nobilissimum
3329 1786 3401 1850 in
3455 1772 3678 1850 anima
3726 1785 3857 1850 du-

2306 1897 2552 1981 pliciter
2578 1902 2783 1982 potest
2807 1897 3008 1979 accipi
3035 1915 3052 1961 2
3080 1896 3183 1961 vel
3208 1892 3557 1959 secundum
3585 1892 3855 1958 distinc-

2305 2004 2546 2070 tionem
2598 2004 3026 2089 potentiarum
3043 2051 3063 2082 ‚
3115 2001 3353 2066 scilicet
3409 2001 3729 2066 affectivae
3794 2002 3862 2064 et

2309 2114 2687 2195 cognitivae;
2742 2114 2847 2179 vel
2905 2111 3255 2176 secundum
3305 2108 3738 2173 conditionem
3777 2108 3854 2191 (b)

2310 2222 2619 2296 statuum,
2644 2219 2878 2284 scilicet
2910 2216 3257 2301 superioris
3288 2213 3619 2298 portionis,
3644 2219 3713 2278 et
3750 2213 3859 2277 in-

2309 2314 2769 2392 ferioris.‘Cum
2798 2343 2958 2406 ergo
2982 2323 3213 2389 dicitur
3236 2320 3409 2404 quod
3443 2320 3665 2402 imago
3691 2338 3863 2385 con-

2313 2435 2493 2499 sistat
2536 2452 2730 2517 penes
2765 2432 3257 2506 nobilissimum,
3300 2429 3423 2492 hoc
3465 2427 3861 2510 intelligitur

2315 2545 2631 2625 quantum
2661 2540 2743 2606 ad
2776 2545 3013 2604 etatum
3052 2539 3121 2601 in
3159 2533 3468 2618 superiori
3492 2537 3696 2615 parte,
3724 2551 3867 2598 non

2316 2652 2633 2730 quantum
2658 2648 2739 2713 ad
2761 2645 3099 2730 potentias;
3126 2641 3280 2725 quia
3303 2640 3523 2721 imago
3544 2640 3864 2724 complec-

2317 2752 2471 2817 titur
2495 2757 2628 2817 tam
2655 2752 3037 2828 affectivam,
3061 2765 3256 2832 quam
3273 2745 3687 2828 cognitimm,
3705 2764 3863 2811 cum

2315 2863 2588 2942 utraque
2607 2862 2761 2924 nata
2785 2859 2868 2924 sit
2883 2856 3248 2923 immediate
3269 2853 3420 2918 ferri
3441 2852 3524 2917 ad
3545 2852 3780 2918 Deum.

2396 2971 2438 3029 4
2463 2969 2528 3030 et
2568 2969 2629 3030 5.
2676 2966 2772 3030 Ad
2805 2965 2963 3029 illud
2995 2961 3169 3047 quod
3211 2958 3529 3041 obiicitur,
3558 2959 3737 3042 quod
3773 2960 3862 3023 si-

2321 3074 2613 3141 militudo
2633 3073 2813 3139 estin
2837 3073 3003 3157 plus,
3023 3087 3222 3155 quam
3245 3069 3491 3149 imag03
3516 3066 3862 3134 dicendum

2320 3184 2496 3266 quod
2528 3182 2901 3262 similitude,
2941 3181 2994 3245 si
3028 3178 3371 3262 accipiatur
3397 3175 3468 3238 in
3502 3193 3622 3239 sua
3658 3194 3866 3257 gene-

2322 3290 2589 3370 ralitate,
2619 3291 2690 3353 in
2721 3289 2867 3373 plus
2901 3292 3024 3367 est3
3056 3287 3109 3350 si
3147 3301 3303 3350 vero
3336 3280 3680 3364 accipiatur
3711 3302 3863 3366 pro-

2324 3403 2487 3486 prie,
2520 3402 2683 3466 sicut
2704 3401 3011 3484 accipitur
3041 3398 3113 3463 in
3141 3393 3482 3480 proposito,
3508 3410 3644 3457 non
3672 3399 3770 3458 est
3798 3395 3867 3458 in

2327 3510 2472 3593 plus
2511 3531 2528 3573 z
2576 3509 2778 3573 immo
2827 3505 3241 3588 distinguitur
3284 3502 3364 3565 ab
3412 3500 3734 3581 imagine,
3782 3501 3871 3566 ita

2331 3618 2500 3702 quod
2544 3618 2662 3683 etsi
2709 3621 2982 3699 utraque
3039 3617 3173 3679 tam
3224 3608 3622 3687 affectivam,
3668 3627 3871 3691 quam

2332 3725 2724 3808 cognitivam
2756 3722 3050 3807 respiciat
3064 3770 3082 3801 ,
3117 3720 3333 3800 imago
3373 3720 3591 3779 tamen
3631 3716 3873 3798 princi-

2333 3833 2540 3917 palius
2564 3831 2817 3914 respicit
2853 3829 3266 3912 cognitivam,
3293 3826 3358 3887 et
3384 3820 3735 3887 similitudo
3770 3822 3872 3886 af-

2335 3942 2629 4006 fectivam
2657 3958 2676 4003 ε
2704 3944 2769 4004 et
2801 3939 3116 4020 ratiojam
3138 3936 3302 4002 dicta
3337 3938 3432 4000 est
3469 3955 3485 3999 :
3517 3936 3583 3998 et
3609 3950 3724 4014 per
3748 3930 3873 3996 hoc

2338 4052 2511 4134 patet
2546 4046 2872 4131 responsio
2924 4044 3006 4110 ad
3064 4044 3172 4108 illa
3219 4042 3349 4108 duo
3414 4059 3564 4126 quae
3618 4056 3872 4123 quaere-

1977 4717 2137 4784 mis
2174 4714 2326 4768 ‘rom
2365 4703 2637 4766 saeuum.
