4125 6225
1536 386 1916 454 DISTINCT.
1957 389 2082 454 XL.
3303 392 3377 452 91

263 529 444 599 divina
466 526 735 619 aequitas
763 526 1105 618 redderet,
1132 551 1266 599 non
1294 530 1473 622 quod
1500 529 1796 598 humana
1822 525 2145 617 iniquitas
2169 524 2563 593 admitteret.
2607 525 2757 595 Non
2785 525 2987 611 enim,
3024 525 3191 594 sicut
3225 546 3384 617 prae-

261 644 468 737 paravit
494 650 748 712 sanctos
782 643 864 711 ad
887 643 1212 735 justitiam
1237 645 1721 736 percipiendam
1740 698 1757 731 ,
1798 642 1889 710 sie
1915 640 2309 734 praeparavit
2337 641 2602 732 iniquos
2633 640 2714 709 ad
2736 641 3059 732 justitiam
3085 641 3389 710 amitten-

258 762 405 846 dam3
432 759 577 851 quia
599 759 956 851 pravitatis
979 769 1377 851 praeparator
1404 783 1751 853 nunquam
1776 758 1924 826 fuit.
1962 756 2147 825 Sicut
2167 779 2321 845 ergo
2349 756 2828 849 praedestinatio
2857 757 2974 825 Dei
3002 757 3264 850 proprie
3290 765 3387 824 est

258 876 611 969 praescientia
655 884 720 942 et
763 877 1152 967 praeparatio
1192 877 1663 946 beneficiorum
1699 874 1858 961 Dei,
1899 873 2145 965 quibus
2185 874 2535 940 certissime
2572 873 2938 941 liberantur
2985 873 3388 964 quicumque

258 994 602 1072 liberantur;
645 991 740 1059 ita
766 992 1142 1083 reprobatio
1182 993 1303 1060 Dei
1338 1001 1434 1062 est
1458 992 1862 1085 praescientia
1889 989 2162 1057 malitiae
2192 989 2262 1056 in
2287 988 2683 1080 quibusdam
2712 1012 2845 1058 non
2878 988 3292 1075 definiendae,
3324 998 3389 1057 et

260 1108 597 1202 praeparatio
619 1131 832 1199 poenae
861 1132 995 1176 non
1015 1109 1465 1178 terminandae.
1497 1109 1580 1177 Et
1597 1109 1765 1176 sieut
1788 1105 2372 1199 praedestinationis
2391 1106 2658 1173 effectus
2676 1113 2771 1173 est
2797 1105 3025 1195 gratiae
3045 1105 3386 1196 appositio,

261 1227 332 1293 ita
359 1223 815 1317 reprobationis
840 1232 1097 1293 oeternae
1141 1225 1428 1317 quodam
1459 1225 1652 1293 modo
1690 1223 1958 1292 effectus
1997 1246 2131 1291 esse
2157 1222 2418 1291 videtur
2462 1220 2829 1290 obduratio.
2883 1247 2920 1286 «
2944 1220 3077 1289 Nec
3109 1221 3387 1289 obdurat

256 1342 417 1426 Deus,
430 1349 498 1408 ut
511 1340 601 1409 ait
620 1340 1041 1429 Augustinus
1061 1340 1155 1409 ad
1169 1342 1436 1409 Sioetum
1468 1350 1512 1424 ¹,
1536 1339 1969 1432 impartiendo
1985 1338 2329 1424 malitiam,
2348 1339 2459 1407 sed
2479 1361 2612 1406 non
2632 1338 3067 1430 impartiendo
3081 1338 3384 1427 gratiam,

253 1457 390 1525 sicut
410 1478 521 1524 nec
544 1456 732 1545 digni
764 1463 944 1525 sunt.
979 1457 1233 1539 Quibus
1257 1458 1435 1527 enim
1461 1480 1596 1526 non
1622 1456 2022 1549 impartitur,
2054 1478 2173 1523 nec
2201 1455 2385 1545 digni
2410 1463 2564 1524 sunt
2580 1508 2597 1541 ,
2629 1479 2747 1523 nec
2772 1462 3138 1543 merentur;
3171 1455 3388 1546 potius

253 1580 449 1640 utnon
474 1573 921 1662 impartiatur,
967 1573 1091 1641 hoe
1117 1573 1303 1663 digni
1331 1581 1520 1659 sunt,
1559 1573 1683 1642 hoc
1710 1580 2069 1641 merentur.
2095 1599 2130 1637 »
2174 1571 2363 1640 Unde
2399 1572 2753 1663 Apostolus
2780 1570 2955 1639 ait²:
3004 1571 3211 1661 Cujus
3245 1572 3388 1640 vult

253 1688 553 1755 miseretur
588 1690 798 1770 Deua,
850 1700 916 1756 et
961 1712 1151 1780 quem
1178 1691 1321 1757 vult
1347 1689 1666 1774 indurat,·
1700 1688 2211 1758 misericordiam
2245 1689 2582 1778 appellans
2620 1688 3249 1781 praedestinationem
3269 1740 3287 1773 ,
3324 1698 3390 1757 et

251 1804 528 1896 praecipue
563 1805 1156 1896 praedestinationis
1183 1808 1524 1893 effectum,
1571 1808 1640 1876 id
1668 1815 1803 1892 est,
1851 1806 2077 1895 gratiae
2116 1805 2626 1896 appositionem;
2667 1805 3166 1873 obdurationem
3195 1827 3384 1890 vere,

247 1922 436 2010 gratiae
460 1922 918 2010 privationem.
960 1947 996 1987 ε(
1020 1922 1168 1990 Non
1198 1924 1407 2008 enim,
1440 1931 1517 1992 ut
1541 1923 1634 1991 ait
1657 1922 2073 2012 Augustinus
2108 1920 2201 1989 ad
2236 1921 2748 2012 Simplicianum
2771 1928 2794 1964 ⁸
2814 1972 2832 2005 ,
2881 1919 3388 2009 intelligendum

250 2046 326 2105 est
353 2037 518 2128 quod
555 2037 732 2104 Deus
761 2038 853 2105 ita
880 2038 1183 2124 induret,
1219 2040 1407 2130 quasi
1434 2062 1836 2132 quemquam
1864 2060 2124 2130 peecare
2151 2046 2361 2128 cogat.
2411 2036 2541 2106 Sed
2570 2046 2788 2106 tamen
2825 2036 3220 2128 quibusdam
3249 2058 3391 2127 pee-

245 2152 534 2220 catoribus
575 2152 1090 2223 misericordiam
1115 2154 1601 2245 justificationis
1630 2178 1764 2224 suae
1792 2178 1927 2223 non
1953 2155 2258 2243 largitur,
2289 2162 2353 2222 et
2380 2153 2465 2222 ob
2493 2154 2615 2222 hoc
2649 2177 2757 2223 eos
2785 2153 3098 2222 indurare
3124 2152 3388 2239 dicitur,

247 2268 380 2360 quia
405 2292 532 2337 non
562 2291 792 2337 eorum
822 2270 1204 2359 miseretur,
1237 2295 1371 2340 non
1401 2273 1560 2363 quia
1584 2272 1868 2365 impellit
1892 2280 1970 2340 ut
2003 2279 2288 2362 peccent.
2329 2271 2577 2339 Eorum
2606 2278 2825 2338 autem
2856 2291 2989 2337 non
3017 2269 3388 2353 miseretur,

247 2385 456 2475 quibus
481 2386 757 2474 gratiam
783 2408 920 2454 non
946 2388 1363 2479 praebendam
1387 2412 1546 2477 esse,
1582 2388 1888 2481 aequitate
1909 2387 2341 2456 occultissima
2354 2394 2419 2455 et
2439 2387 2518 2454 ab
2543 2386 2849 2455 humanis
2867 2385 3161 2454 sensibus
3178 2409 3391 2454 remo-

37 2572 40 2599 ,
249 2501 486 2586 tissima,
510 2501 764 2592 judicat
791 2527 805 2568 ε
839 2529 875 2568 »
914 2526 1113 2594 quam
1140 2527 1274 2572 non
1303 2506 1533 2597 aperit,
1564 2505 1674 2573 sed
1703 2505 1982 2573 miratur
2007 2502 2359 2596 Apostolus
2385 2502 2606 2571 dicens
2625 2514 2686 2568 ⁸:
2728 2505 2783 2570 O
2809 2500 3095 2570 altitudo
3123 2500 3394 2571 divitia-

37 2622 40 2751 !
247 2640 370 2685 rum
393 2619 732 2710 sapientiae
759 2631 827 2689 et
851 2620 1144 2688 scientioe
1170 2621 1338 2689 Dei!

589 2912 1006 2979 EXPOSITIO
1045 2912 1372 2979 TEXTUS.

309 3077 670 3131 Praedestinatio
692 3092 822 3130 vero
853 3080 932 3129 est
957 3077 1021 3129 de
1042 3077 1193 3130 bonis
1219 3076 1548 3140 salutaribuS,
1576 3080 1674 3128 etc.

313 3222 452 3288 Haec
489 3227 581 3286 est
601 3222 790 3286 tertia
820 3238 989 3303 pars,
1020 3220 1089 3283 in
1121 3239 1250 3303 qua
1290 3222 1426 3303 agit
1456 3220 1755 3302 Magister

246 3327 312 3392 de
339 3328 545 3394 divina
582 3329 845 3394 scientia
872 3332 1189 3391 eontracta
1226 3328 1305 3391 ad
1333 3328 1634 3410 speciales
1661 3328 1756 3390 ef-

249 3434 441 3500 rectus.
471 3435 548 3499 Et
568 3435 874 3499 dividitur
898 3433 1037 3498 haec
1055 3451 1201 3516 pars
1227 3433 1296 3496 in
1312 3432 1472 3496 duas
1499 3435 1709 3515 partes
1733 3455 1749 3497 ι

99 3254 209 3296 tum

248 3539 304 3603 in
327 3542 528 3623 prima
562 3542 697 3624 agit
739 3542 818 3606 de
853 3539 1403 3624 praedestinatione
1441 3543 1506 3603 et
1532 3556 1785 3622 repro-·

251 3645 472 3711 batione
503 3653 819 3731 quantum
848 3646 931 3711 ad
973 3646 1401 3710 causalitatem
1442 3646 1750 3725 activam;

249 3751 308 3814 in
326 3755 587 3818 secunda
619 3752 892 3837 inquirit
923 3757 1144 3817 utrum
1180 3752 1458 3816 habeant
1480 3754 1746 3816 causali-

251 3861 422 3922 tatem
438 3861 774 3943 passivam,
802 3863 1028 3924 utrum
1053 3859 1349 3924 videlicet
1372 3860 1503 3923 sint
1527 3878 1608 3923 ex
1626 3879 1756 3924 me-

249 3965 370 4029 ritis
420 3966 676 4045 nostris,
717 3966 885 4029 infra
907 4013 926 4044 ‚
965 3965 1365 4029 distinctione
1408 3967 1704 4048 proxima
1735 3989 1751 4027 :

251 4070 316 4137 Si
367 4079 567 4140 mrtem
615 4076 966 4156 quaerimus
1020 4074 1323 4139 meritum
1376 4072 1753 4141 obduratio-

249 4180 375 4257 nis,
401 4183 516 4244 etc.
543 4179 756 4244 Prima
796 4198 945 4262 pars
975 4179 1168 4244 habet
1198 4179 1359 4243 duas
1389 4201 1407 4244 ε
1453 4180 1522 4242 in
1549 4180 1758 4262 prima

250 4285 369 4366 agit
391 4285 467 4350 de
497 4287 1080 4369 praedestinatione3
1107 4287 1177 4350 in
1203 4286 1477 4351 secunda
1494 4334 1512 4364 ‚
1544 4286 1623 4350 de
1649 4303 1752 4351 re·

249 4393 586 4472 probatione
603 4442 621 4472 ,
656 4394 747 4456 ihi
776 4412 794 4456 ι
831 4393 1104 4474 cumque
1143 4391 1632 4474 proedestinatio
1659 4394 1756 4460 sit

247 4504 606 4581 proeparatio
632 4502 862 4584 ρταῑὶω
884 4546 904 4577 ,
925 4502 1049 4563 etc.
1095 4497 1311 4564 Prima
1347 4499 1580 4563 iterum
1610 4517 1759 4582 pars

253 4603 606 4672 dividiturin
631 4610 791 4673 duas
823 4627 841 4672 ε
876 4608 949 4670 in
978 4606 1186 4689 prima
1211 4606 1347 4687 agit
1371 4605 1451 4669 de
1478 4607 1758 4688 praedes-

252 4711 548 4779 tinationis
571 4716 917 4799 quidditate
943 4735 960 4794 3
991 4716 1061 4777 in
1085 4714 1362 4778 secunda
1391 4715 1661 4796 inquirit
1680 4715 1758 4780 de

254 4820 380 4899 ejus
407 4826 756 4888 necessitate
781 4872 799 4903 ,
829 4823 919 4887 ibi
944 4844 962 4887 z
996 4820 1602 4888 Prcedestinatorum
1645 4839 1761 4888 au-

257 4930 582 4997 manuus
605 4930 861 4997 videtur
889 4945 1103 5012 posse,
1144 4934 1262 4993 etc.
1306 4928 1381 4992 In
1417 4947 1545 5011 qua
1584 4934 1760 5012 parte

163 5089 169 5096 .
261 5033 453 5114 primo
489 5043 691 5102 movet
728 5037 1191 5103 dubitationem
1206 5085 1227 5116 ‚
1261 5041 1326 5100 et
1368 5036 1667 5119 opponit,
1698 5041 1761 5101 et

260 5138 470 5207 deinde
480 5146 685 5224 solvit3
716 5145 941 5210 deinde
971 5145 1234 5228 opponit
1252 5147 1472 5208 eontra
1498 5161 1759 5226 raspon-

263 5246 518 5332 sionem,
547 5258 611 5317 et
645 5254 870 5319 ultimo
905 5253 1096 5318 solvit
1125 5275 1144 5318 ε
1183 5257 1391 5336 partes
1435 5252 1762 5317 manifeste

324 5373 612 5443 ¹Epist.cv‚
637 5377 701 5430 al.
721 5390 893 5445 σιω,
921 5394 970 5431 c.
989 5391 1074 5446 111,
1101 5392 1155 5430 n.
1177 5382 1256 5432 14.
1281 5381 1377 5417 -2
1395 5380 1551 5440 Rom„
1580 5390 1656 5446 11,
1681 5379 1760 5432 18.

1860 2902 2169 2982 apparent
2206 2898 2278 2961 in
2328 2896 2560 2960 littera.
2615 2894 2921 2958 Similiter
2946 2896 3224 2960 secunda
3248 2916 3393 2979 pars

1859 3004 2302 3081 distinctioni5‚
2334 3003 2404 3064 in
2429 3020 2559 3084 qua
2582 3001 2720 3081 agit
2750 2999 3049 3082 Magister
3075 3002 3153 3067 de
3181 3019 3395 3084 repro·

1861 3111 2137 3188 batione,
2166 3110 2358 3174 habet
2383 3109 2541 3173 duas
2571 3128 2588 3172 z
2623 3108 2689 3171 in
2709 3109 2919 3190 prima
2945 3108 3217 3173 ostendit
3239 3109 3393 3192 quid

1861 3220 1967 3296 sit,
1996 3222 2059 3282 et
2086 3218 2238 3300 quid
2270 3219 2566 3279 connotet
2580 3215 2651 3278 in
2679 3220 2995 3298 quantum
3032 3216 3392 3298 praecogni—

1862 3328 1991 3405 tio;
2030 3328 2103 3390 in
2142 3326 2419 3390 secunda
2445 3343 2599 3389 vero
2620 3370 2638 3401 ‚
2663 3327 2849 3406 cujus
2878 3329 2974 3389 est
3004 3343 3195 3389 causa
3212 3371 3230 3402 ‚
3259 3325 3395 3388 sive

1863 3434 2007 3516 quis
2043 3434 2125 3497 sit
2162 3436 2303 3516 ejus
2328 3431 2618 3508 effectus;
2654 3435 2718 3493 et
2758 3432 2880 3495 hoc
2919 3432 3010 3495 ibi
3044 3454 3060 3496 :
3093 3435 3185 3499 Ec
3223 3434 3396 3499 sicut

1857 3541 2454 3623 praedestinationis
2497 3538 2753 3621 effectus
2810 3545 2903 3606 est
2936 3542 3167 3623 qratiae
3206 3556 3398 3623 appo-

1863 3648 2039 3715 sitio.

2522 3799 2659 3844 nun.
2703 3799 2748 3844 1.

1989 3931 2372 3982 Praedestiuatio
2406 3945 2532 3982 vero
2564 3935 2644 3983 est
2671 3933 2736 3983 de
2768 3932 2919 3983 bonis
2950 3933 3273 3988 salutaribus.

1945 4075 2266 4153 Quaeritur
2294 4093 2450 4157 ergo
2474 4075 2630 4157 quid
2656 4075 3054 4159 intelligatur
3085 4098 3200 4162 per
3233 4081 3400 4145 bona

1864 4183 2184 4247 salutaria.
2219 4181 2285 4246 Si
2324 4185 2399 4244 tu
2424 4182 2595 4246 dicas
2623 4183 2794 4264 quod
2825 4186 3033 4265 gratia
3063 4174 3125 4250 et
3157 4187 3396 4267 gloria3

1865 4310 2021 4373 ergo
2049 4291 2218 4355 sicut
2252 4290 2449 4354 homo
2484 4289 2716 4353 dicitur
2758 4292 3243 4372 praedestinatus
3264 4344 3283 4373 ‚
3312 4296 3402 4362 ita

1866 4399 2075 4480 gratia
2096 4397 2280 4461 debet
2302 4396 2423 4460 dici
2447 4396 2916 4479 praedestinata.

1946 4503 2132 4585 Resp.
2183 4503 2529 4567 Dicendum
2581 4503 2750 4584 quod
2801 4504 3266 4585 praedestinatio
3308 4512 3403 4572 est

1867 4612 2334 4695 praeordinatio.
2366 4611 2441 4674 ln
2469 4611 2998 4693 praeordinatione
3029 4619 3245 4678 autem
3277 4616 3402 4680 tria

1868 4722 2296 4784 concurrunt:
2325 4717 2480 4800 quid
2509 4718 2861 4797 ordinetur,
2893 4724 2957 4783 et
2984 4739 3099 4803 per
3129 4721 3306 4803 quid,
3340 4726 3403 4786 et

1869 4826 1949 4891 ad
1978 4826 2135 4910 quid
2171 4849 2185 4890 z
2221 4826 2523 4909 primum,
2548 4830 2643 4890 est
2666 4826 2860 4892 homo
2873 4852 2903 4902 ,·
2928 4830 3280 4893 secundum
3306 4834 3402 4895 est

1870 4935 2113 5015 gratia3
2140 4933 2398 4998 tertium
2444 4933 2693 5014 gloria:
2741 4935 3045 5017 quoniam
3085 4935 3191 4998 ille
3229 4935 3401 4999 solus

1869 5039 2170 5104 dicendus
2191 5045 2286 5104 est
2312 5041 2820 5123 praedestinatuS,
2849 5042 2961 5122 qui
2992 5041 3400 5122 praedestina-

1868 5146 2040 5210 tione
2079 5146 2430 5211 ordinatur.
2463 5146 2609 5211 Ideo
2649 5150 2819 5229 patet
2863 5147 3037 5229 quod
3080 5148 3291 5230 gratia
3336 5153 3402 5213 et

1871 5306 1974 5344 —8
2007 5309 2158 5372 Aug„
2200 5306 2260 5357 de
2297 5306 2397 5357 div.
2443 5308 2624 5369 Quaest.
2660 5306 2732 5358 ad
2773 5306 3018 5376 Simplic.,
3056 5307 3147 5361 lib.
3171 5310 3221 5376 1,
3250 5322 3301 5384 q.
3334 5320 3398 5380 11,

1869 5391 1926 5429 n.
1946 5380 2026 5432 ¹6.
2048 5406 2105 5416 —
2126 5378 2150 5415 ¹·
2166 5380 2323 5450 Rom„
2352 5389 2427 5450 ιι,
2449 5381 2528 5429 33.
