4125 6225
482 2680 689 2725 Fundam.

707 376 826 440 342

705 520 864 590 ergo
889 506 945 570 si
970 507 1202 571 natura
1237 506 1441 587 potest
1476 503 1546 567 in
1594 504 1772 568 hunc
1815 504 1951 567 sine
1996 503 2236 585 gratia,

688 617 909 700 ,multo
935 614 1163 679 fortius
1188 616 1252 675 et
1282 611 1352 675 in
1388 611 1732 694 quemlibet
1765 611 1967 675 alium
2002 632 2017 674 ε
2048 615 2112 675 et
2151 610 2240 674 ita

705 723 882 789 nulla
909 725 1003 787 est
1029 720 1470 803 opportunitas
1495 720 1721 800 gratiae
1763 722 2013 783 naturae
2050 720 2237 784 insti-

705 834 886 896 tutae.
926 827 1003 892 Et
1020 829 1255 896 iterum
1272 873 1288 903 ‚
1313 826 1367 890 si
1384 825 1822 890 nobilissimus
1848 828 1963 905 est,
1997 824 2124 889 Deo
2148 830 2240 890 est

706 938 974 1024 placitus
990 984 1008 1016 ,
1040 939 1101 999 et
1125 938 1419 1017 acceptus
1450 952 1468 997 :
1496 951 1654 1014 ergo
1679 933 1916 1014 dignus
1936 950 2237 996 remune-

706 1048 953 1113 ratione
983 1066 999 1108 :
1029 1061 1185 1125 ergo
1224 1042 1435 1124 gratia
1474 1059 1607 1107 non
1641 1045 1734 1106 est
1776 1041 2128 1107 necessaria
2160 1041 2240 1105 ad

708 1151 1110 1220 merendum.

787 1265 849 1325 4.
877 1260 1035 1324 Item
1053 1255 1300 1321 dilectio
1326 1255 1635 1320 naturalis
1663 1255 1875 1337 diligit
1899 1255 2071 1338 quod
2097 1255 2237 1319 dili-

710 1369 808 1452 git
836 1385 945 1450 per
970 1365 1239 1429 modum
1270 1363 1564 1429 desiderii
1584 1385 1615 1439 ‚·
1635 1380 1749 1426 seu
1782 1362 2239 1444 concupiscen-

709 1478 816 1542 tiae
835 1494 853 1539 ε
875 1474 984 1539 sed
1000 1472 1208 1537 omnis
1225 1469 1730 1553 concupiscentia
1753 1468 2060 1533 naturalis
2086 1487 2243 1550 sup-

708 1584 892 1668 ponit
906 1582 1187 1664 aliquam
1204 1578 1622 1661 indigentiam
1647 1600 1661 1641 :
1686 1577 1794 1642 sed
1812 1576 2244 1659 quandocum-

711 1709 837 1775 que
866 1689 1096 1771 aliquis
1119 1686 1330 1768 diligit
1369 1684 1608 1768 aliquid
1643 1687 1901 1767 propter
1928 1702 2112 1747 suam
2134 1683 2243 1746 in-

711 1797 1060 1880 digentiam
1081 1844 1099 1874 ,
1129 1793 1338 1874 magis
1364 1790 1574 1872 diligit
1596 1789 1752 1854 illud
1779 1790 1846 1852 in
1868 1808 1999 1872 quo
2025 1794 2120 1854 est
2141 1790 2245 1852 in-

711 1903 993 1987 digentia
1008 1949 1028 1980 ‚
1058 1917 1256 1983 quam
1284 1898 1440 1962 illud
1479 1897 1652 1980 quod
1675 1897 1966 1980 supplet,
1994 1901 2069 1962 ut
2095 1895 2244 1961 cum

711 2014 940 2094 appeto
998 2007 1455 2073 vestimentum
1513 2006 1770 2087 propter
1825 2004 2244 2083 indigentiam

713 2116 993 2199 corporis
1009 2164 1027 2194 ,
1076 2117 1140 2178 et
1179 2111 1467 2176 similiter
1511 2110 1726 2174 cibum
1742 2159 1760 2189 ,
1804 2111 2015 2192 magis
2048 2111 2247 2192 diligo

714 2241 965 2307 corpuS,
988 2238 1184 2304 quam
1208 2220 1659 2284 vestimentum
1684 2219 1790 2283 vel
1814 2219 2029 2282 cibum
2053 2237 2247 2300 :ergo

715 2331 770 2395 si
800 2330 1069 2413 angelus
1096 2327 1466 2393 naturaliter
1503 2327 1714 2408 diligit
1750 2326 1953 2391 Deum
1993 2332 2249 2410 propter

717 2457 902 2505 suam
950 2436 1371 2518 indigentiam
1387 2483 1404 2512 ,
1456 2453 1614 2516 ergo
1661 2434 1870 2516 magis
1928 2434 2136 2516 diligit
2183 2453 2250 2500 se

717 2563 915 2631 quam
941 2545 1166 2610 Deum.

800 2655 1030 2720 Contra
1070 2670 1089 2715 ι
1142 2669 1256 2734 per
1299 2649 1739 2732 Augustinum
1768 2656 1813 2730 ¹,
1844 2648 1922 2716 de
1962 2649 2121 2716 Fide
2162 2649 2253 2715 ad

721 2761 979 2830 Petrum
1009 2781 1033 2825 .·
1075 2783 1107 2822 α
1132 2758 1314 2824 Tales
1355 2758 1521 2823 Deus
1558 2756 1793 2823 creavit
1834 2755 2127 2838 angeIOS‚
2174 2760 2252 2820 ut

717 2885 856 2952 prae
881 2886 949 2932 se
976 2867 1129 2949 ipsis
1152 2865 1337 2930 illum
1365 2864 1730 2946 diligerent,
1762 2865 1948 2946 cujus
1968 2882 2158 2948 opere
2184 2882 2253 2928 se

717 2976 875 3041 tales
901 2976 1142 3039 creatos
1168 2991 1301 3037 esse
1331 2971 1825 3053 cognovissent„
1853 2992 1883 3031 n

802 3082 961 3148 Item
993 3081 1237 3146 ratione
1268 3079 1542 3159 videtur,
1576 3079 1730 3162 quia
1756 3078 2018 3144 affectus
2046 3097 2254 3162 ange-

722 3191 882 3255 licus
899 3189 1155 3254 amabat
1180 3188 1427 3252 bonum
1448 3187 1725 3251 naturali
1746 3186 2078 3253 dilectione
2106 3210 2121 3252 :
2146 3193 2258 3252 aut

724 3315 882 3380 ergo
918 3296 1073 3379 quia
1095 3295 1340 3359 bonum
1358 3340 1373 3371 ,
1408 3297 1522 3357 aut
1546 3293 1698 3376 quia
1725 3294 1972 3358 bonum
2003 3295 2122 3359 sihi
2142 3284 2168 3358 ⁴:
2204 3294 2258 3358 si

726 3405 879 3488 quia
901 3405 1146 3468 bonum
1165 3451 1183 3483 ,
1209 3420 1360 3467 cum
1383 3401 1548 3466 Deus
1569 3405 1732 3466 esset
1751 3419 2004 3466 summe
2025 3402 2255 3482 bonus,

727 3512 937 3594 magis
954 3529 1113 3593 ergo
1139 3511 1350 3594 ipsum
1375 3509 1579 3575 Deum
1600 3527 1797 3591 quam
1820 3509 2059 3592 aliquid
2085 3510 2258 3575 aliud

728 3618 833 3684 dili
839 3619 1061 3700 gebat;
1084 3617 1138 3680 si
1152 3616 1305 3700 quia
1315 3617 1557 3704 bonum
1577 3616 1719 3697 sibi,
1741 3618 1849 3681 sed
1866 3616 2031 3682 Deus
2047 3618 2261 3682 adhuc

728 3725 957 3791 melius
1014 3730 1150 3790 erat
1196 3725 1255 3789 ei
1308 3742 1502 3807 quam
1559 3724 1799 3807 aliquid
1850 3725 2055 3803 aliud,
2109 3727 2262 3808 quia

731 3835 959 3913 bonus,
1007 3834 1140 3897 imo
1191 3833 1472 3915 optimus
1519 3839 1612 3896 est
1654 3831 1906 3897 affectui
1951 3837 2261 3916 quoerentz·

728 3941 915 4008 illum
931 3942 954 3977 ²
984 3963 1010 4006 .·
1036 3957 1194 4021 ergo
1217 3957 1624 4022 quocumque
1661 3939 1850 4003 modo
1874 3938 1981 4022 (a),
2006 3940 2262 4005 videtur

730 4049 904 4132 quod
927 4048 1140 4131 ipsum
1166 4050 1422 4131 propter
1445 4065 1511 4111 se
1539 4051 1603 4111 et
1639 4064 1831 4130 super
1871 4048 2091 4111 omnia
2118 4048 2263 4113 dili-

728 4157 939 4240 gebat.

814 4263 969 4327 Item
1001 4264 1233 4344 gustus
1258 4279 1480 4341 sanus,
1505 4278 1638 4325 non
1660 4278 1879 4325 errans
1903 4261 1972 4326 in
1994 4262 2257 4344 judicic,

732 4372 798 4436 id
825 4372 1034 4452 magis
1072 4368 1378 4434 desiderat
1404 4372 1468 4434 et
1492 4369 1700 4451 magis
1726 4373 1934 4450 amat,
1967 4372 2139 4453 quod
2169 4377 2264 4436 est

731 4477 943 4559 magis
968 4475 1332 4542 delectabile
1364 4498 1380 4541 :
1411 4476 1520 4541 sed
1543 4477 1707 4542 Deus
1726 4480 1822 4541 est
1843 4477 2123 4543 maxime
2152 4478 2259 4542 de-

729 4584 1035 4650 lectabilis
1063 4606 1079 4649 :
1121 4601 1278 4665 ergo
1307 4602 1455 4650 cum
1501 4584 1770 4666 angelus
1811 4604 1851 4649 a
1892 4605 2009 4651 sua
2040 4587 2262 4650 condi-

728 4694 902 4759 tione
918 4691 1041 4756 hoc
1058 4696 1290 4769 nosset,
1311 4697 1374 4756 et
1396 4691 1694 4756 affectum
1718 4710 1949 4759 sanum
1974 4693 2258 4770 haberet,

732 4817 890 4881 ergo
930 4798 1001 4863 in
1027 4816 1103 4863 eo
1134 4803 1390 4881 propter
1417 4816 1484 4863 se
1507 4802 1570 4862 et
1595 4817 1788 4881 super
1813 4801 2028 4864 omnia
2051 4800 2263 4878 delec-

732 4908 984 4971 tabatur
1014 4928 1032 4971 2
1061 4906 1171 4970 sed
1201 4905 1358 4970 illud
1383 4905 1593 4987 magis
1623 4905 1850 4986 diligit,
1880 4908 1948 4970 in
1965 4925 2096 4990 quo
2125 4926 2263 4971 ma—

733 5014 838 5096 gis
868 5018 992 5092 est,
1032 5016 1096 5077 et
1116 5016 1374 5095 propter
1395 5030 1463 5075 se
1501 5012 1847 5076 delectatur
1875 5032 1892 5076 ε
1923 5032 2110 5095 erge,
2142 5018 2260 5079 etc.

813 5119 973 5185 item
1011 5120 1136 5184 hoc
1176 5118 1551 5184 mandatum
1580 5119 1658 5184 de
1701 5119 2022 5201 diligendo
2059 5121 2262 5187 Deum

733 5230 993 5309 propter
1014 5245 1083 5292 se
1111 5230 1175 5291 et
1198 5244 1392 5309 super
1417 5226 1666 5307 omnia,
1694 5229 1830 5290 erat
1861 5228 2166 5309 scriptum
2197 5230 2266 5292 in

737 5351 756 5384 ²
775 5350 871 5402 Vel
897 5352 1065 5414 potius
1104 5352 1357 5416 Fulgent„
1384 5351 1446 5402 de
1472 5351 1596 5403 Fide
1624 5351 1694 5403 ud
1714 5352 1871 5417 Petr„
1900 5366 1949 5403 c.
1971 5366 2066 5419 111,
2095 5368 2148 5406 n.
2169 5357 2224 5405 31
2245 5390 2264 5420 ,

1816 366 2440 435 SENTENTIARUM
2479 368 2628 434 LIB.
2667 370 2749 438 ΙΙ.

2349 504 2536 572 corde
2575 505 2792 588 angeli
2821 525 2840 570 z
2884 524 3041 588 ergo
3082 506 3464 572 conscientia
3499 507 3777 571 dictabat
3817 505 3874 569 ei

2348 612 2518 693 quod
2536 613 2615 677 ad
2637 614 2760 678 hoc
2784 615 3119 680 tenebatur
3150 639 3165 680 ι
3196 633 3354 697 ergo
3379 616 3432 678 si
3458 633 3590 680 non
3617 614 3711 678 sic
3734 613 3876 678 dili-

2349 719 2569 800 gebat,
2615 725 2832 786 contra
2878 722 3327 788 conscientiam
3365 723 3632 787 faciebat
3665 741 3684 786 ε
3726 739 3879 801 ergo

2349 827 2647 907 peccabat
2675 846 2693 891 ε
2717 845 2898 909 ergo,
2926 833 3074 893 ante
3094 835 3442 911 peccatum,
3471 829 3677 894 Deum
3694 847 3880 911 super

2350 933 2569 998 omnia
2605 934 2931 1016 diligebat.
2964 934 3030 999 Si
3061 939 3133 999 tu
3159 937 3328 1000 dicas
3355 936 3524 1019 quod
3552 935 3883 1000 conscien-

2348 1042 2440 1107 tia
2463 1061 2595 1107 non
2621 1043 2941 1124 obligabat
2961 1063 3113 1109 eum
3138 1045 3260 1109 nisi
3283 1064 3394 1128 pro
3422 1049 3713 1127 tempore
3735 1062 3880 1126 gra·

2351 1149 2480 1230 tiae,
2511 1149 2664 1232 quia
2688 1156 2834 1215 ante
2858 1170 2990 1216 non
3017 1156 3292 1234 poterat3
3317 1155 3538 1216 contra
3561 1173 3577 1216 ι
3601 1151 3882 1215 Affectus

2352 1256 2564 1337 angeli
2591 1261 2737 1322 ante
2760 1264 3086 1341 peccatum
3111 1278 3244 1324 non
3269 1260 3680 1343 repugnabat
3703 1257 3883 1322 intel-

2350 1363 2564 1440 lectui,
2594 1364 2877 1447 alioquin
2902 1371 3048 1431 ante
3080 1371 3406 1449 peccatum
3432 1371 3565 1431 erat
3593 1366 3876 1430 bellum:

2352 1472 2461 1535 sed
2503 1471 2872 1536 intellectus
2897 1473 3047 1537 dicit
3087 1474 3251 1538 nihil
3302 1492 3437 1538 esse
3482 1474 3884 1556 diligendum

2353 1595 2544 1661 super
2575 1580 2795 1643 omnia
2813 1629 2831 1657 ‚
2861 1581 2985 1644 nisi
3015 1581 3252 1645 Deum:
3281 1600 3436 1663 ergo
3459 1600 3614 1646 cum
3633 1587 3886 1664 oporte-

2354 1690 2449 1750 ret
2476 1686 2780 1768 angelum
2823 1688 3065 1770 aliquid
3091 1689 3360 1769 diligere
3394 1707 3588 1771 super
3635 1690 3882 1767 omnia,

2354 1811 2606 1858 necesse
2642 1800 2775 1859 erat
2797 1796 2970 1878 quod
2994 1800 3107 1860 aut
3134 1796 3427 1878 diligeret
3457 1797 3664 1862 Deum
3695 1816 3886 1879 prop-

2355 1903 2451 1964 ter
2492 1919 2559 1965 se
2595 1907 2657 1966 et
2686 1920 2876 1984 super
2921 1904 3168 1981 omnia,
3219 1907 3332 1968 aut
3383 1904 3616 1969 faceret
3674 1910 3887 1969 contra

2356 2008 2799 2074 conscientiam
2815 2059 2832 2089 ,
2860 2014 2923 2075 et
2949 2012 3036 2074 ita
3061 2014 3366 2094 peccaret.

2438 2112 2594 2180 Item
2631 2116 2899 2196 angelus
2938 2117 3244 2199 diligebat
3283 2117 3480 2181 Deum
3530 2141 3546 2182 ι
3577 2122 3700 2182 aut
3738 2135 3890 2198 ergo

2358 2219 2605 2301 fruenS,
2637 2225 2753 2286 aut
2778 2227 2967 2287 utens
2997 2247 3012 2288 ι
3052 2224 3106 2287 si
3144 2225 3393 2302 fruens,
3432 2242 3590 2305 ergo
3633 2229 3893 2307 propter

2357 2345 2456 2406 se,
2501 2332 2563 2391 et
2612 2348 2803 2412 super
2851 2331 3106 2410 omnia;
3154 2332 3207 2394 si
3255 2336 3476 2408 utenS,
3525 2350 3694 2412 ergo
3747 2349 3891 2394 cum

2357 2453 2613 2500 summa
2642 2439 2962 2519 perversio
2988 2440 3068 2520 sit
3093 2439 3188 2504 uti
3219 2439 3507 2503 fruendis
3523 2487 3542 2519 ‚
3577 2444 3717 2503 erat
3747 2457 3894 2521 per-

2358 2561 2612 2622 verSUS,
2657 2549 2719 2608 et
2763 2546 3023 2611 affectus
3053 2551 3190 2611 erat
3215 2546 3288 2609 in
3331 2565 3406 2611 eo
3452 2546 3890 2621 inordinatus,

2360 2668 2509 2714 cum
2538 2652 2768 2717 faceret
2789 2655 2866 2718 de
2885 2654 2989 2719 via
3004 2654 3378 2732 terminum,
3400 2656 3462 2718 et
3482 2673 3518 2718 e
3539 2669 3851 2717 converso
3874 2672 3889 2715 ε

2360 2761 2530 2845 patet
2557 2778 2714 2840 ergo
2730 2809 2749 2839 ,
2776 2765 2896 2825 etc.

2900 2973 3345 3041 CONCLUSIO.

2364 3103 2603 3175 Angelus
2629 3109 2789 3177 atque
2803 3106 2975 3173 home,
2997 3122 3114 3164 eum
3134 3109 3267 3164 recti
3284 3108 3454 3163 creati
3467 3108 3684 3176 simut
3704 3124 3742 3164 a
3769 3110 3890 3174 Deo,

2435 3208 2712 3266 eorumque
2756 3195 3018 3252 rectitudo
3057 3199 3120 3252 in
3152 3211 3330 3252 amore
3366 3199 3661 3265 consistat,
3695 3197 3897 3254 habiles

2433 3283 2654 3351 fuerunt
2680 3284 2755 3340 ad
2778 3285 3109 3355 diliqendum
3137 3288 3302 3342 Deum
3323 3289 3547 3358 propter
3571 3301 3626 3343 se
3665 3291 3722 3345 et
3746 3300 3897 3358 super

2437 3374 2638 3437 omnia,
2666 3374 2917 3429 naturali
2941 3373 3239 3430 dilectione.

2449 3509 2631 3593 Resp.
2658 3510 2737 3575 ad
2760 3512 3031 3593 Argum.
3062 3511 3410 3576 Dicendum
3436 3512 3631 3594 quod,
3662 3514 3898 3594 absque

2368 3617 2561 3683 dubio
2584 3667 2601 3697 ‚
2633 3622 2917 3700 tempore
2958 3622 3207 3683 naturae
3236 3619 3573 3699 institutae,
3610 3625 3749 3684 tam
3785 3620 3898 3683 ho·

2370 3744 2475 3790 mo
2494 3774 2510 3804 ‚
2543 3743 2736 3808 quam
2764 3725 3034 3806 angelus
3053 3774 3070 3804 ‚
3102 3726 3330 3793 habilis
3358 3730 3493 3790 erat
3518 3726 3597 3790 ad
3625 3726 3896 3808 diligen-

2368 3833 2525 3898 dum
2569 3832 2769 3898 Deum
2813 3838 3069 3916 propter
3102 3852 3168 3897 se
3208 3838 3270 3897 et
3308 3853 3500 3916 super
3536 3836 3779 3899 omnia.
3823 3833 3896 3897 Et

2367 3942 2491 4006 hoc
2518 3946 2688 4024 patet
2715 3960 2732 4005 :
2762 3941 3148 4023 impossibile
3172 3942 3346 4005 enim
3373 3946 3506 4005 erat
3531 3961 3684 4006 eum
3720 3943 3896 4007 aliter

2368 4067 2502 4113 esse
2528 4053 2794 4115 rectum.
2813 4049 3149 4115 ,Rectitudo
3177 4049 3351 4114 enim
3371 4050 3601 4114 mentis
3619 4049 3897 4114 consistit

2368 4156 2723 4222 radicaliter
2770 4157 2838 4219 in
2880 4174 3098 4221 amore
3146 4179 3160 4220 :
3205 4175 3386 4220 amor
3433 4160 3648 4221 autem
3689 4162 3894 4222 rectus

2369 4282 2644 4329 essenon
2669 4267 2892 4346 potest,
2918 4263 2971 4327 si
2985 4262 3222 4344 aliquid
3240 4262 3464 4343 diligat
3483 4281 3677 4346 supra
3699 4263 3889 4328 Deum

2370 4371 2472 4436 vel
2515 4388 2699 4453 aeque
2743 4418 2760 4447 ‚
2801 4370 2906 4433 vel
2947 4369 3186 4452 aliquid
3232 4369 3460 4450 diligat
3495 4376 3754 4452 propter
3795 4388 3888 4442 se,

2369 4482 2435 4542 et
2471 4478 2672 4542 Deum
2712 4481 2970 4558 propter
3013 4476 3184 4539 aliud
3219 4493 3236 4538 :
3268 4476 3324 4538 si
3352 4493 3510 4556 ergo
3549 4475 3718 4540 Deus
3758 4476 3894 4539 fecit

2368 4584 2700 4649 hominem
2740 4586 2804 4646 et
2846 4582 3153 4663 angelum
3188 4585 3436 4647 rectum
3459 4630 3480 4661 ‚
3519 4588 3690 4665 patet
3731 4579 3893 4664 quod

2370 4691 2720 4773 unicuique
2760 4689 2933 4754 dedit
2979 4689 3372 4754 habilitatem
3426 4690 3505 4754 ad
3551 4690 3891 4754 amandum

2372 4799 2576 4863 Deum
2593 4814 2787 4879 super
2800 4796 3021 4860 omnia
3036 4801 3100 4860 et
3120 4802 3377 4879 propter
3400 4815 3488 4861 se.
3507 4796 3685 4861 Patet
3706 4798 3887 4862 etiam

2371 4906 2494 4970 hoc
2519 4904 2803 4988 planius,
2833 4903 2884 4966 si
2912 4903 3314 4968 attendamus
3336 4904 3492 4987 quid
3517 4908 3611 4969 oet
3637 4904 3892 4986 diligere

2371 5016 2629 5097 propter
2656 5030 2722 5075 se
2761 5014 2826 5075 et
2850 5029 3042 5093 super
3073 5012 3309 5074 omnia.
3371 5010 3694 5092 Contingit
3727 5010 3887 5075 enim

2374 5119 2612 5203 aliquid
2655 5118 2842 5200 diligi
2880 5117 3208 5183 dilectione
3248 5118 3793 5201 concupiscentiae,
3820 5116 3893 5178 si·

2373 5228 2507 5334 inter
2524 5295 2682 5345 opera
2708 5282 2761 5333 S.
2788 5282 3018 5344 August„
3043 5279 3275 5342 append.
3307 5284 3344 5329 t.
3371 5280 3438 5330 vl
3453 5317 3472 5344 ,
3495 5280 3612 5331 edit.
3642 5278 3888 5332 Benedici.

2376 5382 2432 5393 --
2451 5356 2474 5390 ¹
2493 5354 2689 5418 Thren„
2717 5365 2799 5417 111,
2824 5354 2901 5404 25.
2923 5378 2983 5390 —
3011 5352 3079 5417 (a)
3111 5350 3285 5417 Suppl.
3313 5351 3623 5405 intenderet.
