4125 6225
1261 435 1459 501 DIST.
1505 433 1608 501 lv.
1651 430 1833 498 ΛΒΤ.
1880 432 1988 499 111.
2033 436 2336 512 QUAEST.
2380 437 2423 502 1.

265 574 377 636 cut
402 570 553 635 dicit
578 571 988 653 Augustinus
1008 622 1026 650 ,
1057 577 1122 637 et
1153 589 1346 655 super
1392 572 1708 649 Genesim,
1739 571 1803 631 et

267 671 348 738 de
394 672 670 744 civitate
700 676 824 744 Dei
858 677 902 756 ¹,
942 680 1006 741 et
1048 677 1318 742 formata
1346 675 1472 740 fuit
1507 693 1623 758 per
1649 691 1806 757 gra-

264 780 425 844 tiam
447 785 513 846 et
536 782 811 863 gloriam
840 805 856 847 :
890 802 1040 847 cum
1070 801 1227 864 ergo
1263 782 1477 864 angeli
1505 801 1626 846 nec
1654 799 1806 862 gra-

263 886 422 950 tiam
441 935 459 965 ,
507 907 625 952 nec
667 888 940 971 gloriam
984 890 1325 954 habuerint
1370 889 1439 952 in
1489 887 1806 971 principio

262 994 671 1071 conditioniS,
698 997 999 1078 quianon
1022 999 1233 1061 essent
1255 997 1438 1078 lapsi,
1466 996 1646 1077 ergo,
1678 999 1798 1059 etc.

344 1098 544 1180 Item,
584 1102 639 1166 si
669 1103 739 1165 in
779 1104 1090 1186 principio
1135 1103 1513 1167 conditionis
1556 1102 1805 1165 babue-

258 1213 419 1273 runt
445 1212 875 1292 cognitionem
916 1213 1301 1276 matutinam
1326 1261 1342 1291 ,
1381 1230 1531 1276 cum
1563 1212 1807 1277 daemo-

258 1336 378 1383 nes
423 1320 698 1386 babeant
740 1322 859 1385 sibi
917 1322 1064 1386 data
1118 1321 1370 1402 integra
1408 1324 1470 1385 et
1527 1321 1808 1403 splendi-

258 1424 546 1507 dissima,
584 1428 861 1492 maxime
889 1447 1036 1512 quae
1067 1431 1348 1510 spectant
1373 1430 1452 1494 ad
1483 1429 1799 1509 cognitio-

257 1550 413 1596 nem
447 1581 467 1612 ,
520 1552 678 1615 ergo
727 1535 937 1600 adhuc
989 1536 1298 1600 haberent
1370 1536 1806 1617 cognitionem

261 1643 647 1706 matutinam
694 1664 710 1706 z
764 1644 870 1707 sed
913 1645 1196 1725 cognitio
1238 1644 1554 1707 matutina
1592 1646 1685 1706 est
1736 1645 1806 1708 in

257 1744 472 1811 Verbo
502 1755 565 1812 et
588 1750 656 1813 in
676 1750 1033 1815 rationibus
1052 1751 1308 1815 aeternis
1334 1772 1347 1813 :
1375 1767 1531 1831 ergo
1558 1751 1806 1815 daemo-

257 1871 374 1917 nes
416 1854 627 1920 adhuc
669 1857 977 1922 baberent
1021 1857 1210 1921 istam
1257 1857 1693 1939 cognitionem
1739 1857 1808 1921 in

255 1958 473 2027 Verbo
504 2012 521 2043 ,
581 1965 753 2045 quod
788 1968 883 2028 est
927 1968 1145 2030 contra
1182 1964 1624 2046 Augustinum
1654 2014 1673 2045 ,
1727 1965 1807 2032 de

263 2068 544 2138 civitate
576 2072 693 2138 Dei
710 2079 758 2150 ³,
786 2073 898 2155 qui
921 2073 1071 2136 dicit
1094 2073 1170 2137 de
1199 2072 1445 2137 Christo
1466 2121 1485 2151 ,
1513 2073 1685 2155 quod
1710 2073 1808 2137 in-

258 2178 474 2242 notuit
499 2179 900 2243 daemonibus
927 2198 1055 2243 non
1083 2196 1197 2262 per
1217 2179 1305 2255 id,
1336 2179 1505 2260 quod
1528 2183 1622 2243 est
1643 2179 1797 2256 vita,

259 2288 322 2348 et
350 2284 578 2348 lumen
611 2285 691 2368 (a)
719 2286 1279 2365 incommutabile3
1312 2286 1420 2351 sed
1450 2303 1562 2368 per
1587 2303 1809 2368 quem-

258 2391 414 2456 dam
441 2392 604 2455 lucis
627 2392 926 2457 effectum
961 2393 1062 2476 (b).

336 2498 501 2563 Item
516 2544 533 2576 ‚
563 2498 727 2563 sicut
750 2502 920 2582 patet
956 2519 1039 2564 ex
1068 2504 1249 2565 textu
1270 2548 1289 2578 ‚
1328 2518 1596 2582 vespera
1633 2517 1807 2583 prae-

257 2607 426 2672 cedit
450 2625 642 2671 mane
662 2653 679 2684 ‚
709 2608 882 2671 unde
910 2606 1139 2671 dicitur
1160 2609 1223 2672 ³:
1258 2608 1529 2675 Factum
1556 2614 1649 2674 est
1677 2624 1807 2675 ves-

252 2719 444 2795 pere,
465 2716 583 2777 etc.
620 2735 635 2778 :
667 2730 824 2793 ergo
854 2712 1134 2795 cognitio
1164 2715 1523 2797 vespertina
1549 2715 1808 2779 matuti-

259 2839 421 2886 nam
449 2844 463 2884 :
491 2820 599 2885 sed
631 2820 914 2902 cognitio
943 2821 1309 2904 vespertina
1337 2821 1624 2903 sequitur
1643 2823 1809 2886 exis-

256 2930 530 2995 tentiam
557 2946 782 2994 rerum
804 2978 821 3009 ‚
840 2929 1004 2992 sicut
1021 2929 1275 3008 dicitur,
1304 2945 1496 3011 super
1519 2928 1807 2995 Genesim

258 3036 347 3103 ad
380 3036 685 3116 litteram,
716 3035 829 3098 lib.
855 3034 959 3112 IV,
988 3035 1100 3099 ubi
1128 3035 1279 3099 dicit
1301 3035 1708 3118 Augustinus
1737 3044 1803 3100 *ε

265 3168 296 3207 α
321 3144 466 3209 Nisi
496 3144 678 3226 prius
702 3144 784 3207 sit
826 3142 998 3225 quod
1025 3146 1468 3224 cognoscatur,
1508 3144 1807 3225 cognosci

255 3270 393 3316 non
421 3255 666 3333 potest:
692 3272 725 3311 n
759 3269 918 3333 ergo
952 3250 1232 3333 cognitio
1260 3252 1573 3317 matutina
1598 3254 1806 3336 sequi-

256 3365 364 3424 tur
388 3359 823 3441 vespertinam
858 3380 873 3423 z
901 3376 1059 3440 ergo
1085 3364 1329 3442 oportet
1356 3361 1524 3442 quod
1560 3361 1642 3424 sit
1666 3366 1807 3444 post

256 3468 664 3532 existentiam
691 3486 911 3533 rerum
938 3487 955 3532 ε
987 3487 1147 3550 ergo
1175 3471 1449 3535 nonfuit
1476 3474 1806 3535 concreata

257 3573 511 3655 augelis
538 3592 577 3637 a
604 3573 941 3656 principio.
973 3573 1081 3638 Est
1106 3574 1309 3656 igitur
1334 3579 1604 3659 quaestio
1625 3627 1645 3659 ‚
1677 3596 1804 3661 quo

258 3679 488 3758 mod0,
523 3680 577 3743 si
604 3679 822 3743 omnia
852 3679 1044 3743 simul
1072 3687 1281 3746 creata
1316 3687 1505 3763 suut,
1534 3685 1805 3767 qualiter

256 3787 535 3869 angelus
583 3789 793 3870 potuit
836 3805 1221 3868 cognoscere
1272 3808 1375 3854 res
1430 3793 1672 3855 fiendas
1723 3792 1803 3857 de

258 3896 472 3977 primo
499 3893 745 3958 creatis.
772 3892 1053 3958 Rursus:
1082 3894 1151 3958 Si
1180 3896 1495 3960 matutina
1519 3898 1804 3979 cognitio

257 4008 351 4065 est
383 4001 685 4081 gloriosa,
714 4001 1034 4083 quomodo
1060 4003 1268 4084 potuit
1294 4020 1428 4067 esse
1453 4004 1526 4068 in
1553 4004 1805 4085 angelis

257 4128 294 4172 a
307 4127 432 4173 suo
447 4108 819 4190 primordio,
838 4127 988 4173 cum
1007 4128 1229 4174 omnes
1247 4109 1524 4192 aequales
1537 4111 1799 4193 fuerint,

258 4218 422 4282 sicut
441 4217 847 4298 Augustinus
865 4216 1119 4282 videtur
1134 4217 1296 4281 velle
1316 4218 1527 4282 dicere
1548 4218 1629 4282 ad
1653 4217 1804 4283 Oro—

259 4324 431 4388 sium
458 4329 507 4400 ⁸,
537 4327 601 4388 et
631 4323 932 4406 Magister
957 4323 1107 4387 dicit
1140 4325 1208 4387 in
1233 4324 1480 4388 littera?

806 4593 1253 4662 CONCLUSIO.

267 4760 509 4831 Angelus
560 4774 597 4813 a
636 4760 722 4815 sui
766 4761 1033 4815 creatione
1075 4761 1403 4816 matutinam
1444 4763 1804 4834 coqnitionem

335 4865 444 4906 non
469 4848 690 4914 habuit,
719 4864 837 4904 cum
861 4851 1008 4904 inter
1025 4851 1346 4904 creationem
1372 4854 1425 4906 et
1454 4851 1690 4923 lapsum,
1718 4854 1804 4908 vel

335 4940 618 5005 meritum,
651 4938 843 5009 aliqua
868 4940 1182 5007 interfuerit
1207 4953 1393 5006 mora3
1424 4939 1566 5010 quod
1588 4942 1638 4995 si
1663 4956 1805 4999 secus

335 5026 649 5100 quandoque
670 5026 924 5083 videatur
953 5028 1124 5083 dicere
1151 5025 1506 5098 Auqustinus,
1538 5046 1645 5086 non
1667 5045 1803 5087 asse-

333 5118 518 5184 renda,
545 5117 637 5173 sed
659 5117 979 5189 inquirendo
1001 5120 1187 5190 potius
1218 5117 1551 5188 loquebatur.

345 5285 529 5369 Resp.
566 5286 647 5350 ad
675 5287 835 5369 Arg.
886 5286 1238 5353 Dicendum
1264 5288 1438 5371 quod
1470 5288 1635 5353 circa
1681 5290 1809 5356 hoc,

266 5391 535 5456 diversae
558 5396 711 5455 sunt
735 5392 1079 5474 positiones
1095 5441 1113 5471 ‚
1134 5412 1282 5476 quae
1301 5400 1702 5477 consurgunt
1719 5417 1803 5463 ex

3339 441 3455 505 35³7

1914 569 2441 638 diversificatIone
2478 572 2824 637 verborum
2850 572 3201 653 Augustini
3239 572 3311 638 in
3335 573 3458 639 hac

1912 680 2199 743 materia.
2224 679 2492 757 Quidam
2517 679 2690 743 enim
2719 679 3110 745 attendentes
3145 678 3226 744 ad
3258 680 3457 745 verba

1912 785 2259 867 Augustini
2272 802 2467 868 super
2490 787 2781 854 Genesim
2801 786 2890 853 ad
2909 786 3211 866 litteram,
3236 786 3456 852 dicunt

1912 892 2109 975 quod,
2136 894 2391 977 quando
2415 894 2730 976 quaeritur
2749 899 2970 958 utrum
2989 893 3203 976 angeli
3221 912 3259 957 a
3282 894 3453 976 prin-

1914 1001 2080 1084 cipio
2107 1019 2243 1066 suae
2281 1000 2617 1066 creationis
2644 1001 3082 1082 cognitionem
3110 1001 3456 1066 habuerint

1913 1109 2316 1185 matutinam,
2345 1107 2631 1172 facienda
2651 1111 2744 1171 est
2761 1108 2860 1174 vis
2890 1130 2904 1173 :
2936 1112 3048 1173 aut
3070 1108 3246 1172 enim
3274 1125 3455 1191 quae-

1910 1215 2078 1278 ritur
2114 1215 2190 1279 de
2231 1215 2566 1294 omnihuS,
2617 1217 2730 1278 aut
2770 1214 2849 1278 de
2888 1214 3206 1297 aliquibus
3246 1233 3264 1279 ε
3295 1214 3350 1278 si
3375 1215 3454 1279 de

1911 1322 2213 1386 omnihus
2228 1370 2247 1401 ,
2283 1323 2372 1385 sic
2399 1321 2824 1404 respondent,
2872 1320 3043 1404 quod
3073 1339 3206 1385 non
3232 1340 3455 1386 omnae

1911 1429 2274 1494 habuerunt
2305 1450 2319 1492 :
2353 1427 2603 1492 Lucifer
2631 1429 2805 1492 enim
2846 1447 3184 1511 nunquam
3227 1427 3456 1494 habuit

1913 1554 2080 1617 cogn
2090 1536 2355 1600 itionem
2371 1535 2752 1600 matutinam
2771 1584 2790 1615 ,
2816 1536 2968 1618 quia
2991 1554 3334 1618 nunquam
3359 1537 3455 1601 di-

1912 1642 2132 1706 vinam
2175 1641 2386 1708 lucem
2411 1641 2573 1706 vidit
2607 1642 2677 1705 in
2712 1641 2949 1724 seipsa,
2981 1641 3142 1705 sicut
3168 1641 3239 1705 iu
3267 1647 3454 1706 ante-

1912 1750 2280 1814 cedentibus
2307 1752 2739 1814 monstratum
2767 1754 2880 1814 est.
2914 1749 2979 1814 Si
3009 1752 3224 1814 autem
3265 1767 3456 1833 quae·

1914 1860 2096 1921 ratur
2121 1859 2200 1922 de
2227 1857 2547 1940 aliquibus
2563 1906 2581 1937 ,
2609 1858 2703 1922 sic
2727 1857 2984 1937 dicunt,
3016 1857 3188 1940 quod
3215 1856 3453 1923 hahue-

1910 1969 2098 2045 runt,
2130 1966 2285 2048 quia
2310 1964 2503 2028 simul
2529 1968 2813 2048 tempore
2841 1969 2993 2030 sunt
3019 1965 3247 2045 creati,
3281 1968 3346 2030 et
3372 1966 3453 2030 ad

1913 2070 2117 2137 Deum
2141 2091 2253 2155 per
2278 2072 2554 2153 gloriam
2572 2072 2861 2139 conversi
2887 2120 2905 2151 ,
2935 2071 3092 2136 et-in
3110 2073 3333 2137 eodem
3357 2073 3455 2137 in-

1912 2180 2105 2243 stanti
2144 2182 2295 2242 sunt
2339 2180 2627 2259 formati,
2676 2183 2740 2243 et
2766 2198 2806 2242 a
2833 2180 3109 2244 tenebris
3135 2179 3358 2259 divisi3
3391 2183 3455 2244 et

1914 2285 1983 2349 in
2018 2284 2242 2350 eodem
2284 2285 2550 2350 instanti
2599 2304 2701 2349 res
2745 2303 2970 2350 omues
3010 2291 3456 2367 cognoverunt

1913 2395 2274 2459 secundum
2298 2411 2491 2459 suum
2522 2393 2810 2459 ordinem
2826 2440 2843 2472 ,
2872 2397 2935 2458 et
2962 2394 3449 2474 connexionem,

1913 2503 1976 2564 et
2001 2500 2125 2566 hoc
2144 2502 2214 2565 in
2242 2503 2380 2585 ipso
2410 2500 2632 2567 Verbo.
2662 2500 2818 2578 Quae
2836 2519 2959 2580 reS,
2992 2502 3110 2564 etsi
3137 2502 3205 2564 in
3231 2503 3454 2567 eodem

1911 2607 2264 2672 instanti'et
2290 2607 2482 2688 simul
2506 2625 2654 2671 cum
2678 2608 2925 2688 angelis
2951 2609 3215 2672 fuerunt
3238 2610 3452 2673 condi-

1912 2718 1996 2778 tae
2014 2762 2032 2794 ,
2048 2719 2261 2780 tamen
2277 2715 2660 2796 augelorum
2677 2713 3034 2778 conditione
3045 2760 3065 2792 ,
3087 2719 3151 2779 et
3167 2714 3452 2797 ipsorum

1912 2823 1992 2886 ad
2032 2822 2235 2886 Deum
2262 2821 2673 2886 conversione
2689 2867 2708 2898 ,
2749 2823 2901 2883 sunt
2929 2821 3310 2902 posteriores
3337 2840 3451 2885 na-

1911 2932 2058 2994 tura
2081 2933 2143 2994 et
2173 2930 2479 3011 dignitate
2503 2950 2518 2992 z
2544 2932 2607 2993 et
2625 2928 2767 2992 ideo
2790 2928 3023 2992 dicitur
3040 2928 3208 3010 quod
3232 2929 3451 3011 angeli

1912 3037 1981 3101 in
2008 3035 2216 3101 Verbo
2240 3039 2684 3119 cognoverunt
2710 3051 2812 3099 res
2837 3034 3184 3116 faciendas,
3209 3039 3273 3100 et
3295 3036 3452 3106 illud

1914 3164 2207 3227 expresse
2245 3146 2546 3211 videntur
2590 3161 2817 3208 sonare
2857 3143 3057 3209 verba
3103 3144 3453 3225 Augustini

1912 3253 1981 3316 in
1998 3252 2077 3318 lv
2091 3269 2279 3336 super
2298 3254 2587 3319 Genesim
2606 3250 2696 3317 ad
2716 3252 3015 3327 litteram,
3038 3249 3204 3313 circa
3227 3251 3449 3314 finem.

1914 3359 2036 3425 Sed
2076 3362 2381 3444 quoniam
2407 3359 2844 3441 Augustinus,
2878 3357 2957 3423 de
2991 3358 3262 3423 Civitate
3291 3358 3450 3438 Dei,

1914 3486 2210 3551 expresse
2260 3467 2514 3534 videtur
2568 3466 2801 3530 sentire
2855 3465 3250 3529 contrarium
3297 3488 3313 3529 :
3361 3465 3454 3529 ibi

1914 3576 2086 3639 enim
2113 3575 2362 3652 dicitur,
2389 3573 2560 3656 quod
2583 3573 2773 3637 fuerit
2795 3590 2976 3637 mora
2993 3572 3160 3635 inter
3187 3571 3454 3635 creatio-

1913 3702 2066 3747 nem
2111 3686 2173 3747 et
2211 3682 2493 3763 lapsum,
2539 3684 2603 3744 et
2642 3678 2812 3761 quod
2853 3682 2999 3741 ante
3045 3678 3297 3760 lapsum
3338 3696 3456 3743 nec

1913 3790 2064 3854 boni
2093 3789 2338 3871 praescii
2373 3788 2636 3852 fuerunt
2660 3785 3068 3850 beatitudinis
3088 3833 3106 3865 ,
3155 3803 3273 3849 nec
3300 3785 3454 3849 mali

1913 3898 2211 3973 miseriae,
2241 3914 2358 3959 nec
2385 3895 2642 3971 milax,
2674 3894 2903 3957 necilli
2926 3893 3206 3956 tenebrae
3236 3896 3448 3969 erant;

1912 4006 2053 4070 ideo
2069 4054 2088 4085 ,
2127 4024 2210 4068 ne
2249 4003 2369 4068 sibi
2400 4002 2826 4067 contradicere
2853 4001 3144 4066 videatur
3165 4047 3182 4078 ,
3221 4000 3451 4064 distin-

1912 4117 2128 4196 guunt
2154 4111 2351 4193 aliqui
2379 4109 2812 4191 cognitionem
2838 4109 3218 4172 matutinam
3247 4106 3454 4190 dupli·

1912 4222 2088 4285 citer.
2137 4220 2584 4301 Cognitionem
2632 4218 2806 4282 enim
2843 4217 3226 4281 matutinam
3272 4221 3457 4280 vocat

1912 4328 2315 4409 Augustinus
2342 4326 2771 4407 cognitionem
2800 4326 2870 4389 in
2889 4324 3118 4389 Verbo.
3147 4323 3222 4385 Iu
3245 4321 3454 4388 Verbo

1913 4435 2132 4496 autem
2158 4430 2495 4512 dupliciter
2521 4430 2821 4493 dicuntur
2848 4444 3229 4507 cognoscere
3268 4449 3283 4490 :
3322 4443 3454 4490 uno

1912 4539 2104 4603 modo
2153 4538 2424 4621 perfecte
2456 4583 2474 4613 ‚
2521 4536 2755 4599 scilicet
2797 4531 3178 4616 speculando
3232 4536 3296 4595 et
3350 4532 3452 4596 in-

1911 4646 2149 4712 tuendo
2191 4645 2405 4727 ipsum
2432 4643 2714 4710 Verbum
2733 4690 2750 4720 ‚
2795 4645 2858 4706 et
2897 4642 2965 4705 in
3003 4640 3141 4723 ipso
3169 4640 3348 4720 jalia;
3392 4646 3456 4705 et

1912 4755 2051 4820 haec
2077 4752 2355 4835 cognitio
2380 4751 2528 4815 facit
2553 4751 2801 4829 beatos3
2832 4749 2958 4813 alio
2987 4747 3177 4812 modo
3196 4794 3219 4826 ,
3246 4748 3454 4812 susci-

1978 4897 2163 4960 ¹Aug.,
2185 4895 2245 4945 de
2274 4896 2396 4945 Gen.
2437 4893 2507 4943 ad
2529 4893 2653 4956 litt„
2680 4892 2770 4943 lib.
2792 4894 2840 4956 1,
2873 4907 2919 4942 c.
2942 4904 3036 4955 ΧΠ
3067 4890 3128 4941 de
3152 4891 3303 4941 civit.
3331 4891 3453 4953 Dei,

1912 4967 2001 5017 ln».
2029 4968 2122 5030 xl,
2151 4981 2195 5016 c.
2218 4978 2329 5018 xix.
2350 4992 2412 5004 —·
2433 4965 2457 4997 ¹
2476 4965 2570 5028 ld„
2600 4964 2661 5013 de
2689 4964 2840 5014 civit.
2873 4965 2998 5026 Dei,
3034 4962 3123 5012 lib.
3147 4964 3241 5023 lx,
3271 4976 3317 5014 c.
3344 4974 3454 5014 xxi.

1912 5038 2009 5076 -⁸
2030 5039 2225 5101 Genea,
2247 5049 2283 5101 1,
2299 5037 2574 5101 passim.—
2589 5035 2611 5070 ¹·
2628 5038 2779 5099 Aug„
2799 5034 2858 5083 de
2878 5035 2999 5084 Gen.
3019 5033 3088 5083 ad
3104 5033 3232 5096 litt„
3255 5033 3344 5083 lib.
3365 5034 3452 5098 lv,

1913 5124 1959 5161 c.
1983 5119 2133 5160 xxxn
2151 5148 2166 5172 ‚
2195 5123 2249 5158 n.
2276 5111 2364 5172 49,
2407 5108 2578 5173 quoad
2604 5119 2833 5157 sensum.
2856 5106 2959 5143 —⁸
2991 5107 3141 5169 Aug„
3184 5103 3253 5153 ad
3292 5105 3452 5169 Oros,

1914 5196 1967 5247 q.
1986 5193 2100 5232 xvl.

1978 5272 2051 5335 (a)
2084 5271 2206 5322 Coet.
2230 5271 2350 5321 edit.
2379 5271 2570 5326 lumen.
2596 5272 2729 5319 et.—-·
2748 5268 2810 5333 (b)
2842 5267 3040 5333 Cor-riq.
3070 5267 3307 5332 quaedam
3330 5271 3458 5317 tem-

1912 5345 2112 5481 {ssffla
2149 5344 2350 5395 virtutis
2369 5356 2476 5394 suoe
2505 5341 2703 5412 effecta.
2733 5343 2848 5394 vid.
2877 5342 3087 5407 Anquet.
3110 5341 3255 5406 oper.
3284 5344 3321 5390 t.
3344 5341 3454 5403 vu,
