4125 6225
582 3233 653 3278 Ad
669 3246 771 3291 opp.

772 412 891 472 380

774 541 1128 609 Ezechielis
1154 542 1175 577 ¹
1202 560 1225 602 .·
1270 541 1364 607 Tu
1410 541 1637 608 cherub
1662 547 1951 610 emmaus
1996 547 2055 608 et
2101 547 2309 626 prote-

775 666 948 735 gen-3,
973 653 1117 714 etc.:
1147 673 1176 711 α
1197 648 1357 726 Quia
1372 649 1840 732 comparatione
1859 648 2159 715 claritatis
2176 667 2311 715 suae

775 763 1153 823 caeterorum
1188 757 1538 821 claritatem
1572 758 1983 822 obumbrasse
2013 757 2312 835 creditur,

776 871 840 930 et
888 865 1028 929 ideo
1086 865 1221 946 ipse
1265 867 1561 929 extentus
1610 868 1672 929 et
1713 869 2054 947 protegens
2095 866 2316 949 perhi-

777 976 985 1054 betur,
1012 996 1043 1033 »
1082 974 1369 1056 loquitur
1393 973 1471 1038 de
1498 972 1820 1038 Lucifero:
1865 992 2047 1056 ergo,
2083 978 2202 1039 etc.
2243 973 2321 1038 Et

778 1082 1016 1146 ibidem
1051 1081 1327 1146 iterum:
1379 1104 1410 1143 α
1454 1080 1619 1145 Dum
1665 1082 1909 1145 caeteris
1952 1081 2322 1163 agminibus

781 1171 1167 1270 angelorum
1184 1187 1508 1270 praelatuS‚
1532 1204 1760 1252 eorum
1783 1188 2131 1252 claritatem
2151 1191 2322 1252 tran-

784 1293 1044 1372 scendit,
1065 1312 1147 1358 ex
1165 1311 1389 1358 eorum
1408 1296 1878 1377 comparatione
1892 1295 2119 1360 clarior
2131 1295 2271 1360 ruit.
2285 1317 2316 1354 n

784 1400 861 1465 Et
903 1401 1137 1464 iterum
1173 1400 1242 1463 in
1276 1399 1500 1464 eodem
1541 1400 1705 1465 libro
1736 1408 1760 1442 ²
1797 1419 1814 1464 :
1864 1426 1896 1462 «
1942 1401 2054 1466 Illa
2098 1421 2326 1485 super-

786 1490 1022 1572 narum
1049 1507 1365 1571 virtutum
1386 1526 1669 1590 procerae
1687 1509 2040 1574 altitudinis
2068 1510 2331 1590 agmina

787 1617 857 1680 in
887 1615 1127 1680 laetitiae
1151 1620 1411 1680 aeternae
1439 1616 1757 1681 viriditate
1776 1618 2078 1700 plantata,
2100 1635 2328 1700 quam-

787 1725 886 1788 vis
914 1724 1161 1787 excelsa
1196 1723 1434 1789 fuerint
1471 1724 1743 1800 condita,
1776 1725 1930 1788 huic
1962 1728 2180 1788 tamen
2214 1741 2334 1788 nec

789 1829 1054 1912 praelata
1079 1834 1253 1908 sunt,
1278 1848 1396 1894 nec
1414 1835 1763 1912 coaequata.
1787 1851 1818 1888 n

879 1938 1037 2002 Item
1098 1939 1368 2003 ratione.
1418 1938 1665 2003 Lucifer
1724 1938 1985 2021 appetiit
2038 1939 2338 2003 omnibus

793 2063 1089 2128 praeesse,
1110 2051 1175 2109 et
1191 2045 1459 2110 credidit
1483 2064 1549 2109 se
1573 2063 1753 2128 posse
1775 2044 2058 2109 obtinere
2081 2047 2157 2109 ut
2173 2044 2338 2108 nulli

792 2154 1108 2218 subesset:
1158 2153 1267 2217 sed
1313 2153 1437 2216 hoc
1480 2170 1615 2216 non
1668 2157 1762 2215 est
1805 2153 2162 2235 probabile,
2213 2153 2339 2217 nisi

794 2262 1051 2326 vidisset
1093 2280 1159 2325 se
1196 2279 1418 2326 omnes
1454 2261 1857 2344 praecellere:
1902 2278 2059 2343 ergo
2099 2262 2219 2326 fuit
2261 2261 2339 2326 de

795 2387 1101 2453 supremo
1117 2368 1362 2433 ordine.

879 2477 1038 2540 Item
1064 2480 1394 2560 peccatum
1436 2479 1577 2559 ejus
1622 2476 1982 2541 maximum
2016 2477 2138 2542 fuit
2174 2477 2342 2542 inter

796 2588 1055 2668 peccata
1090 2583 1387 2648 omnium
1429 2584 1837 2665 angelorum,
1878 2585 2010 2649 imo
2048 2586 2343 2649 omnium

797 2695 1237 2755 creaturarum
1262 2711 1278 2755 :
1305 2691 1415 2756 sed
1434 2695 1610 2756 tanto
1627 2695 1840 2775 majus
1865 2695 1945 2772 (a)
1970 2697 2062 2756 est
2080 2692 2339 2773 vitium,

797 2803 1039 2882 quanto
1080 2800 1149 2863 in
1194 2799 1490 2863 nobiliori
1532 2803 1796 2864 natura:
1841 2817 1997 2882 ergo
2033 2800 2090 2863 si
2130 2800 2344 2863 maxi-

801 2926 986 2972 mum
1032 2911 1361 2990 peccatum
1406 2908 1633 2972 habuit
1680 2906 1977 2973 omnium
2026 2906 2302 2970 aliorum
2322 2954 2341 2986 ,

801 3035 959 3098 ergo
1007 3021 1322 3098 quantum
1366 3015 1446 3080 ad
1490 3019 1793 3081 naturam
1845 3015 2091 3081 caeteris
2141 3017 2347 3097 major

800 3126 943 3191 fuit.

882 3232 1003 3298 Sed
1020 3235 1241 3297 contra
1261 3250 1277 3295 ε
1302 3237 1330 3295 1
1345 3279 1361 3295 .
1382 3219 1455 3294 In
1476 3230 1802 3296 Ezechiele
1821 3231 2051 3296 dicitur
2075 3231 2155 3295 ad
2173 3229 2351 3295 Luci-

802 3341 1011 3405 ferum
1055 3364 1070 3404 :
1124 3340 1219 3404 Tu
1254 3339 1483 3404 cherub
1529 3343 1824 3406 extentus
1870 3345 1929 3406 et
1976 3344 2347 3422 proteqens,

807 3449 972 3511 sicut
1000 3447 1260 3529 exponit
1279 3445 1625 3527 Gregorius
1660 3446 1808 3510 :sed
1827 3464 2168 3528 supremus
2195 3446 2349 3511 ordo

808 3573 943 3619 non
961 3558 1055 3618 est
1073 3554 1228 3618 ordo
1252 3553 1526 3633 Cherub,
1548 3554 1655 3617 sed
1676 3552 2011 3635 Seraphin,
2031 3552 2195 3616 sicut
2211 3552 2353 3617 vult

806 3659 1145 3742 Dionysius
1161 3660 1216 3723 ³:
1263 3678 1422 3742 ergo
1455 3678 1586 3724 non
1626 3660 1747 3723 fuit
1787 3660 1865 3725 de
1909 3677 2208 3741 supremo
2244 3677 2351 3723 or-

808 3768 980 3832 dine.

888 3880 950 3939 2.
1010 3872 1169 3938 Item
1204 3872 1660 3954 DamascenuS,
1709 3875 1822 3938 lib.
1868 3873 1960 3949 II,
2003 3872 2207 3954 capite
2234 3890 2349 3936 tv:

818 4008 847 4046 α
860 3982 1037 4047 Unus
1049 3981 1122 4064 (b)
1138 4000 1217 4045 ex
1232 3981 1333 4044 his
1343 3981 1646 4062 angelicis
1662 3980 2009 4045 virtutibus
2025 3997 2172 4061 quae
2188 3998 2355 4062 prae-

811 4094 994 4155 erant
1014 4090 1292 4153 terrestri
1338 4089 1587 4167 ordini,
1633 4089 1696 4152 id
1724 4092 1819 4152 est
1835 4136 1852 4168 ,
1884 4090 2022 4169 ejus
2052 4090 2166 4171 qui
2192 4089 2356 4152 circa

809 4205 1064 4264 terrena
1103 4201 1196 4262 est
1233 4196 1506 4277 ordinis,
1548 4202 1613 4262 et
1648 4199 1751 4262 cui
1788 4203 1974 4263 terrae
2011 4198 2293 4263 custodia
2318 4218 2357 4263 a

811 4308 937 4372 Deo
982 4306 1316 4371 commissa
1344 4308 1512 4385 erat,
1540 4307 1740 4371 libero
1768 4306 2032 4370 arbitrio
2067 4306 2167 4370 sui
2203 4306 2359 4371 elec-

811 4417 984 4480 tione
1009 4434 1271 4480 aversus
1297 4418 1391 4479 est
1420 4437 1435 4478 :
1463 4437 1494 4474 ι)
1528 4433 1685 4495 ergo
1720 4414 1968 4479 Lucifer
2000 4415 2355 4479 secundum

814 4522 1270 4588 Damascenum
1298 4523 1417 4586 fuit
1442 4522 1517 4585 de
1544 4522 1768 4584 infimo
1806 4521 2048 4585 ordine.

895 4636 955 4695 3.
1001 4630 1161 4695 Item
1186 4631 1430 4695 ratione
1463 4630 1751 4694 videtur:
1794 4630 1971 4707 Quia,
1993 4629 2046 4693 si
2075 4629 2211 4711 ipse
2238 4628 2361 4693 fuit

816 4757 1156 4822 supremus
1175 4787 1194 4816 ,
1229 4756 1387 4818 ergo
1425 4737 1633 4818 magis
1659 4737 1779 4801 fuit
1809 4737 2166 4801 deiformis:
2201 4755 2359 4818 ergo

817 4847 1028 4929 magis
1046 4845 1123 4910 ad
1150 4848 1476 4928 peccatum
1505 4845 1804 4907 inhabilis
1838 4862 2033 4925 :ergo
2060 4862 2195 4907 non
2225 4862 2363 4926 pec-

820 4956 1021 5032 cavit;
1046 4957 1159 5017 aut
1184 4954 1238 5016 si
1257 4952 1562 5035 peccavit,
1584 4970 1716 5016 non
1743 4952 1833 5016 ita
1857 4951 2169 5035 profunde
2197 4953 2366 5015 sicut

820 5063 925 5127 alii
944 5112 962 5142 ,
993 5067 1066 5126 ut
1091 5061 1366 5126 videtur.
1608 5066 1620 5079 ·

899 5174 961 5232 4.
991 5168 1169 5249 Item,
1199 5169 1253 5232 si
1285 5185 1626 5251 supremus
1650 5168 1818 5232 inter
1834 5184 2057 5230 omnes
2073 5166 2361 5248 angelos,

888 5314 906 5347 ¹
924 5310 1123 5372 Ezech„
1152 5322 1338 5375 xxvnl,
1364 5313 1439 5361 14.
1460 5337 1520 5348 —
1535 5312 1559 5347 ¹
1577 5310 1692 5362 vid.
1717 5309 1860 5360 hom.
1882 5320 2042 5360 xxxxv
2074 5310 2128 5359 in
2150 5310 2365 5374 Evanq„

894 5402 956 5464 (a)
989 5402 1111 5451 Coet.
1134 5401 1255 5452 edit.
1285 5402 1467 5466 magis.
1508 5428 1571 5439 —
1597 5400 1673 5466 (ὁ)
1698 5399 1785 5451 Δί.
1815 5399 1951 5451 deest
1982 5400 2145 5451 Unus.

1902 403 2527 472 SENTENTIARUM
2564 405 2715 470 LlB.
2760 405 2839 470 11.

2420 559 2577 624 ergo
2608 542 2776 606 inter
2816 557 3038 604 omnes
3071 544 3393 605 creaturas
3430 540 3734 605 nobilior:
3773 560 3900 622 ergo

2418 649 2630 732 magis
2653 668 2694 714 a
2728 648 2856 713 Deo
2880 646 3165 728 dilectuS,
3195 649 3308 732 qui
3335 647 3542 730 diligit
3568 647 3905 730 omniaquae

2423 757 2604 821 fecit:
2650 774 2809 838 ergo
2849 774 2998 820 cum
3039 755 3416 820 facillimum
3455 755 3646 820 fuerit
3686 754 3907 818 Domino

2422 863 2635 946 ipsum
2687 880 3062 927 conservare
3085 912 3101 940 ‚
3152 880 3287 926 non
3331 861 3587 927 videtur
3637 861 3910 943 probabile

2424 972 2594 1055 quod
2611 972 2824 1055 ipsum
2849 971 3207 1054 permiserit
3231 988 3440 1036 ruere.

2976 1247 3429 1316 CONCLUSIO.

2432 1407 2670 1475 Lucifer,
2709 1408 2972 1475 quantum
2997 1403 3070 1459 ad
3091 1380 3452 1476 capacitatem
3482 1407 3725 1470 natum,
3751 1405 3920 1471 llam

2506 1500 2624 1552 erat
2649 1494 2714 1551 de
2740 1497 2922 1567 primo
2953 1494 3233 1550 beatarum
3260 1495 3520 1550 mentium
3545 1492 3760 1559 ordinm
3787 1496 3864 1564 qm·
3884 1496 3920 1548 a·

2504 1587 2752 1655 stetisset,
2771 1586 2961 1641 merito
2979 1585 3176 1654 qratiae
3203 1586 3345 1639 inter
3357 1584 3569 1655 primos
3592 1586 3922 1638 ammam

2505 1677 2714 1744 ficisset.

2519 1833 2705 1917 Resp.
2744 1832 2824 1897 ad
2851 1833 3009 1913 Arg.
3053 1830 3401 1895 Dicendum
3427 1831 3637 1914 quod,
3665 1831 3814 1895 sicut
3833 1834 3923 1894 tes-

2439 1944 2658 2005 tantur
2673 1939 3076 2003 auctoritates
3097 1956 3290 2003 sacrae
3316 1937 3668 2020 Scriptura:
3691 1942 3750 2003 et
3771 1936 3929 2002 Sanc-

2441 2053 2656 2114 torum
2676 2096 2694 2128 ‚
2737 2046 2985 2111 Lucifer
3029 2046 3214 2111 valde
3258 2046 3576 2111 excellens
3621 2046 3767 2122 fuit,
3809 2050 3861 2110 ct
3892 2046 3932 2108 si

2443 2156 2732 2231 stetisset,
2750 2154 2820 2217 in
2836 2171 3135 2237 supremo
3149 2155 3367 2220 ordine
3385 2154 3727 2219 collocatus
3738 2154 3930 2231 fuisset,

2444 2281 2595 2327 cum
2638 2261 2716 2326 ad
2755 2262 2877 2325 hoc
2918 2261 3181 2325 haberet
3227 2262 3640 2326 idoneitatem
3682 2281 3760 2326 ex
3795 2265 3932 2344 parte

2445 2374 2739 2436 naturae:
2772 2363 2935 2433 sicut
2964 2370 3140 2433 enim
3169 2369 3404 2453 patebit
3442 2370 3639 2449 infra,
3672 2367 3935 2434 distinctio

2447 2481 2746 2546 ordinum
2770 2482 3208 2546 consummata
3229 2478 3407 2544 venit
3421 2496 3504 2543 ex
3523 2482 3704 2561 parte
3725 2476 3932 2559 gratiae3

2448 2588 2557 2652 sed
2574 2589 2923 2673 dispositio,
2943 2606 3029 2653 ex
3047 2591 3226 2671 parte
3250 2590 3499 2652 naturae
3522 2608 3539 2650 :
3567 2587 3736 2650 unde
3755 2601 3940 2648 conce-

2449 2697 2671 2762 dendae
2694 2701 2845 2762 sunt
2869 2697 3147 2762 rationes
3173 2696 3254 2760 ad
3278 2695 3399 2758 hoc
3423 2693 3726 2758 inductae.

2533 2807 2592 2869 1.
2635 2806 2732 2869 Ad
2773 2805 2928 2869 illud
2968 2805 3138 2887 quod
3183 2802 3509 2885 objicitur,
3553 2801 3728 2883 quod
3756 2799 3941 2864 dicitur

2452 2911 2530 2976 de
2558 2911 2844 2989 Cherub;
2874 2910 3216 2975 dicendum
3241 2910 3410 2992 quod
3436 2907 3760 2990 Seraphin
3787 2908 3943 2968 inter·

2454 3022 2738 3102 pretatur
2773 3018 3143 3083 incendium
3161 3065 3179 3097 ‚
3224 3022 3287 3082 et
3326 3017 3446 3081 hoc
3489 3021 3589 3080 est
3629 3035 3741 3100 per
3778 3010 3944 3079 ehari-

2453 3130 2646 3190 tatem
2666 3146 2683 3189 ε
2711 3127 2981 3207 angelus
2999 3131 3238 3205 autem,
3268 3126 3410 3189 licet
3427 3144 3468 3187 a
3492 3143 3617 3189 sua
3634 3122 3946 3188 conditione

2453 3233 2748 3297 habuerit
2784 3233 3244 3315 plenitudinem
3271 3233 3577 3312 scientiae,
3613 3250 3744 3296 non
3774 3234 3947 3294 tamen

2455 3341 2682 3405 habuit
2723 3341 3093 3405 incendium
3124 3340 3474 3415 charitatiS,
3521 3340 3651 3403 nisi
3687 3358 3725 3403 a
3755 3336 3946 3419 gralia.

2457 3449 2534 3513 Et
2560 3450 2712 3531 quia
2737 3448 3041 3514 cherubin
3066 3448 3296 3513 dicitur
3329 3447 3660 3530 plenitudo
3689 3444 3946 3520 scientie,

2456 3554 2564 3616 sed
2603 3553 2905 3634 seraphin
2950 3552 3182 3616 dicitur
3220 3551 3588 3615 incendium
3635 3548 3946 3621 charitatis.

2457 3656 2608 3719 hinc
2647 3660 2739 3720 est
2782 3655 2954 3737 quod
2999 3654 3231 3718 dicitur
3274 3653 3618 3733 cherubin,
3650 3646 3778 3718 non
3814 3669 3951 3715 sera-

2457 3764 2655 3846 phin:
2694 3768 2756 3827 et
2790 3763 2911 3827 hoc
2940 3779 3069 3826 non
3093 3762 3259 3837 ide0‚
3300 3761 3449 3842 quia
3475 3765 3643 3824 esset
3667 3762 3741 3825 de
3774 3757 3951 3823 ordine

2461 3871 2806 3949 cherubin3
2868 3869 2975 3934 sed
3030 3869 3182 3952 quia
3231 3868 3503 3932 habebat
3560 3868 3842 3933 habitum
3883 3863 3952 3927 illi

2461 3979 2668 4044 ordini
2695 3976 3181 4043 convenientem
3205 3998 3220 4040 :
3251 3994 3384 4040 non
3401 3975 3489 4039 sic
3514 3975 3808 4040 habitum
3832 3989 3952 4038 con-

2464 4088 2822 4154 venientem
2841 4086 3049 4151 ordini
3069 4084 3386 4167 seraphin,
3403 4085 3706 4166 quamvis
3719 4081 3953 4148 adillum

2464 4201 2625 4262 esset
2655 4198 3069 4279 praeparatuS.

2544 4309 2603 4367 2.
2648 4303 2745 4368 Ad
2781 4303 2939 4367 illud
2973 4301 3143 4385 quod
3178 4301 3493 4382 objicitur,
3520 4301 3697 4384 quod
3732 4299 3957 4382 praeerat

2466 4412 2744 4476 terrestri
2769 4410 2999 4489 ordini,
3024 4409 3363 4474 dicendum
3382 4408 3555 4491 quod
3579 4408 3956 4473 Damascenus

2465 4519 2588 4583 hoc
2614 4518 2763 4582 dicit
2784 4521 3102 4599 quantum
3126 4517 3206 4580 ad
3234 4516 3368 4579 vim
3402 4514 3954 4583 adminisuativm

2468 4627 2619 4709 quia
2660 4626 2871 4689 caeteri
2919 4626 2976 4689 ei
3014 4628 3196 4689 erant
3244 4623 3508 4705 subjecti
3563 4627 3866 4705 quantum
3896 4615 3957 4679 ad

2468 4739 2681 4798 actum
2726 4731 3094 4810 ministerii,
3147 4734 3211 4794 et
3250 4729 3401 4812 quia
3440 4732 3621 4793 actus
3668 4720 3956 4792 ministerii

2468 4841 2768 4905 omnibus
2807 4839 3022 4920 aliquo
3061 4837 3251 4901 modo
3288 4836 3588 4918 competit
3627 4854 3710 4899 ex
3747 4837 3952 4902 natum,

2469 4949 2634 5013 sicut
2676 4949 2841 5012 infra
2864 4946 3123 5030 patebit,
3161 4944 3315 5028 quia
3357 4961 3568 5012 omnes
3611 4950 3765 5011 sunt
3788 4936 3957 5008 admi·

2469 5057 2842 5124 nistratorii
2863 5053 3216 5138 spiritus⁴s
3235 5052 3376 5117 ideo
3398 5070 3481 5117 ex
3506 5053 3628 5116 hoc
3654 5070 3778 5116 non
3799 5047 3957 5113 habe-

2469 5168 2578 5228 tur
2613 5163 2784 5245 quod
2822 5162 3093 5244 angelus
3131 5161 3321 5226 fuerit
3359 5160 3436 5225 de
3475 5160 3698 5225 ordIne
3738 5158 3949 5226 inflm0;

2471 5329 2590 5377 ante
2607 5323 2746 5374 med.
2773 5348 2837 5362 -
2859 5323 2882 5359 ⁸
2904 5321 3055 5374 Dion.
3085 5324 3292 5387 Areop„
3320 5321 3381 5372 de
3413 5321 3537 5373 coel.
3564 5318 3831 5379 Hieras-ch„
3853 5328 3894 5364 c.
3916 5320 3955 5359 tl

2473 5402 2525 5449 et
2557 5408 2651 5448 vn.
2674 5420 2737 5433 —
2761 5395 2784 5430 ⁴
2802 5392 2973 5455 Helm,
3000 5406 3040 5458 1,
3067 5396 3142 5445 14.
