4125 6225
712 370 839 434 582
1846 358 2467 427 SENTENTIARUM
2504 356 2654 425 Lm.
2696 358 2777 424 11.

704 504 876 567 ciens
901 502 983 564 sit
1011 499 1358 582 Scriptura,
1389 516 1537 583 quas
1573 496 1739 563 nihil
1762 497 1839 561 de
1866 514 2094 562 eorum
2119 494 2251 561 dis·

705 610 1006 674 tinctione
1023 607 1318 691 explicat.
1339 604 1531 671 Juxta
1552 605 1676 669 boc
1691 604 2028 687 quaeritur,
2048 620 2250 686 quare

706 719 1096 784 elementum
1123 733 1310 799 aquae
1340 715 1629 779 nominet
1656 712 2006 797 pluraliter,
2037 713 2102 775 et
2127 710 2250 775 ele-

707 827 1000 889 mentum
1028 826 1218 889 terrae
1239 822 1670 904 singulariter.
1704 819 1772 885 Si
1788 825 1865 886 tu
1888 821 2058 885 dicas
2078 820 2250 903 quod

707 932 827 996 hoc
846 934 942 995 est
966 934 1223 1015 propter
1246 947 1562 1011 aquarum
1590 926 2074 1011 dispersionem,
2093 930 2250 991 tunc

704 1039 960 1104 videtur
979 1037 1153 1121 quod
1173 1037 1337 1101 male
1355 1037 1549 1103 dicat:
1576 1037 2045 1120 Conmeqentur
2066 1051 2252 1119 aqwoe

706 1147 780 1211 in
806 1145 1012 1212 locum
1049 1161 1273 1210 unum.
1323 1143 1484 1209 Item
1508 1144 1844 1227 quaeritur,
1880 1160 2080 1226 quare
2120 1141 2252 1206 ele-

705 1256 999 1316 mentum
1027 1255 1217 1316 terrae
1244 1251 1453 1334 primo
1477 1261 1663 1316 vocat
1685 1249 1966 1330 aridam,
1994 1253 2054 1314 et
2096 1268 2247 1331 pos-

705 1362 810 1424 tea
835 1362 1023 1423 vocat
1049 1362 1308 1436 terram,
1346 1377 1498 1423 cum
1544 1361 1692 1422 ante
1737 1357 1817 1421 sit
1851 1358 2136 1423 dictum:
2170 1357 2251 1421 1η

701 1468 1031 1551 principio
1061 1467 1308 1532 creavit
1330 1466 1493 1533 Deus
1515 1464 1735 1530 coelum
1750 1471 1810 1532 ec
1837 1470 2099 1542 terram,
2125 1467 2245 1529 etc.

709 1573 902 1655 ltem,
949 1591 1099 1638 cum
1141 1573 1531 1637 elementum
1559 1588 1747 1653 aquae
1781 1570 1862 1635 sit
1895 1570 2251 1653 insipidum

706 1698 822 1765 per
847 1684 1170 1758 naturam,
1201 1683 1265 1743 et
1292 1679 1495 1744 maria
1520 1679 1648 1743 sint
1678 1679 1861 1755 salsa,
1900 1697 2034 1742 non
2066 1678 2252 1742 vide-

706 1791 815 1852 tur
849 1786 1022 1870 quod
1068 1786 1594 1869 congregationes
1633 1803 1950 1868 aquarum
1981 1784 2254 1851 debeant

705 1896 1008 1981 appellari
1038 1897 1273 1962 maria.

787 2003 971 2086 Resp.
1009 1990 1363 2066 ‘Dicendum
1408 1999 1580 2082 quod
1622 1998 1948 2084 Scriptura
1990 1999 2251 2065 distinc-

706 2110 950 2176 tionem
973 2110 1438 2174 elementorum
1463 2108 1533 2171 in
1558 2108 1660 2171 his
1683 2107 1893 2173 verbis
1918 2107 2104 2173 valde
2133 2126 2253 2172 ex-

706 2220 898 2303 plicat
916 2220 1263 2301 eleganter,
1290 2216 1347 2279 si
1373 2215 1521 2298 quis
1548 2214 1868 2279 attondat:
1897 2214 2050 2298 quia
2078 2215 2252 2280 enim

708 2331 923 2392 motus
952 2325 1030 2390 ad
1058 2324 1256 2388 situm
1278 2341 1410 2387 non
1437 2324 1531 2387 est
1555 2321 1679 2385 nisi
1707 2322 1799 2387 rei
1824 2321 2155 2404 completae
2191 2325 2255 2385 et

708 2434 1000 2501 habentis
1021 2433 1319 2509 formam,
1350 2448 1468 2495 nec
1504 2428 1677 2494 aliud
1715 2428 1837 2494 fuit
1872 2448 2071 2512 aquas
2098 2447 2254 2494 con-

709 2542 973 2627 gregari
999 2542 1067 2605 in
1083 2558 1315 2620 unum,
1342 2557 1539 2623 quam
1558 2538 1679 2621 ipsi
1703 2538 2019 2603 elemento
2038 2556 2250 2621 aquae,

709 2650 916 2716 dando
958 2648 1234 2732 speciem
1270 2664 1509 2726 unam,
1550 2649 1616 2710 et
1648 2644 1846 2709 simul
1889 2644 2249 2709 inclinatio-

709 2774 861 2822 nem
904 2757 986 2822 ad
1027 2757 1243 2821 locum
1279 2753 1509 2837 speciei
1552 2753 1860 2832 debitum,
1901 2753 2256 2817 secundum

709 2864 1106 2946 exigentiam
1132 2863 1359 2927 formae
1387 2865 1449 2925 et
1476 2858 1901 2924 inclinationis
1929 2859 2009 2924 ad
2031 2861 2253 2938 situm,

709 2973 861 3039 dare
889 2974 1104 3037 locum
1138 2988 1539 3052 congruum3
1583 2971 1647 3032 et
1677 2967 1828 3048 quia
1863 2967 2044 3031 locus
2071 2985 2257 3050 aquas

712 3085 807 3148 est
831 3079 1197 3145 immediate
1231 3096 1366 3144 esse
1392 3077 1559 3142 circa
1582 3079 1843 3155 terram,
1886 3074 2046 3139 dum
2088 3093 2257 3158 aqua

671 3264 680 3271 ,
713 3194 1171 3274 congregatur,
1189 3189 1271 3253 ab
1288 3187 1620 3253 elementis
1646 3183 2110 3269 superioribus,
2128 3184 2257 3248 sci-

710 3298 856 3365 licet
880 3317 1025 3363 aere
1054 3301 1115 3362 et
1152 3297 1331 3379 igne,
1370 3297 1701 3377 separatur
1730 3315 1747 3357 ι
1798 3310 1956 3374 ergo
1992 3292 2062 3355 in
2101 3310 2255 3355 con-

629 3455 634 3458 -
713 3407 1085 3490 gregatione
1100 3421 1420 3487 aquarum
1432 3402 1724 3484 tangitur
1735 3417 1850 3484 per
1864 3416 2256 3481 consequens

713 3513 1026 3578 distinctio
1095 3512 1371 3575 aliorum
1431 3511 1708 3575 duorum
1764 3509 2251 3574 elementorum.

713 3618 978 3699 Rursus,
996 3619 1150 3702 quia
1165 3637 1353 3701 aquas
1367 3621 1519 3684 sunt
1533 3623 1701 3682 nalae
1720 3616 2117 3682 circumdare
2133 3619 2255 3679 ter-

711 3746 878 3807 ram,
908 3731 992 3807 et,
1016 3727 1071 3792 si
1097 3746 1181 3793 ex
1206 3727 1386 3792 omni
1415 3729 1593 3810 parte
1621 3725 1967 3791 circuirent
1990 3728 2251 3800 terram,

713 3835 794 3902 ad
815 3834 1305 3899 inhabitandum
1341 3834 1525 3899 nobis
1566 3837 1630 3899 et
1678 3833 2066 3897 animalibus
2108 3835 2258 3915 apta

714 3962 847 4010 non
876 3946 1073 4022 esset3
1105 3942 1248 4008 ideo
1271 3942 1362 4008 sic
1381 3942 1694 4019 distinxit,
1727 3945 1800 4006 ut
1828 3941 1899 4004 in
1943 3940 2257 4024 superiori

715 4050 1047 4136 superficie
1087 4049 1265 4114 arida
1300 4053 1652 4132 appareret.
1694 4049 1961 4129 Rursus,
2003 4049 2056 4113 si
2087 4052 2259 4114 terra

716 4163 879 4225 esset
891 4158 972 4222 ab
990 4176 1158 4240 aqua
1176 4158 1443 4221 omnino
1460 4160 1769 4240 separata,
1794 4156 1875 4220 ad
1890 4156 2257 4239 germinan-

716 4267 875 4334 dum
900 4284 1031 4331 non
1058 4268 1220 4330 esset
1241 4269 1387 4348 apta
1414 4285 1429 4328 ε
1474 4267 1537 4328 et
1562 4263 1704 4328 ideo
1731 4263 1897 4327 Deus
1934 4264 2022 4327 sic
2048 4264 2258 4328 arese-

717 4373 802 4439 cit
823 4375 1009 4438 terrae
1034 4371 1457 4454 superficiem,
1493 4374 1568 4435 ut
1591 4373 1810 4435 tamen
1845 4370 2046 4453 ipsius
2085 4370 2253 4435 radi·

719 4500 859 4546 cem
885 4499 1055 4565 aqua
1086 4478 1398 4562 impleret,
1429 4482 1492 4542 et
1515 4496 1632 4561 per
1649 4478 1992 4542 decursum
2018 4477 2258 4542 fluvio-

719 4610 867 4657 rum
895 4592 1088 4655 etiam
1113 4589 1435 4672 irrigaret.
1469 4587 1547 4652 Et
1570 4593 1831 4671 propter
1859 4586 1982 4650 hoc
2009 4587 2133 4651 tria
2159 4575 2257 4650 di-

716 4700 805 4767 cit
846 4699 1174 4781 Scriptura
1202 4719 1219 4762 t
1255 4697 1466 4780 primo
1496 4700 1755 4780 propter
1792 4696 2256 4760 elementorum

715 4808 1184 4874 distinctionem
1237 4828 1253 4870 ε
1300 4806 1764 4889 Οοηρνερεητιιν
1812 4820 1998 4886 aquoe
2044 4805 2120 4870 in
2163 4802 2258 4872 lo-

715 4933 860 4984 cum
895 4932 1141 4996 unum,·
1179 4914 1457 4979 secundo
1498 4931 1694 4992 vero,
1739 4918 1996 4996 propter
2030 4930 2258 4996 super-

713 5025 882 5091 ficiei
898 5028 1087 5089 terrae
1108 5023 1603 5089 denudationem
1629 5041 1645 5085 :
1678 5022 1763 5088 Et
1787 5026 2093 5103 appareat
2114 5024 2257 5087 ari-

712 5137 803 5204 da
818 5158 846 5217 ;
870 5136 1057 5201 tertio
1079 5185 1097 5216 ,
1150 5139 1406 5222 propter
1439 5132 1907 5217 irrigationem,
1948 5151 2149 5216 quam
2176 5133 2257 5196 ab

715 5247 901 5330 aquis
942 5245 1208 5328 suscipit
1253 5248 1326 5309 ut
1362 5244 1726 5327 germinare
1770 5241 1996 5326 possit,
2039 5241 2192 5306 dicit
2236 5258 2255 5306 ε

727 5351 994 5427 vocavit
1044 5348 1304 5422 aridam
1356 5355 1592 5420 terram
1617 5397 1639 5429 ‚
1703 5351 2254 5438 conqreqationes-

2361 512 2480 579 quc
2523 510 2841 578 aquarum
2881 495 3231 578 appellavit
3254 496 3490 560 maria.
3521 491 3627 557 Ex
3665 488 3768 554 his
3785 505 3885 570 pa·

2360 606 2495 668 tent
2517 603 2783 685 objecta.
2826 600 3005 680 Quod
3032 603 3207 667 enim
3231 601 3444 686 primo
3482 596 3782 682 objicitur
3819 596 3884 660 de

2360 710 2559 774 verbo
2607 708 3070 794 Gonqreqandi,
3121 727 3254 774 non
3295 709 3469 774 valet
3504 728 3521 771 :
3552 723 3691 769 non
3729 702 3885 767 enim

2359 816 2506 881 fecit
2529 815 2695 881 Deus
2716 834 2916 900 aquas
2939 816 3327 898 congregari
3349 816 3515 879 sicut
3536 812 3724 896 prius
3742 811 3887 875 exis·

2359 928 2585 1005 tentes,
2604 926 2712 990 sed
2735 926 2897 990 sicut
2923 926 3082 989 dans
3100 925 3191 990 eis
3208 926 3478 989 formam
3495 926 3561 986 et
3578 923 3882 997 naturam,

2359 1049 2475 1114 per
2520 1051 2717 1115 quam
2761 1032 2890 1096 sint
2916 1038 3081 1115 aplae
3117 1035 3287 1097 natae
3326 1031 3397 1095 in
3432 1047 3649 1094 unum
3695 1028 3883 1090 locum

2360 1157 2758 1205 concurrere.
2809 1140 3113 1205 Similiter
3137 1144 3309 1223 patet
3342 1138 3503 1202 illud
3542 1134 3719 1220 quod
3745 1133 3887 1215 0in-

2361 1247 2527 1312 citur
2567 1248 2644 1313 de
2679 1248 3075 1330 apparitione
3110 1252 3320 1322 terrae,
3368 1245 3524 1328 quia
3556 1249 3733 1307 terra
3756 1259 3885 1323 quae

2360 1359 2619 1439 apparet
2661 1362 2755 1421 est
2799 1356 3189 1423 elementum
3241 1356 3546 1429 mixtum.
3600 1350 3884 1417 Similiter

2359 1466 2530 1546 patet
2576 1463 2737 1528 illud
2794 1465 2966 1546 quod
3019 1464 3320 1546 objicitur
3364 1463 3442 1527 de
3497 1459 3885 1527 distinctione

2358 1571 2636 1636 aliorum
2660 1571 2938 1636 duorum
2971 1572 3453 1649 elementorum,
3493 1568 3655 1651 quia
3697 1568 3766 1630 in
3805 1566 3887 1630 his

2360 1678 2632 1758 duobuS,
2658 1698 2805 1762 quae
2832 1685 2982 1743 sunt
3009 1679 3289 1743 maxime
3314 1675 3639 1743 sensibilia
3657 1679 3723 1739 et
3740 1679 3887 1737 trac-

2359 1785 2600 1861 tabilia,
2622 1786 2940 1851 clauditur
2955 1786 3209 1852 illorum
3228 1784 3570 1864 distinctio,
3590 1801 3741 1866 quae
3758 1786 3888 1845 sunt

2361 1894 2650 1958 sensibus
2662 1896 2894 1959 nostris
2905 1895 3172 1959 occulta.
3195 1893 3499 1959 Similiter
3512 1896 3690 1974 patet
3710 1907 3886 1973 quare

2361 2024 2594 2089 aquam
2616 2009 2806 2071 vocat
2848 2006 3207 2090 pluraliter,
3253 2008 3316 2069 et
3339 2010 3583 2069 terram
3609 2003 3882 2086 singula-

2360 2113 2515 2178 riter
2546 2137 2561 2179 :
2593 2118 2853 2197 propter
2878 2114 3114 2179 scilicet
3131 2132 3355 2179 earum
3383 2112 3882 2194 dispositionem:

2361 2219 2707 2286 humidum
2752 2221 2931 2286 enim
2978 2220 3236 2304 proprio
3270 2220 3547 2284 termino
3602 2223 3700 2282 est
3744 2217 3884 2281 male

2362 2329 2788 2408 terminabile3
2837 2328 2946 2393 sed
2973 2328 3125 2412 ¹quia
3151 2328 3392 2392 siccum
3431 2327 3510 2391 de
3536 2327 3645 2390 sui
3680 2330 3883 2389 natura

2362 2435 2761 2500 terminabile
2788 2440 2904 2515 est,
2946 2436 3088 2500 ideo
3133 2440 3373 2500 terram
3400 2440 3587 2500 vocat
3617 2434 3883 2516 singula-

2362 2542 2535 2615 riter,
2568 2547 2631 2607 et
2653 2543 2833 2626 prius
2867 2548 3051 2609 vocat
3085 2562 3230 2608 eam
3266 2543 3546 2622 aridam,
3587 2547 3654 2607 et
3688 2546 3879 2626 postea

2364 2654 2621 2727 terram,
2669 2651 2824 2732 quia
2854 2651 3139 2734 primum
3169 2669 3409 2716 nomen
3435 2651 3587 2715 dicit
3613 2650 3883 2734 proprie-

2363 2760 2557 2822 tatem
2582 2758 2902 2839 elementi,
2942 2742 3233 2824 videlicet
3273 2760 3655 2839 siccitatem,
3686 2775 3884 2822 secun·

2362 2864 2521 2928 dum
2539 2884 2694 2931 vero
2720 2884 2959 2931 nomen
2992 2867 3143 2931 dicit
3167 2870 3307 2949 eJus
3330 2884 3542 2942 usum,
3568 2866 3709 2931 sive
3738 2863 3885 2929 utili-

2361 2975 2555 3037 tatem
2587 2993 2783 3057 quam
2803 2976 2995 3040 habet
3018 2994 3133 3060 per
3154 2975 3677 3040 commixtionem
3695 2989 3880 3055 aquae,

2363 3084 2436 3145 ut
2478 3081 2674 3165 possit
2714 3082 2836 3148 coli
2882 3087 2947 3147 et
2998 3083 3376 3148 fructificare
3411 3105 3425 3147 :
3478 3083 3625 3148 ideo
3676 3082 3885 3148 dicitur

2364 3193 2558 3268 terra,
2580 3191 2763 3273 quasi
2780 3191 2949 3255 trita.
2976 3189 3283 3256 SimiIIter
3300 3194 3472 3274 patet
3492 3190 3570 3254 de
3599 3190 3706 3255 illo
3732 3186 3879 3271 quod

2363 3298 2659 3380 objicitur
2686 3300 2763 3363 de
2791 3300 3012 3382 aquis:
3044 3299 3445 3383 appellantur
3468 3297 3645 3363 enim
3670 3298 3877 3369 maria,

2363 3425 2496 3471 non
2517 3408 2671 3491 quia
2689 3408 3046 3490 amaritudo
3070 3408 3152 3472 sit
3172 3409 3377 3491 prima
3396 3407 3673 3490 qualitas
3694 3422 3875 3488 aquae,

2363 3516 2470 3579 sed
2498 3515 2651 3598 quia
2681 3516 3089 3599 consequitur
3113 3535 3350 3599 aquam
3377 3517 3445 3579 in
3480 3534 3600 3580 sua
3627 3532 3876 3597 congre-

2364 3623 2622 3704 gatione
2664 3627 2920 3707 propter
2963 3623 3324 3706 grossitiem
3379 3623 3664 3705 partium
3684 3671 3702 3701 ,
3753 3635 3879 3701 quae

2363 3735 2699 3795 remanent
2723 3730 3162 3796 subtilioribus
3203 3729 3460 3795 elevatis
3487 3746 3764 3803 sursum,
3792 3724 3878 3788 vel

2363 3837 2840 3919 penetrantibus
2882 3838 2950 3901 in
2997 3841 3186 3901 terrae
3231 3836 3551 3920 profundo
3571 3883 3590 3917 ‚
3640 3854 3720 3899 ex
3768 3849 3879 3915 qua

2364 3939 2795 4016 subtiliatione
2822 3944 3210 4008 dulcescunt.

3017 4133 3156 4179 DUB.
3199 4132 3271 4182 11.

2429 4253 2624 4306 Eodem
2646 4252 2791 4304 enim
2816 4253 2900 4304 die
2924 4253 3135 4319 protulit
3160 4257 3297 4304 tarra
3323 4253 3540 4305 herbam
3567 4252 3828 4305 virentem.

2443 4377 2706 4443 Videtur
2749 4377 2920 4462 quod
2976 4379 3216 4442 factum
3258 4383 3353 4443 est
3404 4378 3788 4454 inordinate3
3834 4373 3879 4437 si

2364 4485 2537 4550 enim
2570 4487 3050 4550 firmamentum
3083 4486 3260 4567 prius
3304 4487 3539 4550 factum
3586 4490 3681 4549 est
3704 4500 3878 4568 quam

2365 4597 2556 4673 terra,
2582 4593 2759 4676 prius
2778 4592 2994 4657 debuit
3014 4594 3250 4672 ornari,
3274 4611 3471 4675 quam
3495 4598 3685 4657 terra.
3716 4593 3875 4665 Item,

2365 4717 2523 4765 cum*
2542 4700 2873 4764 mineralia
2893 4718 3160 4782 corpora
3176 4701 3304 4764 sint
3321 4718 3404 4764 ex
3426 4704 3612 4776 terra,
3632 4700 3722 4764 ita
3740 4700 3879 4764 bene

2353 4798 2528 4872 'sicut
2565 4808 2769 4889 ligna,
2804 4808 3055 4872 videtur
3086 4808 3254 4890 quod
3295 4808 3752 4873 insufficienter
3786 4807 3876 4872 de-

2363 4914 2665 4979 terminet
2701 4913 3025 4998 Scriptura
3062 4934 3159 4992 ea,
3208 4933 3357 4997 quae
3405 4915 3643 4979 virtute
3686 4915 3878 4980 divina

2368 5021 2809 5104 producuntur
2825 5040 2908 5086 ex
2925 5024 3114 5086 terra.
3140 5020 3300 5086 Item
3318 5022 3654 5104 quaeritnr,
3678 5026 3874 5086 utrum

2363 5133 2519 5195 tunc
2545 5133 2715 5193 terra
2740 5129 3199 5212 germinaverit
3230 5129 3498 5194 tribulos
3540 5133 3605 5193 et
3640 5129 3869 5212 spinas:

2366 5235 2421 5299 si
2460 5234 2634 5299 enim
2678 5239 2835 5300 tunc
2875 5254 3006 5300 non
3049 5236 3388 5318 produxit,
3431 5236 3686 5301 videtur
3727 5229 3870 5318 quod

2368 5347 2510 5434 post
2535 5347 2861 5432 peccatum
2899 5343 3023 5414 fuit
3053 5347 3226 5410 terra
3256 5344 3608 5413 foecundior
3625 5393 3645 5426 ,
3682 5348 3744 5409 et
3770 5361 3869 5411 no-
