4125 6225
1384 391 1765 459 DISTINCT.
1807 392 1964 459 xlv.
2010 391 2216 459 PARS
2257 393 2352 476 11,

264 531 604 595 concurrat
686 527 894 593 virtus
977 527 1322 612 spiritualis
1407 527 1798 593 substantiae.

344 640 403 701 3.
453 635 551 699 Ad
591 635 750 699 illud
793 634 964 718 quod
1003 635 1306 718 objicitur
1348 636 1426 700 de
1465 634 1802 700 diffusione

263 743 445 822 lucia,
471 743 814 807 dicendum
836 743 1009 825 quod
1033 742 1141 806 ille
1174 760 1304 807 non
1333 747 1426 808 est
1463 747 1678 806 motus
1704 742 1801 807 lo-

263 850 414 914 calis
443 849 719 932 proprie,
753 850 863 913 sed
886 849 1097 931 magis
1120 854 1335 914 motus
1360 848 1750 913 alterationis
1780 871 1795 914 z

262 958 433 1022 unde
455 956 619 1022 sicut
639 957 811 1038 ignis
835 961 1042 1040 potest
1055 956 1331 1022 calorem
1350 974 1545 1020 suum
1569 956 1803 1021 diffun-

262 1064 409 1132 dere
432 1066 753 1145 deorsum,
783 1068 995 1130 tamen
1028 1066 1270 1131 virtute
1299 1065 1557 1148 propria
1582 1083 1712 1130 non
1733 1084 1802 1129 se

264 1175 482 1238 movet
506 1174 584 1238 de
612 1173 774 1248 loco,
802 1174 873 1238 in
912 1192 1040 1256 quo
1068 1177 1196 1251 est3
1231 1174 1321 1237 sic
1353 1174 1548 1237 etiam
1575 1172 1648 1236 in
1673 1190 1801 1237 οω-

262 1280 402 1345 lesti
430 1299 693 1363 corpore
719 1282 1207 1364 intelligendum
1229 1285 1325 1346 est
1347 1299 1503 1345 esse.

341 1392 402 1453 4.
438 1388 536 1453 Ad
563 1388 720 1453 illud
748 1390 917 1472 quod
951 1389 1271 1471 objicitur,
1302 1389 1473 1471 quod
1513 1388 1592 1452 ad
1624 1405 1801 1452 eom-

262 1494 604 1579 pletionem
631 1500 842 1561 motus
861 1496 1043 1574 facit,
1076 1496 1247 1579 quod
1275 1495 1512 1578 aliquid
1539 1513 1802 1559 movea-

262 1606 370 1666 tur
413 1622 453 1666 a
491 1604 801 1687 principio
827 1603 1209 1683 intrinseco3
1243 1602 1584 1669 dicendum
1626 1602 1800 1686 quod

261 1710 385 1776 hoc
411 1711 632 1776 accidit
658 1734 674 1776 ε
705 1731 836 1777 11011
862 1713 1037 1777 enim
1060 1713 1183 1777 hoc
1207 1715 1302 1776 est
1328 1716 1586 1794 propter
1611 1710 1804 1775 unio-

263 1838 415 1885 nem
448 1820 709 1885 motoris
749 1824 830 1887 ad
872 1822 1105 1893 mobile
1125 1870 1144 1902 ,
1175 1820 1283 1886 sed
1323 1822 1581 1902 propter
1621 1819 1802 1883 suffl-

263 1928 561 1992 cientiam
585 1931 867 2009 motoriS,
896 1930 1012 2013 qui
1041 1930 1300 2013 quidem
1328 1932 1424 1993 est
1449 1928 1802 1992 substantia

263 2032 609 2115 spiritualis
634 2034 876 2098 distans
902 2053 942 2097 a
962 2033 1228 2097 materia
1260 2055 1274 2096 ε
1307 2031 1477 2096 unde
1502 2030 1802 2094 distantia

265 2142 530 2205 motoris
564 2161 603 2206 a
646 2142 901 2222 mobili,
937 2145 1003 2206 et
1039 2140 1374 2223 completio
1407 2139 1669 2204 motoris
1693 2139 1801 2203 illa

263 2254 359 2313 est
398 2266 547 2333 quae
583 2249 730 2314 facit
758 2251 838 2314 ad
880 2253 1094 2313 motus
1129 2247 1581 2331 perfectionem
1628 2269 1644 2311 ε
1679 2247 1801 2312 hoc

262 2359 479 2420 autem
506 2357 714 2420 multo
741 2356 950 2439 magis
976 2355 1292 2438 reperitur
1328 2355 1396 2419 in
1428 2360 1608 2420 motu
1631 2356 1796 2436 coeli,

264 2465 436 2546 quod
464 2470 762 2530 movetur
784 2464 865 2528 ab
893 2464 1146 2545 angelo,
1168 2463 1302 2527 sive
1332 2463 1413 2527 ab
1440 2462 1801 2545 intelligen-

264 2571 352 2636 tia
377 2577 665 2655 separata
677 2571 1029 2636 seeundum
1048 2570 1496 2649 substantiam,
1513 2570 1696 2633 unita
1714 2570 1795 2654 (a)

261 2679 616 2744 secundum
658 2679 996 2758 virtutem,
1027 2696 1227 2763 quam
1270 2678 1325 2742 si
1369 2681 1736 2743 moveretur
1761 2697 1801 2743 a

261 2785 519 2869 propria
548 2785 774 2850 forma.

345 2897 405 2958 5.
435 2894 532 2958 Ad
560 2893 716 2958 illud
745 2893 913 2976 quod
940 2892 1259 2976 objicitur,
1303 2892 1475 2974 quod
1506 2910 1799 2956 neeessa-

261 3002 434 3065 rium
474 3019 607 3064 non
647 3000 876 3083 pendet
917 3018 958 3064 a
1005 3000 1415 3079 voluntario;
1458 2999 1799 3064 dicendum

261 3111 431 3195 quod
450 3130 681 3178 verum
700 3114 795 3175 est
807 3110 884 3176 de
898 3109 1226 3175 voluntate
1240 3107 1515 3175 vertibili
1531 3131 1546 3172 ι
1569 3126 1800 3191 quam-

261 3220 361 3285 vis
403 3224 620 3284 autem
654 3219 948 3283 voluntas
991 3216 1208 3300 angeli
1245 3217 1326 3280 sit
1361 3235 1474 3299 per
1500 3219 1799 3281 naturam

260 3326 589 3402 vertibiliS,
610 3329 826 3389 tamen
844 3342 957 3407 per
967 3323 1241 3406 gloriam
1260 3323 1523 3387 omnino
1540 3323 1799 3388 inverti·

259 3433 405 3497 bilis
434 3432 706 3510 efficitur
746 3453 761 3494 ε
797 3435 866 3494 ‘et
893 3430 1086 3494 talem
1119 3430 1538 3495 substantiam
1565 3431 1799 3495 intelli-

258 3540 543 3622 gendum
588 3543 683 3603 est
719 3556 886 3602 essse
928 3538 1257 3602 motricem
1284 3537 1461 3615 omli,
1502 3556 1686 3621 quae,
1723 3542 1799 3602 ut

259 3648 408 3713 dicit
433 3645 856 3728 AugustinuS,
883 3663 1156 3710 summae
1184 3645 1500 3728 majestati
1525 3645 1795 3710 inconti-

197 3733 202 3740 ’
257 3753 435 3817 nenti
471 3751 780 3815 inhaereat
806 3751 1097 3833 perfecte.
1129 3747 1206 3812 Et
1232 3750 1404 3832 quod
1446 3749 1589 3813 talis
1612 3751 1798 3814 subs-

258 3864 459 3929 tantia
487 3865 572 3928 sit
592 3863 828 3928 motrix
852 3862 1015 3941 coeli,
1038 3861 1307 3926 ostendit
1334 3861 1537 3943 ipsius
1586 3854 1822 3926 motus'

257 3971 552 4036 nobilitas
572 4020 589 4051 ,
620 3975 685 4035 et
718 3969 1122 4034 uniformitas
1141 4017 1158 4049 ,
1193 3973 1257 4032 et
1282 3968 1651 4062 necessitas3
1688 3986 1797 4032 os-

259 4082 460 4146 tendit
502 4079 922 4143 nihilominus
947 4078 1131 4161 quies
1175 4076 1393 4141 futura
1409 4124 1428 4155 ,
1463 4094 1614 4140 cum
1641 4094 1796 4158 per-

257 4189 419 4253 fecta
444 4189 567 4253 erit
591 4206 870 4271 superna
893 4186 1114 4252 civitas
1131 4234 1150 4265 ,
1183 4185 1263 4250 ad
1301 4203 1498 4266 quam
1540 4203 1796 4249 conser-
1882 4252 1888 4260 ,

257 4296 535 4361 vandam
576 4295 853 4359 finaliter
880 4294 1211 4359 ordinatur
1242 4291 1535 4373 angelica
1570 4291 1796 4357 minis-

256 4403 465 4468 tratio.

338 4515 399 4575 6.
429 4509 527 4574 Ad
566 4509 724 4574 illud
760 4509 930 4591 quod
975 4507 1293 4591 objicitur,
1323 4506 1494 4590 quod
1531 4526 1682 4571 eum
1717 4507 1797 4572 sit

259 4617 514 4683 virtutis
540 4616 763 4692 finitae,
786 4616 1084 4695 lassatur;
1107 4615 1449 4680 dicendum
1472 4615 1645 4698 quod
1675 4616 1796 4680 las-

257 4725 568 4790 sationem
609 4742 740 4788 non
775 4724 927 4788 facit
951 4724 1195 4803 finitas,
1235 4722 1344 4788 sed
1382 4722 1795 4806 improportio

260 4832 522 4897 motoris
533 4833 611 4897 ad
639 4832 896 4911 mobile,
913 4832 1014 4897 vel
1038 4831 1465 4910 contrarietas,
1488 4832 1594 4895 vel
1620 4831 1794 4914 inep-

258 4940 462 5005 titudo
491 4958 574 5005 ex
599 4944 777 5023 parte
806 4940 1059 5003 mobilis
1073 4987 1090 5018 ‚
1119 4956 1401 5022 quorum
1423 4939 1677 5004 nullum
1701 4944 1793 5004 est

258 5046 327 5110 in
353 5046 672 5130 proposito
703 5067 718 5107 ε
749 5046 926 5112 etsie
954 5049 1172 5129 patent
1195 5045 1485 5128 quaesita.

325 5171 388 5234 (a)
420 5169 543 5221 Cat.
566 5169 685 5222 edit.
717 5170 929 5223 unitam.

2506 596 2704 671 PARS
2757 594 2838 676 Π.

1958 756 2036 802 DE
2078 756 2489 805 Pnonucnom!
2530 756 2910 805 sENSlBlmm
2944 758 3415 810 commonuit.

2311 934 2723 1002 EXPOSITIO
2764 935 3093 1004 TEXTUS.

1908 1080 2147 1145 Sequitur
2170 1096 2184 1131 ε
2216 1081 2354 1134 Dixit
2380 1084 2519 1134 Deus
2545 1097 2560 1133 ε
2594 1082 2985 1148 Congregentur
3012 1098 3163 1150 aqum
3201 1084 3256 1137 in
3283 1086 3456 1140 locum

2591 1168 2771 1205 unum.

1987 1279 2196 1363 Supra
2241 1282 2376 1365 egit
2432 1282 2734 1365 Magister
2775 1285 2855 1349 de
2886 1286 3302 1368 productione
3351 1289 3453 1354 in-
3482 1297 3661 1345 Divisio·

1905 1388 2305 1454 sensibilium
2330 1390 2796 1455 continentium
2818 1413 2835 1470 3
2864 1391 2936 1455 in
2962 1393 3083 1457 hac
3105 1399 3288 1477 parte
3315 1396 3454 1479 agit

1906 1493 1984 1558 de
2012 1496 2425 1576 productione
2452 1497 2918 1562 insensibilium
2945 1504 3395 1567 contentorum
3429 1522 3446 1567 ε

1905 1602 1969 1663 et
1992 1602 2147 1683 quia
2173 1603 2314 1668 haec
2338 1608 2490 1669 sunt
2517 1605 2580 1668 in
2607 1604 2846 1688 duplici
2868 1607 3248 1687 differentia,
3280 1628 3453 1692 quae-

1905 1707 2053 1772 dam
2076 1710 2251 1773 enim
2283 1711 2454 1774 intra
2481 1711 2672 1776 coelos
2704 1712 3112 1777 eontinentur
3142 1718 3216 1778 ut
3243 1720 3452 1781 mate-

1904 1815 2088 1880 rialia
2121 1824 2415 1901 respectu
2442 1820 2967 1901 generandarum
2982 1840 3219 1887 rerum
3244 1872 3262 1902 ,
3290 1825 3455 1890 sieut

1904 1928 2056 1988 sunt
2067 1925 2400 2007 elementa3
2423 1928 2720 2010 quaedam
2740 1947 2919 2005 vero,
2938 1932 3012 1993 ut
3029 1931 3259 2010 activa,
3287 1931 3453 1996 sieut

1905 2037 2056 2097 sunt
2078 2033 2355 2099 coelestia
2369 2035 2750 2101 luminaria:
2782 2034 2923 2102 ideo
2947 2055 3094 2120 pars
3118 2038 3238 2103 ista
3258 2040 3453 2105 habet

1905 2141 2063 2205 duas
2095 2159 2112 2205 τ
2147 2142 2216 2206 in
2240 2143 2448 2225 prima
2470 2144 2605 2226 agit
2631 2145 2709 2209 de
2736 2144 3140 2210 distinetione
3168 2146 3452 2212 elemen-

1903 2251 2157 2328 torum;
2187 2250 2257 2313 in
2282 2251 2579 2328 secunda,
2606 2253 2685 2316 de
2727 2253 3145 2335 productione
3168 2253 3453 2320 lumina-

1901 2354 2075 2419 rium
2094 2404 2112 2434 ‚
2141 2356 2230 2419 ibi
2260 2379 2274 2420 ε
2314 2357 2612 2441 Sequitur
2645 2378 2661 2423 ε
2695 2360 2889 2426 Dixit
2906 2362 3115 2426 Deus.-
3139 2362 3338 2429 Fiant
3355 2362 3451 2428 lu·

1904 2463 2216 2528 minaria.
2247 2461 2461 2529 Prima
2486 2484 2635 2548 pars
2664 2466 2857 2531 habet
2893 2467 3052 2532 duas
3089 2490 3103 2531 :
3144 2467 3211 2531 in
3242 2469 3452 2551 prima

1905 2570 2286 2636 determinat
2309 2574 2680 2653 veritatem;
2711 2574 2781 2638 in
2812 2576 3092 2640 secunda
3118 2576 3307 2642 solvit
3333 2578 3450 2643 du-

1905 2677 2299 2759 bitationem,
2332 2680 2421 2743 ibi
2453 2704 2466 2745 :
2494 2681 2568 2745 Si
2593 2686 2807 2747 autem
2828 2686 3157 2764 quaeratur
3179 2683 3293 2749 ubi
3305 2700 3450 2753 con·

1904 2790 2176 2867 areaatoe
2211 2788 2350 2853 sint
2389 2803 2593 2869 aquoe.
2642 2786 2943 2853 Similiter
2981 2791 3261 2855 secunda
3299 2810 3450 2874 pars

1906 2893 2270 2976 principalis
2306 2895 2496 2960 habet
2521 2896 2680 2961 duas
2709 2915 2726 2961 t
2757 2897 2828 2961 in
2871 2897 3083 2980 prima
3122 2903 3451 2981 comparat

1904 3000 2387 3081 productionem
2451 3002 2873 3068 luminarium
2935 3005 3236 3088 operibus
3287 3005 3446 3070 alio-

1905 3125 2057 3171 rum
2101 3107 2390 3190 dierum3
2430 3110 2500 3174 in
2540 3111 2820 3177 secunda
2863 3130 3021 3178 vero
3066 3111 3448 3178 determinat

1906 3220 2164 3298 propter
2189 3217 2344 3300 quid
2374 3217 2501 3281 sint
2527 3217 2713 3293 facta,
2747 3217 2837 3282 ibi
2869 3238 2885 3282 ε
2923 3218 3073 3292 Quoe
3100 3217 3243 3285 ideo
3270 3221 3446 3299 facta

1906 3330 2079 3403 sunt,
2121 3331 2193 3390 ut
2224 3341 2338 3406 per
2368 3342 2441 3391 ca
2475 3324 2858 3405 illustretur,
2898 3328 3019 3388 etc.
3062 3324 3145 3389 Et
3186 3325 3281 3390 sic
3312 3327 3444 3392 duo

1907 3429 2314 3494 continentur
2340 3431 2408 3494 in
2433 3435 2612 3513 parte
2638 3431 2781 3510 ista,
2810 3431 3102 3496 videlieet
3130 3451 3146 3495 z
3178 3432 3443 3498 distinc-

1904 3537 1994 3601 tio
2042 3537 2506 3602 elementorum
2523 3586 2541 3617 ,
2592 3541 2657 3601 et
2705 3537 2847 3601 haec
2899 3538 3050 3602 satis
3086 3538 3279 3621 plana
3326 3544 3442 3621 est,

1904 3647 2222 3728 quantum
2249 3644 2331 3709 ad
2358 3648 2736 3727 praesentem
2768 3643 3101 3708 materiam
3126 3646 3438 3727 pertinet3

1904 3753 2259 3817 secundum
2284 3755 2504 3817 autem
2539 3756 2633 3816 est
2665 3751 2960 3816 formatio
2990 3751 3440 3834 luminarium,

1905 3857 2074 3920 circa
2146 3856 2321 3939 quod
2393 3854 2579 3938 plura
2652 3859 3047 3919 concurrunt
3117 3854 3441 3919 dubitabi-

1903 3963 2019 4042 lia,
2056 3968 2129 4028 ut
2165 3965 2381 4028 textus
2404 3980 2601 4027 saorae
2628 3962 2936 4045 Sripturae
2963 3961 3150 4044 plane
3202 3961 3444 4026 intelli-

1904 4074 2118 4152 gatur.

2557 4167 2695 4214 nun.
2741 4166 2787 4212 1.

1904 4278 2289 4344 Congregentur
2306 4289 2454 4343 aquoe
2475 4274 2721 4326 inlocum
2743 4287 2923 4338 unum,
2947 4276 3001 4325 et
3019 4277 3263 4339 appareat
3279 4275 3442 4327 arida.

1984 4393 2236 4473 Contra,
2264 4391 2520 4456 videtur
2554 4391 2766 4472 primo
2792 4389 3314 4454 inconvenienter
3344 4390 3445 4455 di-

1904 4517 2082 4567 cere:
2127 4501 2592 4583 Gonqreqentur
2639 4500 2715 4564 in
2756 4497 2985 4577 locum,
3032 4497 3186 4581 quia
3233 4501 3446 4562 motus

1904 4611 1983 4675 ad
2007 4609 2222 4674 locum
2248 4611 2342 4671 est
2367 4605 2531 4671 entis
2556 4604 2890 4687 completi:
2922 4604 3031 4669 sed
3065 4623 3252 4688 aquae
3277 4623 3443 4670 non-

1903 4719 2060 4784 dum
2105 4718 2286 4781 erant
2323 4714 2691 4798 productae:
2734 4731 2893 4794 ergo
2937 4712 3103 4777 male
3141 4713 3329 4777 dicit:
3368 4714 3446 4778 In

1904 4829 2108 4894 locum
2134 4839 2337 4890 unum
2376 4824 2850 4905 confirmentur.
2892 4819 3074 4897 Item,
3123 4820 3289 4884 nihil
3323 4840 3443 4904 po-

1902 4938 2023 4998 test
2046 4948 2375 5016 apparere,
2403 4930 2527 4993 nisi
2558 4929 2728 4992 color
2750 4950 2765 4991 :
2792 4932 2858 4991 et
2881 4926 3135 4991 nullum
3164 4927 3447 4992 elemen-

1903 5044 2043 5105 tum
2088 5037 2459 5121 simpliciter
2491 5038 2587 5100 est
2624 5035 2979 5099 coloratum
3009 5052 3027 5098 :
3071 5052 3230 5116 ergo
3274 5038 3448 5100 terra

1903 5165 2035 5213 non
2050 5149 2257 5230 potest
2279 5160 2584 5227 apparere
2606 5162 2622 5203 ε
2646 5141 2812 5206 male
2838 5158 2996 5224 ergo
3013 5140 3164 5205 dicit
3186 5161 3200 5205 z
3227 5142 3448 5224 Appa-

1903 5259 2042 5321 reat
2072 5251 2287 5318 arida.
2309 5249 2490 5328 Item,
2511 5266 2661 5312 cum
2678 5247 2808 5311 sint
2822 5247 2952 5311 duo
2970 5247 3093 5312 alia
3108 5246 3442 5329 elementa,

1905 5360 2195 5431 videlicet
2217 5359 2391 5442 ignis
2430 5360 2494 5423 et
2529 5375 2663 5436 aer,
2692 5355 2947 5423 videtur
2985 5355 3179 5441 quod⁴
3194 5355 3446 5423 insuffl-

3348 5593 3363 5634 i
