4125 6225
1321 467 1515 534 DIST.
1560 464 1636 532 X.
1680 464 1864 532 ART.
1909 464 1986 531 11.
2032 463 2333 544 QUAEST.
2378 464 2456 531 11.

300 607 629 689 ginatione
685 631 700 669 ε
750 624 909 689 ergo
956 607 1210 673 videtur
1254 603 1428 689 quod
1474 603 1837 669 immediate

298 715 541 799 possint
584 715 932 781 intellectui
961 719 1178 780 nostro
1219 713 1663 778 similitudines
1705 713 1838 776 im·-

297 821 576 904 primere
605 841 622 887 :
654 823 762 889 sed
791 822 932 888 talis
961 823 1295 907 impressio
1319 841 1452 888 non
1477 825 1681 905 potest
1702 840 1837 888 esse

297 927 435 994 sine
463 930 929 995 illuminatione
957 953 972 996 ε
998 950 1181 1014 ergo,
1211 935 1330 996 etc.

379 1039 439 1101 5.
477 1036 636 1102 Item
679 1038 949 1120 angelus
972 1038 1208 1104 dicitur
1235 1057 1549 1122 purgare,
1584 1038 1836 1104 illumi-

294 1161 482 1224 nare,
514 1149 578 1208 et
599 1146 899 1227 perficere
925 1169 940 1210 ε
968 1165 1125 1228 ergo
1148 1148 1199 1211 si
1222 1148 1345 1212 hoc
1363 1146 1576 1212 solum
1602 1165 1831 1212 conve·

293 1251 467 1315 niret
490 1252 552 1316 ei
578 1271 691 1335 per
710 1253 976 1318 modum
1002 1254 1399 1319 excitationis
1417 1304 1435 1335 ,
1472 1273 1619 1319 cum
1653 1254 1834 1318 simi—

292 1357 440 1423 liter
484 1378 655 1424 unus
697 1361 893 1426 homo
941 1362 1169 1427 excitet
1217 1362 1524 1443 alterum,
1579 1361 1833 1427 videtur

293 1465 468 1549 quod
484 1467 676 1531 homo
695 1468 1011 1534 diceretur
1029 1487 1334 1552 purgare,
1365 1469 1753 1549 illuminare,
1774 1473 1838 1533 et

293 1573 599 1654 perficere
649 1596 663 1639 :
713 1576 884 1657 quod
924 1576 979 1638 si
1023 1576 1218 1641 homo
1246 1596 1377 1641 non
1423 1577 1653 1642 dicitur
1698 1595 1833 1641 esse

294 1683 608 1761 purgator
635 1699 753 1746 nec
777 1681 1189 1763 illuminator,
1216 1684 1383 1747 sicut
1405 1683 1673 1765 angelus
1689 1733 1706 1764 ,
1737 1684 1834 1748 vi-

294 1788 483 1853 detur
514 1790 684 1872 quod
719 1791 990 1871 angelus
1016 1793 1212 1875 possit
1242 1791 1529 1857 animam
1566 1812 1606 1857 a
1638 1810 1834 1875 supe-

293 1895 452 1960 riori
477 1879 865 1964 illuminare.

373 2007 435 2067 6.
466 2003 625 2068 Item
653 2006 854 2071 multo
883 2006 1027 2089 plus
1057 2011 1260 2090 potest
1282 2007 1555 2089 angelus
1581 2008 1827 2087 beatus,

293 2129 490 2194 quam
517 2112 807 2177 diabolus
838 2132 855 2176 ε
887 2113 996 2178 sed
1032 2115 1288 2179 daemon
1315 2119 1523 2198 potest
1549 2115 1616 2178 in
1649 2115 1832 2179 nobis

292 2219 506 2283 varias
542 2220 955 2300 cogitationes
990 2222 1295 2301 excitare,
1334 2227 1397 2286 et
1421 2222 1503 2286 ab
1543 2221 1834 2286 inferiori

292 2344 646 2409 suggerere
672 2351 688 2393 ε
718 2346 875 2410 ergo
898 2329 1155 2394 videtur
1179 2329 1348 2412 quod
1377 2331 1651 2411 angelus
1681 2329 1827 2395 illu·
1869 2402 1874 2407 ,

293 2435 578 2499 minatus
605 2453 718 2518 per
743 2435 1018 2517 gloriam
1035 2485 1053 2513 ,
1082 2454 1234 2500 cum
1257 2436 1338 2499 sit
1366 2436 1583 2500 anima
1615 2441 1832 2501 nostra

295 2541 585 2625 superior
611 2546 674 2606 et
695 2541 1092 2623 luminosior,
1123 2543 1327 2627 ipsam
1350 2543 1545 2626 possit
1575 2564 1615 2608 a
1644 2563 1828 2628 supe-

294 2649 450 2714 riori
476 2649 865 2714 illuminare.

374 2759 473 2822 Ad
528 2759 891 2841 oppositum
958 2779 972 2821 τ
1031 2757 1465 2840 Augustinus,
1533 2760 1602 2824 in
1667 2761 1831 2825 libro

299 2865 635 2931 LXXXIII
672 2866 1104 2941 Quoestionum
1140 2874 1157 2908 ¹
1200 2887 1222 2927 .·
1272 2891 1304 2929 α
1344 2865 1619 2932 Mentem
1675 2868 1834 2932 dici-

294 2990 475 3054 mus,
505 2991 655 3056 quae
677 2974 764 3037 ita
783 2974 863 3038 ad
890 2974 1236 3055 imaginem
1265 2973 1376 3039 Dei
1412 2976 1573 3040 facta
1598 2980 1727 3057 est,
1757 2980 1833 3041 ut

294 3079 658 3148 immediate
676 3101 716 3148 a
738 3082 947 3166 prima
969 3082 1234 3148 veritate
1253 3082 1564 3150 formetur
1589 3104 1655 3148 :n
1684 3084 1834 3150 etin

291 3190 584 3273 pluribus
610 3190 762 3255 locis
791 3192 970 3272 dicit,
1018 3191 1191 3274 quod
1230 3190 1398 3255 inter
1443 3197 1726 3257 mentem
1765 3196 1831 3257 et

292 3294 498 3362 Deum
524 3298 690 3362 nihil
719 3298 886 3362 cadit
918 3298 1202 3364 medium
1231 3317 1430 3381 :ergo
1461 3318 1612 3364 cum
1639 3299 1823 3365 intel-

291 3403 561 3487 ligentia
588 3409 806 3469 nostra
838 3405 1187 3470 attenditur
1211 3408 1563 3472 secundum
1594 3408 1827 3473 animae

294 3530 671 3596 supremum
689 3560 707 3593 ,
736 3513 1189 3606 videturtquod
1211 3533 1341 3580 non
1368 3516 1563 3598 possit
1588 3517 1831 3582 illumi-

295 3621 434 3685 nari
459 3621 541 3685 ab
567 3622 820 3704 ange10.

376 3727 571 3809 Item,
611 3748 804 3812 super
842 3728 999 3795 illud
1025 3730 1268 3797 Psalmi
1295 3737 1318 3772 ²
1354 3752 1379 3793 .·
1405 3717 1640 3800 Manus
1667 3740 1826 3814 tuoe,

295 3837 563 3902 Domine
581 3885 602 3917 ,
657 3838 944 3916 recerunt
989 3853 1086 3904 me
1104 3886 1125 3918 ‚
1177 3841 1296 3903 etc.
1344 3838 1497 3903 dicit
1557 3840 1772 3906 Glossa
1816 3864 1831 3906 z

304 3965 338 4005 a
378 3943 545 4009 Deus
587 3962 701 4027 per
739 3945 1150 4029 semetipsum
1195 3946 1457 4012 irradiat
1481 3948 1617 4031 pias
1647 3967 1830 4013 men-

294 4052 393 4114 tes
422 4072 437 4114 :
465 4074 497 4112 n
532 4048 707 4131 Ergo
733 4069 868 4115 non
905 4052 1180 4133 videtur,
1225 4053 1399 4135 quod
1434 4073 1547 4137 per
1575 4056 1830 4137 angeli-

296 4175 448 4222 cum
473 4158 923 4223 ministerium.

379 4264 539 4330 Item
563 4260 814 4330 ‘facilius
851 4269 945 4330 est
968 4247 1324 4348 producere
1345 4269 1581 4334 formas
1609 4288 1837 4355 corpo-

295 4373 494 4451 rales,
523 4392 721 4456 quam
747 4374 829 4438 sit
845 4372 994 4439 dare
1021 4374 1516 4442 illuminationes
1538 4379 1833 4462 spiritua-

292 4480 388 4546 les
420 4504 437 4547 :
465 4481 574 4546 sed
596 4481 866 4565 angelus
888 4482 1162 4547 formam
1188 4485 1544 4549 naturalem
1568 4504 1699 4550 non
1722 4504 1835 4570 po-

294 4595 418 4656 test
457 4591 806 4674 producere
844 4595 1152 4674 tanquam
1197 4593 1544 4677 principale
1591 4611 1794 4675 agens
1814 4643 1833 4673 ,

294 4700 402 4764 sed
446 4698 658 4764 solum
688 4700 968 4765 exterius
997 4701 1331 4784 disponere
1364 4724 1379 4766 ε
1421 4721 1580 4784 ergo
1627 4704 1831 4769 multo

294 4806 523 4872 fortius
545 4826 663 4872 nec
691 4807 1223 4873 illuminationem
1245 4809 1637 4893 spiritualem
1658 4811 1830 4876 dare.

378 4913 570 4995 Item,
610 4915 663 4979 si
690 4916 962 4997 angelus
1000 4916 1317 4981 illuminat
1358 4918 1640 4982 animam
1663 4967 1680 4997 ‚
1725 4923 1838 4985 aut

294 5020 623 5087 illuminat
664 5023 1065 5088 immittendo
1093 5023 1155 5087 ei
1187 5023 1409 5088 lumen
1454 5026 1789 5110 proprium
1813 5076 1831 5109 ,

298 5133 411 5220 aut
446 5130 653 5195 dando
701 5150 946 5196 novum
995 5154 1010 5196 ε
1061 5131 1115 5195 si
1160 5131 1559 5198 immittendo
1612 5133 1836 5199 lumen

298 5237 664 5320 proprium,
699 5258 850 5304 cum
889 5239 1110 5305 lumen
1147 5258 1344 5306 suum
1370 5259 1501 5305 non
1540 5241 1621 5306 sit
1653 5248 1836 5309 extra

297 5342 537 5428 ipsum,
559 5364 716 5428 ergo
743 5347 1013 5428 angelus
1041 5347 1324 5414 illabitur
1338 5348 1572 5414 animae
1609 5372 1623 5413 :
1660 5351 1833 5433 quod

362 5470 383 5507 ¹
403 5472 558 5538 Aug„
583 5469 673 5526 lib.
695 5471 946 5527 Lmffl
957 5472 1162 5539 Quam,
1182 5487 1235 5540 q.
1253 5485 1390 5528 ιι-
1406 5475 1431 5511 ⁸
1445 5476 1531 5528 Pe.
1548 5485 1731 5540 cxvm,
1752 5476 1834 5529 73.

3358 469 3480 530 493

1941 607 2037 668 est
2062 604 2259 669 solius
2286 602 2397 667 Dei
2432 601 2789 686 proprium.
2828 599 2897 665 Si
2941 599 3149 665 dando
3193 617 3479 681 novum,

1942 714 2057 776 aut
2087 709 2492 794 producendo
2537 727 2621 774 ex
2660 708 2909 791 aliquo,
2958 711 3073 773 aut
3098 706 3175 772 de
3221 706 3427 771 nihilo
3460 725 3479 771 ε

1944 818 1998 881 si
2024 836 2110 882 ex
2134 817 2380 901 aliquo,
2408 835 2631 901 quaero
2658 835 2743 881 ex
2765 834 2896 899 quo
2933 815 3143 899 :quod
3171 833 3321 879 cum
3348 831 3482 879 non

1943 925 2025 989 sit
2050 924 2231 1005 dare,
2259 927 2548 1007 sequitur
2572 925 2745 1008 quod
2772 923 3041 1005 angelus
3066 922 3377 1007 producat
3402 940 3486 987 ex

1943 1031 2176 1110 nihilo;
2209 1035 2272 1096 et
2305 1032 2395 1096 ita
2416 1032 2587 1114 quod
2614 1031 2696 1095 sit
2720 1030 2998 1096 Creator.

2025 1138 2215 1219 Item,
2259 1138 2311 1202 si
2345 1139 2615 1221 angelus
2655 1140 2976 1206 illuminat
3016 1142 3337 1225 animam,
3374 1148 3487 1209 aut

1943 1264 2059 1329 per
2106 1248 2422 1325 medium,
2462 1254 2574 1312 aut
2611 1249 2747 1313 sine
2791 1249 3049 1315 medio:
3091 1251 3145 1314 si
3187 1269 3303 1334 per
3349 1269 3484 1316 me-

1943 1353 2149 1436 dium,
2176 1373 2397 1438 quaero
2424 1357 2581 1440 quid
2604 1358 2686 1422 sit
2710 1357 2868 1423 illud
2895 1358 3183 1423 medium
3200 1359 3487 1424 deferens

1943 1461 2338 1544 spiritualem
2379 1463 2952 1547 illuminationem3
3006 1471 3070 1532 et
3107 1486 3258 1533 cum
3306 1469 3485 1534 dele-

1942 1585 2092 1632 rens
2124 1570 2520 1651 spiritualem
2556 1572 3091 1639 illuminationem
3120 1594 3252 1640 non
3290 1576 3485 1657 possit

1944 1694 2079 1741 esse
2099 1677 2220 1741 nisi
2238 1678 2520 1762 spirituS,
2544 1679 2709 1745 inter
2722 1682 3008 1746 animam
3028 1682 3139 1748 illu
3149 1684 3479 1763 minatam,

1943 1786 2009 1846 et
2055 1786 2364 1866 angelum
2405 1786 2907 1865 illuminantem,
2940 1795 3034 1853 est
3071 1808 3306 1872 ponere
3347 1808 3483 1853 me-

1942 1890 2126 1954 dium
2153 1893 2471 1975 spiritum.
2508 1895 2585 1959 Et
2616 1896 2849 1961 iterum
2886 1897 3205 1978 quaeritur
3236 1898 3312 1962 de
3339 1897 3479 1976 illo,

1944 1998 2110 2063 sicut
2134 2001 2212 2065 de
2234 2002 2442 2081 primo
2475 2026 2491 2068 ι
2518 2022 2678 2086 ergo
2700 2006 2804 2070 vel
2831 2006 2951 2070 erit
2970 2006 3144 2070 abire
3171 2007 3239 2070 in
3264 2007 3485 2071 infini-

1940 2110 2086 2171 tum
2104 2157 2121 2186 ,
2152 2108 2258 2172 vel
2285 2127 2415 2173 non
2442 2114 2536 2175 est
2563 2129 2799 2194 ponere
2827 2112 3142 2177 medium.
3174 2112 3250 2177 Et
3275 2112 3329 2176 si
3354 2114 3486 2177 im-

1946 2215 2219 2280 mediate
2245 2216 2567 2283 illuminat
2600 2220 2805 2303 ipsam
2841 2220 3126 2284 animam
3148 2267 3165 2297 ,
3201 2239 3358 2302 ergo
3388 2222 3487 2285 vi-

1944 2321 2134 2387 detur
2163 2325 2336 2407 quod
2366 2326 2447 2390 sit
2469 2326 2536 2391 in
2564 2327 2700 2410 ipsa
2723 2328 2938 2393 anima
2962 2376 2981 2409 ,
3003 2331 3063 2393 et
3092 2328 3180 2393 ita
3205 2328 3485 2395 illabitur

1944 2431 2203 2496 animae.

2025 2537 2205 2618 Item,
2229 2540 2318 2605 ita
2334 2542 2696 2608 immediate
2721 2547 2869 2608 nata
2894 2547 2990 2607 est
3015 2543 3164 2608 terri
3184 2542 3254 2607 in
3280 2542 3484 2608 Deum

1942 2645 2392 2729 intelligentia,
2439 2655 2512 2715 ut
2537 2651 2686 2715 volu
2697 2657 2833 2715 ntas
2889 2672 2904 2716 :
2941 2669 3099 2732 ergo
3123 2650 3178 2714 si
3211 2651 3484 2731 angelus

1942 2770 2077 2818 non
2104 2761 2303 2836 potest
2330 2759 2722 2822 voluntatem
2747 2758 3093 2823 rectificare
3109 2806 3128 2838 ,
3160 2776 3291 2822 non
3311 2761 3486 2842 pote-

1942 2861 2029 2925 rit
2051 2861 2413 2929 illuminare
2439 2864 2949 2947 intelligentiam.

2021 2969 2218 3035 Juxta
2244 2972 2366 3035 hoc
2391 2972 2704 3055 quaeritur
2732 2990 2926 3055 penes
2964 2972 3122 3055 quid
3152 2972 3481 3056 accipian-

1942 3078 2051 3143 tur
2074 3077 2176 3142 isti
2203 3081 2329 3143 tres
2355 3085 2557 3162 actuS,
2591 3079 2880 3146 videlicet
2908 3080 3294 3163 illuminare,
3332 3100 3483 3166 pur·

1944 3204 2103 3269 gare
2119 3235 2138 3268 ,
2167 3190 2233 3252 et
2255 3188 2579 3270 perficere.

2494 3446 2947 3516 CONGLUSIO.

1944 3597 2188 3669 Anqezm
2214 3599 2377 3657 bonus
2403 3603 2649 3658 mittitur
2683 3601 2758 3658 ad
2780 3605 3094 3673 inser-iorem
3120 3605 3320 3661 animoe
3346 3620 3485 3680 por-

2016 3692 2215 3745 tionem
2241 3690 2696 3760 illuminandam,
2728 3707 2835 3748 non
2870 3692 3225 3766 irradiando,
3264 3696 3350 3751 vel
3390 3695 3482 3753 de-

2014 3780 2266 3849 ferend03
2288 3779 2381 3837 sed
2406 3784 2620 3837 tantum
2647 3783 3022 3855 aspi-immam
3050 3788 3105 3841 et
3135 3785 3480 3857 suqqerendo.

2026 3938 2214 4024 Resp.
2239 3941 2319 4006 ad
2336 3941 2616 4024 Argum.
2644 3943 2742 4007 Ad
2760 3943 2927 4007 hanc
2947 3944 3287 4011 dicendum
3312 3946 3485 4029 quod

1946 4048 2234 4112 animam
2259 4050 2475 4132 quoad
2501 4050 2897 4133 superiorem
2916 4054 3272 4135 portionem
3291 4054 3486 4118 ratio·

1946 4155 2047 4219 nis
2073 4156 2438 4221 illuminare
2458 4204 2475 4234 ,
2503 4156 2703 4220 solius
2728 4156 2839 4221 Dei
2874 4162 2968 4222 est
2994 4160 3354 4242 proprium,
3395 4159 3482 4224 si·

1947 4268 2055 4327 cut
2079 4264 2149 4328 in
2190 4264 2486 4346 pluribus
2510 4263 2665 4328 locis
2711 4266 2983 4330 ostendit
3022 4268 3424 4349 Augustinus
3461 4287 3479 4333 t

1945 4373 2246 4455 quamvis
2269 4372 2469 4455 aliqui
2496 4374 2518 4409 ⁸
2541 4391 2674 4437 non
2700 4373 3125 4457 intelligentes
3149 4376 3342 4442 totius
3368 4395 3485 4442 ve—

1945 4481 2151 4546 ritatis
2172 4480 2564 4564 principium
2586 4528 2604 4559 ,
2628 4487 2985 4564 posuerunt
3010 4483 3187 4550 aliud
3214 4504 3232 4549 ι
3264 4485 3483 4550 videli-

1947 4592 2045 4652 cet
2079 4587 2465 4653 intellectum
2511 4593 2807 4653 nostrum
2852 4607 2983 4655 non
3019 4591 3353 4674 pervenire
3403 4591 3486 4657 ad

1944 4694 2170 4760 lumen
2195 4696 2513 4779 primum;
2544 4697 2655 4762 sed
2686 4698 2939 4780 perfici,
2969 4702 3034 4763 et
3065 4699 3414 4764 illuminari
3447 4718 3487 4764 a

1945 4805 2157 4886 primo
2185 4803 2430 4868 lumine
2464 4821 2580 4886 per
2616 4802 2838 4869 lumen
2864 4805 3300 4888 intelligentiae
3339 4825 3488 4871 me·-

1946 4911 2151 4978 dium.
2181 4913 2304 4979 Sed
2327 4914 2451 4978 hoc
2470 4917 2563 4978 est
2585 4913 2953 4997 simpliciter
2970 4915 3279 4997 tanquam
3309 4931 3485 4980 erro·

1944 5039 2144 5085 neum
2192 5021 2624 5104 respuendum
2640 5068 2657 5098 ‚
2713 5040 2863 5086 cum
2915 5021 2988 5085 in
3049 5021 3270 5086 multis
3325 5023 3481 5087 locis

1945 5129 2016 5196 Β.
2042 5130 2449 5212 Augustinus
2467 5130 2754 5194 ostendat
2767 5129 3183 5206 contrarium,
3205 5135 3269 5195 et
3283 5130 3480 5195 etiam

1943 5258 2124 5304 sacra
2151 5238 2475 5322 Scriptura
2506 5237 2632 5304 hoc
2653 5238 2817 5301 dieat
2842 5255 2859 5301 :
2888 5237 3053 5302 sicut
3077 5235 3352 5302 Ioannes
3378 5237 3482 5302 di-

1943 5348 2066 5413 cit*
2086 5370 2102 5413 z
2122 5348 2285 5415 Erat
2299 5348 2419 5414 lux
2440 5362 2611 5424 vera,
2632 5362 2775 5429 quae
2795 5346 3149 5428 illuminat,
3169 5350 3288 5412 etc.
3317 5344 3476 5423 Quae

1940 5473 2195 5527 -2Error
2222 5473 2519 5554 Avicennae,
2546 5471 2880 5524 Naturalium
2907 5488 2955 5524 c.
2977 5483 3047 5525 v1.
3068 5499 3121 5512 —
3145 5473 3165 5507 ⁸
3180 5474 3350 5539 loon„
3371 5484 3409 5537 1,
3430 5472 3480 5523 9.

3547 4399 3680 4458 opin.

3535 4463 3714 4511 Avium.

3548 4939 3721 4999 Impro-

3512 5003 3655 5053 batur-
