<?xml version="1.0" encoding="UTF-8"?>
<!DOCTYPE html PUBLIC "-//W3C//DTD XHTML 1.0 Transitional//EN"
    "http://www.w3.org/TR/xhtml1/DTD/xhtml1-transitional.dtd">
<html xmlns="http://www.w3.org/1999/xhtml" xml:lang="en" lang="en">
 <head>
  <title>
</title>
<meta http-equiv="Content-Type" content="text/html;charset=utf-8" />
  <meta name='ocr-system' content='tesseract 3.04.00' />
  <meta name='ocr-capabilities' content='ocr_page ocr_carea ocr_par ocr_line ocrx_word'/>
</head>
<body>
  <div class='ocr_page' id='page_1' title='image "./srecardinalissb01peltgoog_0150.png"; bbox 0 0 4125 6225; ppageno 0'>
   <div class='ocr_carea' id='block_1_1' title="bbox 486 3855 695 3980">
    <p class='ocr_par' dir='ltr' id='par_1_1' title="bbox 486 3855 695 3980">
     <span class='ocr_line' id='line_1_1' title="bbox 537 3855 695 3914; baseline -0.032 -10"><span class='ocrx_word' id='word_1_1' title='bbox 537 3855 695 3914; x_wconf 75' lang='lat' dir='ltr'>Opinio</span> 
     </span>
     <span class='ocr_line' id='line_1_2' title="bbox 486 3919 678 3980; baseline -0.016 -14"><span class='ocrx_word' id='word_1_2' title='bbox 486 3919 678 3980; x_wconf 70' lang='lat' dir='ltr'>propria.</span> 
     </span>
    </p>
   </div>
   <div class='ocr_carea' id='block_1_2' title="bbox 502 4895 708 5014">
    <p class='ocr_par' dir='ltr' id='par_1_2' title="bbox 502 4895 708 5014">
     <span class='ocr_line' id='line_1_3' title="bbox 502 4895 707 4955; baseline -0.02 -12"><span class='ocrx_word' id='word_1_3' title='bbox 502 4895 707 4955; x_wconf 74' lang='lat' dir='ltr'>Augusti·</span> 
     </span>
     <span class='ocr_line' id='line_1_4' title="bbox 518 4958 708 5014; baseline -0.011 -11"><span class='ocrx_word' id='word_1_4' title='bbox 518 4960 588 5014; x_wconf 82' lang='lat' dir='ltr'>ni,</span> <span class='ocrx_word' id='word_1_5' title='bbox 632 4958 708 5002; x_wconf 85' lang='lat' dir='ltr'>lib.</span> 
     </span>
    </p>
   </div>
   <div class='ocr_carea' id='block_1_3' title="bbox 683 358 2219 573">
    <p class='ocr_par' dir='ltr' id='par_1_3' title="bbox 683 358 2219 573">
     <span class='ocr_line' id='line_1_5' title="bbox 685 358 808 417; baseline 0.008 -1"><span class='ocrx_word' id='word_1_6' title='bbox 685 358 808 417; x_wconf 75' lang='lat'>¹36</span> 
     </span>
     <span class='ocr_line' id='line_1_6' title="bbox 683 486 2219 573; baseline 0.005 -21"><span class='ocrx_word' id='word_1_7' title='bbox 683 486 988 553; x_wconf 74' lang='lat' dir='ltr'>Similiter</span> <span class='ocrx_word' id='word_1_8' title='bbox 1025 506 1160 553; x_wconf 87' lang='lat' dir='ltr'>non</span> <span class='ocrx_word' id='word_1_9' title='bbox 1199 491 1680 573; x_wconf 77' lang='lat' dir='ltr'>praesemnihil</span> <span class='ocrx_word' id='word_1_10' title='bbox 1716 492 2219 560; x_wconf 81' lang='lat' dir='ltr'>dicitentitatis:</span> 
     </span>
    </p>
   </div>
   <div class='ocr_carea' id='block_1_4' title="bbox 689 1029 2231 1543">
    <p class='ocr_par' dir='ltr' id='par_1_4' title="bbox 689 1029 2231 1543">
     <span class='ocr_line' id='line_1_7' title="bbox 689 1029 2227 1115; baseline 0.003 -25"><span class='ocrx_word' id='word_1_11' title='bbox 689 1044 860 1107; x_wconf 84' lang='lat' dir='ltr'>sens,</span> <span class='ocrx_word' id='word_1_12' title='bbox 883 1029 954 1107; x_wconf 56' lang='lat' dir='ltr'>‚et</span> <span class='ocrx_word' id='word_1_13' title='bbox 978 1032 1243 1105; x_wconf 80' lang='lat' dir='ltr'>constat,</span> <span class='ocrx_word' id='word_1_14' title='bbox 1271 1029 1442 1112; x_wconf 87' lang='lat' dir='ltr'>quod</span> <span class='ocrx_word' id='word_1_15' title='bbox 1467 1030 1536 1094; x_wconf 91' lang='lat' dir='ltr'>in</span> <span class='ocrx_word' id='word_1_16' title='bbox 1565 1030 1764 1095; x_wconf 87' lang='lat' dir='ltr'>altero</span> <span class='ocrx_word' id='word_1_17' title='bbox 1789 1036 2079 1096; x_wconf 82' lang='lat' dir='ltr'>extremo</span> <span class='ocrx_word' id='word_1_18' title='bbox 2104 1049 2227 1115; x_wconf 91' lang='lat' dir='ltr'>po-</span> 
     </span>
     <span class='ocr_line' id='line_1_8' title="bbox 691 1131 2229 1221; baseline 0.005 -26"><span class='ocrx_word' id='word_1_19' title='bbox 691 1131 869 1196; x_wconf 84' lang='lat' dir='ltr'><strong>nitur</strong></span> <span class='ocrx_word' id='word_1_20' title='bbox 888 1152 1004 1198; x_wconf 82' lang='lat' dir='ltr'>ens</span> <span class='ocrx_word' id='word_1_21' title='bbox 1031 1156 1048 1197; x_wconf 76' lang='lat' dir='ltr'><strong><em>z</em></strong></span> <span class='ocrx_word' id='word_1_22' title='bbox 1075 1136 1128 1199; x_wconf 90' lang='lat' dir='ltr'>si</span> <span class='ocrx_word' id='word_1_23' title='bbox 1150 1154 1308 1218; x_wconf 92' lang='lat' dir='ltr'>ergo</span> <span class='ocrx_word' id='word_1_24' title='bbox 1329 1140 1532 1220; x_wconf 82' lang='lat' dir='ltr'>potest</span> <span class='ocrx_word' id='word_1_25' title='bbox 1557 1138 1782 1218; x_wconf 75' lang='lat' dir='ltr'>faeere,</span> <span class='ocrx_word' id='word_1_26' title='bbox 1807 1139 1981 1221; x_wconf 86' lang='lat' dir='ltr'>quod</span> <span class='ocrx_word' id='word_1_27' title='bbox 2008 1148 2229 1221; x_wconf 79' lang='lat' dir='ltr'>praete-</span> 
     </span>
     <span class='ocr_line' id='line_1_9' title="bbox 693 1241 2231 1331; baseline 0.006 -27"><span class='ocrx_word' id='word_1_28' title='bbox 693 1241 892 1306; x_wconf 92' lang='lat' dir='ltr'>ritum</span> <span class='ocrx_word' id='word_1_29' title='bbox 921 1243 1002 1306; x_wconf 85' lang='lat' dir='ltr'>sit</span> <span class='ocrx_word' id='word_1_30' title='bbox 1027 1262 1304 1326; x_wconf 76' lang='lat' dir='ltr'>praesens</span> <span class='ocrx_word' id='word_1_31' title='bbox 1323 1293 1343 1325; x_wconf 94' lang='lat'>,</span> <span class='ocrx_word' id='word_1_32' title='bbox 1375 1249 1440 1311; x_wconf 90' lang='lat' dir='ltr'>et</span> <span class='ocrx_word' id='word_1_33' title='bbox 1464 1247 1636 1329; x_wconf 88' lang='lat' dir='ltr'>quod</span> <span class='ocrx_word' id='word_1_34' title='bbox 1663 1253 1756 1312; x_wconf 88' lang='lat' dir='ltr'>est</span> <span class='ocrx_word' id='word_1_35' title='bbox 1782 1266 2062 1331; x_wconf 75' lang='lat' dir='ltr'>praesens</span> <span class='ocrx_word' id='word_1_36' title='bbox 2100 1268 2231 1313; x_wconf 91' lang='lat' dir='ltr'>non</span> 
     </span>
     <span class='ocr_line' id='line_1_10' title="bbox 694 1350 2229 1440; baseline 0.005 -25"><span class='ocrx_word' id='word_1_37' title='bbox 694 1351 778 1415; x_wconf 87' lang='lat' dir='ltr'>sit</span> <span class='ocrx_word' id='word_1_38' title='bbox 795 1350 874 1433; x_wconf 87' lang='lat' dir='ltr'>(a)</span> <span class='ocrx_word' id='word_1_39' title='bbox 898 1354 1292 1434; x_wconf 66' lang='lat' dir='ltr'>praeteritum</span> <span class='ocrx_word' id='word_1_40' title='bbox 1305 1375 1323 1432; x_wconf 91' lang='lat'>;</span> <span class='ocrx_word' id='word_1_41' title='bbox 1353 1357 1554 1437; x_wconf 85' lang='lat' dir='ltr'>potest</span> <span class='ocrx_word' id='word_1_42' title='bbox 1569 1356 1772 1421; x_wconf 74' lang='lat' dir='ltr'>faeere</span> <span class='ocrx_word' id='word_1_43' title='bbox 1787 1356 1866 1421; x_wconf 87' lang='lat' dir='ltr'>de</span> <span class='ocrx_word' id='word_1_44' title='bbox 1883 1357 2229 1440; x_wconf 64' lang='lat' dir='ltr'>praeterito,</span> 
     </span>
     <span class='ocr_line' id='line_1_11' title="bbox 696 1459 1566 1543; baseline 0.006 -21"><span class='ocrx_word' id='word_1_45' title='bbox 696 1459 867 1542; x_wconf 91' lang='lat' dir='ltr'>quod</span> <span class='ocrx_word' id='word_1_46' title='bbox 889 1478 1022 1523; x_wconf 91' lang='lat' dir='ltr'>non</span> <span class='ocrx_word' id='word_1_47' title='bbox 1045 1460 1126 1523; x_wconf 87' lang='lat' dir='ltr'>sit</span> <span class='ocrx_word' id='word_1_48' title='bbox 1148 1462 1566 1543; x_wconf 85' lang='lat' dir='ltr'>praeteritum.</span> 
     </span>
    </p>
   </div>
   <div class='ocr_carea' id='block_1_5' title="bbox 459 1564 2236 1802">
    <p class='ocr_par' dir='ltr' id='par_1_5' title="bbox 459 1564 2236 1802">
     <span class='ocr_line' id='line_1_12' title="bbox 461 1564 2235 1677; baseline 0.003 -47"><span class='ocrx_word' id='word_1_49' title='bbox 461 1564 672 1677; x_wconf 48' lang='lat' dir='ltr'>rw</span> <span class='ocrx_word' id='word_1_50' title='bbox 781 1566 1042 1650; x_wconf 86' lang='lat' dir='ltr'>Propter</span> <span class='ocrx_word' id='word_1_51' title='bbox 1065 1566 1204 1632; x_wconf 80' lang='lat' dir='ltr'>haec</span> <span class='ocrx_word' id='word_1_52' title='bbox 1229 1572 1292 1632; x_wconf 89' lang='lat' dir='ltr'>et</span> <span class='ocrx_word' id='word_1_53' title='bbox 1316 1568 1418 1632; x_wconf 88' lang='lat' dir='ltr'>his</span> <span class='ocrx_word' id='word_1_54' title='bbox 1443 1569 1679 1634; x_wconf 78' lang='lat' dir='ltr'>similia</span> <span class='ocrx_word' id='word_1_55' title='bbox 1703 1570 1828 1635; x_wconf 82' lang='lat' dir='ltr'>ruit</span> <span class='ocrx_word' id='word_1_56' title='bbox 1852 1570 2070 1653; x_wconf 91' lang='lat' dir='ltr'>opinio</span> <span class='ocrx_word' id='word_1_57' title='bbox 2099 1570 2235 1636; x_wconf 86' lang='lat' dir='ltr'>Gil-</span> 
     </span>
     <span class='ocr_line' id='line_1_13' title="bbox 459 1674 2236 1802; baseline 0.004 -64"><span class='ocrx_word' id='word_1_58' title='bbox 459 1693 673 1802; x_wconf 71' lang='lat'>2⁵1...⁰⁹‘¹⁵⁰</span> <span class='ocrx_word' id='word_1_59' title='bbox 700 1676 859 1740; x_wconf 87' lang='lat' dir='ltr'>berti</span> <span class='ocrx_word' id='word_1_60' title='bbox 885 1674 1232 1757; x_wconf 80' lang='lat' dir='ltr'>Porretani,</span> <span class='ocrx_word' id='word_1_61' title='bbox 1261 1678 1435 1761; x_wconf 86' lang='lat' dir='ltr'>quod</span> <span class='ocrx_word' id='word_1_62' title='bbox 1461 1678 1626 1744; x_wconf 87' lang='lat' dir='ltr'>Dens</span> <span class='ocrx_word' id='word_1_63' title='bbox 1652 1684 1856 1763; x_wconf 85' lang='lat' dir='ltr'>potest</span> <span class='ocrx_word' id='word_1_64' title='bbox 1885 1698 2078 1763; x_wconf 90' lang='lat' dir='ltr'>super</span> <span class='ocrx_word' id='word_1_65' title='bbox 2103 1682 2236 1745; x_wconf 90' lang='lat' dir='ltr'>im-</span> 
     </span>
    </p>
   </div>
   <div class='ocr_carea' id='block_1_6' title="bbox 699 1784 2265 4787">
    <p class='ocr_par' dir='ltr' id='par_1_6' title="bbox 699 1784 2247 2713">
     <span class='ocr_line' id='line_1_14' title="bbox 699 1784 2237 1872; baseline 0.004 -24"><span class='ocrx_word' id='word_1_66' title='bbox 699 1784 992 1868; x_wconf 81' lang='lat' dir='ltr'>possibile</span> <span class='ocrx_word' id='word_1_67' title='bbox 1025 1803 1141 1868; x_wconf 89' lang='lat' dir='ltr'>per</span> <span class='ocrx_word' id='word_1_68' title='bbox 1184 1786 1476 1851; x_wconf 86' lang='lat' dir='ltr'>accidens</span> <span class='ocrx_word' id='word_1_69' title='bbox 1517 1811 1533 1849; x_wconf 90' lang='lat'><strong>:</strong></span> <span class='ocrx_word' id='word_1_70' title='bbox 1577 1792 1780 1872; x_wconf 85' lang='lat' dir='ltr'>potest</span> <span class='ocrx_word' id='word_1_71' title='bbox 1816 1789 1991 1853; x_wconf 90' lang='lat' dir='ltr'>enim</span> <span class='ocrx_word' id='word_1_72' title='bbox 2029 1789 2237 1855; x_wconf 85' lang='lat' dir='ltr'>facere</span> 
     </span>
     <span class='ocr_line' id='line_1_15' title="bbox 699 1891 2238 1979; baseline 0.005 -25"><span class='ocrx_word' id='word_1_73' title='bbox 699 1891 872 1975; x_wconf 89' lang='lat' dir='ltr'>quod</span> <span class='ocrx_word' id='word_1_74' title='bbox 912 1892 1308 1973; x_wconf 68' lang='lat' dir='ltr'>praeteritum</span> <span class='ocrx_word' id='word_1_75' title='bbox 1349 1912 1684 1979; x_wconf 84' lang='lat' dir='ltr'>nunquam</span> <span class='ocrx_word' id='word_1_76' title='bbox 1719 1896 1932 1960; x_wconf 79' lang='lat' dir='ltr'>suerit.</span> <span class='ocrx_word' id='word_1_77' title='bbox 1962 1895 2040 1961; x_wconf 88' lang='lat' dir='ltr'>Et</span> <span class='ocrx_word' id='word_1_78' title='bbox 2076 1897 2238 1962; x_wconf 84' lang='lat' dir='ltr'>illud</span> 
     </span>
     <span class='ocr_line' id='line_1_16' title="bbox 699 1996 2239 2087; baseline 0.005 -25"><span class='ocrx_word' id='word_1_79' title='bbox 699 1997 868 2063; x_wconf 86' lang='lat' dir='ltr'>beati</span> <span class='ocrx_word' id='word_1_80' title='bbox 903 1996 1274 2083; x_wconf 79' lang='lat' dir='ltr'>Hieronymi</span> <span class='ocrx_word' id='word_1_81' title='bbox 1314 2007 1648 2085; x_wconf 84' lang='lat' dir='ltr'>exponunt</span> <span class='ocrx_word' id='word_1_82' title='bbox 1666 2052 1684 2082; x_wconf 93' lang='lat'>,</span> <span class='ocrx_word' id='word_1_83' title='bbox 1723 2004 1838 2087; x_wconf 87' lang='lat' dir='ltr'>qni</span> <span class='ocrx_word' id='word_1_84' title='bbox 1881 2008 2239 2087; x_wconf 83' lang='lat' dir='ltr'>sequuntur</span> 
     </span>
     <span class='ocr_line' id='line_1_17' title="bbox 700 2107 2240 2194; baseline 0.005 -25"><span class='ocrx_word' id='word_1_85' title='bbox 700 2123 896 2186; x_wconf 86' lang='lat' dir='ltr'>eum,</span> <span class='ocrx_word' id='word_1_86' title='bbox 943 2107 1117 2189; x_wconf 86' lang='lat' dir='ltr'>quod</span> <span class='ocrx_word' id='word_1_87' title='bbox 1162 2126 1295 2173; x_wconf 91' lang='lat' dir='ltr'>non</span> <span class='ocrx_word' id='word_1_88' title='bbox 1337 2113 1537 2193; x_wconf 85' lang='lat' dir='ltr'>potest</span> <span class='ocrx_word' id='word_1_89' title='bbox 1579 2110 1785 2176; x_wconf 84' lang='lat' dir='ltr'>facere</span> <span class='ocrx_word' id='word_1_90' title='bbox 1824 2111 1901 2175; x_wconf 88' lang='lat' dir='ltr'>de</span> <span class='ocrx_word' id='word_1_91' title='bbox 1941 2118 2240 2194; x_wconf 87' lang='lat' dir='ltr'>corrupta</span> 
     </span>
     <span class='ocr_line' id='line_1_18' title="bbox 702 2214 2241 2302; baseline 0.002 -21"><span class='ocrx_word' id='word_1_92' title='bbox 702 2214 1046 2296; x_wconf 85' lang='lat' dir='ltr'>virginem,</span> <span class='ocrx_word' id='word_1_93' title='bbox 1075 2215 1141 2280; x_wconf 90' lang='lat' dir='ltr'>id</span> <span class='ocrx_word' id='word_1_94' title='bbox 1169 2221 1285 2294; x_wconf 89' lang='lat' dir='ltr'>est,</span> <span class='ocrx_word' id='word_1_95' title='bbox 1315 2235 1447 2281; x_wconf 92' lang='lat' dir='ltr'>non</span> <span class='ocrx_word' id='word_1_96' title='bbox 1471 2218 1744 2283; x_wconf 81' lang='lat' dir='ltr'>ostendit</span> <span class='ocrx_word' id='word_1_97' title='bbox 1767 2237 1834 2283; x_wconf 90' lang='lat' dir='ltr'>se</span> <span class='ocrx_word' id='word_1_98' title='bbox 1855 2237 2060 2302; x_wconf 85' lang='lat' dir='ltr'>posse,</span> <span class='ocrx_word' id='word_1_99' title='bbox 2088 2238 2241 2284; x_wconf 89' lang='lat' dir='ltr'>cum</span> 
     </span>
     <span class='ocr_line' id='line_1_19' title="bbox 703 2324 2242 2405; baseline 0.005 -20"><span class='ocrx_word' id='word_1_100' title='bbox 703 2338 1042 2405; x_wconf 78' lang='lat' dir='ltr'>nunquam</span> <span class='ocrx_word' id='word_1_101' title='bbox 1069 2324 1302 2389; x_wconf 76' lang='lat' dir='ltr'>fecerit.</span> <span class='ocrx_word' id='word_1_102' title='bbox 1347 2325 1425 2390; x_wconf 90' lang='lat' dir='ltr'>Et</span> <span class='ocrx_word' id='word_1_103' title='bbox 1458 2327 1749 2391; x_wconf 88' lang='lat' dir='ltr'>similiter</span> <span class='ocrx_word' id='word_1_104' title='bbox 1790 2328 1948 2392; x_wconf 91' lang='lat' dir='ltr'>illud</span> <span class='ocrx_word' id='word_1_105' title='bbox 1981 2328 2060 2393; x_wconf 90' lang='lat' dir='ltr'>de</span> <span class='ocrx_word' id='word_1_106' title='bbox 2103 2327 2242 2393; x_wconf 81' lang='lat' dir='ltr'>Au·-</span> 
     </span>
     <span class='ocr_line' id='line_1_20' title="bbox 703 2430 2243 2518; baseline 0.004 -23"><span class='ocrx_word' id='word_1_107' title='bbox 703 2430 993 2512; x_wconf 84' lang='lat' dir='ltr'>gustino,</span> <span class='ocrx_word' id='word_1_108' title='bbox 1023 2431 1196 2515; x_wconf 84' lang='lat' dir='ltr'>qnod</span> <span class='ocrx_word' id='word_1_109' title='bbox 1225 2431 1389 2497; x_wconf 87' lang='lat' dir='ltr'>Deus</span> <span class='ocrx_word' id='word_1_110' title='bbox 1413 2435 1788 2499; x_wconf 84' lang='lat' dir='ltr'>sententiam</span> <span class='ocrx_word' id='word_1_111' title='bbox 1820 2435 1897 2499; x_wconf 88' lang='lat' dir='ltr'>de</span> <span class='ocrx_word' id='word_1_112' title='bbox 1923 2437 2243 2518; x_wconf 63' lang='lat' dir='ltr'>praeterito</span> 
     </span>
     <span class='ocr_line' id='line_1_21' title="bbox 707 2538 2247 2626; baseline 0.005 -24"><span class='ocrx_word' id='word_1_113' title='bbox 707 2556 837 2603; x_wconf 91' lang='lat' dir='ltr'>non</span> <span class='ocrx_word' id='word_1_114' title='bbox 862 2542 1065 2621; x_wconf 86' lang='lat' dir='ltr'>potest</span> <span class='ocrx_word' id='word_1_115' title='bbox 1080 2538 1283 2605; x_wconf 73' lang='lat' dir='ltr'>facere</span> <span class='ocrx_word' id='word_1_116' title='bbox 1309 2540 1553 2621; x_wconf 75' lang='lat' dir='ltr'>salsam,</span> <span class='ocrx_word' id='word_1_117' title='bbox 1580 2541 1704 2608; x_wconf 91' lang='lat' dir='ltr'>hoc</span> <span class='ocrx_word' id='word_1_118' title='bbox 1724 2543 2104 2626; x_wconf 78' lang='lat' dir='ltr'>intelligitur</span> <span class='ocrx_word' id='word_1_119' title='bbox 2128 2544 2247 2609; x_wconf 85' lang='lat' dir='ltr'>sal-</span> 
     </span>
     <span class='ocr_line' id='line_1_22' title="bbox 703 2663 909 2713; baseline -0.015 0"><span class='ocrx_word' id='word_1_120' title='bbox 703 2663 791 2713; x_wconf 78' lang='lat' dir='ltr'>va</span> <span class='ocrx_word' id='word_1_121' title='bbox 813 2663 909 2712; x_wconf 89' lang='lat' dir='ltr'>re.</span> 
     </span>
    </p>

    <p class='ocr_par' dir='ltr' id='par_1_7' title="bbox 711 2752 2265 4787">
     <span class='ocr_line' id='line_1_23' title="bbox 789 2752 2248 2842; baseline 0.005 -23"><span class='ocrx_word' id='word_1_122' title='bbox 789 2752 912 2820; x_wconf 89' lang='lat' dir='ltr'>Sed</span> <span class='ocrx_word' id='word_1_123' title='bbox 961 2757 1129 2821; x_wconf 84' lang='lat' dir='ltr'>certe</span> <span class='ocrx_word' id='word_1_124' title='bbox 1172 2756 1285 2840; x_wconf 82' lang='lat' dir='ltr'>huj</span> <span class='ocrx_word' id='word_1_125' title='bbox 1295 2758 1546 2823; x_wconf 83' lang='lat' dir='ltr'>usmodi</span> <span class='ocrx_word' id='word_1_126' title='bbox 1596 2759 2017 2842; x_wconf 68' lang='lat' dir='ltr'>expositiones</span> <span class='ocrx_word' id='word_1_127' title='bbox 2062 2760 2248 2826; x_wconf 86' lang='lat' dir='ltr'>valde</span> 
     </span>
     <span class='ocr_line' id='line_1_24' title="bbox 711 2866 2249 2951; baseline 0.003 -23"><span class='ocrx_word' id='word_1_128' title='bbox 711 2867 863 2929; x_wconf 88' lang='lat' dir='ltr'>sunt</span> <span class='ocrx_word' id='word_1_129' title='bbox 906 2868 1250 2931; x_wconf 82' lang='lat' dir='ltr'>extraneae.</span> <span class='ocrx_word' id='word_1_130' title='bbox 1295 2866 1359 2931; x_wconf 87' lang='lat' dir='ltr'>Si</span> <span class='ocrx_word' id='word_1_131' title='bbox 1401 2867 1575 2931; x_wconf 90' lang='lat' dir='ltr'>enim</span> <span class='ocrx_word' id='word_1_132' title='bbox 1625 2867 2058 2951; x_wconf 82' lang='lat' dir='ltr'>Hieronymus</span> <span class='ocrx_word' id='word_1_133' title='bbox 2099 2868 2249 2933; x_wconf 89' lang='lat' dir='ltr'>dicit</span> 
     </span>
     <span class='ocr_line' id='line_1_25' title="bbox 712 2971 2246 3059; baseline 0.003 -23"><span class='ocrx_word' id='word_1_134' title='bbox 712 2971 884 3056; x_wconf 87' lang='lat' dir='ltr'>quod</span> <span class='ocrx_word' id='word_1_135' title='bbox 929 2990 1059 3036; x_wconf 91' lang='lat' dir='ltr'>non</span> <span class='ocrx_word' id='word_1_136' title='bbox 1095 2976 1298 3057; x_wconf 85' lang='lat' dir='ltr'>potest</span> <span class='ocrx_word' id='word_1_137' title='bbox 1334 2972 1413 3039; x_wconf 89' lang='lat' dir='ltr'>de</span> <span class='ocrx_word' id='word_1_138' title='bbox 1451 2980 1750 3058; x_wconf 84' lang='lat' dir='ltr'>corrupta</span> <span class='ocrx_word' id='word_1_139' title='bbox 1790 2976 1993 3040; x_wconf 85' lang='lat' dir='ltr'>facere</span> <span class='ocrx_word' id='word_1_140' title='bbox 2036 2976 2246 3059; x_wconf 82' lang='lat' dir='ltr'>virgi-</span> 
     </span>
     <span class='ocr_line' id='line_1_26' title="bbox 711 3080 2251 3168; baseline 0.003 -25"><span class='ocrx_word' id='word_1_141' title='bbox 711 3096 895 3160; x_wconf 89' lang='lat' dir='ltr'>nem,</span> <span class='ocrx_word' id='word_1_142' title='bbox 930 3080 997 3144; x_wconf 92' lang='lat' dir='ltr'>id</span> <span class='ocrx_word' id='word_1_143' title='bbox 1017 3084 1142 3159; x_wconf 86' lang='lat' dir='ltr'>est,</span> <span class='ocrx_word' id='word_1_144' title='bbox 1173 3099 1301 3146; x_wconf 91' lang='lat' dir='ltr'>non</span> <span class='ocrx_word' id='word_1_145' title='bbox 1327 3083 1626 3162; x_wconf 80' lang='lat' dir='ltr'>ostendit,</span> <span class='ocrx_word' id='word_1_146' title='bbox 1660 3081 1950 3149; x_wconf 86' lang='lat' dir='ltr'>similiter</span> <span class='ocrx_word' id='word_1_147' title='bbox 1972 3101 2107 3148; x_wconf 89' lang='lat' dir='ltr'>non</span> <span class='ocrx_word' id='word_1_148' title='bbox 2132 3102 2251 3168; x_wconf 91' lang='lat' dir='ltr'>po-</span> 
     </span>
     <span class='ocr_line' id='line_1_27' title="bbox 712 3187 2249 3273; baseline 0.003 -21"><span class='ocrx_word' id='word_1_149' title='bbox 712 3191 831 3253; x_wconf 84' lang='lat' dir='ltr'>test</span> <span class='ocrx_word' id='word_1_150' title='bbox 858 3187 935 3254; x_wconf 88' lang='lat' dir='ltr'>de</span> <span class='ocrx_word' id='word_1_151' title='bbox 973 3192 1202 3254; x_wconf 87' lang='lat' dir='ltr'>trunco</span> <span class='ocrx_word' id='word_1_152' title='bbox 1232 3190 1509 3256; x_wconf 88' lang='lat' dir='ltr'>vitulum</span> <span class='ocrx_word' id='word_1_153' title='bbox 1536 3192 1740 3257; x_wconf 86' lang='lat' dir='ltr'>faeere</span> <span class='ocrx_word' id='word_1_154' title='bbox 1757 3240 1775 3273; x_wconf 93' lang='lat'>,</span> <span class='ocrx_word' id='word_1_155' title='bbox 1811 3210 1960 3257; x_wconf 92' lang='lat' dir='ltr'>cum</span> <span class='ocrx_word' id='word_1_156' title='bbox 1986 3210 2121 3256; x_wconf 92' lang='lat' dir='ltr'>non</span> <span class='ocrx_word' id='word_1_157' title='bbox 2146 3210 2249 3256; x_wconf 86' lang='lat' dir='ltr'>os-</span> 
     </span>
     <span class='ocr_line' id='line_1_28' title="bbox 714 3294 2252 3381; baseline 0.003 -21"><span class='ocrx_word' id='word_1_158' title='bbox 714 3294 929 3360; x_wconf 87' lang='lat' dir='ltr'>tendat</span> <span class='ocrx_word' id='word_1_159' title='bbox 958 3316 972 3357; x_wconf 89' lang='lat'><strong>:</strong></span> <span class='ocrx_word' id='word_1_160' title='bbox 1008 3313 1138 3360; x_wconf 92' lang='lat' dir='ltr'>non</span> <span class='ocrx_word' id='word_1_161' title='bbox 1165 3301 1330 3363; x_wconf 82' lang='lat' dir='ltr'>recte</span> <span class='ocrx_word' id='word_1_162' title='bbox 1358 3317 1516 3381; x_wconf 85' lang='lat' dir='ltr'>ergo</span> <span class='ocrx_word' id='word_1_163' title='bbox 1543 3299 1737 3366; x_wconf 84' lang='lat' dir='ltr'>dicit:</span> <span class='ocrx_word' id='word_1_164' title='bbox 1780 3324 1810 3360; x_wconf 75' lang='grc' dir='ltr'>α</span> <span class='ocrx_word' id='word_1_165' title='bbox 1839 3299 1996 3364; x_wconf 90' lang='lat' dir='ltr'>Cum</span> <span class='ocrx_word' id='word_1_166' title='bbox 2024 3305 2252 3365; x_wconf 84' lang='lat' dir='ltr'>caetera</span> 
     </span>
     <span class='ocr_line' id='line_1_29' title="bbox 719 3404 2249 3489; baseline 0.004 -22"><span class='ocrx_word' id='word_1_167' title='bbox 719 3404 915 3489; x_wconf 86' lang='lat' dir='ltr'>possit</span> <span class='ocrx_word' id='word_1_168' title='bbox 939 3404 1105 3470; x_wconf 89' lang='lat' dir='ltr'>Deus</span> <span class='ocrx_word' id='word_1_169' title='bbox 1122 3453 1138 3483; x_wconf 90' lang='lat'>,</span> <span class='ocrx_word' id='word_1_170' title='bbox 1167 3427 1199 3465; x_wconf 71' lang='lat' dir='ltr'>n</span> <span class='ocrx_word' id='word_1_171' title='bbox 1232 3411 1349 3471; x_wconf 89' lang='lat' dir='ltr'>etc.</span> <span class='ocrx_word' id='word_1_172' title='bbox 1381 3406 1458 3473; x_wconf 91' lang='lat' dir='ltr'>Et</span> <span class='ocrx_word' id='word_1_173' title='bbox 1481 3407 1717 3472; x_wconf 83' lang='lat' dir='ltr'>iterum</span> <span class='ocrx_word' id='word_1_174' title='bbox 1738 3455 1756 3485; x_wconf 91' lang='lat'>,</span> <span class='ocrx_word' id='word_1_175' title='bbox 1784 3408 1838 3472; x_wconf 86' lang='lat' dir='ltr'>si</span> <span class='ocrx_word' id='word_1_176' title='bbox 1873 3426 2083 3473; x_wconf 92' lang='lat' dir='ltr'>sermo</span> <span class='ocrx_word' id='word_1_177' title='bbox 2108 3409 2249 3473; x_wconf 86' lang='lat' dir='ltr'>Au-</span> 
     </span>
     <span class='ocr_line' id='line_1_30' title="bbox 718 3510 2253 3599; baseline 0.003 -24"><span class='ocrx_word' id='word_1_178' title='bbox 718 3510 963 3594; x_wconf 88' lang='lat' dir='ltr'>gustini</span> <span class='ocrx_word' id='word_1_179' title='bbox 1005 3512 1415 3596; x_wconf 83' lang='lat' dir='ltr'>intelligitur,</span> <span class='ocrx_word' id='word_1_180' title='bbox 1446 3514 1615 3597; x_wconf 87' lang='lat' dir='ltr'>quod</span> <span class='ocrx_word' id='word_1_181' title='bbox 1655 3533 1787 3579; x_wconf 91' lang='lat' dir='ltr'>non</span> <span class='ocrx_word' id='word_1_182' title='bbox 1816 3519 2018 3599; x_wconf 89' lang='lat' dir='ltr'>potest</span> <span class='ocrx_word' id='word_1_183' title='bbox 2050 3516 2253 3580; x_wconf 79' lang='lat' dir='ltr'>facere</span> 
     </span>
     <span class='ocr_line' id='line_1_31' title="bbox 718 3617 2253 3708; baseline 0.005 -25"><span class='ocrx_word' id='word_1_184' title='bbox 718 3617 887 3684; x_wconf 90' lang='lat' dir='ltr'>Deus</span> <span class='ocrx_word' id='word_1_185' title='bbox 902 3620 1079 3687; x_wconf 87' lang='lat' dir='ltr'>illam</span> <span class='ocrx_word' id='word_1_186' title='bbox 1100 3623 1479 3689; x_wconf 87' lang='lat' dir='ltr'>sententiam</span> <span class='ocrx_word' id='word_1_187' title='bbox 1499 3624 1720 3689; x_wconf 87' lang='lat' dir='ltr'>falsam</span> <span class='ocrx_word' id='word_1_188' title='bbox 1738 3625 2063 3707; x_wconf 84' lang='lat' dir='ltr'>supposito</span> <span class='ocrx_word' id='word_1_189' title='bbox 2081 3643 2253 3708; x_wconf 82' lang='lat' dir='ltr'>prae-</span> 
     </span>
     <span class='ocr_line' id='line_1_32' title="bbox 724 3727 2255 3810; baseline 0.007 -20"><span class='ocrx_word' id='word_1_190' title='bbox 724 3727 906 3794; x_wconf 87' lang='lat' dir='ltr'>terito</span> <span class='ocrx_word' id='word_1_191' title='bbox 922 3777 940 3810; x_wconf 93' lang='lat'>,</span> <span class='ocrx_word' id='word_1_192' title='bbox 987 3730 1274 3796; x_wconf 85' lang='lat' dir='ltr'>similiter</span> <span class='ocrx_word' id='word_1_193' title='bbox 1322 3751 1439 3797; x_wconf 90' lang='lat' dir='ltr'>nec</span> <span class='ocrx_word' id='word_1_194' title='bbox 1484 3733 1865 3797; x_wconf 86' lang='lat' dir='ltr'>sententiam</span> <span class='ocrx_word' id='word_1_195' title='bbox 1908 3733 1986 3797; x_wconf 90' lang='lat' dir='ltr'>de</span> <span class='ocrx_word' id='word_1_196' title='bbox 2038 3733 2255 3800; x_wconf 81' lang='lat' dir='ltr'>futuro</span> 
     </span>
     <span class='ocr_line' id='line_1_33' title="bbox 721 3834 2256 3924; baseline 0.003 -24"><span class='ocrx_word' id='word_1_197' title='bbox 721 3834 896 3902; x_wconf 85' lang='lat' dir='ltr'>salva</span> <span class='ocrx_word' id='word_1_198' title='bbox 921 3837 1317 3904; x_wconf 85' lang='lat' dir='ltr'>futuritione.</span> <span class='ocrx_word' id='word_1_199' title='bbox 1349 3839 1426 3905; x_wconf 87' lang='lat' dir='ltr'>Et</span> <span class='ocrx_word' id='word_1_200' title='bbox 1458 3845 1714 3924; x_wconf 90' lang='lat' dir='ltr'>propter</span> <span class='ocrx_word' id='word_1_201' title='bbox 1740 3841 1892 3920; x_wconf 90' lang='lat' dir='ltr'>hoc,</span> <span class='ocrx_word' id='word_1_202' title='bbox 1923 3859 2073 3904; x_wconf 88' lang='lat' dir='ltr'>cum</span> <span class='ocrx_word' id='word_1_203' title='bbox 2099 3858 2256 3906; x_wconf 86' lang='lat' dir='ltr'>auc-</span> 
     </span>
     <span class='ocr_line' id='line_1_34' title="bbox 721 3944 2261 4033; baseline 0.003 -23"><span class='ocrx_word' id='word_1_204' title='bbox 721 3944 1003 4012; x_wconf 84' lang='lat' dir='ltr'>toritates</span> <span class='ocrx_word' id='word_1_205' title='bbox 1029 3948 1241 4014; x_wconf 86' lang='lat' dir='ltr'>dicant</span> <span class='ocrx_word' id='word_1_206' title='bbox 1266 3967 1654 4032; x_wconf 91' lang='lat' dir='ltr'>magnorum</span> <span class='ocrx_word' id='word_1_207' title='bbox 1681 3948 2020 4014; x_wconf 83' lang='lat' dir='ltr'>Doctorum</span> <span class='ocrx_word' id='word_1_208' title='bbox 2040 3998 2059 4030; x_wconf 92' lang='lat'>,</span> <span class='ocrx_word' id='word_1_209' title='bbox 2087 3949 2261 4033; x_wconf 87' lang='lat' dir='ltr'>quod</span> 
     </span>
     <span class='ocr_line' id='line_1_35' title="bbox 723 4054 2262 4142; baseline 0.002 -23"><span class='ocrx_word' id='word_1_210' title='bbox 723 4054 911 4136; x_wconf 88' lang='lat' dir='ltr'>Deus,</span> <span class='ocrx_word' id='word_1_211' title='bbox 932 4057 1009 4121; x_wconf 90' lang='lat' dir='ltr'>de</span> <span class='ocrx_word' id='word_1_212' title='bbox 1032 4076 1109 4122; x_wconf 91' lang='lat' dir='ltr'>eo</span> <span class='ocrx_word' id='word_1_213' title='bbox 1134 4058 1307 4142; x_wconf 85' lang='lat' dir='ltr'>quod</span> <span class='ocrx_word' id='word_1_214' title='bbox 1324 4060 1465 4138; x_wconf 86' lang='lat' dir='ltr'>fuit,</span> <span class='ocrx_word' id='word_1_215' title='bbox 1495 4077 1625 4124; x_wconf 91' lang='lat' dir='ltr'>non</span> <span class='ocrx_word' id='word_1_216' title='bbox 1643 4062 1846 4141; x_wconf 86' lang='lat' dir='ltr'>potest</span> <span class='ocrx_word' id='word_1_217' title='bbox 1864 4058 2067 4123; x_wconf 80' lang='lat' dir='ltr'>facere</span> <span class='ocrx_word' id='word_1_218' title='bbox 2089 4057 2262 4141; x_wconf 88' lang='lat' dir='ltr'>quod</span> 
     </span>
     <span class='ocr_line' id='line_1_36' title="bbox 727 4164 2263 4244; baseline 0.001 -17"><span class='ocrx_word' id='word_1_219' title='bbox 727 4181 857 4228; x_wconf 90' lang='lat' dir='ltr'>non</span> <span class='ocrx_word' id='word_1_220' title='bbox 884 4164 1106 4244; x_wconf 87' lang='lat' dir='ltr'>fuerit,</span> <span class='ocrx_word' id='word_1_221' title='bbox 1134 4171 1198 4230; x_wconf 89' lang='lat' dir='ltr'>et</span> <span class='ocrx_word' id='word_1_222' title='bbox 1228 4166 1583 4231; x_wconf 77' lang='lat' dir='ltr'>intellectus</span> <span class='ocrx_word' id='word_1_223' title='bbox 1605 4166 1672 4231; x_wconf 93' lang='lat' dir='ltr'>in</span> <span class='ocrx_word' id='word_1_224' title='bbox 1701 4165 1877 4230; x_wconf 91' lang='lat' dir='ltr'>nullo</span> <span class='ocrx_word' id='word_1_225' title='bbox 1902 4164 2070 4230; x_wconf 85' lang='lat' dir='ltr'>dicat</span> <span class='ocrx_word' id='word_1_226' title='bbox 2106 4183 2263 4229; x_wconf 89' lang='lat' dir='ltr'>con-</span> 
     </span>
     <span class='ocr_line' id='line_1_37' title="bbox 729 4271 2265 4352; baseline -0.001 -14"><span class='ocrx_word' id='word_1_227' title='bbox 729 4273 997 4338; x_wconf 85' lang='lat' dir='ltr'>trarium</span> <span class='ocrx_word' id='word_1_228' title='bbox 1018 4321 1035 4352; x_wconf 91' lang='lat'>,</span> <span class='ocrx_word' id='word_1_229' title='bbox 1065 4291 1183 4339; x_wconf 87' lang='lat' dir='ltr'>nec</span> <span class='ocrx_word' id='word_1_230' title='bbox 1220 4273 1377 4339; x_wconf 85' lang='lat' dir='ltr'>fides</span> <span class='ocrx_word' id='word_1_231' title='bbox 1407 4274 1487 4339; x_wconf 87' lang='lat' dir='ltr'>ad</span> <span class='ocrx_word' id='word_1_232' title='bbox 1530 4273 1653 4338; x_wconf 90' lang='lat' dir='ltr'>hoc</span> <span class='ocrx_word' id='word_1_233' title='bbox 1690 4291 1812 4337; x_wconf 84' lang='lat' dir='ltr'>nos</span> <span class='ocrx_word' id='word_1_234' title='bbox 1836 4275 2130 4349; x_wconf 86' lang='lat' dir='ltr'>moveat,</span> <span class='ocrx_word' id='word_1_235' title='bbox 2158 4271 2265 4337; x_wconf 85' lang='lat' dir='ltr'>vel</span> 
     </span>
     <span class='ocr_line' id='line_1_38' title="bbox 730 4379 2264 4464; baseline -0.001 -19"><span class='ocrx_word' id='word_1_236' title='bbox 730 4379 1093 4464; x_wconf 84' lang='lat' dir='ltr'>compellat;</span> <span class='ocrx_word' id='word_1_237' title='bbox 1113 4384 1420 4463; x_wconf 88' lang='lat' dir='ltr'>tanquam</span> <span class='ocrx_word' id='word_1_238' title='bbox 1442 4379 1878 4445; x_wconf 80' lang='lat' dir='ltr'>rationabilius</span> <span class='ocrx_word' id='word_1_239' title='bbox 1896 4384 1960 4444; x_wconf 89' lang='lat' dir='ltr'>et</span> <span class='ocrx_word' id='word_1_240' title='bbox 1980 4379 2264 4443; x_wconf 87' lang='lat' dir='ltr'>securius</span> 
     </span>
     <span class='ocr_line' id='line_1_39' title="bbox 731 4486 2265 4571; baseline -0.001 -18"><span class='ocrx_word' id='word_1_241' title='bbox 731 4487 1073 4554; x_wconf 88' lang='lat' dir='ltr'>dicendum</span> <span class='ocrx_word' id='word_1_242' title='bbox 1097 4491 1191 4552; x_wconf 88' lang='lat' dir='ltr'>est</span> <span class='ocrx_word' id='word_1_243' title='bbox 1218 4506 1369 4553; x_wconf 91' lang='lat' dir='ltr'>cum</span> <span class='ocrx_word' id='word_1_244' title='bbox 1387 4488 1639 4568; x_wconf 86' lang='lat' dir='ltr'>sanctis,</span> <span class='ocrx_word' id='word_1_245' title='bbox 1670 4487 1838 4571; x_wconf 80' lang='lat' dir='ltr'>quod</span> <span class='ocrx_word' id='word_1_246' title='bbox 1871 4486 2055 4565; x_wconf 82' lang='lat' dir='ltr'>Deus,</span> <span class='ocrx_word' id='word_1_247' title='bbox 2087 4487 2163 4553; x_wconf 91' lang='lat' dir='ltr'>de</span> <span class='ocrx_word' id='word_1_248' title='bbox 2190 4504 2265 4551; x_wconf 91' lang='lat' dir='ltr'>eo</span> 
     </span>
     <span class='ocr_line' id='line_1_40' title="bbox 734 4594 2264 4680; baseline -0.001 -19"><span class='ocrx_word' id='word_1_249' title='bbox 734 4595 905 4679; x_wconf 89' lang='lat' dir='ltr'>quod</span> <span class='ocrx_word' id='word_1_250' title='bbox 922 4595 1064 4674; x_wconf 87' lang='lat' dir='ltr'>fuit,</span> <span class='ocrx_word' id='word_1_251' title='bbox 1090 4614 1220 4660; x_wconf 91' lang='lat' dir='ltr'>non</span> <span class='ocrx_word' id='word_1_252' title='bbox 1242 4599 1445 4680; x_wconf 88' lang='lat' dir='ltr'>potest</span> <span class='ocrx_word' id='word_1_253' title='bbox 1466 4596 1671 4661; x_wconf 82' lang='lat' dir='ltr'>facere</span> <span class='ocrx_word' id='word_1_254' title='bbox 1698 4596 1870 4680; x_wconf 88' lang='lat' dir='ltr'>quod</span> <span class='ocrx_word' id='word_1_255' title='bbox 1895 4613 2026 4661; x_wconf 89' lang='lat' dir='ltr'>non</span> <span class='ocrx_word' id='word_1_256' title='bbox 2051 4594 2264 4660; x_wconf 79' lang='lat' dir='ltr'>fuerit.</span> 
     </span>
     <span class='ocr_line' id='line_1_41' title="bbox 739 4701 2265 4787; baseline -0.001 -18"><span class='ocrx_word' id='word_1_257' title='bbox 739 4703 814 4769; x_wconf 89' lang='lat' dir='ltr'>Et</span> <span class='ocrx_word' id='word_1_258' title='bbox 837 4704 1035 4787; x_wconf 72' lang='lat' dir='ltr'>hujus</span> <span class='ocrx_word' id='word_1_259' title='bbox 1059 4704 1370 4769; x_wconf 87' lang='lat' dir='ltr'>rationem</span> <span class='ocrx_word' id='word_1_260' title='bbox 1390 4703 1470 4768; x_wconf 88' lang='lat' dir='ltr'>ad</span> <span class='ocrx_word' id='word_1_261' title='bbox 1496 4720 1773 4786; x_wconf 67' lang='lat' dir='ltr'>praesens</span> <span class='ocrx_word' id='word_1_262' title='bbox 1799 4703 1990 4767; x_wconf 83' lang='lat' dir='ltr'>aliam</span> <span class='ocrx_word' id='word_1_263' title='bbox 2017 4701 2228 4770; x_wconf 88' lang='lat' dir='ltr'>nescio</span> <span class='ocrx_word' id='word_1_264' title='bbox 2245 4749 2265 4781; x_wconf 93' lang='lat'>,</span> 
     </span>
    </p>
   </div>
   <div class='ocr_carea' id='block_1_7' title="bbox 498 4808 2276 5251">
    <p class='ocr_par' dir='ltr' id='par_1_8' title="bbox 498 4808 2276 5251">
     <span class='ocr_line' id='line_1_42' title="bbox 576 4808 2274 4898; baseline -0.002 -19"><span class='ocrx_word' id='word_1_265' title='bbox 576 4833 695 4880; x_wconf 72' lang='lat' dir='ltr'>natio</span> <span class='ocrx_word' id='word_1_266' title='bbox 737 4830 933 4897; x_wconf 86' lang='lat' dir='ltr'>quam</span> <span class='ocrx_word' id='word_1_267' title='bbox 958 4827 1103 4876; x_wconf 86' lang='lat' dir='ltr'>eam</span> <span class='ocrx_word' id='word_1_268' title='bbox 1142 4828 1287 4893; x_wconf 79' lang='lat' dir='ltr'>quae</span> <span class='ocrx_word' id='word_1_269' title='bbox 1325 4809 1622 4898; x_wconf 72' lang='lat' dir='ltr'>praedicta</span> <span class='ocrx_word' id='word_1_270' title='bbox 1655 4813 1767 4874; x_wconf 85' lang='lat' dir='ltr'>est.</span> <span class='ocrx_word' id='word_1_271' title='bbox 1807 4808 1940 4874; x_wconf 89' lang='lat' dir='ltr'>Nisi</span> <span class='ocrx_word' id='word_1_272' title='bbox 1977 4811 2138 4875; x_wconf 83' lang='lat' dir='ltr'>forte</span> <span class='ocrx_word' id='word_1_273' title='bbox 2173 4810 2274 4876; x_wconf 90' lang='lat' dir='ltr'>di-</span> 
     </span>
     <span class='ocr_line' id='line_1_43' title="bbox 739 4917 2273 5001; baseline -0.002 -15"><span class='ocrx_word' id='word_1_274' title='bbox 739 4924 920 4986; x_wconf 89' lang='lat' dir='ltr'>catur</span> <span class='ocrx_word' id='word_1_275' title='bbox 960 4920 1084 4984; x_wconf 91' lang='lat' dir='ltr'>hoc</span> <span class='ocrx_word' id='word_1_276' title='bbox 1119 4937 1252 4983; x_wconf 86' lang='lat' dir='ltr'>esse</span> <span class='ocrx_word' id='word_1_277' title='bbox 1279 4922 1532 5001; x_wconf 88' lang='lat' dir='ltr'>propter</span> <span class='ocrx_word' id='word_1_278' title='bbox 1571 4917 2002 4982; x_wconf 83' lang='lat' dir='ltr'>omnimodam</span> <span class='ocrx_word' id='word_1_279' title='bbox 2035 4919 2273 4985; x_wconf 88' lang='lat' dir='ltr'>indivi-</span> 
     </span>
     <span class='ocr_line' id='line_1_44' title="bbox 525 5019 2273 5128; baseline -0.003 -34"><span class='ocrx_word' id='word_1_280' title='bbox 525 5019 696 5128; x_wconf 52' lang='lat' dir='ltr'>C&#39;gffi,</span> <span class='ocrx_word' id='word_1_281' title='bbox 741 5029 985 5094; x_wconf 88' lang='lat' dir='ltr'>sionem</span> <span class='ocrx_word' id='word_1_282' title='bbox 1004 5077 1021 5109; x_wconf 92' lang='lat'>,</span> <span class='ocrx_word' id='word_1_283' title='bbox 1052 5030 1128 5092; x_wconf 89' lang='lat' dir='ltr'>ut</span> <span class='ocrx_word' id='word_1_284' title='bbox 1160 5027 1324 5092; x_wconf 85' lang='lat' dir='ltr'>sicut</span> <span class='ocrx_word' id='word_1_285' title='bbox 1362 5024 1647 5108; x_wconf 79' lang='lat' dir='ltr'>opposita</span> <span class='ocrx_word' id='word_1_286' title='bbox 1668 5073 1686 5101; x_wconf 92' lang='lat'>,</span> <span class='ocrx_word' id='word_1_287' title='bbox 1715 5025 2039 5090; x_wconf 85' lang='lat' dir='ltr'>manentia</span> <span class='ocrx_word' id='word_1_288' title='bbox 2077 5044 2273 5109; x_wconf 91' lang='lat' dir='ltr'>oppo-</span> 
     </span>
     <span class='ocr_line' id='line_1_45' title="bbox 498 5131 2276 5251; baseline -0.002 -51"><span class='ocrx_word' id='word_1_289' title='bbox 498 5144 716 5251; x_wconf 47' lang='lat' dir='ltr'>fmgwm</span> <span class='ocrx_word' id='word_1_290' title='bbox 742 5137 861 5200; x_wconf 90' lang='lat' dir='ltr'>sita</span> <span class='ocrx_word' id='word_1_291' title='bbox 881 5184 900 5215; x_wconf 92' lang='lat'>,</span> <span class='ocrx_word' id='word_1_292' title='bbox 938 5153 1072 5199; x_wconf 93' lang='lat' dir='ltr'>non</span> <span class='ocrx_word' id='word_1_293' title='bbox 1115 5137 1317 5217; x_wconf 83' lang='lat' dir='ltr'>potest</span> <span class='ocrx_word' id='word_1_294' title='bbox 1349 5133 1535 5198; x_wconf 86' lang='lat' dir='ltr'>unire</span> <span class='ocrx_word' id='word_1_295' title='bbox 1557 5180 1573 5212; x_wconf 91' lang='lat'>,</span> <span class='ocrx_word' id='word_1_296' title='bbox 1618 5133 1708 5195; x_wconf 89' lang='lat' dir='ltr'>sic</span> <span class='ocrx_word' id='word_1_297' title='bbox 1755 5149 1873 5195; x_wconf 87' lang='lat' dir='ltr'>nec</span> <span class='ocrx_word' id='word_1_298' title='bbox 1905 5131 2077 5196; x_wconf 90' lang='lat' dir='ltr'>idem</span> <span class='ocrx_word' id='word_1_299' title='bbox 2124 5151 2165 5195; x_wconf 92' lang='lat' dir='ltr'>a</span> <span class='ocrx_word' id='word_1_300' title='bbox 2208 5151 2276 5198; x_wconf 87' lang='lat' dir='ltr'>se</span> 
     </span>
    </p>
   </div>
   <div class='ocr_carea' id='block_1_8' title="bbox 629 5218 2278 5323">
    <p class='ocr_par' dir='ltr' id='par_1_9' title="bbox 629 5218 2278 5323">
     <span class='ocr_line' id='line_1_46' title="bbox 629 5218 2278 5323; baseline -0.002 -15"><span class='ocrx_word' id='word_1_301' title='bbox 629 5218 662 5251; x_wconf 71' lang='lat'>¹⁸</span> <span class='ocrx_word' id='word_1_302' title='bbox 744 5243 1073 5310; x_wconf 86' lang='lat' dir='ltr'>dividere:</span> <span class='ocrx_word' id='word_1_303' title='bbox 1116 5246 1179 5306; x_wconf 87' lang='lat' dir='ltr'>et</span> <span class='ocrx_word' id='word_1_304' title='bbox 1215 5241 1392 5321; x_wconf 91' lang='lat' dir='ltr'>ide0,</span> <span class='ocrx_word' id='word_1_305' title='bbox 1420 5240 1591 5323; x_wconf 83' lang='lat' dir='ltr'>quod</span> <span class='ocrx_word' id='word_1_306' title='bbox 1629 5239 1787 5320; x_wconf 85' lang='lat' dir='ltr'>fuit,</span> <span class='ocrx_word' id='word_1_307' title='bbox 1829 5257 1944 5322; x_wconf 90' lang='lat' dir='ltr'>pro</span> <span class='ocrx_word' id='word_1_308' title='bbox 1988 5244 2278 5323; x_wconf 88' lang='lat' dir='ltr'>tempore</span> 
     </span>
    </p>
   </div>
   <div class='ocr_carea' id='block_1_9' title="bbox 810 5363 1876 5431">
    <p class='ocr_par' dir='ltr' id='par_1_10' title="bbox 810 5363 1876 5431">
     <span class='ocr_line' id='line_1_47' title="bbox 810 5363 1876 5431; baseline -0.001 -14"><span class='ocrx_word' id='word_1_309' title='bbox 810 5365 874 5431; x_wconf 80' lang='lat' dir='ltr'>(a)</span> <span class='ocrx_word' id='word_1_310' title='bbox 904 5366 1027 5419; x_wconf 76' lang='lat' dir='ltr'>cae.</span> <span class='ocrx_word' id='word_1_311' title='bbox 1045 5365 1170 5418; x_wconf 70' lang='lat' dir='ltr'>aaa.</span> <span class='ocrx_word' id='word_1_312' title='bbox 1195 5370 1293 5419; x_wconf 66' lang='lat' dir='ltr'>eat.</span> <span class='ocrx_word' id='word_1_313' title='bbox 1320 5392 1382 5406; x_wconf 92' lang='grc'>-</span> <span class='ocrx_word' id='word_1_314' title='bbox 1407 5365 1474 5431; x_wconf 68' lang='grc' dir='ltr'>(ὁ)</span> <span class='ocrx_word' id='word_1_315' title='bbox 1504 5365 1628 5418; x_wconf 74' lang='lat' dir='ltr'>coeae.</span> <span class='ocrx_word' id='word_1_316' title='bbox 1650 5363 1774 5416; x_wconf 60' lang='lat' dir='ltr'>edet.</span> <span class='ocrx_word' id='word_1_317' title='bbox 1801 5363 1876 5416; x_wconf 73' lang='lat' dir='ltr'>nt„</span> 
     </span>
    </p>
   </div>
   <div class='ocr_carea' id='block_1_10' title="bbox 1823 356 2734 428">
    <p class='ocr_par' dir='ltr' id='par_1_11' title="bbox 1823 356 2734 428">
     <span class='ocr_line' id='line_1_48' title="bbox 1823 356 2734 428; baseline 0.003 -3"><span class='ocrx_word' id='word_1_318' title='bbox 1823 356 2734 428; x_wconf 66' lang='lat' dir='ltr'>smmlannnm.1.</span> 
     </span>
    </p>
   </div>
   <div class='ocr_carea' id='block_1_11' title="bbox 2324 493 3859 789">
    <p class='ocr_par' dir='ltr' id='par_1_12' title="bbox 2324 493 3859 789">
     <span class='ocr_line' id='line_1_49' title="bbox 2326 493 3859 581; baseline 0.001 -20"><span class='ocrx_word' id='word_1_319' title='bbox 2326 493 3859 581; x_wconf 47' lang='lat' dir='ltr'>quofuihomnimodeestunitmnsttsimiliter</span> 
     </span>
     <span class='ocr_line' id='line_1_50' title="bbox 2324 601 3859 687; baseline -0.002 -18"><span class='ocrx_word' id='word_1_320' title='bbox 2324 601 3119 687; x_wconf 76' lang='lat' dir='ltr'>praesensintemporein</span> <span class='ocrx_word' id='word_1_321' title='bbox 3162 603 3859 684; x_wconf 75' lang='lat' dir='ltr'>quoest,siveinins-</span> 
     </span>
     <span class='ocr_line' id='line_1_51' title="bbox 2326 708 3859 789; baseline -0.001 -14"><span class='ocrx_word' id='word_1_322' title='bbox 2326 712 2509 775; x_wconf 85' lang='lat' dir='ltr'>tanti.</span> <span class='ocrx_word' id='word_1_323' title='bbox 2556 710 2735 776; x_wconf 84' lang='lat' dir='ltr'>Unde</span> <span class='ocrx_word' id='word_1_324' title='bbox 2772 708 3323 787; x_wconf 81' lang='lat' dir='ltr'>hocesset,idem</span> <span class='ocrx_word' id='word_1_325' title='bbox 3362 728 3403 772; x_wconf 85' lang='lat' dir='ltr'>a</span> <span class='ocrx_word' id='word_1_326' title='bbox 3438 728 3507 773; x_wconf 84' lang='lat' dir='ltr'>se</span> <span class='ocrx_word' id='word_1_327' title='bbox 3540 710 3859 789; x_wconf 78' lang='lat' dir='ltr'>dividere,</span> 
     </span>
    </p>
   </div>
   <div class='ocr_carea' id='block_1_12' title="bbox 2192 816 3866 1009">
    <p class='ocr_par' dir='ltr' id='par_1_13' title="bbox 2192 816 3866 1009">
     <span class='ocr_line' id='line_1_52' title="bbox 2200 816 3866 901; baseline -0.001 -18"><span class='ocrx_word' id='word_1_328' title='bbox 2200 866 2220 898; x_wconf 94' lang='lat'>,</span> <span class='ocrx_word' id='word_1_329' title='bbox 2328 817 2533 882; x_wconf 78' lang='lat' dir='ltr'>faeere</span> <span class='ocrx_word' id='word_1_330' title='bbox 2580 818 2815 883; x_wconf 83' lang='lat' dir='ltr'>scilieet</span> <span class='ocrx_word' id='word_1_331' title='bbox 2850 817 3022 901; x_wconf 79' lang='lat' dir='ltr'>quod</span> <span class='ocrx_word' id='word_1_332' title='bbox 3061 816 3454 900; x_wconf 65' lang='lat' dir='ltr'>praeteritum</span> <span class='ocrx_word' id='word_1_333' title='bbox 3496 835 3633 880; x_wconf 90' lang='lat' dir='ltr'>non</span> <span class='ocrx_word' id='word_1_334' title='bbox 3678 818 3866 882; x_wconf 80' lang='lat' dir='ltr'>ruerit</span> 
     </span>
     <span class='ocr_line' id='line_1_53' title="bbox 2192 924 3861 1009; baseline 0 -18"><span class='ocrx_word' id='word_1_335' title='bbox 2192 960 2226 973; x_wconf 90' lang='lat'>-</span> <span class='ocrx_word' id='word_1_336' title='bbox 2330 927 2729 1009; x_wconf 67' lang='lat' dir='ltr'>praeteritum</span> <span class='ocrx_word' id='word_1_337' title='bbox 2760 948 2775 986; x_wconf 89' lang='grc'>;</span> <span class='ocrx_word' id='word_1_338' title='bbox 2808 931 2873 990; x_wconf 89' lang='lat' dir='ltr'>et</span> <span class='ocrx_word' id='word_1_339' title='bbox 2902 926 3025 990; x_wconf 87' lang='lat' dir='ltr'>hoc</span> <span class='ocrx_word' id='word_1_340' title='bbox 3048 929 3367 1007; x_wconf 79' lang='lat' dir='ltr'>repugnat</span> <span class='ocrx_word' id='word_1_341' title='bbox 3392 924 3605 988; x_wconf 86' lang='lat' dir='ltr'>ordini</span> <span class='ocrx_word' id='word_1_342' title='bbox 3630 924 3861 991; x_wconf 75' lang='lat' dir='ltr'>divinae</span> 
     </span>
    </p>
   </div>
   <div class='ocr_carea' id='block_1_13' title="bbox 2331 1031 3899 5428">
    <p class='ocr_par' dir='ltr' id='par_1_14' title="bbox 2331 1031 3899 5428">
     <span class='ocr_line' id='line_1_54' title="bbox 2331 1031 3865 1117; baseline -0.002 -19"><span class='ocrx_word' id='word_1_343' title='bbox 2331 1034 2691 1117; x_wconf 74' lang='lat' dir='ltr'>sapientiae,</span> <span class='ocrx_word' id='word_1_344' title='bbox 2720 1035 2885 1098; x_wconf 85' lang='lat' dir='ltr'>sicut</span> <span class='ocrx_word' id='word_1_345' title='bbox 2916 1033 3121 1097; x_wconf 77' lang='lat' dir='ltr'>faeere</span> <span class='ocrx_word' id='word_1_346' title='bbox 3155 1032 3325 1116; x_wconf 88' lang='lat' dir='ltr'>qnod</span> <span class='ocrx_word' id='word_1_347' title='bbox 3365 1032 3448 1095; x_wconf 85' lang='lat' dir='ltr'>sit</span> <span class='ocrx_word' id='word_1_348' title='bbox 3477 1031 3865 1115; x_wconf 82' lang='lat' dir='ltr'>triangulus,</span> 
     </span>
     <span class='ocr_line' id='line_1_55' title="bbox 2332 1139 3867 1226; baseline -0.003 -18"><span class='ocrx_word' id='word_1_349' title='bbox 2332 1147 2396 1207; x_wconf 88' lang='lat' dir='ltr'>et</span> <span class='ocrx_word' id='word_1_350' title='bbox 2426 1162 2557 1208; x_wconf 88' lang='lat' dir='ltr'>non</span> <span class='ocrx_word' id='word_1_351' title='bbox 2594 1145 2679 1208; x_wconf 85' lang='lat' dir='ltr'>sit</span> <span class='ocrx_word' id='word_1_352' title='bbox 2712 1144 2968 1226; x_wconf 84' lang='lat' dir='ltr'>figura,</span> <span class='ocrx_word' id='word_1_353' title='bbox 3008 1144 3072 1205; x_wconf 88' lang='lat' dir='ltr'>et</span> <span class='ocrx_word' id='word_1_354' title='bbox 3100 1142 3223 1206; x_wconf 91' lang='lat' dir='ltr'>hoc</span> <span class='ocrx_word' id='word_1_355' title='bbox 3264 1140 3499 1204; x_wconf 87' lang='lat' dir='ltr'>claudit</span> <span class='ocrx_word' id='word_1_356' title='bbox 3539 1141 3610 1204; x_wconf 92' lang='lat' dir='ltr'>in</span> <span class='ocrx_word' id='word_1_357' title='bbox 3642 1158 3711 1204; x_wconf 88' lang='lat' dir='ltr'>se</span> <span class='ocrx_word' id='word_1_358' title='bbox 3744 1139 3867 1204; x_wconf 90' lang='lat' dir='ltr'>duo</span> 
     </span>
     <span class='ocr_line' id='line_1_56' title="bbox 2333 1248 3871 1334; baseline -0.004 -19"><span class='ocrx_word' id='word_1_359' title='bbox 2333 1252 2811 1316; x_wconf 72' lang='lat' dir='ltr'>contradictorie</span> <span class='ocrx_word' id='word_1_360' title='bbox 2854 1252 3161 1334; x_wconf 79' lang='lat' dir='ltr'>opposita.</span> <span class='ocrx_word' id='word_1_361' title='bbox 3216 1248 3395 1312; x_wconf 81' lang='lat' dir='ltr'>Ratio</span> <span class='ocrx_word' id='word_1_362' title='bbox 3444 1252 3665 1311; x_wconf 85' lang='lat' dir='ltr'>tamen</span> <span class='ocrx_word' id='word_1_363' title='bbox 3706 1264 3871 1329; x_wconf 81' lang='lat' dir='ltr'>prae-</span> 
     </span>
     <span class='ocr_line' id='line_1_57' title="bbox 2334 1353 3873 1437; baseline -0.003 -14"><span class='ocrx_word' id='word_1_364' title='bbox 2334 1359 2501 1423; x_wconf 78' lang='lat' dir='ltr'>dicta</span> <span class='ocrx_word' id='word_1_365' title='bbox 2523 1358 2681 1422; x_wconf 87' lang='lat' dir='ltr'>satis</span> <span class='ocrx_word' id='word_1_366' title='bbox 2698 1362 2795 1423; x_wconf 90' lang='lat' dir='ltr'>est</span> <span class='ocrx_word' id='word_1_367' title='bbox 2815 1357 3224 1432; x_wconf 82' lang='lat' dir='ltr'>conveniens,</span> <span class='ocrx_word' id='word_1_368' title='bbox 3248 1355 3303 1418; x_wconf 82' lang='lat' dir='ltr'>si</span> <span class='ocrx_word' id='word_1_369' title='bbox 3324 1354 3469 1437; x_wconf 83' lang='lat' dir='ltr'>quis</span> <span class='ocrx_word' id='word_1_370' title='bbox 3500 1358 3671 1418; x_wconf 84' lang='lat' dir='ltr'>recte</span> <span class='ocrx_word' id='word_1_371' title='bbox 3698 1353 3873 1419; x_wconf 84' lang='lat' dir='ltr'>intel-</span> 
     </span>
     <span class='ocr_line' id='line_1_58' title="bbox 2334 1462 3873 1547; baseline -0.005 -17"><span class='ocrx_word' id='word_1_372' title='bbox 2334 1465 2515 1547; x_wconf 83' lang='lat' dir='ltr'>ligat.</span> <span class='ocrx_word' id='word_1_373' title='bbox 2546 1464 2705 1530; x_wconf 86' lang='lat' dir='ltr'>Cum</span> <span class='ocrx_word' id='word_1_374' title='bbox 2738 1466 2911 1530; x_wconf 88' lang='lat' dir='ltr'>enim</span> <span class='ocrx_word' id='word_1_375' title='bbox 2951 1464 3183 1529; x_wconf 86' lang='lat' dir='ltr'>dicitur</span> <span class='ocrx_word' id='word_1_376' title='bbox 3222 1462 3625 1545; x_wconf 73' lang='lat' dir='ltr'>praeteritum</span> <span class='ocrx_word' id='word_1_377' title='bbox 3663 1478 3873 1524; x_wconf 83' lang='lat' dir='ltr'>carere</span> 
     </span>
     <span class='ocr_line' id='line_1_59' title="bbox 2338 1569 3873 1655; baseline -0.003 -17"><span class='ocrx_word' id='word_1_378' title='bbox 2338 1573 2701 1652; x_wconf 82' lang='lat' dir='ltr'>existentia,</span> <span class='ocrx_word' id='word_1_379' title='bbox 2731 1592 2864 1638; x_wconf 90' lang='lat' dir='ltr'>non</span> <span class='ocrx_word' id='word_1_380' title='bbox 2890 1573 3030 1638; x_wconf 87' lang='lat' dir='ltr'>dico</span> <span class='ocrx_word' id='word_1_381' title='bbox 3069 1577 3326 1655; x_wconf 86' lang='lat' dir='ltr'>propter</span> <span class='ocrx_word' id='word_1_382' title='bbox 3364 1570 3485 1633; x_wconf 84' lang='lat' dir='ltr'>hoc</span> <span class='ocrx_word' id='word_1_383' title='bbox 3518 1569 3701 1651; x_wconf 87' lang='lat' dir='ltr'>qnod</span> <span class='ocrx_word' id='word_1_384' title='bbox 3727 1587 3873 1633; x_wconf 89' lang='lat' dir='ltr'>cum</span> 
     </span>
     <span class='ocr_line' id='line_1_60' title="bbox 2338 1674 3870 1764; baseline -0.005 -20"><span class='ocrx_word' id='word_1_385' title='bbox 2338 1678 2569 1744; x_wconf 68' lang='lat' dir='ltr'>dicitnr</span> <span class='ocrx_word' id='word_1_386' title='bbox 2592 1680 2831 1764; x_wconf 89' lang='lat' dir='ltr'>aliquid</span> <span class='ocrx_word' id='word_1_387' title='bbox 2854 1681 3049 1745; x_wconf 78' lang='lat' dir='ltr'>ruisse</span> <span class='ocrx_word' id='word_1_388' title='bbox 3064 1728 3083 1759; x_wconf 93' lang='lat'>,</span> <span class='ocrx_word' id='word_1_389' title='bbox 3104 1680 3351 1743; x_wconf 86' lang='lat' dir='ltr'>dicatur</span> <span class='ocrx_word' id='word_1_390' title='bbox 3369 1676 3644 1740; x_wconf 91' lang='lat' dir='ltr'>omnino</span> <span class='ocrx_word' id='word_1_391' title='bbox 3682 1674 3870 1754; x_wconf 90' lang='lat' dir='ltr'>nihil;</span> 
     </span>
     <span class='ocr_line' id='line_1_61' title="bbox 2340 1784 3875 1871; baseline -0.003 -21"><span class='ocrx_word' id='word_1_392' title='bbox 2340 1788 2449 1851; x_wconf 88' lang='lat' dir='ltr'>sed</span> <span class='ocrx_word' id='word_1_393' title='bbox 2503 1792 2757 1870; x_wconf 86' lang='lat' dir='ltr'>propter</span> <span class='ocrx_word' id='word_1_394' title='bbox 2805 1789 2928 1853; x_wconf 92' lang='lat' dir='ltr'>hoc</span> <span class='ocrx_word' id='word_1_395' title='bbox 2978 1788 3150 1871; x_wconf 84' lang='lat' dir='ltr'>quod</span> <span class='ocrx_word' id='word_1_396' title='bbox 3209 1784 3449 1868; x_wconf 82' lang='lat' dir='ltr'>aliquid</span> <span class='ocrx_word' id='word_1_397' title='bbox 3504 1788 3604 1847; x_wconf 65' lang='lat' dir='ltr'>est</span> <span class='ocrx_word' id='word_1_398' title='bbox 3652 1801 3875 1847; x_wconf 80' lang='lat' dir='ltr'>verum</span> 
     </span>
     <span class='ocr_line' id='line_1_62' title="bbox 2339 1892 3876 1979; baseline -0.003 -19"><span class='ocrx_word' id='word_1_399' title='bbox 2339 1896 2564 1974; x_wconf 85' lang='lat' dir='ltr'>fuisse,</span> <span class='ocrx_word' id='word_1_400' title='bbox 2599 1897 2773 1979; x_wconf 86' lang='lat' dir='ltr'>quod</span> <span class='ocrx_word' id='word_1_401' title='bbox 2803 1898 3027 1962; x_wconf 86' lang='lat' dir='ltr'>habuit</span> <span class='ocrx_word' id='word_1_402' title='bbox 3060 1895 3400 1979; x_wconf 85' lang='lat' dir='ltr'>aliqnando</span> <span class='ocrx_word' id='word_1_403' title='bbox 3424 1912 3601 1972; x_wconf 45' lang='lat' dir='ltr'>esse,</span> <span class='ocrx_word' id='word_1_404' title='bbox 3632 1892 3876 1957; x_wconf 86' lang='lat' dir='ltr'>etiamsi</span> 
     </span>
     <span class='ocr_line' id='line_1_63' title="bbox 2342 1998 3879 2086; baseline -0.002 -19"><span class='ocrx_word' id='word_1_405' title='bbox 2342 2003 2421 2067; x_wconf 87' lang='lat' dir='ltr'>de</span> <span class='ocrx_word' id='word_1_406' title='bbox 2454 2005 2597 2086; x_wconf 88' lang='lat' dir='ltr'>ejus</span> <span class='ocrx_word' id='word_1_407' title='bbox 2630 2023 2765 2068; x_wconf 73' lang='lat' dir='ltr'>esse</span> <span class='ocrx_word' id='word_1_408' title='bbox 2790 2005 2949 2069; x_wconf 89' lang='lat' dir='ltr'>nihil</span> <span class='ocrx_word' id='word_1_409' title='bbox 2982 2005 3243 2069; x_wconf 90' lang='lat' dir='ltr'>omnino</span> <span class='ocrx_word' id='word_1_410' title='bbox 3268 2000 3672 2066; x_wconf 76' lang='lat' dir='ltr'>remanserit.</span> <span class='ocrx_word' id='word_1_411' title='bbox 3704 1998 3879 2064; x_wconf 87' lang='lat' dir='ltr'>Unde</span> 
     </span>
     <span class='ocr_line' id='line_1_64' title="bbox 2343 2110 3883 2188; baseline -0.003 -12"><span class='ocrx_word' id='word_1_412' title='bbox 2343 2111 2397 2176; x_wconf 89' lang='lat' dir='ltr'>si</span> <span class='ocrx_word' id='word_1_413' title='bbox 2436 2116 2607 2176; x_wconf 89' lang='lat' dir='ltr'>totus</span> <span class='ocrx_word' id='word_1_414' title='bbox 2648 2111 3132 2177; x_wconf 81' lang='lat' dir='ltr'>Caesarcesserit</span> <span class='ocrx_word' id='word_1_415' title='bbox 3173 2110 3746 2188; x_wconf 81' lang='lat' dir='ltr'>innihil,verum</span> <span class='ocrx_word' id='word_1_416' title='bbox 3792 2110 3883 2171; x_wconf 84' lang='lat' dir='ltr'>est</span> 
     </span>
     <span class='ocr_line' id='line_1_65' title="bbox 2346 2216 3877 2294; baseline -0.005 -9"><span class='ocrx_word' id='word_1_417' title='bbox 2346 2220 2657 2285; x_wconf 84' lang='lat' dir='ltr'>Caesarem</span> <span class='ocrx_word' id='word_1_418' title='bbox 2700 2220 2915 2285; x_wconf 78' lang='lat' dir='ltr'>fuisse.</span> <span class='ocrx_word' id='word_1_419' title='bbox 2967 2220 3045 2284; x_wconf 90' lang='lat' dir='ltr'>Et</span> <span class='ocrx_word' id='word_1_420' title='bbox 3093 2219 3217 2283; x_wconf 90' lang='lat' dir='ltr'>hoc</span> <span class='ocrx_word' id='word_1_421' title='bbox 3256 2218 3407 2283; x_wconf 85' lang='lat' dir='ltr'>dicit</span> <span class='ocrx_word' id='word_1_422' title='bbox 3449 2216 3797 2281; x_wconf 83' lang='lat' dir='ltr'>Anselmus</span> <span class='ocrx_word' id='word_1_423' title='bbox 3835 2216 3877 2294; x_wconf 87' lang='lat'>¹,</span> 
     </span>
     <span class='ocr_line' id='line_1_66' title="bbox 2346 2322 3878 2410; baseline -0.004 -19"><span class='ocrx_word' id='word_1_424' title='bbox 2346 2326 2517 2410; x_wconf 88' lang='lat' dir='ltr'>quod</span> <span class='ocrx_word' id='word_1_425' title='bbox 2538 2327 2592 2390; x_wconf 89' lang='lat' dir='ltr'>si</span> <span class='ocrx_word' id='word_1_426' title='bbox 2620 2326 2839 2391; x_wconf 85' lang='lat' dir='ltr'>omnia</span> <span class='ocrx_word' id='word_1_427' title='bbox 2855 2331 3062 2392; x_wconf 88' lang='lat' dir='ltr'>creata</span> <span class='ocrx_word' id='word_1_428' title='bbox 3079 2326 3343 2391; x_wconf 88' lang='lat' dir='ltr'>o&#39;mnino</span> <span class='ocrx_word' id='word_1_429' title='bbox 3364 2325 3595 2389; x_wconf 84' lang='lat' dir='ltr'>cedant</span> <span class='ocrx_word' id='word_1_430' title='bbox 3614 2324 3684 2387; x_wconf 89' lang='lat' dir='ltr'>in</span> <span class='ocrx_word' id='word_1_431' title='bbox 3703 2322 3878 2398; x_wconf 88' lang='lat' dir='ltr'>nihil,</span> 
     </span>
     <span class='ocr_line' id='line_1_67' title="bbox 2347 2430 3880 2499; baseline -0.004 -1"><span class='ocrx_word' id='word_1_432' title='bbox 2347 2451 2577 2499; x_wconf 84' lang='lat' dir='ltr'>verum</span> <span class='ocrx_word' id='word_1_433' title='bbox 2612 2437 2707 2498; x_wconf 85' lang='lat' dir='ltr'>est</span> <span class='ocrx_word' id='word_1_434' title='bbox 2744 2434 3065 2499; x_wconf 88' lang='lat' dir='ltr'>mundum</span> <span class='ocrx_word' id='word_1_435' title='bbox 3093 2434 3305 2498; x_wconf 82' lang='lat' dir='ltr'>fuisse.</span> <span class='ocrx_word' id='word_1_436' title='bbox 3337 2432 3429 2496; x_wconf 90' lang='lat' dir='ltr'>Ob</span> <span class='ocrx_word' id='word_1_437' title='bbox 3457 2432 3659 2495; x_wconf 85' lang='lat' dir='ltr'>aliam</span> <span class='ocrx_word' id='word_1_438' title='bbox 3696 2430 3880 2493; x_wconf 88' lang='lat' dir='ltr'>etiam</span> 
     </span>
     <span class='ocr_line' id='line_1_68' title="bbox 2350 2539 3880 2622; baseline -0.003 -15"><span class='ocrx_word' id='word_1_439' title='bbox 2350 2543 2661 2607; x_wconf 85' lang='lat' dir='ltr'>rationem</span> <span class='ocrx_word' id='word_1_440' title='bbox 2687 2541 2923 2606; x_wconf 90' lang='lat' dir='ltr'>dicitur</span> <span class='ocrx_word' id='word_1_441' title='bbox 2948 2560 3160 2606; x_wconf 89' lang='lat' dir='ltr'>carere</span> <span class='ocrx_word' id='word_1_442' title='bbox 3191 2541 3523 2605; x_wconf 76' lang='lat' dir='ltr'>existenna</span> <span class='ocrx_word' id='word_1_443' title='bbox 3540 2590 3561 2618; x_wconf 89' lang='lat'>,</span> <span class='ocrx_word' id='word_1_444' title='bbox 3592 2539 3746 2622; x_wconf 89' lang='lat' dir='ltr'>quia</span> <span class='ocrx_word' id='word_1_445' title='bbox 3770 2557 3880 2603; x_wconf 88' lang='lat' dir='ltr'>nec</span> 
     </span>
     <span class='ocr_line' id='line_1_69' title="bbox 2350 2646 3885 2732; baseline -0.004 -17"><span class='ocrx_word' id='word_1_446' title='bbox 2350 2653 2444 2715; x_wconf 85' lang='lat' dir='ltr'>est</span> <span class='ocrx_word' id='word_1_447' title='bbox 2463 2668 2760 2732; x_wconf 68' lang='lat' dir='ltr'>praesens,</span> <span class='ocrx_word' id='word_1_448' title='bbox 2781 2668 2899 2714; x_wconf 89' lang='lat' dir='ltr'>nec</span> <span class='ocrx_word' id='word_1_449' title='bbox 2910 2649 3269 2714; x_wconf 90' lang='lat' dir='ltr'>ordinatum</span> <span class='ocrx_word' id='word_1_450' title='bbox 3286 2648 3365 2712; x_wconf 88' lang='lat' dir='ltr'>ad</span> <span class='ocrx_word' id='word_1_451' title='bbox 3384 2665 3695 2730; x_wconf 82' lang='lat' dir='ltr'>praesens.</span> <span class='ocrx_word' id='word_1_452' title='bbox 3714 2646 3885 2710; x_wconf 84' lang='lat' dir='ltr'>Unde</span> 
     </span>
     <span class='ocr_line' id='line_1_70' title="bbox 2352 2755 3886 2841; baseline -0.004 -18"><span class='ocrx_word' id='word_1_453' title='bbox 2352 2757 2588 2823; x_wconf 82' lang='lat' dir='ltr'>veritas</span> <span class='ocrx_word' id='word_1_454' title='bbox 2622 2758 3065 2841; x_wconf 80' lang='lat' dir='ltr'>propositionis</span> <span class='ocrx_word' id='word_1_455' title='bbox 3089 2758 3167 2823; x_wconf 90' lang='lat' dir='ltr'>de</span> <span class='ocrx_word' id='word_1_456' title='bbox 3194 2757 3515 2839; x_wconf 77' lang='lat' dir='ltr'>praeterito</span> <span class='ocrx_word' id='word_1_457' title='bbox 3530 2804 3549 2834; x_wconf 92' lang='lat'>,</span> <span class='ocrx_word' id='word_1_458' title='bbox 3581 2773 3715 2819; x_wconf 91' lang='lat' dir='ltr'>non</span> <span class='ocrx_word' id='word_1_459' title='bbox 3739 2755 3886 2818; x_wconf 88' lang='lat' dir='ltr'>dicit</span> 
     </span>
     <span class='ocr_line' id='line_1_71' title="bbox 2353 2860 3887 2946; baseline -0.001 -19"><span class='ocrx_word' id='word_1_460' title='bbox 2353 2882 2393 2927; x_wconf 84' lang='lat' dir='ltr'>a</span> <span class='ocrx_word' id='word_1_461' title='bbox 2420 2869 2596 2946; x_wconf 86' lang='lat' dir='ltr'>parte</span> <span class='ocrx_word' id='word_1_462' title='bbox 2636 2865 2731 2929; x_wconf 90' lang='lat' dir='ltr'>rei</span> <span class='ocrx_word' id='word_1_463' title='bbox 2772 2865 2936 2929; x_wconf 90' lang='lat' dir='ltr'>nihil</span> <span class='ocrx_word' id='word_1_464' title='bbox 2971 2864 3233 2929; x_wconf 91' lang='lat' dir='ltr'>omnino</span> <span class='ocrx_word' id='word_1_465' title='bbox 3252 2911 3269 2939; x_wconf 94' lang='lat'>,</span> <span class='ocrx_word' id='word_1_466' title='bbox 3306 2881 3423 2926; x_wconf 88' lang='lat' dir='ltr'>nec</span> <span class='ocrx_word' id='word_1_467' title='bbox 3468 2879 3628 2925; x_wconf 82' lang='lat' dir='ltr'>vere</span> <span class='ocrx_word' id='word_1_468' title='bbox 3666 2878 3781 2924; x_wconf 89' lang='lat' dir='ltr'>ens</span> <span class='ocrx_word' id='word_1_469' title='bbox 3820 2860 3887 2925; x_wconf 89' lang='lat' dir='ltr'>in</span> 
     </span>
     <span class='ocr_line' id='line_1_72' title="bbox 2354 2969 3886 3055; baseline -0.003 -19"><span class='ocrx_word' id='word_1_470' title='bbox 2354 2976 2534 3051; x_wconf 75' lang='lat' dir='ltr'>actu3</span> <span class='ocrx_word' id='word_1_471' title='bbox 2564 2973 2674 3037; x_wconf 82' lang='lat' dir='ltr'>sed</span> <span class='ocrx_word' id='word_1_472' title='bbox 2699 2972 2872 3037; x_wconf 84' lang='lat' dir='ltr'>aliud</span> <span class='ocrx_word' id='word_1_473' title='bbox 2898 2973 3068 3055; x_wconf 89' lang='lat' dir='ltr'>quod</span> <span class='ocrx_word' id='word_1_474' title='bbox 3093 2973 3243 3051; x_wconf 85' lang='lat' dir='ltr'>fuit,</span> <span class='ocrx_word' id='word_1_475' title='bbox 3274 2976 3337 3036; x_wconf 85' lang='lat' dir='ltr'>et</span> <span class='ocrx_word' id='word_1_476' title='bbox 3363 2972 3494 3035; x_wconf 88' lang='lat' dir='ltr'>non</span> <span class='ocrx_word' id='word_1_477' title='bbox 3522 2974 3656 3049; x_wconf 85' lang='lat' dir='ltr'>est,</span> <span class='ocrx_word' id='word_1_478' title='bbox 3684 2973 3747 3033; x_wconf 87' lang='lat' dir='ltr'>et</span> <span class='ocrx_word' id='word_1_479' title='bbox 3771 2969 3886 3033; x_wconf 89' lang='lat' dir='ltr'>hoc</span> 
     </span>
     <span class='ocr_line' id='line_1_73' title="bbox 2355 3076 3887 3163; baseline -0.003 -18"><span class='ocrx_word' id='word_1_480' title='bbox 2355 3080 2616 3163; x_wconf 87' lang='lat' dir='ltr'>quidem</span> <span class='ocrx_word' id='word_1_481' title='bbox 2640 3098 2772 3146; x_wconf 92' lang='lat' dir='ltr'>non</span> <span class='ocrx_word' id='word_1_482' title='bbox 2799 3080 2948 3145; x_wconf 89' lang='lat' dir='ltr'>dicit</span> <span class='ocrx_word' id='word_1_483' title='bbox 2969 3080 3122 3163; x_wconf 89' lang='lat' dir='ltr'>quid</span> <span class='ocrx_word' id='word_1_484' title='bbox 3146 3084 3432 3144; x_wconf 88' lang='lat' dir='ltr'>creatum</span> <span class='ocrx_word' id='word_1_485' title='bbox 3454 3078 3632 3162; x_wconf 84' lang='lat' dir='ltr'>quod</span> <span class='ocrx_word' id='word_1_486' title='bbox 3654 3078 3755 3156; x_wconf 86' lang='lat' dir='ltr'>sit,</span> <span class='ocrx_word' id='word_1_487' title='bbox 3784 3076 3887 3141; x_wconf 89' lang='lat' dir='ltr'>sed</span> 
     </span>
     <span class='ocr_line' id='line_1_74' title="bbox 2356 3184 3887 3271; baseline -0.002 -19"><span class='ocrx_word' id='word_1_488' title='bbox 2356 3189 2526 3271; x_wconf 89' lang='lat' dir='ltr'>quod</span> <span class='ocrx_word' id='word_1_489' title='bbox 2554 3189 2695 3254; x_wconf 84' lang='lat' dir='ltr'>fuit.</span> <span class='ocrx_word' id='word_1_490' title='bbox 2725 3189 2793 3254; x_wconf 90' lang='lat' dir='ltr'>Si</span> <span class='ocrx_word' id='word_1_491' title='bbox 2810 3207 2968 3271; x_wconf 88' lang='lat' dir='ltr'>ergo</span> <span class='ocrx_word' id='word_1_492' title='bbox 2991 3189 3157 3254; x_wconf 85' lang='lat' dir='ltr'>Deus</span> <span class='ocrx_word' id='word_1_493' title='bbox 3176 3187 3424 3252; x_wconf 85' lang='lat' dir='ltr'>dicatur</span> <span class='ocrx_word' id='word_1_494' title='bbox 3445 3204 3632 3268; x_wconf 85' lang='lat' dir='ltr'>posse</span> <span class='ocrx_word' id='word_1_495' title='bbox 3657 3184 3887 3268; x_wconf 85' lang='lat' dir='ltr'>aliquid</span> 
     </span>
     <span class='ocr_line' id='line_1_75' title="bbox 2354 3295 3890 3381; baseline -0.003 -20"><span class='ocrx_word' id='word_1_496' title='bbox 2354 3315 2550 3380; x_wconf 89' lang='lat' dir='ltr'>super</span> <span class='ocrx_word' id='word_1_497' title='bbox 2586 3297 2737 3376; x_wconf 84' lang='lat' dir='ltr'>hoc,</span> <span class='ocrx_word' id='word_1_498' title='bbox 2767 3297 2940 3381; x_wconf 88' lang='lat' dir='ltr'>quod</span> <span class='ocrx_word' id='word_1_499' title='bbox 2982 3314 3116 3360; x_wconf 94' lang='lat' dir='ltr'>non</span> <span class='ocrx_word' id='word_1_500' title='bbox 3160 3297 3354 3360; x_wconf 83' lang='lat' dir='ltr'>fuerit</span> <span class='ocrx_word' id='word_1_501' title='bbox 3371 3344 3388 3373; x_wconf 90' lang='lat'>,</span> <span class='ocrx_word' id='word_1_502' title='bbox 3435 3295 3561 3359; x_wconf 91' lang='lat' dir='ltr'>hoc</span> <span class='ocrx_word' id='word_1_503' title='bbox 3606 3297 3737 3369; x_wconf 88' lang='lat' dir='ltr'>est,</span> <span class='ocrx_word' id='word_1_504' title='bbox 3784 3295 3890 3356; x_wconf 88' lang='lat' dir='ltr'>aut</span> 
     </span>
     <span class='ocr_line' id='line_1_76' title="bbox 2359 3398 3887 3486; baseline -0.005 -18"><span class='ocrx_word' id='word_1_505' title='bbox 2359 3404 2761 3485; x_wconf 87' lang='lat' dir='ltr'>quiescendo,</span> <span class='ocrx_word' id='word_1_506' title='bbox 2777 3405 2912 3469; x_wconf 84' lang='lat' dir='ltr'>sive</span> <span class='ocrx_word' id='word_1_507' title='bbox 2930 3404 3095 3467; x_wconf 90' lang='lat' dir='ltr'>nihil</span> <span class='ocrx_word' id='word_1_508' title='bbox 3114 3403 3457 3486; x_wconf 87' lang='lat' dir='ltr'>operando,</span> <span class='ocrx_word' id='word_1_509' title='bbox 3479 3406 3595 3466; x_wconf 87' lang='lat' dir='ltr'>aut</span> <span class='ocrx_word' id='word_1_510' title='bbox 3612 3398 3887 3465; x_wconf 82' lang='lat' dir='ltr'>faciendo</span> 
     </span>
     <span class='ocr_line' id='line_1_77' title="bbox 2360 3505 3891 3595; baseline -0.005 -19"><span class='ocrx_word' id='word_1_511' title='bbox 2360 3512 2623 3595; x_wconf 85' lang='lat' dir='ltr'>aliquid,</span> <span class='ocrx_word' id='word_1_512' title='bbox 2652 3516 2765 3577; x_wconf 90' lang='lat' dir='ltr'>aut</span> <span class='ocrx_word' id='word_1_513' title='bbox 2788 3512 3168 3578; x_wconf 86' lang='lat' dir='ltr'>destruendo</span> <span class='ocrx_word' id='word_1_514' title='bbox 3194 3529 3210 3574; x_wconf 71' lang='grc' dir='ltr'><em>τ</em></span> <span class='ocrx_word' id='word_1_515' title='bbox 3238 3510 3292 3573; x_wconf 88' lang='lat' dir='ltr'>si</span> <span class='ocrx_word' id='word_1_516' title='bbox 3320 3509 3610 3592; x_wconf 83' lang='lat' dir='ltr'>quiescit,</span> <span class='ocrx_word' id='word_1_517' title='bbox 3643 3512 3706 3572; x_wconf 88' lang='lat' dir='ltr'>et</span> <span class='ocrx_word' id='word_1_518' title='bbox 3730 3505 3891 3570; x_wconf 86' lang='lat' dir='ltr'>nihil</span> 
     </span>
     <span class='ocr_line' id='line_1_78' title="bbox 2361 3615 3892 3702; baseline -0.004 -19"><span class='ocrx_word' id='word_1_519' title='bbox 2361 3619 2530 3700; x_wconf 86' lang='lat' dir='ltr'>facit,</span> <span class='ocrx_word' id='word_1_520' title='bbox 2559 3624 2814 3702; x_wconf 86' lang='lat' dir='ltr'>propter</span> <span class='ocrx_word' id='word_1_521' title='bbox 2835 3620 2957 3684; x_wconf 88' lang='lat' dir='ltr'>hoc</span> <span class='ocrx_word' id='word_1_522' title='bbox 2980 3618 3404 3683; x_wconf 86' lang='lat' dir='ltr'>nihilominus</span> <span class='ocrx_word' id='word_1_523' title='bbox 3422 3615 3751 3698; x_wconf 65' lang='lat' dir='ltr'>praeteriit,</span> <span class='ocrx_word' id='word_1_524' title='bbox 3783 3631 3892 3677; x_wconf 89' lang='lat' dir='ltr'>nec</span> 
     </span>
     <span class='ocr_line' id='line_1_79' title="bbox 2363 3724 3890 3810; baseline -0.005 -18"><span class='ocrx_word' id='word_1_525' title='bbox 2363 3728 2556 3792; x_wconf 85' lang='lat' dir='ltr'>fuisse</span> <span class='ocrx_word' id='word_1_526' title='bbox 2585 3728 2808 3792; x_wconf 88' lang='lat' dir='ltr'>desinit</span> <span class='ocrx_word' id='word_1_527' title='bbox 2846 3750 2862 3793; x_wconf 89' lang='lat'>:</span> <span class='ocrx_word' id='word_1_528' title='bbox 2909 3726 3061 3810; x_wconf 88' lang='lat' dir='ltr'>quia</span> <span class='ocrx_word' id='word_1_529' title='bbox 3099 3744 3249 3789; x_wconf 93' lang='lat' dir='ltr'>cum</span> <span class='ocrx_word' id='word_1_530' title='bbox 3289 3741 3419 3787; x_wconf 90' lang='lat' dir='ltr'>non</span> <span class='ocrx_word' id='word_1_531' title='bbox 3456 3724 3539 3785; x_wconf 89' lang='lat' dir='ltr'>sit</span> <span class='ocrx_word' id='word_1_532' title='bbox 3568 3740 3692 3785; x_wconf 90' lang='lat' dir='ltr'>nec</span> <span class='ocrx_word' id='word_1_533' title='bbox 3719 3724 3857 3786; x_wconf 89' lang='lat' dir='ltr'>actu</span> <span class='ocrx_word' id='word_1_534' title='bbox 3873 3766 3890 3797; x_wconf 92' lang='lat'>,</span> 
     </span>
     <span class='ocr_line' id='line_1_80' title="bbox 2364 3833 3893 3917; baseline -0.007 -17"><span class='ocrx_word' id='word_1_535' title='bbox 2364 3853 2482 3900; x_wconf 88' lang='lat' dir='ltr'>nec</span> <span class='ocrx_word' id='word_1_536' title='bbox 2507 3835 2814 3917; x_wconf 85' lang='lat' dir='ltr'>potentia,</span> <span class='ocrx_word' id='word_1_537' title='bbox 2851 3853 2968 3898; x_wconf 90' lang='lat' dir='ltr'>nec</span> <span class='ocrx_word' id='word_1_538' title='bbox 3001 3833 3248 3914; x_wconf 86' lang='lat' dir='ltr'>indiget</span> <span class='ocrx_word' id='word_1_539' title='bbox 3282 3833 3698 3895; x_wconf 82' lang='lat' dir='ltr'>conservante</span> <span class='ocrx_word' id='word_1_540' title='bbox 3719 3876 3737 3907; x_wconf 93' lang='lat'>,</span> <span class='ocrx_word' id='word_1_541' title='bbox 3783 3844 3893 3890; x_wconf 88' lang='lat' dir='ltr'>nec</span> 
     </span>
     <span class='ocr_line' id='line_1_81' title="bbox 2364 3934 3892 4027; baseline -0.008 -19"><span class='ocrx_word' id='word_1_542' title='bbox 2364 3943 2611 4025; x_wconf 88' lang='lat' dir='ltr'>indiget</span> <span class='ocrx_word' id='word_1_543' title='bbox 2636 3942 3041 4027; x_wconf 87' lang='lat' dir='ltr'>producente.</span> <span class='ocrx_word' id='word_1_544' title='bbox 3064 3940 3259 4005; x_wconf 88' lang='lat' dir='ltr'>Secus</span> <span class='ocrx_word' id='word_1_545' title='bbox 3274 3943 3368 4003; x_wconf 72' lang='lat' dir='ltr'>est</span> <span class='ocrx_word' id='word_1_546' title='bbox 3382 3938 3461 4004; x_wconf 93' lang='lat' dir='ltr'>de</span> <span class='ocrx_word' id='word_1_547' title='bbox 3484 3937 3725 4016; x_wconf 86' lang='lat' dir='ltr'>futuro,</span> <span class='ocrx_word' id='word_1_548' title='bbox 3749 3934 3892 4017; x_wconf 87' lang='lat' dir='ltr'>quia</span> 
     </span>
     <span class='ocr_line' id='line_1_82' title="bbox 2365 4043 3892 4126; baseline -0.007 -11"><span class='ocrx_word' id='word_1_549' title='bbox 2365 4051 2657 4116; x_wconf 83' lang='lat' dir='ltr'>futurum</span> <span class='ocrx_word' id='word_1_550' title='bbox 2686 4055 2781 4116; x_wconf 86' lang='lat' dir='ltr'>est</span> <span class='ocrx_word' id='word_1_551' title='bbox 2809 4050 3177 4115; x_wconf 88' lang='lat' dir='ltr'>ordinatum</span> <span class='ocrx_word' id='word_1_552' title='bbox 3198 4048 3451 4126; x_wconf 74' lang='lat' dir='ltr'>adesse,</span> <span class='ocrx_word' id='word_1_553' title='bbox 3479 4045 3625 4109; x_wconf 92' lang='lat' dir='ltr'>ideo</span> <span class='ocrx_word' id='word_1_554' title='bbox 3654 4043 3892 4124; x_wconf 87' lang='lat' dir='ltr'>indiget</span> 
     </span>
     <span class='ocr_line' id='line_1_83' title="bbox 2369 4152 3893 4243; baseline -0.008 -19"><span class='ocrx_word' id='word_1_555' title='bbox 2369 4159 2796 4243; x_wconf 88' lang='lat' dir='ltr'>producente:</span> <span class='ocrx_word' id='word_1_556' title='bbox 2825 4163 2888 4223; x_wconf 90' lang='lat' dir='ltr'>et</span> <span class='ocrx_word' id='word_1_557' title='bbox 2917 4159 3059 4223; x_wconf 91' lang='lat' dir='ltr'>ideo</span> <span class='ocrx_word' id='word_1_558' title='bbox 3085 4157 3138 4220; x_wconf 90' lang='lat' dir='ltr'>si</span> <span class='ocrx_word' id='word_1_559' title='bbox 3165 4157 3329 4220; x_wconf 89' lang='lat' dir='ltr'>Deus</span> <span class='ocrx_word' id='word_1_560' title='bbox 3358 4172 3490 4218; x_wconf 90' lang='lat' dir='ltr'>non</span> <span class='ocrx_word' id='word_1_561' title='bbox 3520 4153 3674 4216; x_wconf 82' lang='lat' dir='ltr'>velit</span> <span class='ocrx_word' id='word_1_562' title='bbox 3702 4152 3893 4214; x_wconf 79' lang='lat' dir='ltr'>facere</span> 
     </span>
     <span class='ocr_line' id='line_1_84' title="bbox 2370 4260 3894 4348; baseline -0.005 -19"><span class='ocrx_word' id='word_1_563' title='bbox 2370 4266 2661 4331; x_wconf 80' lang='lat' dir='ltr'>futurum</span> <span class='ocrx_word' id='word_1_564' title='bbox 2677 4314 2695 4345; x_wconf 90' lang='lat'>,</span> <span class='ocrx_word' id='word_1_565' title='bbox 2730 4283 2861 4330; x_wconf 92' lang='lat' dir='ltr'>non</span> <span class='ocrx_word' id='word_1_566' title='bbox 2889 4266 3000 4329; x_wconf 86' lang='lat' dir='ltr'>fiet</span> <span class='ocrx_word' id='word_1_567' title='bbox 3029 4264 3132 4348; x_wconf 88' lang='lat' dir='ltr'>(b),</span> <span class='ocrx_word' id='word_1_568' title='bbox 3182 4268 3247 4328; x_wconf 89' lang='lat' dir='ltr'>et</span> <span class='ocrx_word' id='word_1_569' title='bbox 3286 4263 3377 4326; x_wconf 88' lang='lat' dir='ltr'>ita</span> <span class='ocrx_word' id='word_1_570' title='bbox 3409 4279 3540 4325; x_wconf 90' lang='lat' dir='ltr'>non</span> <span class='ocrx_word' id='word_1_571' title='bbox 3582 4260 3704 4324; x_wconf 89' lang='lat' dir='ltr'>erit</span> <span class='ocrx_word' id='word_1_572' title='bbox 3730 4260 3894 4322; x_wconf 81' lang='lat' dir='ltr'>futu-</span> 
     </span>
     <span class='ocr_line' id='line_1_85' title="bbox 2372 4364 3897 4455; baseline -0.008 -16"><span class='ocrx_word' id='word_1_573' title='bbox 2372 4392 2543 4439; x_wconf 89' lang='lat' dir='ltr'>rum.</span> <span class='ocrx_word' id='word_1_574' title='bbox 2587 4373 2652 4437; x_wconf 90' lang='lat' dir='ltr'>Si</span> <span class='ocrx_word' id='word_1_575' title='bbox 2697 4391 2855 4454; x_wconf 88' lang='lat' dir='ltr'>ergo</span> <span class='ocrx_word' id='word_1_576' title='bbox 2902 4376 3105 4455; x_wconf 89' lang='lat' dir='ltr'>potest</span> <span class='ocrx_word' id='word_1_577' title='bbox 3150 4370 3391 4452; x_wconf 85' lang='lat' dir='ltr'>aliquid</span> <span class='ocrx_word' id='word_1_578' title='bbox 3432 4373 3508 4433; x_wconf 90' lang='lat' dir='ltr'>ut</span> <span class='ocrx_word' id='word_1_579' title='bbox 3549 4367 3739 4432; x_wconf 81' lang='lat' dir='ltr'>faciat</span> <span class='ocrx_word' id='word_1_580' title='bbox 3783 4364 3897 4427; x_wconf 84' lang='lat' dir='ltr'>hoc</span> 
     </span>
     <span class='ocr_line' id='line_1_86' title="bbox 2375 4472 3893 4564; baseline -0.008 -17"><span class='ocrx_word' id='word_1_581' title='bbox 2375 4482 2545 4564; x_wconf 84' lang='lat' dir='ltr'>quod</span> <span class='ocrx_word' id='word_1_582' title='bbox 2569 4480 2691 4546; x_wconf 85' lang='lat' dir='ltr'>fuit</span> <span class='ocrx_word' id='word_1_583' title='bbox 2715 4499 2849 4544; x_wconf 90' lang='lat' dir='ltr'>non</span> <span class='ocrx_word' id='word_1_584' title='bbox 2871 4481 3092 4558; x_wconf 81' lang='lat' dir='ltr'>fuisse,</span> <span class='ocrx_word' id='word_1_585' title='bbox 3126 4481 3245 4543; x_wconf 88' lang='lat' dir='ltr'>aut</span> <span class='ocrx_word' id='word_1_586' title='bbox 3278 4477 3402 4541; x_wconf 92' lang='lat' dir='ltr'>hoc</span> <span class='ocrx_word' id='word_1_587' title='bbox 3434 4476 3555 4539; x_wconf 85' lang='lat' dir='ltr'>erit</span> <span class='ocrx_word' id='word_1_588' title='bbox 3581 4472 3859 4539; x_wconf 82' lang='lat' dir='ltr'>faciendo</span> <span class='ocrx_word' id='word_1_589' title='bbox 3877 4516 3893 4545; x_wconf 80' lang='lat'>,</span> 
     </span>
     <span class='ocr_line' id='line_1_87' title="bbox 2377 4582 3892 4667; baseline -0.008 -12"><span class='ocrx_word' id='word_1_590' title='bbox 2377 4594 2490 4655; x_wconf 85' lang='lat' dir='ltr'>aut</span> <span class='ocrx_word' id='word_1_591' title='bbox 2514 4588 2912 4654; x_wconf 88' lang='lat' dir='ltr'>destruendo.</span> <span class='ocrx_word' id='word_1_592' title='bbox 2935 4586 3053 4653; x_wconf 90' lang='lat' dir='ltr'>Sed</span> <span class='ocrx_word' id='word_1_593' title='bbox 3071 4588 3300 4665; x_wconf 87' lang='lat' dir='ltr'>facere,</span> <span class='ocrx_word' id='word_1_594' title='bbox 3323 4584 3491 4667; x_wconf 85' lang='lat' dir='ltr'>quod</span> <span class='ocrx_word' id='word_1_595' title='bbox 3509 4600 3643 4647; x_wconf 91' lang='lat' dir='ltr'>non</span> <span class='ocrx_word' id='word_1_596' title='bbox 3663 4582 3892 4653; x_wconf 79' lang='lat' dir='ltr'>fuisset,</span> 
     </span>
     <span class='ocr_line' id='line_1_88' title="bbox 2379 4688 3898 4777; baseline -0.01 -14"><span class='ocrx_word' id='word_1_597' title='bbox 2379 4703 2473 4763; x_wconf 88' lang='lat' dir='ltr'>est</span> <span class='ocrx_word' id='word_1_598' title='bbox 2504 4698 2667 4762; x_wconf 89' lang='lat' dir='ltr'>nihil</span> <span class='ocrx_word' id='word_1_599' title='bbox 2702 4698 2938 4777; x_wconf 84' lang='lat' dir='ltr'>facere,</span> <span class='ocrx_word' id='word_1_600' title='bbox 2968 4714 3117 4760; x_wconf 92' lang='lat' dir='ltr'>cum</span> <span class='ocrx_word' id='word_1_601' title='bbox 3154 4711 3284 4762; x_wconf 80' lang='lat' dir='ltr'>non</span> <span class='ocrx_word' id='word_1_602' title='bbox 3326 4693 3519 4773; x_wconf 75' lang='lat' dir='ltr'>fuisse</span> <span class='ocrx_word' id='word_1_603' title='bbox 3569 4708 3699 4753; x_wconf 93' lang='lat' dir='ltr'>non</span> <span class='ocrx_word' id='word_1_604' title='bbox 3741 4688 3898 4751; x_wconf 87' lang='lat' dir='ltr'>dicat</span> 
     </span>
     <span class='ocr_line' id='line_1_89' title="bbox 2381 4790 3898 4889; baseline -0.013 -15"><span class='ocrx_word' id='word_1_605' title='bbox 2381 4826 2494 4874; x_wconf 88' lang='lat' dir='ltr'>ens</span> <span class='ocrx_word' id='word_1_606' title='bbox 2522 4830 2540 4873; x_wconf 74' lang='lat' dir='ltr'>t</span> <span class='ocrx_word' id='word_1_607' title='bbox 2566 4825 2723 4889; x_wconf 89' lang='lat' dir='ltr'>ergo</span> <span class='ocrx_word' id='word_1_608' title='bbox 2749 4806 2944 4882; x_wconf 86' lang='lat' dir='ltr'>Deus,</span> <span class='ocrx_word' id='word_1_609' title='bbox 2972 4803 3289 4880; x_wconf 75' lang='lat' dir='ltr'>faciendo,</span> <span class='ocrx_word' id='word_1_610' title='bbox 3320 4799 3479 4863; x_wconf 88' lang='lat' dir='ltr'>nihil</span> <span class='ocrx_word' id='word_1_611' title='bbox 3504 4797 3654 4862; x_wconf 81' lang='lat' dir='ltr'>facit</span> <span class='ocrx_word' id='word_1_612' title='bbox 3692 4818 3708 4859; x_wconf 74' lang='grc' dir='ltr'>ε</span> <span class='ocrx_word' id='word_1_613' title='bbox 3739 4790 3898 4876; x_wconf 87' lang='lat' dir='ltr'>quod</span> 
     </span>
     <span class='ocr_line' id='line_1_90' title="bbox 2381 4900 3889 4997; baseline -0.013 -17"><span class='ocrx_word' id='word_1_614' title='bbox 2381 4920 2477 4980; x_wconf 89' lang='lat' dir='ltr'>est</span> <span class='ocrx_word' id='word_1_615' title='bbox 2501 4913 2910 4997; x_wconf 83' lang='lat' dir='ltr'>imperfectio,</span> <span class='ocrx_word' id='word_1_616' title='bbox 2930 4917 2996 4976; x_wconf 85' lang='lat' dir='ltr'>et</span> <span class='ocrx_word' id='word_1_617' title='bbox 3019 4905 3523 4975; x_wconf 78' lang='lat' dir='ltr'>contradictionis</span> <span class='ocrx_word' id='word_1_618' title='bbox 3541 4900 3889 4987; x_wconf 84' lang='lat' dir='ltr'>implicatio.</span> 
     </span>
     <span class='ocr_line' id='line_1_91' title="bbox 2384 5013 3899 5100; baseline -0.011 -13"><span class='ocrx_word' id='word_1_619' title='bbox 2384 5021 2688 5089; x_wconf 85' lang='lat' dir='ltr'>Similiter</span> <span class='ocrx_word' id='word_1_620' title='bbox 2737 5039 2868 5084; x_wconf 90' lang='lat' dir='ltr'>non</span> <span class='ocrx_word' id='word_1_621' title='bbox 2915 5023 3011 5083; x_wconf 88' lang='lat' dir='ltr'>est</span> <span class='ocrx_word' id='word_1_622' title='bbox 3060 5016 3294 5100; x_wconf 87' lang='lat' dir='ltr'>aliquid</span> <span class='ocrx_word' id='word_1_623' title='bbox 3344 5013 3666 5078; x_wconf 56' lang='lat' dir='ltr'>destruere</span> <span class='ocrx_word' id='word_1_624' title='bbox 3688 5058 3705 5089; x_wconf 94' lang='lat'>,</span> <span class='ocrx_word' id='word_1_625' title='bbox 3762 5022 3899 5071; x_wconf 86' lang='lat' dir='ltr'>cum</span> 
     </span>
     <span class='ocr_line' id='line_1_92' title="bbox 2384 5115 3898 5213; baseline -0.013 -15"><span class='ocrx_word' id='word_1_626' title='bbox 2384 5132 2586 5213; x_wconf 69' lang='lat' dir='ltr'>fuisse</span> <span class='ocrx_word' id='word_1_627' title='bbox 2608 5147 2743 5194; x_wconf 90' lang='lat' dir='ltr'>non</span> <span class='ocrx_word' id='word_1_628' title='bbox 2769 5128 2932 5192; x_wconf 88' lang='lat' dir='ltr'>dicat</span> <span class='ocrx_word' id='word_1_629' title='bbox 2971 5126 3208 5207; x_wconf 84' lang='lat' dir='ltr'>aliquid</span> <span class='ocrx_word' id='word_1_630' title='bbox 3240 5140 3371 5187; x_wconf 87' lang='lat' dir='ltr'>esse</span> <span class='ocrx_word' id='word_1_631' title='bbox 3402 5144 3419 5186; x_wconf 80' lang='lat'>2</span> <span class='ocrx_word' id='word_1_632' title='bbox 3469 5138 3629 5202; x_wconf 89' lang='lat' dir='ltr'>ergo</span> <span class='ocrx_word' id='word_1_633' title='bbox 3668 5118 3722 5181; x_wconf 87' lang='lat' dir='ltr'>si</span> <span class='ocrx_word' id='word_1_634' title='bbox 3766 5115 3898 5178; x_wconf 84' lang='lat' dir='ltr'>des-</span> 
     </span>
     <span class='ocr_line' id='line_1_93' title="bbox 2386 5225 3895 5314; baseline -0.011 -10"><span class='ocrx_word' id='word_1_635' title='bbox 2386 5238 2656 5305; x_wconf 87' lang='lat' dir='ltr'>truendo</span> <span class='ocrx_word' id='word_1_636' title='bbox 2680 5236 2801 5299; x_wconf 88' lang='lat' dir='ltr'>hoc</span> <span class='ocrx_word' id='word_1_637' title='bbox 2824 5234 3003 5314; x_wconf 87' lang='lat' dir='ltr'>facit,</span> <span class='ocrx_word' id='word_1_638' title='bbox 3032 5231 3408 5297; x_wconf 86' lang='lat' dir='ltr'>destruendo</span> <span class='ocrx_word' id='word_1_639' title='bbox 3434 5227 3597 5293; x_wconf 87' lang='lat' dir='ltr'>nihil</span> <span class='ocrx_word' id='word_1_640' title='bbox 3624 5225 3895 5289; x_wconf 83' lang='lat' dir='ltr'>destrue-</span> 
     </span>
     <span class='ocr_line' id='line_1_94' title="bbox 2456 5358 3244 5428; baseline -0.01 -11"><span class='ocrx_word' id='word_1_641' title='bbox 2456 5367 2473 5402; x_wconf 87' lang='lat'><strong>¹</strong></span> <span class='ocrx_word' id='word_1_642' title='bbox 2495 5362 2743 5428; x_wconf 60' lang='lat' dir='ltr'>anselm„</span> <span class='ocrx_word' id='word_1_643' title='bbox 2768 5358 3037 5425; x_wconf 60' lang='lat' dir='ltr'>nonaum„</span> <span class='ocrx_word' id='word_1_644' title='bbox 3065 5373 3114 5411; x_wconf 86' lang='lat' dir='ltr'>c.</span> <span class='ocrx_word' id='word_1_645' title='bbox 3132 5370 3244 5411; x_wconf 87' lang='lat' dir='ltr'>vm.</span> 
     </span>
    </p>
   </div>
  </div>
 </body>
</html>
