4125 6225
657 321 778 385 544

658 473 810 520 nem
828 502 848 535 ,
899 457 963 518 et
1011 451 1092 517 ad
1134 451 1612 534 dispositionem
1659 450 1954 533 sequitur
2007 468 2192 532 opus.

657 560 868 626 Tertio
921 560 1113 625 modo
1160 557 1372 626 dicere
1412 561 1627 623 actum
1672 556 2091 621 intrinsecum
2134 557 2198 619 et

658 668 1061 733 absolutum:
1115 671 1178 731 et
1235 667 1357 730 hoc
1414 665 1604 730 modo
1654 664 1805 729 dicit
1856 662 2198 728 Anselmus

656 777 828 861 quod
849 776 1057 843 dicere
1083 795 1215 841 non
1239 781 1333 840 est
1356 775 1552 856 aliud,
1584 792 1781 859 quam
1808 771 2082 840 videndo
2101 773 2197 870 in-

654 887 825 953 tueri
869 910 886 951 t
931 890 995 952 et
1035 886 1125 951 sic
1166 885 1468 970 quaelibet
1509 902 1781 968 persona
1817 882 1970 948 dicit
2008 899 2100 959 se,
2131 884 2195 946 et

653 996 845 1061 aliam
871 1017 886 1060 t
910 1002 973 1060 et
992 994 1144 1059 huic
1166 994 1373 1060 dicere
1396 1012 1530 1059 non
1554 991 1890 1076 respondet
1907 989 2194 1055 Verbum

653 1108 1030 1187 conceptum
1053 1153 1070 1184 ,
1113 1102 1266 1187 quia
1300 1101 1653 1167 secundum
1704 1101 1880 1165 hunc
1925 1098 2192 1163 modum

651 1211 822 1276 idem
841 1215 1046 1293 potest
1071 1229 1207 1275 esse
1233 1210 1470 1288 dicens,
1493 1213 1557 1274 et
1572 1209 1816 1273 dictum
1842 1229 1859 1272 ε
1891 1206 2194 1290 quaelibet

651 1317 824 1381 enim
853 1335 1125 1401 persona
1149 1317 1423 1401 seipsam
1449 1316 1657 1396 videt,
1701 1319 1764 1379 et
1787 1314 2062 1397 seipsam
2087 1313 2190 1377 in-

649 1429 907 1490 tuetur:
942 1430 1006 1489 et
1045 1425 1138 1489 sic
1176 1443 1306 1489 non
1349 1427 1646 1489 connotat
1683 1423 1979 1488 effectum
2002 1470 2021 1501 ,
2070 1440 2190 1486 nec

650 1537 818 1612 actu,
852 1551 970 1596 nec
991 1531 1240 1596 habitu.
1267 1531 1335 1596 Si
1353 1550 1512 1613 ergo
1538 1532 1850 1614 quaeritur
1868 1530 2188 1615 quomodo

651 1635 997 1717 accipiatur
1037 1634 1246 1701 dicere
1271 1635 1340 1697 in
1371 1651 1591 1699 rerum
1622 1633 2060 1717 productione,
2090 1632 2189 1697 di-

649 1743 922 1807 cendum
950 1743 1123 1826 quod
1146 1746 1350 1826 potest
1374 1742 1576 1824 accipi
1603 1742 1811 1824 primo
1834 1741 2044 1818 modo,
2073 1739 2189 1803 sci-

647 1850 794 1915 licet
836 1856 1028 1933 prout
1071 1854 1374 1915 connotat
1417 1849 1714 1914 effectum
1753 1850 1825 1912 in
1867 1851 2014 1912 actu
2058 1865 2077 1910 ε
2124 1849 2190 1911 et

646 1962 804 2023 tunc
846 1958 1052 2025 dicere
1087 1958 1254 2022 idem
1300 1961 1397 2021 est
1435 1956 1607 2040 quod
1649 1956 2034 2040 producere;
2067 1972 2189 2019 nec

648 2072 743 2131 est
763 2067 856 2130 ibi
883 2066 1182 2149 nugatiO,
1213 2083 1362 2130 cum
1398 2064 1630 2129 dicitur
1674 2085 1690 2128 :
1730 2064 1923 2130 Dixit
1950 2064 2123 2129 Deus
2161 2084 2187 2127 .·

646 2175 831 2256 Fiac,·
877 2174 1030 2258 quia
1065 2192 1196 2238 non
1223 2176 1474 2236 tantum
1521 2173 1821 2254 importat
1842 2170 2047 2253 ipsam
2078 2190 2185 2235 ac·

644 2281 885 2347 tionem
923 2283 992 2345 in
1031 2300 1098 2345 se
1117 2331 1132 2358 ‚
1162 2281 1271 2346 sed
1307 2280 1498 2344 etiam
1527 2283 1718 2362 prout
1745 2282 1840 2342 est
1864 2278 1946 2342 ad
1984 2277 2186 2360 ipsius

645 2389 1218 2454 manifestationem
1282 2410 1296 2448 :
1360 2391 1423 2451 et
1469 2386 1797 2470 praemittit
1853 2385 2185 2469 Scriptura

644 2495 916 2559 verbum
942 2494 1188 2559 dicendi
1216 2493 1412 2560 verbo
1432 2493 1723 2570 faciendi,
1752 2493 1921 2557 utin
1946 2493 2069 2558 hoc
2087 2510 2183 2557 os-

642 2602 860 2666 tendat
877 2603 1046 2685 quod
1067 2602 1232 2667 Deus
1252 2602 1535 2665 maxima
1556 2601 1854 2665 facilitate
1877 2600 2185 2684 produxit

642 2709 905 2791 singula
926 2758 943 2787 ,
970 2728 1103 2774 non
1140 2710 1292 2792 quia
1320 2710 1535 2792 aliqua
1566 2727 1697 2774 vox
1724 2714 1932 2773 creata
1960 2727 2182 2773 rerum

641 2817 1125 2900 productionem
1152 2817 1498 2882 antecedat.
1531 2815 1609 2881 Et
1630 2817 1721 2881 sic
1751 2816 1957 2883 dicere
1982 2818 2049 2880 in
2079 2817 2184 2881 di-

641 2925 842 2989 versis
867 2924 1091 2989 diebus
1126 2929 1330 3007 potest
1357 2923 1705 3008 plurificari
1727 2972 1745 3001 ,
1769 2941 1900 2987 non
1935 2924 2183 2989 ratione

639 3032 1004 3117 principalis
1017 3033 1276 3116 signati,
1297 3033 1405 3097 sed
1433 3033 1777 3110 connotati,
1793 3033 1960 3097 sicut
1986 3036 2178 3117 patet,

638 3138 793 3222 qnia
827 3138 1113 3221 plurium
1143 3140 1602 3223 productorum
1627 3139 1843 3223 plures
1866 3145 2016 3205 sunt
2036 3159 2184 3224 pro·

638 3244 963 3311 ductiones
985 3247 1276 3329 passivae,
1295 3252 1387 3327 et,
1417 3247 1663 3312 ratione
1687 3247 2031 3327 connotati,
2063 3267 2180 3312 ac·-

635 3351 807 3417 tivus
825 3354 1071 3420 dicendi
1093 3358 1295 3438 potest
1312 3355 1679 3439 plurificari.
1704 3354 1913 3419 Potest
1939 3355 2181 3420 nihilo-

636 3463 851 3527 minus
875 3464 1075 3546 accipi
1111 3463 1389 3527 secundo
1419 3463 1648 3542 modo;
1691 3467 1755 3527 et
1779 3468 1873 3526 est
1902 3482 2127 3528 sensus
2156 3485 2173 3528 ε

634 3570 863 3651 Discit,
901 3571 963 3635 id
991 3575 1118 3649 est,
1155 3569 1392 3634 Filium
1419 3569 1669 3652 genuit,
1707 3570 1778 3634 in
1804 3589 1934 3654 quo
1959 3571 2179 3636 omnia

633 3676 972 3759 disposuit,
1019 3682 1083 3741 et
1126 3695 1240 3760 per
1279 3676 1447 3759 quod
1485 3675 1703 3741 omnia
1729 3677 2033 3760 produxit
2063 3699 2079 3741 :
2110 3681 2178 3742 et

633 3784 725 3847 sic
749 3784 1008 3866 exponit
1034 3782 1460 3866 Augustinus,
1491 3802 1640 3848 cum
1669 3783 1819 3849 dicit
1845 3785 2017 3867 quod
2045 3802 2177 3851 vox

632 3890 742 3956 Dei
768 3891 848 3955 ad
873 3894 1171 3956 naturam
1189 3890 1400 3972 Verbi,
1422 3909 1536 3975 per
1561 3910 1758 3975 quem
1776 3893 1992 3957 omnia
2012 3893 2177 3958 facta

632 4002 817 4079 sunt,
855 3999 1149 4063 refertur.
1187 3996 1267 4063 Et
1304 3998 1385 4063 ad
1424 3998 1583 4063 illud
1630 3998 1836 4065 dicere
1882 4001 2172 4082 sequitur

633 4112 991 4172 creaturam
1031 4106 1170 4170 fleri
1193 4154 1209 4183 ‚
1254 4106 1419 4171 sicut
1453 4106 1534 4171 ad
1564 4106 2039 4189 dispositionem
2069 4127 2173 4173 se-

630 4207 853 4296 quitur
885 4232 1079 4297 opus;
1121 4231 1253 4277 non
1294 4213 1657 4278 immediate
1674 4263 1692 4294 ,
1750 4218 1827 4279 ut
1870 4218 2029 4279 tunc
2072 4217 2168 4296 tlt,

628 4328 885 4412 quando
931 4329 1076 4413 quis
1105 4322 1313 4412 primo
1352 4328 1700 4412 disposuit3
1741 4329 1851 4394 sed
1888 4348 2004 4413 pro
2028 4330 2169 4396 loco

627 4443 690 4501 et
710 4441 996 4520 tempore
1011 4485 1032 4517 ,
1063 4438 1226 4501 sicut
1257 4436 1521 4502 dicentis
1552 4437 1874 4520 dispositio
1903 4439 2167 4504 ordina-

627 4544 720 4608 vit
751 4564 768 4608 ε
799 4549 862 4607 et
885 4545 976 4608 sic
1011 4548 1106 4608 est
1134 4543 1203 4607 in
1230 4543 1554 4628 proposito
1586 4566 1602 4608 ε
1635 4564 1791 4611 nam
1815 4544 1982 4610 Dens
2013 4566 2166 4630 pro-

626 4650 814 4715 duxit
839 4670 970 4716 non
990 4656 1181 4728 tunc,
1222 4668 1372 4715 cum
1399 4649 1633 4716 Filium
1661 4655 1910 4735 genuit,
1938 4654 2010 4719 in
2033 4674 2165 4738 quo

624 4759 971 4842 disposuit;
1017 4760 1127 4824 sed
1169 4759 1333 4824 sicut
1386 4762 1752 4841 generando
1800 4734 2034 4828 Filium
2082 4764 2165 4829 ab

625 4863 865 4932 aeterno
901 4868 1212 4952 disposuit
1260 4887 1327 4933 se
1375 4869 1839 4951 producturum
1885 4872 1955 4936 in
1992 4875 2164 4936 tem-

622 4994 799 5061 pore,
831 4976 923 5041 sic
948 4976 1249 5059 produxit
1279 4976 1348 5040 in
1376 4982 1683 5060 tempore.
1725 4977 1798 5043 In
1825 4980 1963 5062 ipsa
1986 4980 2163 5046 enim

621 5082 1028 5167 dispositione
1052 5083 1163 5150 Dei
1180 5088 1422 5150 aeterna
1437 5104 1571 5150 non
1595 5085 1805 5151 solum
1830 5092 1967 5152 erat
1986 5088 2160 5171 quod

621 5172 726 5255 res
750 5193 1271 5276 producerentur,
1300 5194 1410 5259 sed
1428 5195 1622 5260 etiam
1636 5195 1894 5277 quando
1926 5196 2162 5279 produ-

623 5301 917 5362 cerentur
963 5317 983 5362 ε
1027 5306 1092 5365 et
1133 5300 1255 5365 hoc
1293 5303 1483 5367 modo
1522 5302 1735 5369 dicere
1781 5303 1849 5366 in
1891 5303 2160 5370 diversis

1783 307 2407 381 SENTENTIARUM
2438 307 2588 380 ΜΒ.
2634 314 2714 381 11.

2305 447 2527 514 diebus
2542 450 2809 528 dictum,
2835 439 3133 516 eamdem'
3148 449 3452 534 importat
3474 449 3837 536 dispositio-

2305 572 2455 620 nem
2491 561 2554 621 et
2579 561 2908 638 aeternam,
2936 557 3007 621 in
3031 576 3163 641 qua
3194 559 3390 624 simul
3414 559 3840 643 disponuntur

2306 663 2708 742 aeternaliter,
2733 683 2882 748 quae
2906 666 3261 732 successive
3292 667 3732 751 producuntur
3757 686 3842 732 ex

2306 776 2614 855 tempore.
2644 772 2747 837 Sic
2780 773 2981 855 igitur
3017 774 3228 857 primo
3254 778 3318 840 et
3349 775 3626 840 secundo
3652 775 3839 840 modo

2304 885 2509 964 potest
2543 882 2650 947 hic
2687 882 2885 966 accipi
2911 883 3120 950 dicere
3131 904 3160 965 ;
3184 883 3295 948 sed
3337 885 3614 949 secundo
3650 883 3840 948 modo

2304 989 2518 1071 magis
2547 990 2830 1073 proprie;
2858 992 3046 1056 tertio
3073 996 3289 1057 autem
3304 992 3496 1057 modo
3511 1010 3642 1057 non
3655 990 3838 1056 vide-

2301 1100 2410 1162 tur
2447 1097 2554 1162 hic
2587 1098 2819 1181 accipi,
2856 1099 3009 1181 quia
3045 1118 3178 1164 non
3202 1104 3583 1165 connotatur
3607 1099 3695 1164 ibi
3720 1099 3841 1164 ali-

2301 1205 2445 1286 quis
2469 1205 2731 1272 effectus
2748 1254 2766 1282 ,
2792 1225 2910 1271 nec
2934 1212 3082 1272 actu
3097 1256 3115 1286 ,
3144 1227 3263 1273 nec
3287 1208 3515 1273 habitu
3543 1227 3563 1273 ε
3591 1226 3708 1272 nec
3734 1208 3843 1272 vi·-

2301 1311 2488 1377 detur
2524 1314 2719 1377 etiam
2752 1313 2862 1378 illo
2898 1317 3085 1380 tertio
3132 1317 3321 1381 modo
3350 1316 3563 1397 magis
3588 1316 3842 1399 proprie

2300 1420 2496 1502 accipi
2522 1425 2699 1485 actus
2725 1421 2973 1487 dicendi
3000 1446 3014 1486 :
3049 1441 3224 1503 nam,
3255 1424 3419 1488 sicut
3452 1424 3694 1488 dictum
3719 1422 3845 1486 fuit

2297 1524 2369 1590 in
2409 1527 2619 1609 primo
2658 1529 2823 1593 libro
2850 1578 2867 1609 ,
2911 1530 3312 1595 distinctione
3355 1549 3543 1595 xxvu
3565 1578 3582 1610 ,
3625 1527 3840 1594 dicere

2299 1636 2553 1717 proprie
2578 1655 2711 1701 non
2735 1638 2989 1702 estsine
3013 1639 3234 1718 verbo,
3259 1638 3424 1703 sicut
3449 1657 3570 1702 nec
3585 1637 3843 1722 proprie

2297 1740 2387 1805 ibi
2412 1742 2642 1808 dicitur
2672 1762 2805 1808 esse
2828 1745 3088 1823 locutio,
3113 1746 3227 1810 ubi
3242 1746 3461 1810 nullus
3484 1749 3580 1809 est
3603 1763 3838 1809 sermo.

2300 1846 2732 1915 Nihilominus
2755 1852 2981 1917 tertius
3005 1853 3237 1918 modus
3261 1852 3609 1936 accipiendi
3635 1853 3845 1919 dicere

2296 1976 2432 2022 non
2457 1957 2711 2045 videtur
2745 1977 2881 2024 esse
2908 1960 3174 2025 omnino
3201 1959 3691 2043 improbanduS,
3722 1978 3843 2043 pro

2296 2083 2373 2129 eo
2421 2065 2590 2147 quod
2645 2067 2795 2130 satis
2846 2068 3302 2133 rationabiliter
3354 2067 3611 2132 videtur
3658 2085 3843 2150 posse

2300 2172 2557 2237 concedi
2605 2173 2776 2256 quod
2801 2174 3106 2258 quaelibet
3148 2192 3420 2259 persona
3443 2173 3745 2256 loquatur
3772 2191 3842 2238 se

2294 2279 2499 2344 alteri.
2550 2279 2618 2344 Si
2662 2281 2836 2345 enim
2886 2282 3007 2346 iste
3049 2284 3227 2346 actus
3249 2331 3268 2363 ,
3298 2283 3415 2365 qui
3461 2286 3557 2346 est
3602 2280 3836 2359 dicere,

2295 2388 2596 2452 convenit
2657 2388 2914 2452 cuilibet
2966 2408 3254 2473 personae
3308 2394 3538 2454 creatae
3565 2437 3582 2467 ,
3632 2393 3843 2472 potest

2294 2495 2637 2559 convenire
2683 2495 2942 2561 cuilibet
2999 2515 3289 2580 personae
3344 2498 3643 2563 increatae
3663 2547 3683 2578 ,
3732 2499 3841 2563 vel

2294 2620 2468 2682 vere,
2484 2603 2589 2668 vel
2605 2603 2796 2667 modo
2818 2604 3311 2688 transumptivo.
3335 2604 3457 2670 Iste
3473 2609 3687 2670 tamen
3702 2623 3842 2670 mo-

2292 2709 2415 2773 dus
2456 2710 2806 2794 accipiendi
2846 2730 2979 2776 non
3026 2714 3328 2796 competit
3369 2713 3714 2797 proposito.
3759 2713 3840 2778 Et

2290 2834 2406 2900 per
2434 2818 2557 2882 hoc
2587 2820 2805 2901 patent
2832 2837 2981 2902 quae
3006 2819 3251 2903 objecta
3276 2824 3450 2885 sunt.

2929 3030 3068 3077 nun.
3113 3031 3205 3080 lv.

2294 3143 2354 3194 ln
2374 3142 2627 3210 principio
2645 3182 2664 3210 ,
2692 3145 2748 3198 id
2769 3148 2877 3210 est,
2905 3146 2960 3197 in
2985 3146 3141 3213 Filio,
3172 3147 3366 3201 creavit
3394 3150 3533 3202 Deus
3568 3148 3760 3202 coelum
3785 3154 3838 3202 et

2896 3222 3108 3284 terram,
3130 3223 3229 3273 etc.

2370 3357 2599 3424 Contra
2625 3380 2643 3423 ι
2685 3359 2753 3424 Si
2781 3361 2957 3424 enim
2977 3361 3211 3426 creatio
3234 3363 3507 3427 mutatio
3533 3367 3650 3445 est,
3675 3365 3836 3429 etin

2291 3448 2454 3533 Filio
2481 3467 2646 3531 nihil
2674 3472 2984 3550 mutatur,
3010 3489 3169 3552 ergo
3196 3472 3265 3536 in
3298 3470 3459 3536 Filio
3492 3473 3657 3537 nihil
3682 3492 3835 3538 mu·-

2286 3579 2482 3655 tatur‚
2508 3593 2670 3657 ergo
2688 3576 2758 3638 in
2777 3575 2939 3641 Filio
2965 3578 3130 3642 nihil
3156 3584 3428 3644 creatur.
3458 3578 3618 3644 Item
3646 3599 3832 3664 quae-

2287 3681 2453 3746 ritur
2479 3700 2679 3765 quare
2707 3683 2826 3746 ista
2853 3685 3156 3768 recipitur
3187 3709 3204 3751 ε
3240 3710 3273 3748 α
3300 3686 3485 3751 Pater
3507 3692 3602 3752 est
3626 3688 3697 3752 in
3725 3687 3831 3753 Fi-

2285 3793 2394 3872 lio,
2424 3816 2455 3853 »
2508 3799 2571 3859 et
2606 3819 2639 3857 α
2681 3797 2921 3862 creavit
2960 3799 3028 3861 in
3075 3795 3269 3879 Filio,
3299 3820 3330 3857 υ
3374 3801 3462 3863 ita
3488 3800 3662 3883 quod
3688 3799 3833 3865 haec

2283 3903 2672 3986 praepositio,
2700 3905 2796 3982 in,
2831 3904 3104 3970 refertur
3138 3906 3219 3970 ad
3241 3906 3518 3973 verbum
3543 3909 3827 3987 essendi,

2281 4013 2349 4074 et
2372 4011 2453 4074 ad
2481 4011 2760 4076 verbum
2784 4013 3118 4095 operandi;
3149 4012 3291 4078 baec
3316 4021 3533 4080 autem
3559 4034 3693 4081 non
3718 4036 3831 4081 re-

2283 4120 2517 4203 cipitur
2546 4144 2563 4186 :
2605 4145 2636 4183 α
2667 4120 2854 4187 Pater
2891 4126 2986 4187 est
3019 4142 3133 4207 per
3166 4123 3435 4205 Filium,
3465 4148 3495 4186 n
3529 4127 3831 4210 quamvis

2283 4230 2404 4295 ista
2451 4233 2795 4316 recipiatur
2843 4255 2859 4297 ε
2908 4256 2939 4295 α
2977 4233 3161 4299 Pater
3207 4241 3507 4319 operatur
3556 4256 3669 4321 per
3712 4236 3829 4301 Fi-

2278 4337 2465 4402 lium.
2501 4360 2532 4399 n
2571 4338 2898 4416 Quaeritur
2924 4342 3117 4406 etiam
3142 4362 3341 4426 quam
3385 4344 3830 4411 habitudinem

2279 4445 2581 4530 importet
2618 4448 2758 4512 haec
2791 4450 3178 4533 praepositio,
3217 4468 3352 4534 per,
3405 4470 3558 4517 cum
3605 4452 3760 4518 dicit
3805 4474 3824 4518 :

2285 4575 2318 4615 α
2344 4551 2512 4618 Deus
2538 4553 2726 4619 Pater
2749 4560 2919 4621 creat
2939 4574 3052 4639 per
3074 4556 3333 4623 Filium.
3364 4579 3397 4618 n

2357 4659 2541 4745 Resp.
2572 4661 2921 4729 Dicendum
2952 4665 3126 4748 quod
3151 4666 3293 4730 haec
3311 4665 3693 4750 praepositio,
3723 4669 3821 4750 in,

2275 4771 2479 4851 potest
2499 4768 2844 4853 importare
2872 4773 3303 4837 causalitatem
3329 4822 3347 4853 ,
3373 4776 3437 4839 et
3471 4779 3677 4857 potest
3698 4777 3824 4840 im·

2273 4877 2528 4958 portare
2565 4877 2961 4944 identitatem
3008 4903 3023 4945 :
3070 4880 3502 4945 causalitatem
3522 4930 3540 4960 ,
3572 4887 3646 4946 ut
3673 4902 3825 4948 cum

2273 4981 2543 5049 dicitur:
2575 5009 2606 5047 α
2630 4986 2858 5052 Omnia
2890 4993 3043 5054 sunt
3072 4990 3139 5053 in
3167 4989 3378 5070 Deo;1›
3400 4986 3818 5073 identitatem,

2272 5094 2347 5154 ut
2378 5109 2529 5155 cum
2568 5092 2847 5161 dicitur:
2890 5119 2922 5158 α
2949 5095 3136 5162 Pater
3162 5102 3257 5162 est
3282 5097 3353 5161 in
3374 5095 3556 5162 Filio.
3585 5120 3617 5160 n
3668 5098 3821 5165 Haec

2271 5200 2488 5263 autem
2527 5204 2915 5285 praepositio,
2941 5222 3079 5287 per,
3127 5210 3445 5289 quantum
3486 5210 3582 5271 est
3607 5208 3689 5273 de
3726 5228 3815 5290 se,

2270 5308 2572 5391 importat
2626 5315 3083 5381 causalitatem.
3151 5315 3298 5381 Dico
3361 5317 3568 5398 igitur
3645 5319 3817 5400 quod
