4125 6225
1359 415 1557 513 nis‘r.
1594 441 1723 511 xv,
1762 439 1946 510 ΛΒΤ.
1990 439 2072 507 11.
2118 440 2417 520 QuAEs'r.
2462 441 2570 512 111.

904 629 1352 699 CONCLUSIO.

371 785 496 844 Post
526 786 815 843 cimelium
841 787 1250 858 productionem
1282 787 1460 840 secuta
1482 784 1560 837 est
1585 780 1769 852 quies,
1797 790 1907 832 non

443 892 561 949 quoe
580 879 656 933 sit
684 876 888 933 laboris
912 877 1155 944 cessatio,
1181 871 1276 930 sod
1297 872 1472 945 operis
1493 870 1737 927 inchoati
1767 881 1906 924 com·

438 967 636 1040 pletio.

453 1124 636 1209 Resp.
659 1126 740 1191 ad
765 1125 925 1207 Arg.
950 1125 1046 1189 Ad
1076 1123 1527 1207 praedictorum
1553 1118 1912 1200 intelligen-

372 1234 528 1299 tiam
558 1238 653 1298 est
678 1232 1033 1299 notandum
1052 1280 1069 1310 ,
1090 1232 1259 1315 quod
1285 1229 1496 1297 omnis
1521 1228 1750 1293 artifex
1772 1244 1912 1310 per·

371 1340 571 1404 fcctus
587 1357 749 1423 opus
771 1341 1068 1420 inchoat,
1092 1343 1169 1405 ut
1184 1337 1266 1404 ad
1289 1336 1735 1423 perfectionem
1759 1351 1910 1418 per·-

375 1447 563 1512 ducat
592 1470 607 1513 z
635 1451 698 1513 et
723 1448 886 1514 sicut
906 1447 1197 1528 intendit,
1226 1446 1316 1511 ita
1341 1445 1525 1525 facit,
1553 1443 1609 1508 si
1636 1460 1749 1526 per
1768 1458 1911 1505 om·

376 1555 489 1618 nia
510 1554 890 1620 sufficientia
907 1553 1162 1619 virtutis
1184 1553 1438 1635 agentis
1454 1550 1574 1615 sibi
1591 1546 1868 1633 suppetit
1888 1566 1906 1610 z

377 1681 525 1727 cum
546 1668 763 1729 autem
779 1663 861 1728 ad
878 1663 1327 1746 perfectionem
1342 1658 1701 1736 deduxerit,
1721 1654 1913 1721 babet

377 1771 546 1852 quod
567 1770 840 1836 intendit
868 1792 884 1836 :
913 1788 1104 1836 omne
1128 1775 1345 1836 autem
1365 1784 1638 1852 operans
1652 1767 1912 1849 propter

377 1876 531 1959 quid
550 1925 567 1953 ‚
587 1877 845 1942 obtento
865 1896 942 1943 eo
959 1881 1220 1962 propter
1236 1877 1409 1962 quod
1425 1874 1583 1957 agit,
1604 1869 1910 1956 quiescit:

378 1982 586 2046 omnis
616 1982 820 2064 igitur
856 2001 1058 2065 agens
1095 1984 1411 2067 perfectus
1442 1981 1533 2045 sic
1566 1983 1869 2063 operatur
1889 2025 1911 2058 ,

378 2094 452 2155 ut
485 2090 825 2173 aliquando
850 2094 1132 2175 quiescat
1162 2114 1178 2158 ι
1214 2110 1364 2158 cum
1397 2090 1605 2174 igitur
1640 2088 1808 2153 Deus
1835 2087 1917 2152 sit

378 2215 577 2281 agens
603 2198 1132 2281 perfectissimum
1157 2200 1226 2262 in
1263 2196 1671 2282 producendo
1700 2197 1915 2279 ipsum

377 2306 780 2384 universum,
797 2325 1052 2372 necesse
1069 2308 1162 2370 est
1174 2324 1331 2389 ergo
1344 2306 1558 2388 ipsum
1574 2301 1915 2386 aliquando

377 2413 700 2494 quiescere
734 2435 749 2475 ι
777 2413 886 2478 sed
913 2432 1063 2478 cum
1089 2414 1328 2495 duplex
1353 2411 1439 2476 sit
1462 2426 1687 2492 agens,
1711 2405 1916 2490 quod-

376 2518 526 2583 dam
552 2519 724 2602 quod
758 2522 1053 2585 movetur
1083 2522 1147 2583 et
1170 2519 1418 2583 laborat
1450 2518 1520 2581 in
1546 2534 1664 2581 sua
1689 2532 1918 2597 opera-

376 2624 547 2690 tione
562 2673 584 2705 ,
615 2626 936 2709 quoddam
961 2643 1117 2692 vero
1140 2625 1313 2709 quod
1340 2642 1459 2689 nec
1485 2627 1775 2687 mutatur
1800 2639 1919 2686 nec

376 2734 688 2798 variatur:
711 2732 870 2797 illud
887 2732 1062 2815 quod
1083 2732 1294 2815 primo
1312 2731 1502 2796 modo
1520 2730 1677 2813 agit,
1702 2728 1918 2813 quies·

375 2840 460 2904 cit
493 2858 605 2923 per
635 2840 1090 2923 quietationem
1107 2888 1126 2918 ‚
1164 2857 1312 2922 quae
1340 2838 1600 2922 quidem
1637 2840 1732 2902 oet
1773 2835 1917 2919 pri-

378 2951 550 3013 vatio
578 2954 792 3014 motus
815 2952 878 3013 et
903 2947 1136 3013 laboris
1157 2996 1176 3029 ,
1205 2948 1368 3011 sicut
1394 2948 1490 3011 est
1513 2962 1717 3026 agens
1740 2962 1915 3008 crea-

381 3062 551 3140 tum;
585 3058 740 3125 illud
780 3077 936 3125 vero
981 3059 1153 3144 quod
1191 3055 1468 3124 secundo
1508 3054 1700 3121 modo
1738 3054 1913 3137 agit,

380 3168 644 3250 quiescit
670 3167 1052 3251 quietatione
1069 3216 1085 3246 ‚
1111 3184 1244 3232 non
1270 3184 1419 3250 quae
1447 3164 1529 3230 sit
1552 3163 1786 3229 laboris
1811 3163 1917 3230 vel

377 3275 767 3357 fatigationis
788 3275 1059 3358 privatio
1075 3324 1093 3355 ‚
1124 3273 1231 3339 sed
1260 3292 1407 3356 quae
1435 3277 1528 3337 est
1554 3271 1813 3337 cessatio
1833 3272 1917 3336 ab

380 3399 574 3465 opere
590 3386 849 3466 propter
874 3383 1074 3467 ipsius
1096 3383 1544 3467 perfectionem
1573 3405 1588 3448 ι
1618 3384 1682 3447 et
1704 3382 1794 3445 sic
1819 3381 1919 3446 di-

381 3488 546 3554 citur
582 3489 750 3555 Deus
787 3490 868 3554 ab
910 3491 1088 3557 omni
1130 3509 1319 3573 opere
1359 3490 1675 3574 quievisse
1701 3537 1720 3569 ‚
1765 3507 1918 3555 cum

378 3593 758 3661 universum
779 3596 1155 3678 produxerit
1176 3597 1258 3662 ad
1280 3616 1416 3663 esse
1441 3597 1792 3681 perfectum
1810 3644 1829 3677 ,
1855 3599 1919 3661 et

379 3699 470 3764 sic
495 3702 773 3785 quievit,
804 3722 954 3769 cum
980 3705 1060 3769 ad
1085 3705 1437 3788 perfectum
1463 3722 1598 3770 esse
1623 3702 1913 3770 deduxit.

379 3803 642 3891 Propter
680 3810 852 3894 quod
886 3810 1117 3876 dicitur
1159 3813 1331 3895 quod
1361 3812 1600 3896 duplex
1631 3815 1728 3878 est
1764 3830 1919 3896 per·-

377 3915 563 3981 fectio
588 3917 875 3983 universi
907 3940 923 3984 ε
951 3936 1088 3983 una
1113 3923 1176 3983 et
1202 3919 1527 4003 praecipua
1560 3920 1917 3985 secundum

377 4038 514 4087 esse
551 4041 967 4106 permanens;
1017 4025 1142 4090 alia
1182 4029 1278 4091 est
1324 4026 1676 4092 secundum
1716 4027 1919 4109 ipsius

379 4145 513 4195 esse
530 4131 893 4196 decurrens.
921 4129 1136 4197 Prima
1153 4133 1500 4199 attenditur
1516 4133 1584 4197 in
1602 4134 1918 4217 completa

378 4237 717 4304 existentia
762 4240 1224 4324 principiorum
1247 4291 1265 4321 ,
1314 4246 1377 4307 et
1424 4242 1735 4326 completo
1783 4258 1917 4307 nu-

377 4363 557 4412 mero
580 4347 968 4432 specierum,
1002 4367 1151 4432 quae
1175 4349 1434 4433 quidem
1459 4349 1696 4433 species
1723 4353 1917 4414 natu·-

377 4469 517 4517 ram
535 4454 791 4535 generis
813 4455 1193 4540 participant
1216 4458 1570 4523 secundum
1592 4460 1832 4523 rectam
1853 4461 1919 4523 et

376 4559 731 4626 ordinatam
801 4551 1221 4628 intentionem
1291 4568 1560 4631 naturae.
1628 4564 1918 4631 Secunda

378 4685 532 4738 vero
576 4673 875 4757 perfectio
916 4673 1201 4739 consistit
1244 4675 1315 4739 in
1349 4674 1765 4758 productione
1800 4693 1916 4741 eo·-

377 4798 561 4864 rum,
610 4800 760 4867 quae
799 4801 913 4868 per
939 4786 1230 4866 tempora
1262 4783 1652 4866 decurrunt,
1693 4787 1758 4849 et
1794 4782 1914 4849 sibi

375 4889 531 4974 ipsis
554 4894 1013 4974 consequenter
1034 4890 1420 4972 succedunt,
1448 4909 1532 4957 ex
1561 4893 1747 4975 cujus
1768 4910 1912 4958 suc-

378 4996 675 5061 cessionis
714 4998 1108 5063 ordinatione
1136 4998 1401 5063 resultat
1436 4999 1734 5083 quaedam
1763 5000 1917 5065 uni-

377 5103 524 5169 tatis
557 5104 963 5189 pulchritudo
990 5109 1055 5172 et
1076 5107 1398 5190 perfectio.
1434 5107 1750 5186 Quoniam
1785 5107 1917 5191 igi-

377 5213 486 5275 tur
522 5209 877 5275 secundum
925 5210 1203 5295 primam
1250 5211 1700 5297 perfectionem
1749 5211 1917 5278 Deus

378 5316 757 5383 universum
790 5317 862 5383 in
884 5335 1001 5384 sex
1023 5318 1249 5385 diebus
1272 5319 1354 5384 ad
1391 5338 1528 5386 esse
1559 5319 1910 5405 produxit,

378 5422 615 5492 scilicet
645 5428 963 5508 quantum
988 5425 1070 5490 ad
1099 5428 1483 5512 completam
1512 5427 1918 5495 existentiam

654 5548 805 5599 τοι.
865 5548 938 5599 11.

3432 456 3554 520 625

2014 576 2497 661 principiorum,
2516 583 2581 645 et
2591 581 2910 663 quantum
2926 581 3008 648 ad
3025 583 3412 670 completum
3431 607 3554 655 nu·

2014 701 2279 749 merum
2310 686 2700 769 specierum3
2730 687 2873 753 ideo
2906 688 3139 755 dicitur
3162 693 3553 775 requievisse

2016 790 2096 856 ab
2141 794 2320 859 omni
2362 809 2544 876 opere
2587 793 2761 876 quod
2803 802 3129 878 patrarat.
3187 799 3352 878 Quia
3397 820 3555 868 vero

2017 899 2316 965 continue
2366 905 2667 984 operatur
2704 901 2786 966 ad
2830 920 3052 968 rerum
3093 908 3556 975 successionem

2017 1023 2132 1087 per
2170 1009 2694 1090 propagationem
2710 1058 2730 1092 ,
2772 1013 2836 1075 et
2868 1011 3346 1078 individuorum
3382 1016 3557 1080 mul-

2016 1112 2472 1196 tiplicationem
2491 1165 2511 1197 ,
2571 1116 2712 1182 ideo
2771 1117 3002 1183 dicitur
3052 1121 3304 1203 operari
3356 1138 3556 1207 usque

2017 1219 2203 1288 modo
2228 1243 2254 1287 :
2288 1225 2352 1286 et
2376 1240 2461 1287 ex
2480 1223 2581 1288 his
2605 1227 2779 1308 patet
2798 1226 3126 1309 responsio
3154 1229 3234 1293 ad
3261 1230 3559 1312 quaestio-

2018 1345 2168 1392 nem
2221 1331 2633 1414 propositam.
2694 1331 3175 1400 concedendum
3234 1340 3333 1401 est
3385 1337 3560 1403 enim

2018 1435 2193 1517 quod
2221 1435 2303 1500 ad
2328 1439 2808 1521 productionem
2831 1442 3210 1509 animalium
3234 1493 3253 1525 ‚
3274 1445 3560 1512 maxime

2018 1542 2300 1607 hominis
2317 1592 2339 1625 ‚
2388 1551 2606 1613 secuta
2639 1552 2735 1613 est
2766 1550 2949 1632 quies
2980 1550 3053 1616 in
3088 1551 3190 1617 die
3223 1552 3495 1636 septimo
3537 1574 3555 1620 z

2019 1668 2154 1715 non
2196 1652 2349 1735 quia
2391 1655 2556 1720 facta
2606 1656 2689 1720 sit
2732 1656 2967 1723 laboris
3002 1659 3370 1726 terminatio
3384 1709 3403 1742 ,
3451 1660 3562 1727 sed

2019 1761 2175 1843 quia
2212 1761 2373 1827 facta
2400 1766 2495 1828 est
2522 1765 2730 1848 operis
2763 1766 3043 1832 inchoati
3075 1769 3412 1853 completio
3447 1787 3464 1832 τ
3497 1772 3563 1836 et

2020 1868 2439 1934 concedendae
2464 1875 2616 1936 sunt
2641 1873 2918 1938 rationes
2947 1875 3070 1940 boc
3094 1876 3457 1958 probantes.

2102 1980 2163 2041 1.
2195 1976 2295 2042 Ad
2326 1976 2483 2044 illud
2523 1980 2697 2063 quod
2737 1980 3034 2063 objicitur
3071 1983 3142 2046 in
3168 1986 3562 2051 contrarium

2019 2080 2100 2146 de
2157 2083 2399 2151 Ioanne
2459 2107 2484 2150 .·
2537 2087 2727 2154 Pater
2770 2105 2948 2155 meus
3012 2097 3311 2172 operatur
3331 2139 3353 2172 ,
3413 2097 3558 2175 etc.;

2015 2190 2156 2272 J’am
2173 2196 2345 2273 patet
2362 2195 2685 2277 responsio
2711 2214 2730 2259 ι
2758 2196 2978 2279 objicit
2994 2197 3172 2263 enim
3192 2199 3270 2264 de
3286 2199 3396 2265 illa
3418 2219 3566 2285 ope-

2022 2296 2269 2363 ratione
2290 2317 2438 2383 quae
2459 2305 2696 2384 spectat
2715 2303 2798 2368 ad
2823 2304 3260 2387 operationem
3277 2306 3565 2373 universi

2021 2409 2378 2475 secundum
2422 2428 2560 2476 esse
2601 2411 2946 2479 decurrens
2966 2462 2986 2492 ‚
3040 2432 3175 2481 non
3209 2417 3565 2483 secundum

2022 2531 2161 2580 esse
2186 2533 2590 2599 permanens.

2103 2627 2164 2687 2.
2221 2624 2319 2688 Ad
2372 2625 2533 2692 illud
2585 2627 2757 2710 qnod
2808 2628 3107 2711 objicitur
3126 2678 3145 2710 ‚
3199 2630 3371 2714 quod
3418 2632 3565 2699 fecit

2022 2729 2195 2794 diem
2220 2732 2597 2816 septimum,
2629 2733 2971 2800 dicendum
2997 2738 3170 2820 quod
3200 2738 3333 2803 dies
3364 2740 3563 2823 septi-

2023 2857 2172 2903 mus
2200 2857 2332 2905 non
2372 2840 2494 2906 fuit
2533 2841 2698 2907 alius
2736 2844 2943 2926 specie
2982 2864 3023 2910 a
3058 2847 3565 2928 praecedentibus

2022 2945 2247 3010 diebus
2286 2967 2303 3011 t
2343 2947 2544 3013 immo
2578 2949 2861 3032 quodam
2910 2951 3100 3016 modo
3141 2953 3280 3034 jam
3321 2957 3459 3019 erat
3494 2956 3566 3021 in

2023 3053 2162 3119 aliis
2201 3053 2546 3139 productus
2579 3076 2595 3121 z
2638 3054 2780 3123 ideo
2825 3056 2906 3122 ad
2942 3057 3230 3142 primum
3279 3061 3565 3145 comple-

2023 3166 2319 3227 mentum
2341 3163 2626 3229 universi
2651 3164 2818 3230 nihil
2845 3166 3112 3233 addebat
3138 3169 3387 3235 ratione
3408 3171 3511 3235 sui
3542 3188 3560 3232 ε

2024 3273 2089 3335 et
2098 3270 2240 3336 ideo
2254 3273 2396 3354 ejus
2412 3273 2744 3356 productio
2769 3291 2903 3339 non
2917 3276 3323 3358 repugnabat
3336 3278 3563 3361 quieti,

2022 3379 2377 3445 secundum
2413 3380 2586 3464 quod
2630 3381 2810 3465 quies
2866 3383 3021 3448 dicit
3067 3386 3480 3451 cessationem
3526 3403 3570 3452 a

2022 3486 2436 3569 productione
2472 3506 2734 3569 eorum,
2762 3507 2912 3573 quae
2947 3494 3098 3554 sunt
3122 3490 3201 3557 de
3231 3491 3567 3576 principali

2021 3593 2310 3659 universi
2347 3595 2800 3661 constitutione
2835 3614 2854 3661 z
2890 3601 3311 3663 enumeratur
3349 3603 3566 3664 tamen

2022 3719 2175 3766 cum
2204 3701 2519 3786 praedictis
2542 3703 2767 3769 diebus
2789 3751 2807 3783 ‚
2836 3706 3049 3788 magis
3070 3725 3271 3789 quam
3297 3706 3430 3772 dies
3455 3726 3565 3773 oc·

2024 3813 2212 3875 tavus
2258 3809 2365 3874 vel
2415 3827 2627 3875 nonus
2644 3856 2662 3888 ‚
2717 3814 2975 3895 propter
3020 3813 3431 3878 cessationem
3483 3813 3566 3879 ab

2022 3934 2214 4002 opere
2272 3917 2695 3984 constituendi
2742 3919 3120 3986 universum
3138 3969 3156 3999 ‚
3212 3922 3564 3989 secundum

2022 4040 2219 4108 quam
2267 4042 2403 4090 non
2453 4025 2801 4092 attenditur
2854 4027 3219 4094 numeratio
3271 4029 3525 4095 dierum
3543 4077 3562 4112 ,

2020 4132 2196 4215 quod
2226 4150 2357 4197 non
2393 4132 2625 4198 habeat
2659 4133 3013 4199 terminum
3049 4157 3065 4200 :
3093 4138 3158 4201 et
3187 4135 3328 4201 ideo
3369 4136 3567 4220 septi-

2022 4257 2171 4305 mus
2195 4241 2328 4307 dies
2352 4258 2484 4306 non
2512 4239 2746 4306 dicitur
2770 4241 3007 4308 habere
3032 4260 3365 4326 vesperam
3395 4265 3411 4309 ε
3446 4260 3567 4308 nec

2020 4350 2164 4431 post
2200 4347 2384 4412 illum
2418 4351 2834 4413 enumeratur
2868 4348 3002 4414 dles
3041 4368 3293 4429 novus3
3339 4349 3449 4415 sed
3491 4349 3568 4415 flt

2020 4472 2352 4537 regressus
2378 4455 2456 4520 ad
2485 4455 2874 4539 principium
2896 4504 2915 4536 ‚
2945 4457 3050 4521 vel
3071 4457 3379 4541 primum.

2103 4565 2163 4626 3.
2192 4561 2292 4626 Ad
2314 4561 2474 4626 illud
2500 4562 2671 4645 quod
2697 4561 3029 4644 obiicitur,
3070 4563 3243 4646 quod
3279 4563 3564 4648 requies·

2019 4687 2163 4734 cere
2203 4670 2285 4734 ab
2328 4687 2520 4753 opere
2542 4717 2561 4748 ‚
2604 4674 2718 4735 aut
2753 4671 3055 4736 connotat
3097 4669 3395 4736 effectum
3440 4670 3565 4736 ali-

2021 4796 2243 4862 quem,
2274 4781 2387 4844 aut
2410 4778 2697 4857 nullum;
2733 4777 3074 4843 dicendum
3099 4779 3273 4861 quod
3297 4827 3315 4859 ‚
3343 4796 3567 4844 secun·

2021 4886 2179 4951 dum
2195 4885 2665 4968 Augustinum‚
2686 4886 3068 4968 requiescere
3095 4884 3325 4951 dicitur
3341 4883 3412 4949 in
3435 4884 3563 4950 Deo

2021 4996 2357 5061 causaliter
2374 5043 2393 5074 ‚
2424 4994 2578 5079 quia
2603 4994 2751 5059 facit
2782 4998 3139 5059 creaturam
3164 4993 3564 5077 spiritualem

2020 5121 2138 5187 per
2170 5101 2548 5186 completam
2570 5102 3170 5185 contemplationem
3197 5101 3320 5166 sibi
3346 5102 3564 5169 inbae-
3671 5092 3680 5101 ’

2020 5211 2222 5277 rendo
2260 5210 2615 5295 quiescere,
2651 5209 2756 5275 vel
2781 5209 3163 5293 qffioecendo
3206 5210 3327 5275 sibi
3355 5210 3568 5277 inhae-

2021 5337 2185 5386 rere.
2241 5317 2609 5385 Secundum
2663 5319 2881 5383 autem
2945 5317 3104 5385 alios
3155 5321 3445 5400 sanctos,
3503 5322 3570 5385 et

2023 5430 2203 5498 viam
2220 5444 2651 5507 communem,
2690 5427 3015 5509 quiescere
3050 5427 3205 5492 dicit
3233 5426 3563 5511 effectum,

3215 5539 3297 5603 40
