4125 6225
715 334 840 403 486

798 463 982 548 Resp.
1012 461 1358 531 Dicendum
1382 461 1553 546 quod
1569 461 1638 527 in
1664 459 1965 527 exercitio
1986 477 2117 543 quo
2132 477 2252 525 nos

713 562 1006 638 diabolus
1044 569 1386 649 exercitat,
1430 572 1558 634 duo
1597 567 2081 633 considerantur
2132 585 2150 630 z
2193 570 2258 631 et

714 682 987 763 potestas
1006 727 1025 758 ‚
1063 681 1127 742 et
1163 694 1342 741 usuS.
1385 673 1665 741 Potestas
1694 693 1734 739 a
1770 674 1897 739 Deo
1937 674 1997 738 ei
2032 674 2259 739 collata

714 793 842 867 est;
882 804 1041 851 usus
1068 804 1222 851 vero
1248 785 1572 869 potestatis
1597 803 1731 849 non
1755 788 1851 848 est
1873 802 1914 847 a
1938 781 2063 847 Deo
2088 800 2254 866 prae-

713 894 1015 981 cipiente,
1057 893 1165 957 sed
1194 892 1410 975 potius
1458 890 1884 974 permittente.
1940 889 2257 967 Quoniam

713 1005 917 1088 igitur
939 1003 1158 1067 missio
1182 1001 1434 1085 proprie
1459 999 1610 1064 dicit
1634 998 1979 1082 imperium
2006 1001 2071 1063 et
2096 1017 2258 1062 auc-

714 1113 1069 1191 toritatem;
1097 1111 1238 1176 ideo
1267 1110 1592 1174 daemonoe
1615 1125 1746 1171 non
1779 1106 2083 1171 dicuntur
2107 1124 2261 1189 pro-

713 1220 853 1305 prie
879 1219 1050 1283 mitti
1094 1237 1135 1283 a
1165 1217 1291 1281 Deo
1334 1220 1408 1282 ut
1439 1213 1653 1297 angeli
1681 1216 1738 1296 ej
1754 1232 1857 1293 us;
1895 1213 2006 1278 sed
2046 1214 2260 1296 potius

719 1327 1019 1392 dicuntur
1045 1324 1260 1407 angeli
1286 1321 1557 1402 diaboli,
1586 1322 1740 1405 quia
1760 1339 1801 1385 a
1829 1339 1948 1385 suo
1973 1323 2262 1405 principe

722 1434 1117 1517 diriguntur,
1145 1435 1210 1497 et
1233 1430 1297 1496 ei
1319 1429 1579 1495 obedire
1601 1429 1962 1494 intendunt.
1996 1428 2096 1494 Ad
2128 1448 2262 1495 om-

722 1560 837 1608 nes
868 1545 1085 1609 autem
1119 1540 1260 1607 illas
1299 1538 1707 1604 auctoritates
1747 1538 2263 1621 respondendum

724 1654 820 1717 est
835 1699 853 1729 ‚
883 1649 1054 1735 quod
1075 1646 1523 1730 intelliguntur
1549 1662 1683 1713 non
1718 1645 2123 1729 imperative,
2153 1645 2265 1711 sed

722 1759 934 1843 potius
961 1755 1355 1842 permissive.

1379 1943 1517 1990 mm.
1560 1942 1630 1987 n.

1158 2060 1285 2111 Tres
1310 2071 1437 2110 vero
1471 2058 1671 2110 medios
1686 2096 1704 2124 ‚
1733 2061 1831 2112 etc.

807 2186 1024 2252 Innuit
1049 2184 1352 2266 Magister
1374 2183 1548 2266 quod
1572 2182 1767 2248 medii
1801 2184 2055 2250 ordines
2093 2203 2267 2269 prze-

726 2297 983 2379 ceptum
1012 2292 1306 2357 divinum
1329 2309 1369 2355 a
1393 2289 1829 2373 superioribus
1846 2290 2185 2375 accipiunt,
2204 2296 2270 2358 et

725 2401 1012 2467 referunt
1033 2401 1110 2464 ad
1138 2398 1489 2463 inferiores.

806 2508 1038 2573 Contra
1072 2529 1089 2572 ι
1123 2506 1221 2572 Ex
1261 2505 1385 2570 hoc
1426 2504 1683 2571 videtur
1728 2507 1900 2589 quod
1935 2525 2109 2572 unus
2142 2526 2264 2574 an-

726 2617 911 2700 gelus
924 2617 1135 2682 mittat
1151 2615 1424 2681 alterum
1450 2636 1466 2679 ι
1488 2614 1592 2678 cui
1608 2614 1945 2681 concordat
1957 2616 2267 2699 expos1tio

726 2724 1014 2807 Gregorii
1049 2723 1118 2787 in
1146 2721 1498 2791 Moralibus
1517 2767 1539 2801 ‚
1565 2739 1846 2803 arguens
1872 2741 1956 2787 ex
1981 2741 2058 2789 eo
2095 2724 2266 2807 quod

725 2831 1044 2912 legiturin
1056 2829 1388 2896 Zacharia
1404 2833 1448 2908 ²,
1464 2828 1638 2912 quod
1649 2847 1819 2895 unus
1830 2830 2100 2912 angelus
2116 2832 2270 2897 dicit

725 2940 807 3005 ad
866 2938 1071 3003 alium
1154 2959 1169 3002 ε
1228 2939 1501 3021 Loquere
1553 2937 1642 3004 ad
1685 2953 1955 3020 puerum
2008 2940 2195 3006 illum
2241 2963 2264 3004 .-

726 3046 838 3111 ubi
864 3046 1017 3110 dicit
1052 3044 1396 3129 Gregorius
1421 3046 1446 3082 ²
1491 3068 1506 3111 :
1551 3069 1583 3108 α
1618 3045 1719 3110 Ad
1744 3047 2122 3131 prophetam
2149 3067 2264 3114 an-

723 3154 912 3237 gelus
936 3153 1241 3235 angelum
1271 3154 1492 3233 mittit;
1520 3172 1716 3237 quem
1738 3148 1957 3220 sec'um
1978 3158 2267 3239 gaudere

725 3261 803 3326 de
838 3261 966 3326 Deo
1007 3262 1433 3326 communiter
1471 3262 1800 3345 prospicit,
1852 3268 1915 3329 et
1948 3264 2165 3345 docet,
2203 3269 2267 3330 et

725 3368 965 3450 dirigit.
998 3392 1030 3429 υ
1064 3368 1198 3433 Hoc
1213 3369 1406 3433 etiam
1427 3387 1542 3451 per
1571 3369 1780 3435 simile
1801 3372 2108 3453 probatur
2133 3377 2265 3437 tam

724 3476 794 3540 in
824 3476 1224 3541 daemonibus
1262 3494 1458 3560 quam
1487 3478 1556 3540 in
1582 3476 1950 3543 hominibus
1965 3526 1988 3560 ,
2014 3479 2127 3544 ubi
2154 3498 2263 3545 su-

725 3584 1003 3667 periores
1025 3584 1291 3647 mittunt
1310 3583 1662 3649 inferiores.

806 3690 905 3756 Ad
939 3692 1303 3775 oppositum
1354 3714 1370 3756 z
1415 3690 1482 3756 Si
1530 3692 1744 3774 angeli
1787 3694 2137 3759 mittuntur
2184 3694 2267 3760 ab

728 3798 996 3879 angera,
1024 3816 1182 3879 ergo
1205 3798 1420 3881 angeli
1447 3803 1600 3864 sunt
1627 3802 1838 3866 nuntii
1855 3802 2262 3886 angelorum,

728 3910 792 3971 et
815 3907 1086 3988 angelus
1126 3910 1221 3970 est
1260 3906 1549 3972 minister
1590 3909 1839 3990 angeli,
1888 3913 1953 3974 et
1994 3912 2268 3994 angelus

728 4013 920 4080 habet
944 4014 1383 4079 auctoritatem
1404 4031 1600 4096 super
1621 4014 1931 4097 angelum
1969 4040 1984 4082 :
2024 4019 2077 4082 si
2109 4037 2269 4102 ergo

728 4120 901 4188 solus
917 4119 1084 4185 Deus
1111 4123 1206 4184 est
1230 4137 1425 4202 penes
1442 4138 1635 4203 quem
1656 4122 1888 4188 residet
1904 4128 2265 4208 auctoritas,

728 4232 793 4294 et
838 4228 1035 4293 solius
1083 4226 1192 4292 Dei
1245 4227 1545 4293 dicuntur
1602 4232 1821 4312 angeli
1881 4232 2158 4298 ministri
2207 4239 2272 4300 et

729 4334 979 4411 nuntii,
1014 4335 1178 4402 sicut
1202 4334 1434 4400 dicitur
1470 4336 1539 4399 in
1568 4335 1819 4404 Psalmo
1851 4341 1873 4376 ⁸
1901 4363 1917 4403 ε
1953 4341 2077 4415 Qui
2106 4341 2271 4423 facit

731 4439 987 4523 anqelos
1021 4456 1169 4507 suos
1201 4442 1475 4523 spiritus
1486 4463 1516 4524 ;
1551 4443 1805 4511 videtur
1846 4446 2016 4529 quod
2055 4465 2097 4511 a
2136 4448 2271 4514 solo

730 4546 859 4613 Deo
888 4548 1161 4620 debeant
1186 4548 1372 4616 mitti.

813 4654 999 4738 Resp.
1030 4655 1379 4722 Dicendum
1405 4659 1578 4741 quod
1606 4662 1856 4730 mittere
1873 4663 2025 4728 dicit
2049 4668 2272 4731 aucto-

728 4763 985 4830 ritatem
1026 4786 1043 4828 :
1098 4767 1301 4847 potest
1337 4765 1538 4848 igitur
1577 4767 1788 4834 dicere
1832 4774 2274 4839 auctoritatem

729 4872 1150 4956 principalem
1168 4921 1185 4954 ,
1238 4873 1342 4938 vel
1393 4878 1597 4957 potest
1644 4876 1852 4943 dicere
1901 4885 2274 4962 potestatem

732 4980 948 5064 aliquo
993 4981 1182 5047 modo
1201 5030 1219 5062 ‚
1272 4982 1377 5049 vel
1427 4986 1869 5051 auctoritatem
1920 4988 2276 5074 subjectam

733 5089 1094 5160 auctoritati
1135 5089 1490 5174 principali.
1543 5090 1610 5158 Si
1653 5097 1899 5163 mittere
1942 5098 2109 5164 dicat
2149 5101 2278 5184 pri-

735 5249 1011 5373 —¹⁸211,15·12‘.:,1
1016 5260 1086 5383 ¹1¹1I
1107 5250 1158 5372 2.
1182 5278 1237 5288 —
1257 5251 1471 5317 ²Greg„
1499 5253 1704 5318 Moral„
1739 5254 1830 5307 lib.
1859 5258 2094 5325 xxvtn,
2122 5276 2169 5314 c.
2200 5275 2278 5315 111.

1845 322 2467 395 SENTEN‘rlAmJu
2510 324 2659 391 LIB.
2704 325 2785 390 11.

2362 479 2539 529 mam
2564 463 2629 527 et
2656 461 3047 547 praecipuam
3072 463 3509 529 auctoritatem
3535 512 3554 544 ,
3590 462 3683 529 sic
3708 462 3897 529 solius

2362 569 2472 637 Dei
2484 574 2578 635 est
2594 571 2845 635 mittere
2857 570 3141 653 angelos,
3160 574 3292 637 tam
3307 571 3688 656 superiores,
3708 588 3897 654 quam

2362 679 2691 744 inferiores
2721 701 2737 745 :
2780 682 2987 744 totum
3029 680 3204 745 enim
3237 680 3667 744 ministerium
3709 697 3900 761 ange-

2360 786 2571 852 lorum
2594 788 2674 852 ad
2695 787 2981 852 divinam
2999 789 3462 869 auctoritatem,
3486 793 3551 853 et
3571 790 3713 870 ejus
3731 805 3895 851 com-

2362 894 2660 979 plendam
2699 894 3093 959 voluntalem
3134 897 3407 960 refertur
3450 912 3469 957 ε
3512 899 3579 959 et
3615 894 3759 960 ideo
3798 894 3899 959 di·-

2363 1008 2601 1067 cuntur
2624 1002 2837 1067 nuntii
2856 1007 2920 1066 et
2936 1003 3207 1066 ministri
3231 1002 3428 1068 solius
3448 1002 3578 1067 Dei.
3603 1001 3669 1068 Si
3690 1005 3901 1066 autem

2363 1110 2616 1175 mittere
2663 1109 2829 1174 dicat
2872 1110 3310 1174 auctoritatem
3356 1109 3634 1174 secundo
3680 1109 3898 1188 modo,

2363 1218 2453 1283 sic
2481 1236 2654 1283 unus
2679 1218 2953 1301 angelus
2979 1219 3060 1283 ab
3086 1219 3285 1283 altero
3310 1222 3511 1302 potest
3530 1217 3724 1296 mitti,
3746 1217 3901 1279 sicut

2366 1327 2516 1392 dicit
2534 1326 2902 1408 Gregorius,
2928 1330 2992 1391 et
3011 1327 3357 1391 ostendunt
3379 1324 3820 1390 auctoritates:
3840 1325 3900 1386 et

2365 1433 2457 1497 sic
2481 1434 2860 1518 intelligitur
2889 1434 3050 1501 illud
3085 1435 3350 1501 verbum
3384 1431 3674 1515 Magistri
3699 1430 3767 1495 in
3801 1430 3898 1494 lit-

2364 1545 2523 1608 tera.

2990 1737 3131 1785 mm.
3173 1734 3265 1783 111.

2708 1896 2775 1948 ni
2799 1896 3005 1963 spiram
3030 1895 3120 1961 qui
3145 1894 3436 1958 minanam,
3465 1897 3569 1947 eoe.

2454 2050 2683 2116 Contra
2704 2072 2720 2117 ε
2747 2050 2881 2115 Hoc
2902 2052 3222 2133 repugnat
3241 2049 3439 2114 verbo
3454 2048 3760 2132 Dionysii.
3780 2048 3901 2114 Aut

2373 2159 2546 2224 enim
2577 2158 2837 2244 spiritus
2863 2158 3135 2222 mittitur
3152 2157 3233 2222 ad
3250 2174 3442 2221 suum
3466 2155 3773 2232 officium,
3800 2161 3901 2219 ant

2371 2268 2454 2333 ad
2478 2286 2609 2333 non
2638 2286 2833 2333 suum
2869 2289 2885 2332 t
2915 2266 2970 2331 si
2997 2266 3079 2331 ad
3107 2283 3325 2345 suum,
3361 2282 3510 2329 cum
3537 2282 3699 2346 ergo
3725 2263 3900 2328 deno-

2371 2375 2658 2440 minetur
2672 2394 2714 2440 a
2736 2391 2877 2455 suo,
2899 2393 3032 2439 non
3048 2373 3232 2438 debet
3251 2371 3461 2438 sortiri
3480 2371 3658 2434 aliud
3676 2387 3899 2433 nomen

2371 2501 2569 2566 quam
2598 2482 2959 2567 proprium;
2981 2481 3033 2544 si
3052 2480 3133 2545 ad
3152 2498 3283 2544 non
3299 2495 3519 2557 suum,
3541 2495 3701 2559 ergo
3729 2493 3897 2540 usur-

2371 2594 2481 2673 pat
2501 2590 2623 2655 sibi
2648 2590 2818 2674 quod
2844 2594 2941 2657 est
2961 2589 3268 2668 alienum,
3295 2589 3361 2652 et
3394 2585 3520 2650 hoc
3546 2588 3643 2648 est
3666 2582 3898 2649 inordi-

2369 2702 2616 2762 natum.

2452 2805 2639 2889 Resp.
2668 2805 3014 2871 Dicendum
3042 2803 3214 2886 quod
3240 2801 3409 2866 mitti
3433 2799 3515 2864 ad
3543 2816 3741 2863 suum
3760 2798 3894 2863 offl-

2370 2914 2546 2980 cium
2572 2914 2909 2999 dupliciter
2933 2917 3028 2976 est
3056 2930 3075 2976 z
3112 2913 3226 2975 aut
3257 2909 3337 2974 ad
3373 2925 3568 2973 suum
3595 2924 3711 2990 per
3734 2905 3895 2972 veri-

2369 3026 2606 3099 tatem,
2646 3022 2799 3106 quia
2825 3021 2906 3086 ad
2953 3020 3077 3084 hoc
3110 3010 3445 3102 deputatus
3490 3021 3621 3095 est3
3673 3018 3786 3079 aut
3823 3012 3895 3078 ad

2370 3148 2564 3195 suum
2617 3149 2731 3214 per
2784 3128 3384 3214 appropriationem.
3446 3122 3662 3189 Primo
3720 3122 3891 3186 modo

2370 3239 2580 3303 omnis
2604 3239 2719 3322 qui
2762 3238 3036 3302 mittitur
3059 3285 3076 3314 ‚
3106 3235 3378 3299 mittitur
3409 3232 3487 3296 ad
3525 3250 3722 3297 suum
3760 3231 3891 3294 offi-

2371 3346 2577 3424 cium,
2606 3347 2669 3410 id
2698 3351 2822 3424 est,
2853 3345 2932 3410 ad
2958 3343 3118 3408 illud
3158 3343 3238 3408 ad
3280 3340 3450 3426 quod
3493 3344 3592 3404 est
3616 3339 3887 3403 idoneus„

2371 3452 2663 3519 Secundo
2709 3452 2899 3517 modo
2943 3450 3281 3534 aliquando
3323 3448 3596 3512 mittitur
3640 3445 3901 3527 angelus

2371 3564 2451 3628 ad
2481 3562 2940 3647 perficiendum
2967 3559 3140 3623 illius
3166 3556 3317 3622 doni
3345 3573 3560 3632 usum,
3591 3554 3761 3637 quod
3784 3551 3901 3615 sibi

2371 3687 2505 3734 non
2545 3670 2994 3752 appropriatur
3024 3688 3040 3730 :
3071 3666 3212 3730 ideo
3243 3682 3360 3728 nec
3401 3662 3482 3726 ab
3520 3660 3632 3725 illo
3678 3679 3902 3724 secun-

2371 3778 2528 3842 dum
2573 3779 2848 3861 primam
2887 3775 3353 3858 impositionem
3396 3768 3678 3834 nominis
3714 3769 3898 3832 deno·

2372 3886 2659 3951 minatur
2680 3904 2697 3949 :
2717 3883 3143 3949 nihilominus
3163 3885 3380 3945 tamen
3397 3876 3661 3942 sortitur
3677 3892 3903 3940 nomen

2372 3999 2738 4077 competens
2765 3992 2857 4057 illi
2883 3991 3052 4058 dono
3069 4039 3086 4068 ‚
3127 3992 3203 4053 ut
3241 3984 3611 4051 ostendatur
3645 3982 3725 4048 ad
3759 3980 3903 4064 quid

2373 4102 2687 4167 mittatur.

2842 4352 3216 4426 ARTICUL
3224 4351 3327 4423 US
3370 4353 3425 4423 I.

2456 4566 2557 4632 Ad
2580 4563 3067 4647 intelligentiam
3093 4561 3293 4644 hujus
3328 4558 3525 4644 partis
3563 4560 3784 4625 incidit
3814 4559 3903 4623 hic

2376 4674 2645 4758 quaestio
2672 4673 2840 4737 circa
2851 4671 2977 4736 tria
2997 4693 3013 4735 ε
3035 4669 3247 4753 prima
3270 4667 3538 4750 quaestio
3556 4669 3675 4746 est,
3698 4671 3904 4732 utrum

2376 4782 2530 4847 boni
2558 4780 2774 4863 angeli
2802 4781 3168 4859 mittantur;
3212 4775 3488 4841 secundo
3512 4775 3822 4857 quaeritur
3836 4770 3904 4834 ad

2380 4891 2537 4974 quid
2560 4892 2922 4967 mittantur;
2942 4887 3127 4951 tertio
3146 4884 3457 4969 quaeritur
3474 4876 3903 4965 qualiter-illud

2382 4997 3094 5078 officiumexequantur.
3112 4992 3287 5057 Circa
3301 4991 3587 5074 primum
3607 4989 3736 5053 duo
3746 5002 3902 5070 quae·

2380 5107 2617 5170 runtur
2639 5125 2654 5166 ε
2677 5103 2885 5185 primo
2907 5100 3221 5185 quaeritur
3240 5104 3463 5163 utrum
3490 5096 3691 5180 aliqui
3706 5090 3899 5176 angeli

2385 5210 2755 5290 mittantur;
2783 5209 3063 5275 secundo
3097 5207 3408 5293 quaeritur
3434 5209 3661 5270 utrum
3698 5216 3899 5271 omnes

2385 5319 2743 5386 mittantur.
