<?xml version="1.0" encoding="UTF-8"?>
<!DOCTYPE html PUBLIC "-//W3C//DTD XHTML 1.0 Transitional//EN"
    "http://www.w3.org/TR/xhtml1/DTD/xhtml1-transitional.dtd">
<html xmlns="http://www.w3.org/1999/xhtml" xml:lang="en" lang="en">
 <head>
  <title>
</title>
<meta http-equiv="Content-Type" content="text/html;charset=utf-8" />
  <meta name='ocr-system' content='tesseract 3.04.00' />
  <meta name='ocr-capabilities' content='ocr_page ocr_carea ocr_par ocr_line ocrx_word'/>
</head>
<body>
  <div class='ocr_page' id='page_1' title='image "./srecardinalissb01peltgoog_0437.png"; bbox 0 0 4125 6225; ppageno 0'>
   <div class='ocr_carea' id='block_1_1' title="bbox 14 3066 129 3110">
    <p class='ocr_par' dir='ltr' id='par_1_1' title="bbox 14 3066 129 3110">
     <span class='ocr_line' id='line_1_1' title="bbox 14 3066 129 3110; baseline 0.009 -14"><span class='ocrx_word' id='word_1_1' title='bbox 14 3066 129 3110; x_wconf 85' lang='lat' dir='ltr'>opp.</span> 
     </span>
    </p>
   </div>
   <div class='ocr_carea' id='block_1_2' title="bbox 1168 541 2372 623">
    <p class='ocr_par' dir='ltr' id='par_1_2' title="bbox 1168 541 2372 623">
     <span class='ocr_line' id='line_1_2' title="bbox 1168 541 2372 623; baseline 0.002 -15"><span class='ocrx_word' id='word_1_2' title='bbox 1168 541 1365 608; x_wconf 90' lang='lat' dir='ltr'><strong>DIST.</strong></span> <span class='ocrx_word' id='word_1_3' title='bbox 1410 541 1513 608; x_wconf 76' lang='lat' dir='ltr'>Vl.</span> <span class='ocrx_word' id='word_1_4' title='bbox 1553 542 1736 607; x_wconf 74' lang='grc' dir='ltr'><strong>ΛΒΤ.</strong></span> <span class='ocrx_word' id='word_1_5' title='bbox 1783 541 1894 609; x_wconf 89' lang='lat'><em>111.</em></span> <span class='ocrx_word' id='word_1_6' title='bbox 1941 544 2244 623; x_wconf 80' lang='lat' dir='ltr'><strong>QUAEST.</strong></span> <span class='ocrx_word' id='word_1_7' title='bbox 2293 546 2372 611; x_wconf 92' lang='grc' dir='ltr'>ΙΙ.</span> 
     </span>
    </p>
   </div>
   <div class='ocr_carea' id='block_1_3' title="bbox 162 674 1723 5593">
    <p class='ocr_par' dir='ltr' id='par_1_3' title="bbox 178 674 1723 865">
     <span class='ocr_line' id='line_1_3' title="bbox 179 674 1723 760; baseline 0.001 -19"><span class='ocrx_word' id='word_1_8' title='bbox 179 674 357 754; x_wconf 75' lang='lat' dir='ltr'>filios</span> <span class='ocrx_word' id='word_1_9' title='bbox 399 678 714 758; x_wconf 75' lang='lat' dir='ltr'>superbioe</span> <span class='ocrx_word' id='word_1_10' title='bbox 749 700 775 743; x_wconf 92' lang='lat'>.·</span> <span class='ocrx_word' id='word_1_11' title='bbox 811 679 920 743; x_wconf 89' lang='lat' dir='ltr'>sed</span> <span class='ocrx_word' id='word_1_12' title='bbox 959 678 1283 744; x_wconf 84' lang='lat' dir='ltr'>daemones</span> <span class='ocrx_word' id='word_1_13' title='bbox 1313 681 1466 743; x_wconf 87' lang='lat' dir='ltr'>sunt</span> <span class='ocrx_word' id='word_1_14' title='bbox 1490 677 1723 760; x_wconf 85' lang='lat' dir='ltr'>hujus-</span> 
     </span>
     <span class='ocr_line' id='line_1_4' title="bbox 178 782 764 865; baseline 0.009 -20"><span class='ocrx_word' id='word_1_15' title='bbox 178 782 355 847; x_wconf 87' lang='lat' dir='ltr'>modi</span> <span class='ocrx_word' id='word_1_16' title='bbox 387 805 402 845; x_wconf 85' lang='lat'><strong>:</strong></span> <span class='ocrx_word' id='word_1_17' title='bbox 434 802 614 865; x_wconf 78' lang='lat' dir='ltr'>erge,</span> <span class='ocrx_word' id='word_1_18' title='bbox 645 789 764 850; x_wconf 82' lang='lat' dir='ltr'>etc.</span> 
     </span>
    </p>

    <p class='ocr_par' dir='ltr' id='par_1_4' title="bbox 177 889 1723 1512">
     <span class='ocr_line' id='line_1_5' title="bbox 259 889 1718 976; baseline 0.004 -24"><span class='ocrx_word' id='word_1_19' title='bbox 259 889 419 954; x_wconf 87' lang='lat' dir='ltr'>Item</span> <span class='ocrx_word' id='word_1_20' title='bbox 438 892 457 927; x_wconf 93' lang='lat'><strong>¹</strong></span> <span class='ocrx_word' id='word_1_21' title='bbox 493 913 507 955; x_wconf 75' lang='grc' dir='ltr'>ε</span> <span class='ocrx_word' id='word_1_22' title='bbox 540 892 654 969; x_wconf 82' lang='lat' dir='ltr'>Ite,</span> <span class='ocrx_word' id='word_1_23' title='bbox 682 893 1028 972; x_wconf 80' lang='lat' dir='ltr'>maledicti,</span> <span class='ocrx_word' id='word_1_24' title='bbox 1056 896 1132 960; x_wconf 76' lang='lat' dir='ltr'>in</span> <span class='ocrx_word' id='word_1_25' title='bbox 1148 894 1357 976; x_wconf 65' lang='lat' dir='ltr'>ionem</span> <span class='ocrx_word' id='word_1_26' title='bbox 1381 898 1718 972; x_wconf 78' lang='lat' dir='ltr'>aeternum,</span> 
     </span>
     <span class='ocr_line' id='line_1_6' title="bbox 177 999 1723 1084; baseline 0.001 -21"><span class='ocrx_word' id='word_1_27' title='bbox 177 999 298 1080; x_wconf 81' lang='lat' dir='ltr'>qui</span> <span class='ocrx_word' id='word_1_28' title='bbox 317 1005 590 1079; x_wconf 76' lang='lat' dir='ltr'>paratus</span> <span class='ocrx_word' id='word_1_29' title='bbox 606 1005 696 1066; x_wconf 75' lang='lat' dir='ltr'>est</span> <span class='ocrx_word' id='word_1_30' title='bbox 713 999 988 1081; x_wconf 80' lang='lat' dir='ltr'>diabolo,</span> <span class='ocrx_word' id='word_1_31' title='bbox 1006 1008 1068 1067; x_wconf 82' lang='lat' dir='ltr'>et</span> <span class='ocrx_word' id='word_1_32' title='bbox 1087 1001 1330 1084; x_wconf 74' lang='lat' dir='ltr'>anqelis</span> <span class='ocrx_word' id='word_1_33' title='bbox 1346 1000 1506 1082; x_wconf 73' lang='lat' dir='ltr'>ejus.</span> <span class='ocrx_word' id='word_1_34' title='bbox 1528 999 1723 1065; x_wconf 80' lang='lat' dir='ltr'>Vocat</span> 
     </span>
     <span class='ocr_line' id='line_1_7' title="bbox 178 1104 1716 1189; baseline 0.003 -22"><span class='ocrx_word' id='word_1_35' title='bbox 178 1104 460 1168; x_wconf 88' lang='lat' dir='ltr'>minores</span> <span class='ocrx_word' id='word_1_36' title='bbox 501 1105 824 1170; x_wconf 84' lang='lat' dir='ltr'>daemones</span> <span class='ocrx_word' id='word_1_37' title='bbox 869 1107 1131 1189; x_wconf 81' lang='lat' dir='ltr'>angelos</span> <span class='ocrx_word' id='word_1_38' title='bbox 1171 1107 1406 1171; x_wconf 88' lang='lat' dir='ltr'>diaboli</span> <span class='ocrx_word' id='word_1_39' title='bbox 1455 1128 1471 1170; x_wconf 76' lang='grc' dir='ltr'><strong><em>ε</em></strong></span> <span class='ocrx_word' id='word_1_40' title='bbox 1518 1126 1674 1189; x_wconf 84' lang='lat' dir='ltr'>ergo</span> <span class='ocrx_word' id='word_1_41' title='bbox 1696 1156 1716 1187; x_wconf 95' lang='lat'>,</span> 
     </span>
     <span class='ocr_line' id='line_1_8' title="bbox 177 1214 1720 1299; baseline 0.003 -25"><span class='ocrx_word' id='word_1_42' title='bbox 177 1229 328 1275; x_wconf 90' lang='lat' dir='ltr'>cum</span> <span class='ocrx_word' id='word_1_43' title='bbox 356 1214 629 1294; x_wconf 80' lang='lat' dir='ltr'>angelus</span> <span class='ocrx_word' id='word_1_44' title='bbox 654 1215 886 1280; x_wconf 88' lang='lat' dir='ltr'>diaboli</span> <span class='ocrx_word' id='word_1_45' title='bbox 903 1215 1121 1280; x_wconf 89' lang='lat' dir='ltr'>nullus</span> <span class='ocrx_word' id='word_1_46' title='bbox 1137 1215 1382 1280; x_wconf 86' lang='lat' dir='ltr'>dicatur</span> <span class='ocrx_word' id='word_1_47' title='bbox 1403 1220 1720 1299; x_wconf 87' lang='lat' dir='ltr'>quantum</span> 
     </span>
     <span class='ocr_line' id='line_1_9' title="bbox 177 1320 1721 1406; baseline 0.005 -23"><span class='ocrx_word' id='word_1_48' title='bbox 177 1320 257 1383; x_wconf 87' lang='lat' dir='ltr'>ad</span> <span class='ocrx_word' id='word_1_49' title='bbox 286 1326 539 1385; x_wconf 83' lang='lat' dir='ltr'>naturae</span> <span class='ocrx_word' id='word_1_50' title='bbox 571 1323 1025 1401; x_wconf 87' lang='lat' dir='ltr'>conditionem,</span> <span class='ocrx_word' id='word_1_51' title='bbox 1056 1323 1288 1387; x_wconf 91' lang='lat' dir='ltr'>dicitur</span> <span class='ocrx_word' id='word_1_52' title='bbox 1323 1341 1480 1405; x_wconf 89' lang='lat' dir='ltr'>ergo</span> <span class='ocrx_word' id='word_1_53' title='bbox 1505 1342 1721 1406; x_wconf 88' lang='lat' dir='ltr'>quan-</span> 
     </span>
     <span class='ocr_line' id='line_1_10' title="bbox 178 1428 1715 1512; baseline 0.005 -24"><span class='ocrx_word' id='word_1_54' title='bbox 178 1429 320 1488; x_wconf 89' lang='lat' dir='ltr'>tum</span> <span class='ocrx_word' id='word_1_55' title='bbox 360 1428 438 1492; x_wconf 90' lang='lat' dir='ltr'>ad</span> <span class='ocrx_word' id='word_1_56' title='bbox 468 1428 804 1492; x_wconf 89' lang='lat' dir='ltr'>ministerii</span> <span class='ocrx_word' id='word_1_57' title='bbox 843 1430 1298 1512; x_wconf 87' lang='lat' dir='ltr'>subjectionem</span> <span class='ocrx_word' id='word_1_58' title='bbox 1329 1448 1347 1494; x_wconf 78' lang='lat' dir='ltr'>t</span> <span class='ocrx_word' id='word_1_59' title='bbox 1378 1447 1567 1511; x_wconf 91' lang='lat' dir='ltr'>ergo,</span> <span class='ocrx_word' id='word_1_60' title='bbox 1597 1435 1715 1495; x_wconf 91' lang='lat' dir='ltr'>etc.</span> 
     </span>
    </p>

    <p class='ocr_par' dir='ltr' id='par_1_5' title="bbox 176 1532 1721 2371">
     <span class='ocr_line' id='line_1_11' title="bbox 261 1532 1719 1619; baseline 0.003 -23"><span class='ocrx_word' id='word_1_61' title='bbox 261 1532 443 1610; x_wconf 81' lang='lat' dir='ltr'>Item,</span> <span class='ocrx_word' id='word_1_62' title='bbox 473 1536 644 1617; x_wconf 91' lang='lat' dir='ltr'>quod</span> <span class='ocrx_word' id='word_1_63' title='bbox 672 1536 748 1600; x_wconf 93' lang='lat' dir='ltr'>de</span> <span class='ocrx_word' id='word_1_64' title='bbox 765 1538 917 1618; x_wconf 69' lang='lat' dir='ltr'>‚iure</span> <span class='ocrx_word' id='word_1_65' title='bbox 942 1555 1116 1601; x_wconf 91' lang='lat' dir='ltr'>unus</span> <span class='ocrx_word' id='word_1_66' title='bbox 1142 1537 1359 1619; x_wconf 85' lang='lat' dir='ltr'>praesit</span> <span class='ocrx_word' id='word_1_67' title='bbox 1387 1536 1590 1616; x_wconf 86' lang='lat' dir='ltr'>alteri,</span> <span class='ocrx_word' id='word_1_68' title='bbox 1615 1538 1719 1600; x_wconf 87' lang='lat' dir='ltr'>vi-</span> 
     </span>
     <span class='ocr_line' id='line_1_12' title="bbox 177 1638 1720 1708; baseline 0.005 -8"><span class='ocrx_word' id='word_1_69' title='bbox 177 1638 368 1702; x_wconf 89' lang='lat' dir='ltr'>detur</span> <span class='ocrx_word' id='word_1_70' title='bbox 405 1659 423 1703; x_wconf 71' lang='grc' dir='ltr'><strong><em>ε</em></strong></span> <span class='ocrx_word' id='word_1_71' title='bbox 471 1664 501 1700; x_wconf 79' lang='grc' dir='ltr'><strong>α</strong></span> <span class='ocrx_word' id='word_1_72' title='bbox 531 1640 819 1706; x_wconf 86' lang='lat' dir='ltr'>Servitus</span> <span class='ocrx_word' id='word_1_73' title='bbox 844 1645 1017 1707; x_wconf 89' lang='lat' dir='ltr'>enim</span> <span class='ocrx_word' id='word_1_74' title='bbox 1046 1643 1407 1708; x_wconf 86' lang='lat' dir='ltr'>introducta</span> <span class='ocrx_word' id='word_1_75' title='bbox 1435 1646 1530 1707; x_wconf 85' lang='lat' dir='ltr'>est</span> <span class='ocrx_word' id='word_1_76' title='bbox 1553 1643 1720 1708; x_wconf 87' lang='lat' dir='ltr'>inter</span> 
     </span>
     <span class='ocr_line' id='line_1_13' title="bbox 177 1744 1717 1832; baseline 0.004 -24"><span class='ocrx_word' id='word_1_77' title='bbox 177 1744 501 1827; x_wconf 85' lang='lat' dir='ltr'>homines,</span> <span class='ocrx_word' id='word_1_78' title='bbox 547 1752 619 1812; x_wconf 91' lang='lat' dir='ltr'>ut</span> <span class='ocrx_word' id='word_1_79' title='bbox 644 1749 795 1813; x_wconf 89' lang='lat' dir='ltr'>dicit</span> <span class='ocrx_word' id='word_1_80' title='bbox 825 1750 1200 1815; x_wconf 87' lang='lat' dir='ltr'>Ambrosius</span> <span class='ocrx_word' id='word_1_81' title='bbox 1229 1751 1282 1827; x_wconf 71' lang='lat'>⁹,</span> <span class='ocrx_word' id='word_1_82' title='bbox 1311 1750 1540 1815; x_wconf 90' lang='lat' dir='ltr'>merito</span> <span class='ocrx_word' id='word_1_83' title='bbox 1572 1769 1717 1832; x_wconf 90' lang='lat' dir='ltr'>pec-</span> 
     </span>
     <span class='ocr_line' id='line_1_14' title="bbox 177 1837 1721 1938; baseline 0.003 -22"><span class='ocrx_word' id='word_1_84' title='bbox 177 1852 301 1916; x_wconf 87' lang='lat' dir='ltr'>cati</span> <span class='ocrx_word' id='word_1_85' title='bbox 332 1875 349 1917; x_wconf 88' lang='lat'>:</span> <span class='ocrx_word' id='word_1_86' title='bbox 380 1876 411 1912; x_wconf 76' lang='lat' dir='ltr'>n</span> <span class='ocrx_word' id='word_1_87' title='bbox 446 1855 553 1918; x_wconf 90' lang='lat' dir='ltr'>sed</span> <span class='ocrx_word' id='word_1_88' title='bbox 589 1837 843 1920; x_wconf 86' lang='lat' dir='ltr'>nullum</span> <span class='ocrx_word' id='word_1_89' title='bbox 886 1859 1214 1938; x_wconf 81' lang='lat' dir='ltr'>peccatum</span> <span class='ocrx_word' id='word_1_90' title='bbox 1244 1856 1399 1920; x_wconf 91' lang='lat' dir='ltr'>adeo</span> <span class='ocrx_word' id='word_1_91' title='bbox 1436 1861 1721 1921; x_wconf 87' lang='lat' dir='ltr'>meretur</span> 
     </span>
     <span class='ocr_line' id='line_1_15' title="bbox 177 1960 1721 2046; baseline 0.005 -24"><span class='ocrx_word' id='word_1_92' title='bbox 177 1960 576 2042; x_wconf 86' lang='lat' dir='ltr'>servitutem,</span> <span class='ocrx_word' id='word_1_93' title='bbox 606 1962 770 2026; x_wconf 90' lang='lat' dir='ltr'>sicut</span> <span class='ocrx_word' id='word_1_94' title='bbox 796 1968 1125 2046; x_wconf 84' lang='lat' dir='ltr'>peccatum</span> <span class='ocrx_word' id='word_1_95' title='bbox 1150 1963 1517 2029; x_wconf 82' lang='lat' dir='ltr'>ambitionis</span> <span class='ocrx_word' id='word_1_96' title='bbox 1534 1969 1596 2029; x_wconf 90' lang='lat' dir='ltr'>et</span> <span class='ocrx_word' id='word_1_97' title='bbox 1619 1983 1721 2030; x_wconf 88' lang='lat' dir='ltr'>su-</span> 
     </span>
     <span class='ocr_line' id='line_1_16' title="bbox 178 2068 1721 2153; baseline 0.006 -24"><span class='ocrx_word' id='word_1_98' title='bbox 178 2068 418 2148; x_wconf 86' lang='lat' dir='ltr'>perbiae</span> <span class='ocrx_word' id='word_1_99' title='bbox 462 2092 476 2132; x_wconf 88' lang='lat'>:</span> <span class='ocrx_word' id='word_1_100' title='bbox 528 2088 678 2134; x_wconf 84' lang='lat' dir='ltr'>cum</span> <span class='ocrx_word' id='word_1_101' title='bbox 723 2089 879 2153; x_wconf 85' lang='lat' dir='ltr'>ergo</span> <span class='ocrx_word' id='word_1_102' title='bbox 920 2072 1243 2136; x_wconf 84' lang='lat' dir='ltr'>daemones</span> <span class='ocrx_word' id='word_1_103' title='bbox 1283 2073 1563 2138; x_wconf 88' lang='lat' dir='ltr'>maxime</span> <span class='ocrx_word' id='word_1_104' title='bbox 1612 2073 1721 2139; x_wconf 92' lang='lat' dir='ltr'>illo</span> 
     </span>
     <span class='ocr_line' id='line_1_17' title="bbox 178 2181 1721 2260; baseline 0.005 -19"><span class='ocrx_word' id='word_1_105' title='bbox 178 2185 637 2260; x_wconf 86' lang='lat' dir='ltr'>peccaverunt,</span> <span class='ocrx_word' id='word_1_106' title='bbox 681 2181 847 2245; x_wconf 90' lang='lat' dir='ltr'>inter</span> <span class='ocrx_word' id='word_1_107' title='bbox 884 2200 993 2245; x_wconf 88' lang='lat' dir='ltr'>eos</span> <span class='ocrx_word' id='word_1_108' title='bbox 1038 2182 1323 2247; x_wconf 83' lang='lat' dir='ltr'>maxime</span> <span class='ocrx_word' id='word_1_109' title='bbox 1359 2183 1544 2248; x_wconf 88' lang='lat' dir='ltr'>debet</span> <span class='ocrx_word' id='word_1_110' title='bbox 1583 2200 1721 2248; x_wconf 88' lang='lat' dir='ltr'>esse</span> 
     </span>
     <span class='ocr_line' id='line_1_18' title="bbox 176 2285 1502 2371; baseline 0.005 -24"><span class='ocrx_word' id='word_1_111' title='bbox 176 2285 474 2366; x_wconf 84' lang='lat' dir='ltr'>servitus,</span> <span class='ocrx_word' id='word_1_112' title='bbox 505 2292 568 2350; x_wconf 87' lang='lat' dir='ltr'>et</span> <span class='ocrx_word' id='word_1_113' title='bbox 589 2287 969 2368; x_wconf 88' lang='lat' dir='ltr'>dominium,</span> <span class='ocrx_word' id='word_1_114' title='bbox 994 2294 1058 2354; x_wconf 88' lang='lat' dir='ltr'>et</span> <span class='ocrx_word' id='word_1_115' title='bbox 1080 2289 1168 2353; x_wconf 91' lang='lat' dir='ltr'>ita</span> <span class='ocrx_word' id='word_1_116' title='bbox 1196 2289 1502 2371; x_wconf 83' lang='lat' dir='ltr'>praelatio.</span> 
     </span>
    </p>

    <p class='ocr_par' dir='ltr' id='par_1_6' title="bbox 172 2388 1719 3015">
     <span class='ocr_line' id='line_1_19' title="bbox 256 2388 1715 2476; baseline 0.005 -22"><span class='ocrx_word' id='word_1_117' title='bbox 256 2388 414 2455; x_wconf 83' lang='lat' dir='ltr'>Item</span> <span class='ocrx_word' id='word_1_118' title='bbox 471 2391 713 2457; x_wconf 88' lang='lat' dir='ltr'>habens</span> <span class='ocrx_word' id='word_1_119' title='bbox 756 2394 938 2459; x_wconf 89' lang='lat' dir='ltr'>liberi</span> <span class='ocrx_word' id='word_1_120' title='bbox 977 2395 1224 2459; x_wconf 85' lang='lat' dir='ltr'>arbitrii</span> <span class='ocrx_word' id='word_1_121' title='bbox 1274 2397 1665 2462; x_wconf 87' lang='lat' dir='ltr'>voluntatem</span> <span class='ocrx_word' id='word_1_122' title='bbox 1696 2447 1715 2476; x_wconf 89' lang='lat'>,</span> 
     </span>
     <span class='ocr_line' id='line_1_20' title="bbox 172 2499 1718 2585; baseline 0.006 -24"><span class='ocrx_word' id='word_1_123' title='bbox 172 2499 529 2563; x_wconf 90' lang='lat' dir='ltr'>secundum</span> <span class='ocrx_word' id='word_1_124' title='bbox 576 2501 787 2583; x_wconf 91' lang='lat' dir='ltr'>legem</span> <span class='ocrx_word' id='word_1_125' title='bbox 842 2507 1047 2585; x_wconf 86' lang='lat' dir='ltr'>potest</span> <span class='ocrx_word' id='word_1_126' title='bbox 1093 2521 1160 2567; x_wconf 91' lang='lat' dir='ltr'>se</span> <span class='ocrx_word' id='word_1_127' title='bbox 1202 2504 1407 2568; x_wconf 85' lang='lat' dir='ltr'>facere</span> <span class='ocrx_word' id='word_1_128' title='bbox 1459 2523 1718 2569; x_wconf 87' lang='lat' dir='ltr'>servum</span> 
     </span>
     <span class='ocr_line' id='line_1_21' title="bbox 172 2607 1716 2688; baseline 0.006 -21"><span class='ocrx_word' id='word_1_129' title='bbox 172 2607 659 2688; x_wconf 87' lang='lat' dir='ltr'>sempiternum,</span> <span class='ocrx_word' id='word_1_130' title='bbox 691 2609 861 2673; x_wconf 91' lang='lat' dir='ltr'>sicut</span> <span class='ocrx_word' id='word_1_131' title='bbox 881 2610 1112 2674; x_wconf 82' lang='lat' dir='ltr'>dicitur</span> <span class='ocrx_word' id='word_1_132' title='bbox 1137 2609 1205 2673; x_wconf 91' lang='lat' dir='ltr'>in</span> <span class='ocrx_word' id='word_1_133' title='bbox 1230 2608 1467 2677; x_wconf 72' lang='lat' dir='ltr'>E&#39;oeodo</span> <span class='ocrx_word' id='word_1_134' title='bbox 1496 2616 1519 2651; x_wconf 85' lang='lat'>⁸</span> <span class='ocrx_word' id='word_1_135' title='bbox 1554 2633 1568 2675; x_wconf 74' lang='grc' dir='ltr'><strong>ε</strong></span> <span class='ocrx_word' id='word_1_136' title='bbox 1605 2612 1716 2686; x_wconf 84' lang='lat' dir='ltr'>sed</span> 
     </span>
     <span class='ocr_line' id='line_1_22' title="bbox 175 2709 1718 2798; baseline 0.008 -26"><span class='ocrx_word' id='word_1_137' title='bbox 175 2709 501 2777; x_wconf 83' lang='lat' dir='ltr'>daemones</span> <span class='ocrx_word' id='word_1_138' title='bbox 512 2713 729 2779; x_wconf 82' lang='lat' dir='ltr'>liberae</span> <span class='ocrx_word' id='word_1_139' title='bbox 745 2716 1065 2798; x_wconf 87' lang='lat' dir='ltr'>potestatis</span> <span class='ocrx_word' id='word_1_140' title='bbox 1077 2716 1417 2781; x_wconf 82' lang='lat' dir='ltr'>existentes</span> <span class='ocrx_word' id='word_1_141' title='bbox 1431 2715 1718 2784; x_wconf 81' lang='lat' dir='ltr'>Lucifero</span> 
     </span>
     <span class='ocr_line' id='line_1_23' title="bbox 174 2821 1719 2909; baseline 0.005 -27"><span class='ocrx_word' id='word_1_142' title='bbox 174 2837 242 2883; x_wconf 89' lang='lat' dir='ltr'>se</span> <span class='ocrx_word' id='word_1_143' title='bbox 270 2821 630 2887; x_wconf 78' lang='lat' dir='ltr'>voluntarie</span> <span class='ocrx_word' id='word_1_144' title='bbox 656 2824 1099 2908; x_wconf 88' lang='lat' dir='ltr'>subjecerunt,</span> <span class='ocrx_word' id='word_1_145' title='bbox 1138 2825 1296 2890; x_wconf 91' lang='lat' dir='ltr'>dum</span> <span class='ocrx_word' id='word_1_146' title='bbox 1323 2827 1464 2908; x_wconf 87' lang='lat' dir='ltr'>ejus</span> <span class='ocrx_word' id='word_1_147' title='bbox 1489 2844 1719 2909; x_wconf 90' lang='lat' dir='ltr'>super-</span> 
     </span>
     <span class='ocr_line' id='line_1_24' title="bbox 176 2927 1579 3015; baseline 0.006 -25"><span class='ocrx_word' id='word_1_148' title='bbox 176 2927 302 2991; x_wconf 85' lang='lat' dir='ltr'>biae</span> <span class='ocrx_word' id='word_1_149' title='bbox 325 2941 782 2995; x_wconf 87' lang='lat' dir='ltr'>consenserunt</span> <span class='ocrx_word' id='word_1_150' title='bbox 808 2949 825 2993; x_wconf 89' lang='lat'><strong>:</strong></span> <span class='ocrx_word' id='word_1_151' title='bbox 850 2950 1009 3015; x_wconf 91' lang='lat' dir='ltr'>ergo</span> <span class='ocrx_word' id='word_1_152' title='bbox 1037 2934 1180 2997; x_wconf 83' lang='lat' dir='ltr'>sacti</span> <span class='ocrx_word' id='word_1_153' title='bbox 1208 2937 1360 2998; x_wconf 88' lang='lat' dir='ltr'>sunt</span> <span class='ocrx_word' id='word_1_154' title='bbox 1385 2934 1579 3008; x_wconf 76' lang='lat' dir='ltr'>servi,</span> 
     </span>
    </p>

    <p class='ocr_par' dir='ltr' id='par_1_7' title="bbox 168 3032 1720 3744">
     <span class='ocr_line' id='line_1_25' title="bbox 260 3032 1719 3124; baseline 0.005 -26"><span class='ocrx_word' id='word_1_155' title='bbox 260 3032 384 3099; x_wconf 90' lang='lat' dir='ltr'>Sed</span> <span class='ocrx_word' id='word_1_156' title='bbox 410 3042 632 3101; x_wconf 89' lang='lat' dir='ltr'>contra</span> <span class='ocrx_word' id='word_1_157' title='bbox 663 3060 679 3101; x_wconf 74' lang='grc' dir='ltr'>ε</span> <span class='ocrx_word' id='word_1_158' title='bbox 717 3043 775 3101; x_wconf 79' lang='lat'>1.</span> <span class='ocrx_word' id='word_1_159' title='bbox 808 3037 988 3117; x_wconf 86' lang='lat' dir='ltr'>Quod</span> <span class='ocrx_word' id='word_1_160' title='bbox 1028 3039 1117 3103; x_wconf 92' lang='lat' dir='ltr'>ibi</span> <span class='ocrx_word' id='word_1_161' title='bbox 1148 3058 1278 3104; x_wconf 91' lang='lat' dir='ltr'>non</span> <span class='ocrx_word' id='word_1_162' title='bbox 1317 3040 1400 3104; x_wconf 91' lang='lat' dir='ltr'>sit</span> <span class='ocrx_word' id='word_1_163' title='bbox 1433 3040 1719 3124; x_wconf 84' lang='lat' dir='ltr'>praelatio</span> 
     </span>
     <span class='ocr_line' id='line_1_26' title="bbox 178 3141 1717 3231; baseline 0.006 -26"><span class='ocrx_word' id='word_1_164' title='bbox 178 3141 259 3206; x_wconf 92' lang='lat' dir='ltr'>de</span> <span class='ocrx_word' id='word_1_165' title='bbox 267 3141 454 3223; x_wconf 82' lang='lat' dir='ltr'>facto,</span> <span class='ocrx_word' id='word_1_166' title='bbox 475 3145 732 3210; x_wconf 88' lang='lat' dir='ltr'>videtur</span> <span class='ocrx_word' id='word_1_167' title='bbox 750 3152 801 3213; x_wconf 71' lang='lat'>⁴:</span> <span class='ocrx_word' id='word_1_168' title='bbox 820 3148 993 3214; x_wconf 80' lang='lat' dir='ltr'>Inter</span> <span class='ocrx_word' id='word_1_169' title='bbox 1009 3148 1310 3231; x_wconf 77' lang='lat' dir='ltr'>superbos</span> <span class='ocrx_word' id='word_1_170' title='bbox 1326 3148 1717 3231; x_wconf 73' lang='lat' dir='ltr'>semperjm-</span> 
     </span>
     <span class='ocr_line' id='line_1_27' title="bbox 172 3251 1717 3337; baseline 0.004 -22"><span class='ocrx_word' id='word_1_171' title='bbox 172 3251 289 3333; x_wconf 70' lang='lat' dir='ltr'>qia</span> <span class='ocrx_word' id='word_1_172' title='bbox 323 3258 503 3331; x_wconf 76' lang='lat' dir='ltr'>sunt,</span> <span class='ocrx_word' id='word_1_173' title='bbox 544 3252 709 3316; x_wconf 90' lang='lat' dir='ltr'>sicut</span> <span class='ocrx_word' id='word_1_174' title='bbox 748 3254 984 3318; x_wconf 87' lang='lat' dir='ltr'>dicitur</span> <span class='ocrx_word' id='word_1_175' title='bbox 1009 3255 1080 3319; x_wconf 90' lang='lat' dir='ltr'>in</span> <span class='ocrx_word' id='word_1_176' title='bbox 1120 3255 1507 3323; x_wconf 77' lang='lat' dir='ltr'>Proverbiis.</span> <span class='ocrx_word' id='word_1_177' title='bbox 1545 3254 1717 3337; x_wconf 91' lang='lat' dir='ltr'>Ergo</span> 
     </span>
     <span class='ocr_line' id='line_1_28' title="bbox 171 3360 1720 3446; baseline 0.003 -24"><span class='ocrx_word' id='word_1_178' title='bbox 171 3377 327 3422; x_wconf 91' lang='lat' dir='ltr'>cum</span> <span class='ocrx_word' id='word_1_179' title='bbox 353 3360 470 3442; x_wconf 89' lang='lat' dir='ltr'>ipsi</span> <span class='ocrx_word' id='word_1_180' title='bbox 493 3360 620 3424; x_wconf 89' lang='lat' dir='ltr'>sint</span> <span class='ocrx_word' id='word_1_181' title='bbox 642 3361 823 3426; x_wconf 89' lang='lat' dir='ltr'>valde</span> <span class='ocrx_word' id='word_1_182' title='bbox 846 3362 1129 3444; x_wconf 82' lang='lat' dir='ltr'>superbi,</span> <span class='ocrx_word' id='word_1_183' title='bbox 1150 3363 1406 3428; x_wconf 84' lang='lat' dir='ltr'>videtur</span> <span class='ocrx_word' id='word_1_184' title='bbox 1428 3364 1597 3446; x_wconf 91' lang='lat' dir='ltr'>quod</span> <span class='ocrx_word' id='word_1_185' title='bbox 1625 3381 1720 3427; x_wconf 90' lang='lat' dir='ltr'>re-</span> 
     </span>
     <span class='ocr_line' id='line_1_29' title="bbox 169 3465 1716 3550; baseline 0.003 -21"><span class='ocrx_word' id='word_1_186' title='bbox 169 3465 435 3547; x_wconf 79' lang='lat' dir='ltr'>fugiant</span> <span class='ocrx_word' id='word_1_187' title='bbox 457 3485 648 3532; x_wconf 90' lang='lat' dir='ltr'>omne</span> <span class='ocrx_word' id='word_1_188' title='bbox 677 3467 1033 3532; x_wconf 91' lang='lat' dir='ltr'>dominium</span> <span class='ocrx_word' id='word_1_189' title='bbox 1071 3490 1086 3532; x_wconf 74' lang='grc' dir='ltr'><strong><em>ε</em></strong></span> <span class='ocrx_word' id='word_1_190' title='bbox 1120 3487 1279 3550; x_wconf 89' lang='lat' dir='ltr'>ergo</span> <span class='ocrx_word' id='word_1_191' title='bbox 1316 3472 1431 3534; x_wconf 90' lang='lat' dir='ltr'>aut</span> <span class='ocrx_word' id='word_1_192' title='bbox 1466 3488 1597 3534; x_wconf 90' lang='lat' dir='ltr'>non</span> <span class='ocrx_word' id='word_1_193' title='bbox 1626 3474 1716 3535; x_wconf 90' lang='lat' dir='ltr'>est</span> 
     </span>
     <span class='ocr_line' id='line_1_30' title="bbox 168 3564 1718 3656; baseline 0.005 -21"><span class='ocrx_word' id='word_1_194' title='bbox 168 3572 264 3636; x_wconf 90' lang='lat' dir='ltr'>ibi</span> <span class='ocrx_word' id='word_1_195' title='bbox 301 3572 594 3656; x_wconf 62' lang='lat' dir='ltr'>praelatio</span> <span class='ocrx_word' id='word_1_196' title='bbox 607 3623 626 3655; x_wconf 92' lang='lat'>,</span> <span class='ocrx_word' id='word_1_197' title='bbox 664 3579 778 3640; x_wconf 87' lang='lat' dir='ltr'>aut</span> <span class='ocrx_word' id='word_1_198' title='bbox 812 3576 867 3639; x_wconf 89' lang='lat' dir='ltr'>si</span> <span class='ocrx_word' id='word_1_199' title='bbox 918 3581 1041 3656; x_wconf 86' lang='lat' dir='ltr'>est,</span> <span class='ocrx_word' id='word_1_200' title='bbox 1087 3576 1330 3641; x_wconf 89' lang='lat' dir='ltr'>nullius</span> <span class='ocrx_word' id='word_1_201' title='bbox 1365 3564 1718 3643; x_wconf 75' lang='lat' dir='ltr'>stabilitatis</span> 
     </span>
     <span class='ocr_line' id='line_1_31' title="bbox 168 3684 287 3744; baseline -0.008 0"><span class='ocrx_word' id='word_1_202' title='bbox 168 3684 287 3744; x_wconf 85' lang='lat' dir='ltr'>est.</span> 
     </span>
    </p>

    <p class='ocr_par' dir='ltr' id='par_1_8' title="bbox 162 3786 1718 5367">
     <span class='ocr_line' id='line_1_32' title="bbox 249 3786 1718 3872; baseline 0.005 -22"><span class='ocrx_word' id='word_1_203' title='bbox 249 3791 313 3851; x_wconf 71' lang='lat'>2.</span> <span class='ocrx_word' id='word_1_204' title='bbox 349 3786 545 3863; x_wconf 83' lang='lat' dir='ltr'>Item,</span> <span class='ocrx_word' id='word_1_205' title='bbox 586 3786 637 3851; x_wconf 91' lang='lat' dir='ltr'>si</span> <span class='ocrx_word' id='word_1_206' title='bbox 673 3801 768 3853; x_wconf 84' lang='lat' dir='ltr'>est</span> <span class='ocrx_word' id='word_1_207' title='bbox 792 3788 919 3865; x_wconf 88' lang='lat' dir='ltr'>ibi,</span> <span class='ocrx_word' id='word_1_208' title='bbox 960 3793 1073 3853; x_wconf 86' lang='lat' dir='ltr'>aut</span> <span class='ocrx_word' id='word_1_209' title='bbox 1103 3808 1261 3872; x_wconf 89' lang='lat' dir='ltr'>ergo</span> <span class='ocrx_word' id='word_1_210' title='bbox 1300 3794 1566 3871; x_wconf 87' lang='lat' dir='ltr'>natura,</span> <span class='ocrx_word' id='word_1_211' title='bbox 1604 3797 1718 3857; x_wconf 88' lang='lat' dir='ltr'>aut</span> 
     </span>
     <span class='ocr_line' id='line_1_33' title="bbox 164 3894 1717 3974; baseline 0.003 -15"><span class='ocrx_word' id='word_1_212' title='bbox 164 3894 494 3974; x_wconf 80' lang='lat' dir='ltr'>violentia,</span> <span class='ocrx_word' id='word_1_213' title='bbox 524 3899 638 3959; x_wconf 90' lang='lat' dir='ltr'>aut</span> <span class='ocrx_word' id='word_1_214' title='bbox 673 3895 975 3959; x_wconf 83' lang='lat' dir='ltr'>electione</span> <span class='ocrx_word' id='word_1_215' title='bbox 1005 3895 1353 3961; x_wconf 85' lang='lat' dir='ltr'>voluntatis</span> <span class='ocrx_word' id='word_1_216' title='bbox 1384 3917 1400 3962; x_wconf 73' lang='grc' dir='ltr'><strong><em>ε</em></strong></span> <span class='ocrx_word' id='word_1_217' title='bbox 1436 3917 1569 3963; x_wconf 90' lang='lat' dir='ltr'>non</span> <span class='ocrx_word' id='word_1_218' title='bbox 1596 3917 1717 3963; x_wconf 87' lang='lat' dir='ltr'>na-</span> 
     </span>
     <span class='ocr_line' id='line_1_34' title="bbox 163 4002 1715 4087; baseline 0.003 -21"><span class='ocrx_word' id='word_1_219' title='bbox 163 4007 337 4075; x_wconf 81' lang='lat' dir='ltr'>tura,</span> <span class='ocrx_word' id='word_1_220' title='bbox 374 4002 527 4083; x_wconf 89' lang='lat' dir='ltr'>quia</span> <span class='ocrx_word' id='word_1_221' title='bbox 552 4006 783 4067; x_wconf 89' lang='lat' dir='ltr'>natura</span> <span class='ocrx_word' id='word_1_222' title='bbox 799 4049 817 4079; x_wconf 88' lang='lat'><strong>‚</strong></span> <span class='ocrx_word' id='word_1_223' title='bbox 848 4003 1041 4066; x_wconf 89' lang='lat' dir='ltr'>etiam</span> <span class='ocrx_word' id='word_1_224' title='bbox 1077 4007 1220 4085; x_wconf 86' lang='lat' dir='ltr'>post</span> <span class='ocrx_word' id='word_1_225' title='bbox 1249 4005 1509 4087; x_wconf 91' lang='lat' dir='ltr'>culpam</span> <span class='ocrx_word' id='word_1_226' title='bbox 1553 4006 1715 4070; x_wconf 88' lang='lat' dir='ltr'>etin</span> 
     </span>
     <span class='ocr_line' id='line_1_35' title="bbox 162 4110 1716 4195; baseline 0.002 -22"><span class='ocrx_word' id='word_1_227' title='bbox 162 4110 373 4193; x_wconf 79' lang='lat' dir='ltr'>pcenis</span> <span class='ocrx_word' id='word_1_228' title='bbox 393 4158 411 4189; x_wconf 94' lang='lat'>,</span> <span class='ocrx_word' id='word_1_229' title='bbox 441 4110 663 4174; x_wconf 89' lang='lat' dir='ltr'>eadem</span> <span class='ocrx_word' id='word_1_230' title='bbox 696 4110 976 4174; x_wconf 87' lang='lat' dir='ltr'>manebit</span> <span class='ocrx_word' id='word_1_231' title='bbox 1007 4129 1024 4174; x_wconf 71' lang='grc' dir='ltr'><em>τ</em></span> <span class='ocrx_word' id='word_1_232' title='bbox 1062 4111 1170 4175; x_wconf 90' lang='lat' dir='ltr'>sed</span> <span class='ocrx_word' id='word_1_233' title='bbox 1199 4116 1415 4175; x_wconf 90' lang='lat' dir='ltr'>tamen</span> <span class='ocrx_word' id='word_1_234' title='bbox 1442 4117 1584 4195; x_wconf 88' lang='lat' dir='ltr'>post</span> <span class='ocrx_word' id='word_1_235' title='bbox 1607 4115 1716 4195; x_wconf 75' lang='lat' dir='ltr'>iu-</span> 
     </span>
     <span class='ocr_line' id='line_1_36' title="bbox 163 4216 1711 4301; baseline 0.005 -22"><span class='ocrx_word' id='word_1_236' title='bbox 163 4216 413 4280; x_wconf 91' lang='lat' dir='ltr'>dicium</span> <span class='ocrx_word' id='word_1_237' title='bbox 440 4217 706 4281; x_wconf 85' lang='lat' dir='ltr'>cessabit</span> <span class='ocrx_word' id='word_1_238' title='bbox 732 4218 943 4283; x_wconf 90' lang='lat' dir='ltr'>omnis</span> <span class='ocrx_word' id='word_1_239' title='bbox 969 4219 1274 4301; x_wconf 77' lang='lat' dir='ltr'>praelatiO,</span> <span class='ocrx_word' id='word_1_240' title='bbox 1307 4224 1380 4284; x_wconf 87' lang='lat' dir='ltr'>ut</span> <span class='ocrx_word' id='word_1_241' title='bbox 1405 4220 1555 4284; x_wconf 85' lang='lat' dir='ltr'>dicit</span> <span class='ocrx_word' id='word_1_242' title='bbox 1578 4219 1711 4286; x_wconf 86' lang='lat' dir='ltr'>Ma-</span> 
     </span>
     <span class='ocr_line' id='line_1_37' title="bbox 164 4321 1711 4411; baseline 0.003 -24"><span class='ocrx_word' id='word_1_243' title='bbox 164 4323 393 4405; x_wconf 82' lang='lat' dir='ltr'>gister.</span> <span class='ocrx_word' id='word_1_244' title='bbox 428 4321 495 4388; x_wconf 92' lang='lat' dir='ltr'>Si</span> <span class='ocrx_word' id='word_1_245' title='bbox 523 4323 826 4389; x_wconf 86' lang='lat' dir='ltr'>violentia</span> <span class='ocrx_word' id='word_1_246' title='bbox 849 4372 868 4404; x_wconf 92' lang='lat'>,</span> <span class='ocrx_word' id='word_1_247' title='bbox 890 4342 1050 4406; x_wconf 89' lang='lat' dir='ltr'>ergo</span> <span class='ocrx_word' id='word_1_248' title='bbox 1079 4325 1378 4408; x_wconf 79' lang='lat' dir='ltr'>quilibet,</span> <span class='ocrx_word' id='word_1_249' title='bbox 1406 4327 1461 4390; x_wconf 90' lang='lat' dir='ltr'>si</span> <span class='ocrx_word' id='word_1_250' title='bbox 1486 4331 1711 4411; x_wconf 84' lang='lat' dir='ltr'>potest,</span> 
     </span>
     <span class='ocr_line' id='line_1_38' title="bbox 165 4428 1713 4511; baseline 0.005 -20"><span class='ocrx_word' id='word_1_251' title='bbox 165 4428 481 4511; x_wconf 83' lang='lat' dir='ltr'>subjugat</span> <span class='ocrx_word' id='word_1_252' title='bbox 523 4429 645 4494; x_wconf 89' lang='lat' dir='ltr'>sibi</span> <span class='ocrx_word' id='word_1_253' title='bbox 678 4430 879 4495; x_wconf 87' lang='lat' dir='ltr'>alium</span> <span class='ocrx_word' id='word_1_254' title='bbox 913 4452 929 4496; x_wconf 73' lang='grc' dir='ltr'>ι</span> <span class='ocrx_word' id='word_1_255' title='bbox 968 4431 1078 4497; x_wconf 87' lang='lat' dir='ltr'>sed</span> <span class='ocrx_word' id='word_1_256' title='bbox 1118 4432 1240 4496; x_wconf 92' lang='lat' dir='ltr'>hoc</span> <span class='ocrx_word' id='word_1_257' title='bbox 1274 4450 1409 4497; x_wconf 88' lang='lat' dir='ltr'>non</span> <span class='ocrx_word' id='word_1_258' title='bbox 1456 4438 1551 4498; x_wconf 62' lang='lat' dir='ltr'>est</span> <span class='ocrx_word' id='word_1_259' title='bbox 1576 4433 1713 4498; x_wconf 87' lang='lat' dir='ltr'>sine</span> 
     </span>
     <span class='ocr_line' id='line_1_39' title="bbox 165 4535 1714 4623; baseline 0.003 -22"><span class='ocrx_word' id='word_1_260' title='bbox 165 4535 448 4618; x_wconf 90' lang='lat' dir='ltr'>quadam</span> <span class='ocrx_word' id='word_1_261' title='bbox 474 4536 910 4602; x_wconf 85' lang='lat' dir='ltr'>colluctatione</span> <span class='ocrx_word' id='word_1_262' title='bbox 935 4542 999 4602; x_wconf 88' lang='lat' dir='ltr'>et</span> <span class='ocrx_word' id='word_1_263' title='bbox 1030 4557 1259 4622; x_wconf 87' lang='lat' dir='ltr'>pugna</span> <span class='ocrx_word' id='word_1_264' title='bbox 1295 4561 1309 4604; x_wconf 90' lang='lat'>:</span> <span class='ocrx_word' id='word_1_265' title='bbox 1341 4557 1500 4623; x_wconf 89' lang='lat' dir='ltr'>ergo</span> <span class='ocrx_word' id='word_1_266' title='bbox 1537 4540 1714 4606; x_wconf 86' lang='lat' dir='ltr'>vide-</span> 
     </span>
     <span class='ocr_line' id='line_1_40' title="bbox 165 4643 1716 4726; baseline 0.003 -19"><span class='ocrx_word' id='word_1_267' title='bbox 165 4647 277 4707; x_wconf 88' lang='lat' dir='ltr'>tur</span> <span class='ocrx_word' id='word_1_268' title='bbox 309 4643 485 4726; x_wconf 87' lang='lat' dir='ltr'>quod</span> <span class='ocrx_word' id='word_1_269' title='bbox 513 4644 813 4709; x_wconf 85' lang='lat' dir='ltr'>continue</span> <span class='ocrx_word' id='word_1_270' title='bbox 839 4644 923 4709; x_wconf 86' lang='lat' dir='ltr'>sit</span> <span class='ocrx_word' id='word_1_271' title='bbox 945 4646 1111 4710; x_wconf 89' lang='lat' dir='ltr'>inter</span> <span class='ocrx_word' id='word_1_272' title='bbox 1134 4645 1457 4711; x_wconf 81' lang='lat' dir='ltr'>daemones</span> <span class='ocrx_word' id='word_1_273' title='bbox 1481 4648 1623 4713; x_wconf 87' lang='lat' dir='ltr'>rixa</span> <span class='ocrx_word' id='word_1_274' title='bbox 1651 4651 1716 4712; x_wconf 88' lang='lat' dir='ltr'>et</span> 
     </span>
     <span class='ocr_line' id='line_1_41' title="bbox 167 4748 1714 4836; baseline 0.004 -23"><span class='ocrx_word' id='word_1_275' title='bbox 167 4748 484 4813; x_wconf 86' lang='lat' dir='ltr'>discordia</span> <span class='ocrx_word' id='word_1_276' title='bbox 516 4770 532 4813; x_wconf 73' lang='grc' dir='ltr'>ε</span> <span class='ocrx_word' id='word_1_277' title='bbox 572 4751 744 4833; x_wconf 87' lang='lat' dir='ltr'>quod</span> <span class='ocrx_word' id='word_1_278' title='bbox 778 4752 1105 4817; x_wconf 84' lang='lat' dir='ltr'>manifeste</span> <span class='ocrx_word' id='word_1_279' title='bbox 1143 4752 1377 4817; x_wconf 85' lang='lat' dir='ltr'>falsum</span> <span class='ocrx_word' id='word_1_280' title='bbox 1404 4757 1499 4818; x_wconf 87' lang='lat' dir='ltr'>est</span> <span class='ocrx_word' id='word_1_281' title='bbox 1518 4802 1537 4833; x_wconf 92' lang='lat'>,</span> <span class='ocrx_word' id='word_1_282' title='bbox 1563 4753 1714 4836; x_wconf 88' lang='lat' dir='ltr'>quia</span> 
     </span>
     <span class='ocr_line' id='line_1_42' title="bbox 168 4856 1714 4943; baseline 0.005 -25"><span class='ocrx_word' id='word_1_283' title='bbox 168 4856 336 4919; x_wconf 89' lang='lat' dir='ltr'>miro</span> <span class='ocrx_word' id='word_1_284' title='bbox 361 4856 552 4920; x_wconf 90' lang='lat' dir='ltr'>modo</span> <span class='ocrx_word' id='word_1_285' title='bbox 578 4858 918 4922; x_wconf 89' lang='lat' dir='ltr'>concordes</span> <span class='ocrx_word' id='word_1_286' title='bbox 944 4858 1196 4924; x_wconf 85' lang='lat' dir='ltr'>suntad</span> <span class='ocrx_word' id='word_1_287' title='bbox 1216 4861 1714 4943; x_wconf 88' lang='lat' dir='ltr'>pervertendum</span> 
     </span>
     <span class='ocr_line' id='line_1_43' title="bbox 165 4960 1711 5045; baseline 0.005 -20"><span class='ocrx_word' id='word_1_288' title='bbox 165 4960 466 5026; x_wconf 87' lang='lat' dir='ltr'>homines</span> <span class='ocrx_word' id='word_1_289' title='bbox 496 4984 513 5026; x_wconf 76' lang='grc' dir='ltr'>ι</span> <span class='ocrx_word' id='word_1_290' title='bbox 544 4964 715 5045; x_wconf 91' lang='lat' dir='ltr'>quod</span> <span class='ocrx_word' id='word_1_291' title='bbox 741 4982 875 5029; x_wconf 90' lang='lat' dir='ltr'>non</span> <span class='ocrx_word' id='word_1_292' title='bbox 906 4969 1097 5044; x_wconf 88' lang='lat' dir='ltr'>esset,</span> <span class='ocrx_word' id='word_1_293' title='bbox 1139 4965 1193 5029; x_wconf 92' lang='lat' dir='ltr'>si</span> <span class='ocrx_word' id='word_1_294' title='bbox 1219 4966 1385 5031; x_wconf 88' lang='lat' dir='ltr'>inter</span> <span class='ocrx_word' id='word_1_295' title='bbox 1427 4986 1495 5032; x_wconf 89' lang='lat' dir='ltr'>se</span> <span class='ocrx_word' id='word_1_296' title='bbox 1517 4968 1711 5032; x_wconf 88' lang='lat' dir='ltr'>bella·</span> 
     </span>
     <span class='ocr_line' id='line_1_44' title="bbox 166 5067 1714 5151; baseline 0.005 -18"><span class='ocrx_word' id='word_1_297' title='bbox 166 5073 337 5133; x_wconf 83' lang='lat' dir='ltr'>rent.</span> <span class='ocrx_word' id='word_1_298' title='bbox 381 5067 593 5151; x_wconf 81' lang='lat' dir='ltr'>igitur</span> <span class='ocrx_word' id='word_1_299' title='bbox 624 5088 757 5133; x_wconf 90' lang='lat' dir='ltr'>non</span> <span class='ocrx_word' id='word_1_300' title='bbox 796 5074 891 5135; x_wconf 63' lang='lat' dir='ltr'>est</span> <span class='ocrx_word' id='word_1_301' title='bbox 924 5071 1050 5136; x_wconf 89' lang='lat' dir='ltr'>nisi</span> <span class='ocrx_word' id='word_1_302' title='bbox 1084 5072 1387 5138; x_wconf 89' lang='lat' dir='ltr'>electione</span> <span class='ocrx_word' id='word_1_303' title='bbox 1413 5075 1714 5141; x_wconf 83' lang='lat' dir='ltr'>volunta-</span> 
     </span>
     <span class='ocr_line' id='line_1_45' title="bbox 166 5174 1709 5265; baseline 0.006 -26"><span class='ocrx_word' id='word_1_304' title='bbox 166 5176 251 5241; x_wconf 82' lang='lat' dir='ltr'>tis</span> <span class='ocrx_word' id='word_1_305' title='bbox 281 5196 298 5240; x_wconf 72' lang='grc' dir='ltr'><strong>ε</strong></span> <span class='ocrx_word' id='word_1_306' title='bbox 339 5176 452 5240; x_wconf 84' lang='lat' dir='ltr'>sed</span> <span class='ocrx_word' id='word_1_307' title='bbox 489 5174 614 5241; x_wconf 90' lang='lat' dir='ltr'>boc</span> <span class='ocrx_word' id='word_1_308' title='bbox 639 5181 733 5241; x_wconf 85' lang='lat' dir='ltr'>est</span> <span class='ocrx_word' id='word_1_309' title='bbox 756 5178 1020 5260; x_wconf 77' lang='lat' dir='ltr'>falsum,</span> <span class='ocrx_word' id='word_1_310' title='bbox 1050 5181 1203 5263; x_wconf 89' lang='lat' dir='ltr'>quia</span> <span class='ocrx_word' id='word_1_311' title='bbox 1236 5182 1496 5265; x_wconf 89' lang='lat' dir='ltr'>superbi</span> <span class='ocrx_word' id='word_1_312' title='bbox 1522 5188 1709 5250; x_wconf 87' lang='lat' dir='ltr'>sunt:</span> 
     </span>
     <span class='ocr_line' id='line_1_46' title="bbox 168 5284 551 5367; baseline -0.003 -19"><span class='ocrx_word' id='word_1_313' title='bbox 168 5284 400 5367; x_wconf 86' lang='lat' dir='ltr'>igitur,</span> <span class='ocrx_word' id='word_1_314' title='bbox 426 5287 551 5349; x_wconf 83' lang='lat' dir='ltr'>etc.</span> 
     </span>
    </p>

    <p class='ocr_par' dir='ltr' id='par_1_9' title="bbox 254 5390 1711 5481">
     <span class='ocr_line' id='line_1_47' title="bbox 254 5390 1711 5481; baseline 0.007 -26"><span class='ocrx_word' id='word_1_315' title='bbox 254 5395 315 5456; x_wconf 87' lang='grc'>3.</span> <span class='ocrx_word' id='word_1_316' title='bbox 345 5390 505 5455; x_wconf 83' lang='lat' dir='ltr'>Item</span> <span class='ocrx_word' id='word_1_317' title='bbox 539 5390 799 5456; x_wconf 84' lang='lat' dir='ltr'>videtur</span> <span class='ocrx_word' id='word_1_318' title='bbox 823 5391 992 5476; x_wconf 89' lang='lat' dir='ltr'>quod</span> <span class='ocrx_word' id='word_1_319' title='bbox 1018 5411 1147 5458; x_wconf 90' lang='lat' dir='ltr'>non</span> <span class='ocrx_word' id='word_1_320' title='bbox 1175 5394 1257 5459; x_wconf 88' lang='lat' dir='ltr'>sit</span> <span class='ocrx_word' id='word_1_321' title='bbox 1281 5395 1373 5460; x_wconf 90' lang='lat' dir='ltr'>ibi</span> <span class='ocrx_word' id='word_1_322' title='bbox 1409 5398 1662 5481; x_wconf 81' lang='lat' dir='ltr'>dejure</span> <span class='ocrx_word' id='word_1_323' title='bbox 1695 5423 1711 5465; x_wconf 73' lang='grc' dir='ltr'><strong>ε</strong></span> 
     </span>
    </p>

    <p class='ocr_par' dir='ltr' id='par_1_10' title="bbox 238 5516 1711 5593">
     <span class='ocr_line' id='line_1_48' title="bbox 238 5516 1711 5593; baseline 0.007 -25"><span class='ocrx_word' id='word_1_324' title='bbox 238 5521 256 5555; x_wconf 89' lang='lat'><strong>¹</strong></span> <span class='ocrx_word' id='word_1_325' title='bbox 306 5516 519 5581; x_wconf 64' lang='lat' dir='ltr'>naith„</span> <span class='ocrx_word' id='word_1_326' title='bbox 550 5527 674 5583; x_wconf 65' lang='grc' dir='ltr'>ΧΠ,</span> <span class='ocrx_word' id='word_1_327' title='bbox 729 5519 814 5568; x_wconf 77' lang='lat'>41.</span> <span class='ocrx_word' id='word_1_328' title='bbox 861 5543 925 5555; x_wconf 88' lang='lat'>—</span> <span class='ocrx_word' id='word_1_329' title='bbox 961 5518 984 5553; x_wconf 84' lang='lat'><strong>¹</strong></span> <span class='ocrx_word' id='word_1_330' title='bbox 1016 5520 1275 5586; x_wconf 66' lang='lat' dir='ltr'>Ambros„</span> <span class='ocrx_word' id='word_1_331' title='bbox 1325 5521 1387 5573; x_wconf 81' lang='lat' dir='ltr'>de</span> <span class='ocrx_word' id='word_1_332' title='bbox 1430 5523 1711 5593; x_wconf 72' lang='lat' dir='ltr'>Abraham,</span> 
     </span>
    </p>
   </div>
   <div class='ocr_carea' id='block_1_4' title="bbox 3246 557 3362 619">
    <p class='ocr_par' dir='ltr' id='par_1_11' title="bbox 3246 557 3362 619">
     <span class='ocr_line' id='line_1_49' title="bbox 3246 557 3362 619; baseline -0.009 0"><span class='ocrx_word' id='word_1_333' title='bbox 3246 557 3362 619; x_wconf 84' lang='lat'>387</span> 
     </span>
    </p>
   </div>
   <div class='ocr_carea' id='block_1_5' title="bbox 1820 679 3436 2702">
    <p class='ocr_par' dir='ltr' id='par_1_12' title="bbox 1829 679 3436 1401">
     <span class='ocr_line' id='line_1_50' title="bbox 1830 679 3368 753; baseline 0.007 -11"><span class='ocrx_word' id='word_1_334' title='bbox 1830 679 1887 742; x_wconf 87' lang='lat' dir='ltr'>si</span> <span class='ocrx_word' id='word_1_335' title='bbox 1940 679 2114 744; x_wconf 90' lang='lat' dir='ltr'>enim</span> <span class='ocrx_word' id='word_1_336' title='bbox 2164 680 2438 746; x_wconf 85' lang='lat' dir='ltr'>servitus</span> <span class='ocrx_word' id='word_1_337' title='bbox 2492 684 2558 745; x_wconf 91' lang='lat' dir='ltr'>et</span> <span class='ocrx_word' id='word_1_338' title='bbox 2603 681 2964 749; x_wconf 89' lang='lat' dir='ltr'>dominium</span> <span class='ocrx_word' id='word_1_339' title='bbox 3010 683 3368 753; x_wconf 86' lang='lat' dir='ltr'>introducta</span> 
     </span>
     <span class='ocr_line' id='line_1_51' title="bbox 1830 785 3436 872; baseline 0.007 -29"><span class='ocrx_word' id='word_1_340' title='bbox 1830 785 1981 845; x_wconf 90' lang='lat' dir='ltr'>sunt</span> <span class='ocrx_word' id='word_1_341' title='bbox 2007 786 2267 865; x_wconf 89' lang='lat' dir='ltr'>propter</span> <span class='ocrx_word' id='word_1_342' title='bbox 2287 788 2636 866; x_wconf 82' lang='lat' dir='ltr'>peccatum,</span> <span class='ocrx_word' id='word_1_343' title='bbox 2665 785 2753 849; x_wconf 87' lang='lat' dir='ltr'>ita</span> <span class='ocrx_word' id='word_1_344' title='bbox 2779 787 2951 869; x_wconf 91' lang='lat' dir='ltr'>quod</span> <span class='ocrx_word' id='word_1_345' title='bbox 2973 788 3245 854; x_wconf 82' lang='lat' dir='ltr'>servitus</span> <span class='ocrx_word' id='word_1_346' title='bbox 3272 795 3369 855; x_wconf 89' lang='lat' dir='ltr'>est</span> <span class='ocrx_word' id='word_1_347' title='bbox 3429 867 3436 872; x_wconf 40' lang='grc'>,</span> 
     </span>
     <span class='ocr_line' id='line_1_52' title="bbox 1829 890 3369 973; baseline 0.008 -23"><span class='ocrx_word' id='word_1_348' title='bbox 1829 905 2020 969; x_wconf 85' lang='lat' dir='ltr'>poena</span> <span class='ocrx_word' id='word_1_349' title='bbox 2045 890 2282 971; x_wconf 88' lang='lat' dir='ltr'>peccati</span> <span class='ocrx_word' id='word_1_350' title='bbox 2303 939 2321 969; x_wconf 94' lang='lat'>,</span> <span class='ocrx_word' id='word_1_351' title='bbox 2354 909 2512 972; x_wconf 90' lang='lat' dir='ltr'>ergo</span> <span class='ocrx_word' id='word_1_352' title='bbox 2549 892 2757 973; x_wconf 90' lang='lat' dir='ltr'>magis</span> <span class='ocrx_word' id='word_1_353' title='bbox 2781 894 3035 959; x_wconf 87' lang='lat' dir='ltr'>deberet</span> <span class='ocrx_word' id='word_1_354' title='bbox 3063 897 3369 963; x_wconf 83' lang='lat' dir='ltr'>servitute</span> 
     </span>
     <span class='ocr_line' id='line_1_53' title="bbox 1830 994 3369 1081; baseline 0.007 -23"><span class='ocrx_word' id='word_1_355' title='bbox 1830 994 2130 1076; x_wconf 86' lang='lat' dir='ltr'>deprimi,</span> <span class='ocrx_word' id='word_1_356' title='bbox 2176 998 2287 1080; x_wconf 88' lang='lat' dir='ltr'>qui</span> <span class='ocrx_word' id='word_1_357' title='bbox 2333 997 2542 1079; x_wconf 87' lang='lat' dir='ltr'>magis</span> <span class='ocrx_word' id='word_1_358' title='bbox 2577 1001 2861 1081; x_wconf 88' lang='lat' dir='ltr'>peccavit</span> <span class='ocrx_word' id='word_1_359' title='bbox 2903 1023 2918 1065; x_wconf 76' lang='lat' dir='ltr'><em>z</em></span> <span class='ocrx_word' id='word_1_360' title='bbox 2964 1002 3074 1067; x_wconf 88' lang='lat' dir='ltr'>sed</span> <span class='ocrx_word' id='word_1_361' title='bbox 3118 1002 3369 1070; x_wconf 88' lang='lat' dir='ltr'>Lucifer</span> 
     </span>
     <span class='ocr_line' id='line_1_54' title="bbox 1830 1102 3367 1186; baseline 0.008 -22"><span class='ocrx_word' id='word_1_362' title='bbox 1830 1102 2039 1183; x_wconf 88' lang='lat' dir='ltr'>magis</span> <span class='ocrx_word' id='word_1_363' title='bbox 2068 1104 2369 1186; x_wconf 86' lang='lat' dir='ltr'>peccavit,</span> <span class='ocrx_word' id='word_1_364' title='bbox 2422 1121 2580 1186; x_wconf 91' lang='lat' dir='ltr'>ergo</span> <span class='ocrx_word' id='word_1_365' title='bbox 2608 1106 2906 1171; x_wconf 89' lang='lat' dir='ltr'>omnibus</span> <span class='ocrx_word' id='word_1_366' title='bbox 2938 1107 3191 1174; x_wconf 88' lang='lat' dir='ltr'>deberet</span> <span class='ocrx_word' id='word_1_367' title='bbox 3232 1129 3367 1176; x_wconf 89' lang='lat' dir='ltr'>esse</span> 
     </span>
     <span class='ocr_line' id='line_1_55' title="bbox 1830 1208 3370 1300; baseline 0.005 -28"><span class='ocrx_word' id='word_1_368' title='bbox 1830 1208 2154 1291; x_wconf 85' lang='lat' dir='ltr'>subjectus</span> <span class='ocrx_word' id='word_1_369' title='bbox 2196 1232 2211 1274; x_wconf 76' lang='lat' dir='ltr'>t</span> <span class='ocrx_word' id='word_1_370' title='bbox 2257 1211 2363 1275; x_wconf 92' lang='lat' dir='ltr'>sed</span> <span class='ocrx_word' id='word_1_371' title='bbox 2408 1211 2587 1276; x_wconf 87' lang='lat' dir='ltr'>nulla</span> <span class='ocrx_word' id='word_1_372' title='bbox 2628 1217 2723 1276; x_wconf 91' lang='lat' dir='ltr'>est</span> <span class='ocrx_word' id='word_1_373' title='bbox 2761 1213 3085 1295; x_wconf 76' lang='lat' dir='ltr'>praelatio,</span> <span class='ocrx_word' id='word_1_374' title='bbox 3133 1217 3202 1280; x_wconf 91' lang='lat' dir='ltr'>in</span> <span class='ocrx_word' id='word_1_375' title='bbox 3238 1235 3370 1300; x_wconf 89' lang='lat' dir='ltr'>qua</span> 
     </span>
     <span class='ocr_line' id='line_1_56' title="bbox 1829 1318 3003 1401; baseline 0.004 -21"><span class='ocrx_word' id='word_1_376' title='bbox 1829 1335 2000 1381; x_wconf 89' lang='lat' dir='ltr'>unus</span> <span class='ocrx_word' id='word_1_377' title='bbox 2020 1318 2358 1401; x_wconf 86' lang='lat' dir='ltr'>subjicitur</span> <span class='ocrx_word' id='word_1_378' title='bbox 2381 1319 2638 1383; x_wconf 88' lang='lat' dir='ltr'>multis:</span> <span class='ocrx_word' id='word_1_379' title='bbox 2670 1338 2850 1401; x_wconf 92' lang='lat' dir='ltr'>ergo,</span> <span class='ocrx_word' id='word_1_380' title='bbox 2885 1325 3003 1385; x_wconf 90' lang='lat' dir='ltr'>etc.</span> 
     </span>
    </p>

    <p class='ocr_par' dir='ltr' id='par_1_13' title="bbox 1820 1424 3370 2702">
     <span class='ocr_line' id='line_1_57' title="bbox 1909 1424 3368 1502; baseline 0.003 -14"><span class='ocrx_word' id='word_1_381' title='bbox 1909 1429 1971 1490; x_wconf 77' lang='lat'>4.</span> <span class='ocrx_word' id='word_1_382' title='bbox 2000 1424 2181 1502; x_wconf 90' lang='lat' dir='ltr'>Item,</span> <span class='ocrx_word' id='word_1_383' title='bbox 2203 1426 2350 1491; x_wconf 91' lang='lat' dir='ltr'>licet</span> <span class='ocrx_word' id='word_1_384' title='bbox 2372 1426 2569 1491; x_wconf 83' lang='lat' dir='ltr'>homo</span> <span class='ocrx_word' id='word_1_385' title='bbox 2599 1429 2895 1491; x_wconf 87' lang='lat' dir='ltr'>teneatur</span> <span class='ocrx_word' id='word_1_386' title='bbox 2919 1428 3200 1492; x_wconf 89' lang='lat' dir='ltr'>hominis</span> <span class='ocrx_word' id='word_1_387' title='bbox 3234 1429 3368 1493; x_wconf 86' lang='lat' dir='ltr'>im·-</span> 
     </span>
     <span class='ocr_line' id='line_1_58' title="bbox 1830 1531 3369 1616; baseline 0.005 -21"><span class='ocrx_word' id='word_1_388' title='bbox 1830 1531 2009 1613; x_wconf 88' lang='lat' dir='ltr'>perio</span> <span class='ocrx_word' id='word_1_389' title='bbox 2035 1532 2312 1610; x_wconf 90' lang='lat' dir='ltr'>obedire,</span> <span class='ocrx_word' id='word_1_390' title='bbox 2343 1533 2448 1597; x_wconf 89' lang='lat' dir='ltr'>cui</span> <span class='ocrx_word' id='word_1_391' title='bbox 2466 1534 2605 1616; x_wconf 86' lang='lat' dir='ltr'>subj</span> <span class='ocrx_word' id='word_1_392' title='bbox 2614 1539 2853 1615; x_wconf 88' lang='lat' dir='ltr'>ugatus</span> <span class='ocrx_word' id='word_1_393' title='bbox 2873 1538 3049 1600; x_wconf 89' lang='lat' dir='ltr'>estet</span> <span class='ocrx_word' id='word_1_394' title='bbox 3077 1536 3369 1602; x_wconf 86' lang='lat' dir='ltr'>subditus</span> 
     </span>
     <span class='ocr_line' id='line_1_59' title="bbox 1830 1638 3368 1723; baseline 0.007 -22"><span class='ocrx_word' id='word_1_395' title='bbox 1830 1638 2053 1715; x_wconf 78' lang='lat' dir='ltr'>factuS,</span> <span class='ocrx_word' id='word_1_396' title='bbox 2074 1640 2238 1704; x_wconf 89' lang='lat' dir='ltr'>sicut</span> <span class='ocrx_word' id='word_1_397' title='bbox 2255 1640 2404 1704; x_wconf 88' lang='lat' dir='ltr'>dicit</span> <span class='ocrx_word' id='word_1_398' title='bbox 2432 1639 2757 1723; x_wconf 88' lang='lat' dir='ltr'>Scriptura</span> <span class='ocrx_word' id='word_1_399' title='bbox 2772 1640 2795 1676; x_wconf 84' lang='lat'>⁸</span> <span class='ocrx_word' id='word_1_400' title='bbox 2829 1663 2845 1706; x_wconf 73' lang='grc' dir='ltr'>ε</span> <span class='ocrx_word' id='word_1_401' title='bbox 2883 1641 3068 1709; x_wconf 80' lang='lat' dir='ltr'>Servi</span> <span class='ocrx_word' id='word_1_402' title='bbox 3079 1692 3099 1723; x_wconf 90' lang='lat'><strong>‚</strong></span> <span class='ocrx_word' id='word_1_403' title='bbox 3129 1643 3368 1712; x_wconf 76' lang='lat' dir='ltr'>obedite</span> 
     </span>
     <span class='ocr_line' id='line_1_60' title="bbox 1824 1747 3366 1837; baseline 0.003 -25"><span class='ocrx_word' id='word_1_404' title='bbox 1824 1761 1944 1827; x_wconf 78' lang='lat' dir='ltr'>per</span> <span class='ocrx_word' id='word_1_405' title='bbox 1971 1747 2191 1837; x_wconf 79' lang='lat' dir='ltr'>omnia</span> <span class='ocrx_word' id='word_1_406' title='bbox 2218 1747 2544 1818; x_wconf 74' lang='lat' dir='ltr'>dominis:</span> <span class='ocrx_word' id='word_1_407' title='bbox 2572 1752 2810 1829; x_wconf 87' lang='lat' dir='ltr'>tamen,</span> <span class='ocrx_word' id='word_1_408' title='bbox 2839 1750 3098 1832; x_wconf 85' lang='lat' dir='ltr'>quando</span> <span class='ocrx_word' id='word_1_409' title='bbox 3128 1751 3366 1834; x_wconf 82' lang='lat' dir='ltr'>praeci-</span> 
     </span>
     <span class='ocr_line' id='line_1_61' title="bbox 1829 1854 3370 1939; baseline 0.005 -21"><span class='ocrx_word' id='word_1_410' title='bbox 1829 1854 1923 1937; x_wconf 87' lang='lat' dir='ltr'>pit</span> <span class='ocrx_word' id='word_1_411' title='bbox 1943 1860 2163 1919; x_wconf 88' lang='lat' dir='ltr'>contra</span> <span class='ocrx_word' id='word_1_412' title='bbox 2185 1855 2407 1936; x_wconf 91' lang='lat' dir='ltr'>Deum,</span> <span class='ocrx_word' id='word_1_413' title='bbox 2438 1875 2569 1921; x_wconf 91' lang='lat' dir='ltr'>non</span> <span class='ocrx_word' id='word_1_414' title='bbox 2595 1860 2869 1937; x_wconf 86' lang='lat' dir='ltr'>tenetur,</span> <span class='ocrx_word' id='word_1_415' title='bbox 2903 1875 3020 1922; x_wconf 88' lang='lat' dir='ltr'>nec</span> <span class='ocrx_word' id='word_1_416' title='bbox 3045 1858 3269 1939; x_wconf 84' lang='lat' dir='ltr'>debet3</span> <span class='ocrx_word' id='word_1_417' title='bbox 3305 1864 3370 1925; x_wconf 88' lang='lat' dir='ltr'>et</span> 
     </span>
     <span class='ocr_line' id='line_1_62' title="bbox 1829 1961 3367 2046; baseline 0.004 -22"><span class='ocrx_word' id='word_1_418' title='bbox 1829 1961 1885 2024; x_wconf 91' lang='lat' dir='ltr'>si</span> <span class='ocrx_word' id='word_1_419' title='bbox 1935 1979 2186 2045; x_wconf 87' lang='lat' dir='ltr'>semper</span> <span class='ocrx_word' id='word_1_420' title='bbox 2231 1963 2604 2046; x_wconf 62' lang='lat' dir='ltr'>praeciperet</span> <span class='ocrx_word' id='word_1_421' title='bbox 2649 1967 2871 2029; x_wconf 87' lang='lat' dir='ltr'>contra</span> <span class='ocrx_word' id='word_1_422' title='bbox 2907 1964 3110 2029; x_wconf 91' lang='lat' dir='ltr'>Deum</span> <span class='ocrx_word' id='word_1_423' title='bbox 3126 2013 3146 2044; x_wconf 91' lang='lat'>,</span> <span class='ocrx_word' id='word_1_424' title='bbox 3193 1984 3367 2031; x_wconf 91' lang='lat' dir='ltr'>nun-</span> 
     </span>
     <span class='ocr_line' id='line_1_63' title="bbox 1829 2068 3368 2154; baseline 0.005 -23"><span class='ocrx_word' id='word_1_425' title='bbox 1829 2086 2028 2150; x_wconf 84' lang='lat' dir='ltr'>quam</span> <span class='ocrx_word' id='word_1_426' title='bbox 2055 2068 2314 2133; x_wconf 83' lang='lat' dir='ltr'>deberet</span> <span class='ocrx_word' id='word_1_427' title='bbox 2357 2069 2604 2153; x_wconf 87' lang='lat' dir='ltr'>subjici,</span> <span class='ocrx_word' id='word_1_428' title='bbox 2637 2069 2741 2135; x_wconf 85' lang='lat' dir='ltr'>vel</span> <span class='ocrx_word' id='word_1_429' title='bbox 2768 2070 3025 2136; x_wconf 87' lang='lat' dir='ltr'>obedire</span> <span class='ocrx_word' id='word_1_430' title='bbox 3063 2090 3079 2135; x_wconf 76' lang='lat' dir='ltr'><strong><em>z</em></strong></span> <span class='ocrx_word' id='word_1_431' title='bbox 3127 2089 3287 2154; x_wconf 88' lang='lat' dir='ltr'>ergo</span> <span class='ocrx_word' id='word_1_432' title='bbox 3312 2074 3368 2138; x_wconf 85' lang='lat' dir='ltr'>si</span> 
     </span>
     <span class='ocr_line' id='line_1_64' title="bbox 1828 2175 3370 2259; baseline 0.003 -22"><span class='ocrx_word' id='word_1_433' title='bbox 1828 2192 2165 2258; x_wconf 88' lang='lat' dir='ltr'>nunquam</span> <span class='ocrx_word' id='word_1_434' title='bbox 2177 2179 2384 2258; x_wconf 88' lang='lat' dir='ltr'>posset</span> <span class='ocrx_word' id='word_1_435' title='bbox 2399 2175 2638 2258; x_wconf 85' lang='lat' dir='ltr'>aliquid</span> <span class='ocrx_word' id='word_1_436' title='bbox 2650 2176 2995 2259; x_wconf 62' lang='lat' dir='ltr'>praecipere</span> <span class='ocrx_word' id='word_1_437' title='bbox 3009 2176 3131 2239; x_wconf 90' lang='lat' dir='ltr'>uisi</span> <span class='ocrx_word' id='word_1_438' title='bbox 3148 2180 3370 2243; x_wconf 88' lang='lat' dir='ltr'>contra</span> 
     </span>
     <span class='ocr_line' id='line_1_65' title="bbox 1831 2279 3368 2365; baseline 0.003 -22"><span class='ocrx_word' id='word_1_439' title='bbox 1831 2279 2053 2358; x_wconf 89' lang='lat' dir='ltr'>Deum,</span> <span class='ocrx_word' id='word_1_440' title='bbox 2084 2281 2262 2346; x_wconf 91' lang='lat' dir='ltr'>nullo</span> <span class='ocrx_word' id='word_1_441' title='bbox 2289 2282 2479 2347; x_wconf 91' lang='lat' dir='ltr'>modo</span> <span class='ocrx_word' id='word_1_442' title='bbox 2507 2286 2735 2365; x_wconf 88' lang='lat' dir='ltr'>posset,</span> <span class='ocrx_word' id='word_1_443' title='bbox 2764 2300 2884 2347; x_wconf 89' lang='lat' dir='ltr'>nec</span> <span class='ocrx_word' id='word_1_444' title='bbox 2909 2282 3164 2347; x_wconf 86' lang='lat' dir='ltr'>deberet</span> <span class='ocrx_word' id='word_1_445' title='bbox 3188 2283 3248 2347; x_wconf 88' lang='lat' dir='ltr'>ei</span> <span class='ocrx_word' id='word_1_446' title='bbox 3289 2284 3368 2349; x_wconf 89' lang='lat' dir='ltr'>de</span> 
     </span>
     <span class='ocr_line' id='line_1_66' title="bbox 1820 2387 3368 2470; baseline 0.001 -19"><span class='ocrx_word' id='word_1_447' title='bbox 1820 2388 1969 2469; x_wconf 88' lang='lat' dir='ltr'>jure</span> <span class='ocrx_word' id='word_1_448' title='bbox 1996 2388 2255 2454; x_wconf 78' lang='lat' dir='ltr'>subesse</span> <span class='ocrx_word' id='word_1_449' title='bbox 2288 2411 2302 2454; x_wconf 90' lang='lat'>:</span> <span class='ocrx_word' id='word_1_450' title='bbox 2331 2388 2387 2452; x_wconf 90' lang='lat' dir='ltr'>si</span> <span class='ocrx_word' id='word_1_451' title='bbox 2423 2407 2580 2470; x_wconf 89' lang='lat' dir='ltr'>ergo</span> <span class='ocrx_word' id='word_1_452' title='bbox 2606 2388 2894 2454; x_wconf 87' lang='lat' dir='ltr'>diabolus</span> <span class='ocrx_word' id='word_1_453' title='bbox 2919 2391 3139 2453; x_wconf 90' lang='lat' dir='ltr'>contra</span> <span class='ocrx_word' id='word_1_454' title='bbox 3163 2387 3368 2453; x_wconf 89' lang='lat' dir='ltr'>Deum</span> 
     </span>
     <span class='ocr_line' id='line_1_67' title="bbox 1827 2494 3368 2579; baseline 0.001 -20"><span class='ocrx_word' id='word_1_455' title='bbox 1827 2496 2115 2579; x_wconf 62' lang='lat' dir='ltr'>praecipit</span> <span class='ocrx_word' id='word_1_456' title='bbox 2138 2496 2207 2558; x_wconf 90' lang='lat' dir='ltr'>in</span> <span class='ocrx_word' id='word_1_457' title='bbox 2232 2496 2412 2559; x_wconf 91' lang='lat' dir='ltr'>omni</span> <span class='ocrx_word' id='word_1_458' title='bbox 2433 2513 2510 2560; x_wconf 89' lang='lat' dir='ltr'>eo</span> <span class='ocrx_word' id='word_1_459' title='bbox 2527 2494 2700 2578; x_wconf 87' lang='lat' dir='ltr'>quod</span> <span class='ocrx_word' id='word_1_460' title='bbox 2720 2494 3000 2573; x_wconf 83' lang='lat' dir='ltr'>mandat,</span> <span class='ocrx_word' id='word_1_461' title='bbox 3023 2513 3142 2560; x_wconf 89' lang='lat' dir='ltr'>nec</span> <span class='ocrx_word' id='word_1_462' title='bbox 3187 2494 3368 2560; x_wconf 90' lang='lat' dir='ltr'>aliter</span> 
     </span>
     <span class='ocr_line' id='line_1_68' title="bbox 1827 2604 2807 2702; baseline 0.001 -34"><span class='ocrx_word' id='word_1_463' title='bbox 1827 2608 2031 2686; x_wconf 83' lang='lat' dir='ltr'>potest</span> <span class='ocrx_word' id='word_1_464' title='bbox 2055 2604 2421 2702; x_wconf 63' lang='lat' dir='ltr'>praecipere,</span> <span class='ocrx_word' id='word_1_465' title='bbox 2472 2608 2665 2688; x_wconf 84' lang='lat' dir='ltr'>patet,</span> <span class='ocrx_word' id='word_1_466' title='bbox 2686 2608 2807 2669; x_wconf 87' lang='lat' dir='ltr'>etc.</span> 
     </span>
    </p>
   </div>
   <div class='ocr_carea' id='block_1_6' title="bbox 2333 2859 2855 2927">
    <p class='ocr_par' dir='ltr' id='par_1_14' title="bbox 2333 2859 2855 2927">
     <span class='ocr_line' id='line_1_69' title="bbox 2333 2859 2855 2927; baseline 0.002 -1"><span class='ocrx_word' id='word_1_467' title='bbox 2333 2859 2855 2927; x_wconf 83' lang='lat' dir='ltr'>CONCLUSIO.</span> 
     </span>
    </p>
   </div>
   <div class='ocr_carea' id='block_1_7' title="bbox 1825 3014 3367 3267">
    <p class='ocr_par' dir='ltr' id='par_1_15' title="bbox 1825 3014 3367 3267">
     <span class='ocr_line' id='line_1_70' title="bbox 1825 3014 3367 3089; baseline 0.005 -19"><span class='ocrx_word' id='word_1_468' title='bbox 1825 3015 1973 3070; x_wconf 66' lang='lat' dir='ltr'>Inter</span> <span class='ocrx_word' id='word_1_469' title='bbox 1997 3014 2213 3084; x_wconf 75' lang='lat' dir='ltr'>anqelos</span> <span class='ocrx_word' id='word_1_470' title='bbox 2239 3014 2409 3071; x_wconf 83' lang='lat' dir='ltr'>malos</span> <span class='ocrx_word' id='word_1_471' title='bbox 2436 3019 2512 3072; x_wconf 73' lang='lat' dir='ltr'>cst</span> <span class='ocrx_word' id='word_1_472' title='bbox 2531 3016 2813 3088; x_wconf 76' lang='lat' dir='ltr'>proelatiO,</span> <span class='ocrx_word' id='word_1_473' title='bbox 2831 3016 2975 3089; x_wconf 74' lang='lat' dir='ltr'>quod</span> <span class='ocrx_word' id='word_1_474' title='bbox 3000 3017 3159 3076; x_wconf 78' lang='lat' dir='ltr'>bonos</span> <span class='ocrx_word' id='word_1_475' title='bbox 3179 3034 3367 3076; x_wconf 78' lang='lat' dir='ltr'>conen-</span> 
     </span>
     <span class='ocr_line' id='line_1_71' title="bbox 1901 3105 3362 3183; baseline 0.005 -23"><span class='ocrx_word' id='word_1_476' title='bbox 1901 3107 2008 3171; x_wconf 79' lang='lat' dir='ltr'>tur,</span> <span class='ocrx_word' id='word_1_477' title='bbox 2040 3120 2351 3176; x_wconf 75' lang='lat' dir='ltr'>quanquam</span> <span class='ocrx_word' id='word_1_478' title='bbox 2375 3105 2520 3173; x_wconf 77' lang='lat' dir='ltr'>salso</span> <span class='ocrx_word' id='word_1_479' title='bbox 2548 3111 2599 3163; x_wconf 80' lang='lat' dir='ltr'>et</span> <span class='ocrx_word' id='word_1_480' title='bbox 2622 3107 2964 3179; x_wconf 78' lang='lat' dir='ltr'>imperfecte,</span> <span class='ocrx_word' id='word_1_481' title='bbox 2990 3109 3240 3183; x_wconf 75' lang='lat' dir='ltr'>imitari,</span> <span class='ocrx_word' id='word_1_482' title='bbox 3265 3110 3362 3167; x_wconf 78' lang='lat' dir='ltr'>ho-</span> 
     </span>
     <span class='ocr_line' id='line_1_72' title="bbox 1896 3196 2532 3267; baseline 0.003 -17"><span class='ocrx_word' id='word_1_483' title='bbox 1896 3196 2169 3265; x_wconf 78' lang='lat' dir='ltr'>minesque</span> <span class='ocrx_word' id='word_1_484' title='bbox 2193 3197 2532 3267; x_wconf 75' lang='lat' dir='ltr'>impuqnent.</span> 
     </span>
    </p>
   </div>
   <div class='ocr_carea' id='block_1_8' title="bbox 1820 3352 3370 5372">
    <p class='ocr_par' dir='ltr' id='par_1_16' title="bbox 1820 3352 3370 5372">
     <span class='ocr_line' id='line_1_73' title="bbox 1909 3352 3365 3440; baseline 0.006 -23"><span class='ocrx_word' id='word_1_485' title='bbox 1909 3352 2086 3437; x_wconf 84' lang='lat' dir='ltr'>Resp.</span> <span class='ocrx_word' id='word_1_486' title='bbox 2123 3354 2205 3419; x_wconf 89' lang='lat' dir='ltr'>ad</span> <span class='ocrx_word' id='word_1_487' title='bbox 2230 3354 2390 3436; x_wconf 89' lang='lat' dir='ltr'>Arg.</span> <span class='ocrx_word' id='word_1_488' title='bbox 2415 3354 2768 3421; x_wconf 89' lang='lat' dir='ltr'>Dicendum</span> <span class='ocrx_word' id='word_1_489' title='bbox 2793 3358 2988 3440; x_wconf 86' lang='lat' dir='ltr'>quod,</span> <span class='ocrx_word' id='word_1_490' title='bbox 3017 3359 3184 3425; x_wconf 89' lang='lat' dir='ltr'>sicut</span> <span class='ocrx_word' id='word_1_491' title='bbox 3209 3360 3365 3427; x_wconf 84' lang='lat' dir='ltr'>dicit</span> 
     </span>
     <span class='ocr_line' id='line_1_74' title="bbox 1826 3457 3366 3545; baseline 0.008 -22"><span class='ocrx_word' id='word_1_492' title='bbox 1826 3457 2126 3541; x_wconf 82' lang='lat' dir='ltr'>Magister</span> <span class='ocrx_word' id='word_1_493' title='bbox 2151 3459 2222 3524; x_wconf 91' lang='lat' dir='ltr'>in</span> <span class='ocrx_word' id='word_1_494' title='bbox 2246 3460 2474 3541; x_wconf 82' lang='lat' dir='ltr'>littera,</span> <span class='ocrx_word' id='word_1_495' title='bbox 2506 3462 2910 3545; x_wconf 68' lang='lat' dir='ltr'>praelatiooet</span> <span class='ocrx_word' id='word_1_496' title='bbox 2933 3465 3099 3531; x_wconf 87' lang='lat' dir='ltr'>inter</span> <span class='ocrx_word' id='word_1_497' title='bbox 3124 3467 3366 3535; x_wconf 80' lang='lat' dir='ltr'>daemo-</span> 
     </span>
     <span class='ocr_line' id='line_1_75' title="bbox 1826 3566 3366 3653; baseline 0.007 -24"><span class='ocrx_word' id='word_1_498' title='bbox 1826 3584 1939 3630; x_wconf 89' lang='lat' dir='ltr'>nes</span> <span class='ocrx_word' id='word_1_499' title='bbox 1960 3587 1977 3644; x_wconf 91' lang='lat'>;</span> <span class='ocrx_word' id='word_1_500' title='bbox 2006 3571 2070 3631; x_wconf 89' lang='lat' dir='ltr'>et</span> <span class='ocrx_word' id='word_1_501' title='bbox 2087 3566 2196 3630; x_wconf 89' lang='lat' dir='ltr'>alii</span> <span class='ocrx_word' id='word_1_502' title='bbox 2213 3567 2549 3650; x_wconf 87' lang='lat' dir='ltr'>imperant,</span> <span class='ocrx_word' id='word_1_503' title='bbox 2569 3569 2679 3633; x_wconf 90' lang='lat' dir='ltr'>alii</span> <span class='ocrx_word' id='word_1_504' title='bbox 2696 3570 3020 3653; x_wconf 90' lang='lat' dir='ltr'>obediunt,</span> <span class='ocrx_word' id='word_1_505' title='bbox 3042 3573 3205 3638; x_wconf 90' lang='lat' dir='ltr'>sicut</span> <span class='ocrx_word' id='word_1_506' title='bbox 3221 3579 3366 3640; x_wconf 85' lang='lat' dir='ltr'>tan-</span> 
     </span>
     <span class='ocr_line' id='line_1_76' title="bbox 1824 3671 3370 3754; baseline 0.005 -16"><span class='ocrx_word' id='word_1_507' title='bbox 1824 3673 1922 3753; x_wconf 83' lang='lat' dir='ltr'>git</span> <span class='ocrx_word' id='word_1_508' title='bbox 1943 3672 2116 3737; x_wconf 91' lang='lat' dir='ltr'>idem</span> <span class='ocrx_word' id='word_1_509' title='bbox 2136 3671 2436 3754; x_wconf 88' lang='lat' dir='ltr'>Magister</span> <span class='ocrx_word' id='word_1_510' title='bbox 2453 3674 2524 3738; x_wconf 92' lang='lat' dir='ltr'>in</span> <span class='ocrx_word' id='word_1_511' title='bbox 2541 3674 2772 3741; x_wconf 89' lang='lat' dir='ltr'>littera.</span> <span class='ocrx_word' id='word_1_512' title='bbox 2799 3676 2874 3742; x_wconf 88' lang='lat' dir='ltr'>Et</span> <span class='ocrx_word' id='word_1_513' title='bbox 2888 3678 3010 3743; x_wconf 91' lang='lat' dir='ltr'>hoc</span> <span class='ocrx_word' id='word_1_514' title='bbox 3025 3680 3177 3745; x_wconf 90' lang='lat' dir='ltr'>satis</span> <span class='ocrx_word' id='word_1_515' title='bbox 3195 3682 3370 3747; x_wconf 84' lang='lat' dir='ltr'>vide·</span> 
     </span>
     <span class='ocr_line' id='line_1_77' title="bbox 1823 3779 3369 3871; baseline 0.008 -29"><span class='ocrx_word' id='word_1_516' title='bbox 1823 3781 1932 3843; x_wconf 90' lang='lat' dir='ltr'>tur</span> <span class='ocrx_word' id='word_1_517' title='bbox 1949 3779 2294 3861; x_wconf 89' lang='lat' dir='ltr'>probabile,</span> <span class='ocrx_word' id='word_1_518' title='bbox 2315 3784 2457 3845; x_wconf 91' lang='lat' dir='ltr'>tum</span> <span class='ocrx_word' id='word_1_519' title='bbox 2472 3782 2627 3864; x_wconf 86' lang='lat' dir='ltr'>quia</span> <span class='ocrx_word' id='word_1_520' title='bbox 2645 3783 2763 3846; x_wconf 88' lang='lat' dir='ltr'>filii</span> <span class='ocrx_word' id='word_1_521' title='bbox 2781 3786 3189 3852; x_wconf 88' lang='lat' dir='ltr'>tenebrarum</span> <span class='ocrx_word' id='word_1_522' title='bbox 3207 3807 3369 3871; x_wconf 85' lang='lat' dir='ltr'>quo-</span> 
     </span>
     <span class='ocr_line' id='line_1_78' title="bbox 1824 3885 3369 3967; baseline 0.008 -18"><span class='ocrx_word' id='word_1_523' title='bbox 1824 3885 2164 3951; x_wconf 90' lang='lat' dir='ltr'>dammodo</span> <span class='ocrx_word' id='word_1_524' title='bbox 2190 3887 2427 3951; x_wconf 87' lang='lat' dir='ltr'>imitari</span> <span class='ocrx_word' id='word_1_525' title='bbox 2452 3895 2786 3967; x_wconf 87' lang='lat' dir='ltr'>conantur,</span> <span class='ocrx_word' id='word_1_526' title='bbox 2817 3891 2961 3957; x_wconf 87' lang='lat' dir='ltr'>licet</span> <span class='ocrx_word' id='word_1_527' title='bbox 2985 3893 3142 3959; x_wconf 83' lang='lat' dir='ltr'>falso</span> <span class='ocrx_word' id='word_1_528' title='bbox 3164 3900 3227 3960; x_wconf 89' lang='lat' dir='ltr'>et</span> <span class='ocrx_word' id='word_1_529' title='bbox 3253 3896 3369 3960; x_wconf 90' lang='lat' dir='ltr'>im-</span> 
     </span>
     <span class='ocr_line' id='line_1_79' title="bbox 1827 3994 3368 4075; baseline 0.008 -19"><span class='ocrx_word' id='word_1_530' title='bbox 1827 3994 2119 4075; x_wconf 80' lang='lat' dir='ltr'>perfecte,</span> <span class='ocrx_word' id='word_1_531' title='bbox 2169 3995 2332 4059; x_wconf 85' lang='lat' dir='ltr'>fllios</span> <span class='ocrx_word' id='word_1_532' title='bbox 2373 3995 2532 4060; x_wconf 91' lang='lat' dir='ltr'>lucis</span> <span class='ocrx_word' id='word_1_533' title='bbox 2561 4015 2579 4060; x_wconf 91' lang='lat'>:</span> <span class='ocrx_word' id='word_1_534' title='bbox 2611 3997 2783 4062; x_wconf 88' lang='lat' dir='ltr'>unde</span> <span class='ocrx_word' id='word_1_535' title='bbox 2809 3997 2974 4064; x_wconf 89' lang='lat' dir='ltr'>sicut</span> <span class='ocrx_word' id='word_1_536' title='bbox 3003 4000 3224 4067; x_wconf 84' lang='lat' dir='ltr'>vident</span> <span class='ocrx_word' id='word_1_537' title='bbox 3248 4021 3368 4067; x_wconf 90' lang='lat' dir='ltr'>an-</span> 
     </span>
     <span class='ocr_line' id='line_1_80' title="bbox 1821 4099 3365 4188; baseline 0.007 -25"><span class='ocrx_word' id='word_1_538' title='bbox 1821 4099 2002 4180; x_wconf 88' lang='lat' dir='ltr'>gelos</span> <span class='ocrx_word' id='word_1_539' title='bbox 2027 4101 2314 4166; x_wconf 86' lang='lat' dir='ltr'>ordinate</span> <span class='ocrx_word' id='word_1_540' title='bbox 2349 4101 2557 4165; x_wconf 83' lang='lat' dir='ltr'>officia</span> <span class='ocrx_word' id='word_1_541' title='bbox 2592 4121 2711 4168; x_wconf 85' lang='lat' dir='ltr'>sua</span> <span class='ocrx_word' id='word_1_542' title='bbox 2738 4105 2974 4188; x_wconf 83' lang='lat' dir='ltr'>exequi</span> <span class='ocrx_word' id='word_1_543' title='bbox 3012 4108 3365 4174; x_wconf 88' lang='lat' dir='ltr'>secundum</span> 
     </span>
     <span class='ocr_line' id='line_1_81' title="bbox 1820 4208 3366 4293; baseline 0.005 -22"><span class='ocrx_word' id='word_1_544' title='bbox 1820 4208 2093 4291; x_wconf 90' lang='lat' dir='ltr'>imperia</span> <span class='ocrx_word' id='word_1_545' title='bbox 2118 4209 2578 4291; x_wconf 87' lang='lat' dir='ltr'>sapientiorum</span> <span class='ocrx_word' id='word_1_546' title='bbox 2604 4214 2669 4273; x_wconf 94' lang='lat' dir='ltr'>et</span> <span class='ocrx_word' id='word_1_547' title='bbox 2695 4212 3049 4293; x_wconf 85' lang='lat' dir='ltr'>majorum,</span> <span class='ocrx_word' id='word_1_548' title='bbox 3078 4213 3366 4279; x_wconf 88' lang='lat' dir='ltr'>similiter</span> 
     </span>
     <span class='ocr_line' id='line_1_82' title="bbox 1821 4316 3366 4402; baseline 0.004 -23"><span class='ocrx_word' id='word_1_549' title='bbox 1821 4317 1943 4399; x_wconf 85' lang='lat' dir='ltr'>ipsi</span> <span class='ocrx_word' id='word_1_550' title='bbox 1988 4317 2233 4380; x_wconf 86' lang='lat' dir='ltr'>faciunt</span> <span class='ocrx_word' id='word_1_551' title='bbox 2261 4316 2569 4380; x_wconf 84' lang='lat' dir='ltr'>maleficia</span> <span class='ocrx_word' id='word_1_552' title='bbox 2600 4338 2615 4380; x_wconf 74' lang='grc' dir='ltr'><strong><em>ε</em></strong></span> <span class='ocrx_word' id='word_1_553' title='bbox 2647 4320 2792 4382; x_wconf 89' lang='lat' dir='ltr'>tum</span> <span class='ocrx_word' id='word_1_554' title='bbox 2832 4318 3026 4384; x_wconf 91' lang='lat' dir='ltr'>etiam</span> <span class='ocrx_word' id='word_1_555' title='bbox 3069 4320 3224 4402; x_wconf 82' lang='lat' dir='ltr'>quia</span> <span class='ocrx_word' id='word_1_556' title='bbox 3248 4321 3366 4385; x_wconf 84' lang='lat' dir='ltr'>filii</span> 
     </span>
     <span class='ocr_line' id='line_1_83' title="bbox 1822 4424 3367 4509; baseline -0.002 -21"><span class='ocrx_word' id='word_1_557' title='bbox 1822 4424 2240 4490; x_wconf 88' lang='lat' dir='ltr'>tenebrarum</span> <span class='ocrx_word' id='word_1_558' title='bbox 2273 4424 2751 4508; x_wconf 89' lang='lat' dir='ltr'>prudentissimi</span> <span class='ocrx_word' id='word_1_559' title='bbox 2794 4430 2947 4491; x_wconf 89' lang='lat' dir='ltr'>sunt</span> <span class='ocrx_word' id='word_1_560' title='bbox 2989 4427 3062 4491; x_wconf 89' lang='lat' dir='ltr'>in</span> <span class='ocrx_word' id='word_1_561' title='bbox 3092 4445 3367 4509; x_wconf 79' lang='lat' dir='ltr'>genera-.-</span> 
     </span>
     <span class='ocr_line' id='line_1_84' title="bbox 1820 4532 3366 4614; baseline 0.003 -18"><span class='ocrx_word' id='word_1_562' title='bbox 1820 4532 1994 4597; x_wconf 87' lang='lat' dir='ltr'>tione</span> <span class='ocrx_word' id='word_1_563' title='bbox 2037 4551 2160 4597; x_wconf 87' lang='lat' dir='ltr'>sua</span> <span class='ocrx_word' id='word_1_564' title='bbox 2212 4553 2229 4597; x_wconf 72' lang='grc' dir='ltr'>ε</span> <span class='ocrx_word' id='word_1_565' title='bbox 2275 4536 2339 4596; x_wconf 90' lang='lat' dir='ltr'>et</span> <span class='ocrx_word' id='word_1_566' title='bbox 2380 4532 2533 4614; x_wconf 85' lang='lat' dir='ltr'>quia</span> <span class='ocrx_word' id='word_1_567' title='bbox 2573 4532 2814 4598; x_wconf 87' lang='lat' dir='ltr'>habent</span> <span class='ocrx_word' id='word_1_568' title='bbox 2856 4534 3366 4602; x_wconf 90' lang='lat' dir='ltr'>colluctationem</span> 
     </span>
     <span class='ocr_line' id='line_1_85' title="bbox 1820 4639 3365 4723; baseline 0.003 -19"><span class='ocrx_word' id='word_1_569' title='bbox 1820 4640 2131 4705; x_wconf 88' lang='lat' dir='ltr'>adversus</span> <span class='ocrx_word' id='word_1_570' title='bbox 2154 4656 2364 4722; x_wconf 88' lang='lat' dir='ltr'>genus</span> <span class='ocrx_word' id='word_1_571' title='bbox 2408 4639 2772 4705; x_wconf 90' lang='lat' dir='ltr'>humanum</span> <span class='ocrx_word' id='word_1_572' title='bbox 2790 4688 2811 4721; x_wconf 89' lang='lat'>,</span> <span class='ocrx_word' id='word_1_573' title='bbox 2843 4645 2908 4706; x_wconf 88' lang='lat' dir='ltr'>et</span> <span class='ocrx_word' id='word_1_574' title='bbox 2932 4659 3214 4723; x_wconf 89' lang='lat' dir='ltr'>regnum</span> <span class='ocrx_word' id='word_1_575' title='bbox 3249 4661 3365 4708; x_wconf 88' lang='lat' dir='ltr'>eo·-</span> 
     </span>
     <span class='ocr_line' id='line_1_86' title="bbox 1821 4746 3365 4832; baseline 0.003 -20"><span class='ocrx_word' id='word_1_576' title='bbox 1821 4766 1971 4812; x_wconf 91' lang='lat' dir='ltr'>rum</span> <span class='ocrx_word' id='word_1_577' title='bbox 2003 4751 2068 4811; x_wconf 86' lang='lat' dir='ltr'>et</span> <span class='ocrx_word' id='word_1_578' title='bbox 2103 4746 2444 4825; x_wconf 83' lang='lat' dir='ltr'>exercitus,</span> <span class='ocrx_word' id='word_1_579' title='bbox 2482 4747 2536 4810; x_wconf 88' lang='lat' dir='ltr'>si</span> <span class='ocrx_word' id='word_1_580' title='bbox 2567 4750 2730 4812; x_wconf 87' lang='lat' dir='ltr'>esset</span> <span class='ocrx_word' id='word_1_581' title='bbox 2749 4748 2997 4814; x_wconf 86' lang='lat' dir='ltr'>divisus</span> <span class='ocrx_word' id='word_1_582' title='bbox 3023 4753 3087 4813; x_wconf 86' lang='lat' dir='ltr'>et</span> <span class='ocrx_word' id='word_1_583' title='bbox 3107 4749 3248 4815; x_wconf 91' lang='lat' dir='ltr'>sine</span> <span class='ocrx_word' id='word_1_584' title='bbox 3265 4768 3365 4832; x_wconf 58' lang='lat' dir='ltr'>ca7</span> 
     </span>
     <span class='ocr_line' id='line_1_87' title="bbox 1821 4852 3365 4938; baseline 0.005 -20"><span class='ocrx_word' id='word_1_585' title='bbox 1821 4854 1971 4938; x_wconf 90' lang='lat' dir='ltr'>pite,</span> <span class='ocrx_word' id='word_1_586' title='bbox 2001 4872 2134 4918; x_wconf 89' lang='lat' dir='ltr'>non</span> <span class='ocrx_word' id='word_1_587' title='bbox 2177 4858 2388 4937; x_wconf 86' lang='lat' dir='ltr'>posset</span> <span class='ocrx_word' id='word_1_588' title='bbox 2412 4858 2618 4933; x_wconf 87' lang='lat' dir='ltr'>stare;</span> <span class='ocrx_word' id='word_1_589' title='bbox 2659 4852 2824 4931; x_wconf 90' lang='lat' dir='ltr'>ideo,</span> <span class='ocrx_word' id='word_1_590' title='bbox 2865 4855 3028 4920; x_wconf 89' lang='lat' dir='ltr'>sicut</span> <span class='ocrx_word' id='word_1_591' title='bbox 3070 4856 3365 4925; x_wconf 85' lang='lat' dir='ltr'>homines</span> 
     </span>
     <span class='ocr_line' id='line_1_88' title="bbox 1823 4960 3367 5048; baseline 0.003 -23"><span class='ocrx_word' id='word_1_592' title='bbox 1823 4961 2180 5045; x_wconf 65' lang='lat' dir='ltr'>praeliantes</span> <span class='ocrx_word' id='word_1_593' title='bbox 2202 4960 2270 5023; x_wconf 90' lang='lat' dir='ltr'>in</span> <span class='ocrx_word' id='word_1_594' title='bbox 2297 4961 2616 5041; x_wconf 86' lang='lat' dir='ltr'>exercitu,</span> <span class='ocrx_word' id='word_1_595' title='bbox 2638 4967 3213 5048; x_wconf 88' lang='lat' dir='ltr'>quantumcunque</span> <span class='ocrx_word' id='word_1_596' title='bbox 3237 4966 3367 5031; x_wconf 89' lang='lat' dir='ltr'>sint</span> 
     </span>
     <span class='ocr_line' id='line_1_89' title="bbox 1823 5069 3365 5153; baseline 0.002 -19"><span class='ocrx_word' id='word_1_597' title='bbox 1823 5069 2342 5153; x_wconf 74' lang='lat' dir='ltr'>praesumptuosi,</span> <span class='ocrx_word' id='word_1_598' title='bbox 2363 5073 2579 5133; x_wconf 89' lang='lat' dir='ltr'>tamen</span> <span class='ocrx_word' id='word_1_599' title='bbox 2609 5075 2868 5153; x_wconf 89' lang='lat' dir='ltr'>propter</span> <span class='ocrx_word' id='word_1_600' title='bbox 2890 5071 3110 5137; x_wconf 90' lang='lat' dir='ltr'>odium</span> <span class='ocrx_word' id='word_1_601' title='bbox 3137 5074 3365 5137; x_wconf 91' lang='lat' dir='ltr'>inimi-</span> 
     </span>
     <span class='ocr_line' id='line_1_90' title="bbox 1824 5175 3367 5261; baseline 0.001 -18"><span class='ocrx_word' id='word_1_602' title='bbox 1824 5195 2051 5243; x_wconf 88' lang='lat' dir='ltr'>corum</span> <span class='ocrx_word' id='word_1_603' title='bbox 2072 5176 2345 5241; x_wconf 88' lang='lat' dir='ltr'>libenter</span> <span class='ocrx_word' id='word_1_604' title='bbox 2369 5175 2702 5258; x_wconf 86' lang='lat' dir='ltr'>subjacent</span> <span class='ocrx_word' id='word_1_605' title='bbox 2724 5175 2871 5240; x_wconf 90' lang='lat' dir='ltr'>duci</span> <span class='ocrx_word' id='word_1_606' title='bbox 2895 5177 3258 5261; x_wconf 88' lang='lat' dir='ltr'>imperanti,</span> <span class='ocrx_word' id='word_1_607' title='bbox 3301 5185 3367 5244; x_wconf 89' lang='lat' dir='ltr'>et</span> 
     </span>
     <span class='ocr_line' id='line_1_91' title="bbox 1822 5283 3365 5372; baseline 0 -21"><span class='ocrx_word' id='word_1_608' title='bbox 1822 5286 2061 5351; x_wconf 87' lang='lat' dir='ltr'>babent</span> <span class='ocrx_word' id='word_1_609' title='bbox 2086 5285 2322 5350; x_wconf 88' lang='lat' dir='ltr'>multos</span> <span class='ocrx_word' id='word_1_610' title='bbox 2355 5283 2647 5368; x_wconf 88' lang='lat' dir='ltr'>proprios</span> <span class='ocrx_word' id='word_1_611' title='bbox 2663 5333 2683 5365; x_wconf 95' lang='lat'>,</span> <span class='ocrx_word' id='word_1_612' title='bbox 2710 5289 2774 5348; x_wconf 89' lang='lat' dir='ltr'>et</span> <span class='ocrx_word' id='word_1_613' title='bbox 2799 5301 3008 5350; x_wconf 89' lang='lat' dir='ltr'>unum</span> <span class='ocrx_word' id='word_1_614' title='bbox 3040 5287 3365 5372; x_wconf 88' lang='lat' dir='ltr'>principa-</span> 
     </span>
    </p>
   </div>
   <div class='ocr_carea' id='block_1_9' title="bbox 1824 5424 3365 5586">
    <p class='ocr_par' dir='ltr' id='par_1_17' title="bbox 1824 5424 3365 5586">
     <span class='ocr_line' id='line_1_92' title="bbox 1824 5424 3365 5515; baseline 0 -12"><span class='ocrx_word' id='word_1_615' title='bbox 1824 5424 2003 5515; x_wconf 46' lang='lat' dir='ltr'>libsll,</span> <span class='ocrx_word' id='word_1_616' title='bbox 2031 5465 2079 5501; x_wconf 89' lang='lat' dir='ltr'>c.</span> <span class='ocrx_word' id='word_1_617' title='bbox 2098 5461 2176 5501; x_wconf 73' lang='grc' dir='ltr'>ιιι.</span> <span class='ocrx_word' id='word_1_618' title='bbox 2203 5471 2265 5485; x_wconf 92' lang='grc'>-</span> <span class='ocrx_word' id='word_1_619' title='bbox 2291 5449 2313 5483; x_wconf 83' lang='lat'>⁸</span> <span class='ocrx_word' id='word_1_620' title='bbox 2333 5446 2516 5510; x_wconf 64' lang='lat' dir='ltr'>Exod„</span> <span class='ocrx_word' id='word_1_621' title='bbox 2536 5457 2667 5511; x_wconf 73' lang='lat' dir='ltr'>xxi,</span> <span class='ocrx_word' id='word_1_622' title='bbox 2691 5449 2742 5498; x_wconf 78' lang='lat'>6.</span> <span class='ocrx_word' id='word_1_623' title='bbox 2775 5474 2828 5483; x_wconf 94' lang='lat'>-</span> <span class='ocrx_word' id='word_1_624' title='bbox 2860 5448 2882 5484; x_wconf 70' lang='grc' dir='ltr'>δ</span> <span class='ocrx_word' id='word_1_625' title='bbox 2914 5449 3081 5513; x_wconf 67' lang='lat' dir='ltr'>prov„</span> <span class='ocrx_word' id='word_1_626' title='bbox 3115 5460 3244 5514; x_wconf 79' lang='lat'>¹111,</span> <span class='ocrx_word' id='word_1_627' title='bbox 3284 5455 3365 5503; x_wconf 81' lang='grc' dir='ltr'>ιο.</span> 
     </span>
     <span class='ocr_line' id='line_1_93' title="bbox 1824 5521 2403 5586; baseline -0.01 -12"><span class='ocrx_word' id='word_1_628' title='bbox 1824 5525 1927 5564; x_wconf 74' lang='grc' dir='ltr'>--ι</span> <span class='ocrx_word' id='word_1_629' title='bbox 1944 5521 2153 5586; x_wconf 70' lang='grc' dir='ltr'>Οοίοεε.,</span> <span class='ocrx_word' id='word_1_630' title='bbox 2175 5531 2263 5583; x_wconf 82' lang='grc' dir='ltr'>ιιι,</span> <span class='ocrx_word' id='word_1_631' title='bbox 2284 5522 2367 5571; x_wconf 74' lang='lat'>22.</span> <span class='ocrx_word' id='word_1_632' title='bbox 2388 5532 2403 5582; x_wconf 84' lang='lat'>,·</span> 
     </span>
    </p>
   </div>
  </div>
 </body>
</html>
