4125 6225
1614 456 1991 525 DISTlNcT.
2032 457 2111 521 Il.
3308 473 3426 533 273

258 590 530 679 gnitate.
563 593 755 673 Quod
782 602 998 662 autem
1028 593 1227 662 simul
1254 603 1469 662 creata
1494 594 1697 663 fuerit
1720 592 2073 685 corporalis
2099 593 2589 685 spiritualisque
2615 608 2912 668 ereatura
2930 653 2947 686 ,
2980 604 3418 691 Augustinus,

257 729 448 799 super
479 710 786 778 Genesim
817 708 910 777 ad
929 709 1224 777 litteram
1256 711 1299 795 ¹,
1333 717 1552 801 aperte
1589 709 1891 795 ostendit,
1923 708 2144 776 dicens
2165 761 2183 791 ,
2213 732 2328 800 per
2354 711 2593 818 coelum
2632 723 2695 781 et
2740 725 2979 786 terram
3017 717 3424 810 spiritualem

258 825 796 916 corporalemque
827 833 1192 892 creaturam
1221 825 1502 914 intelligi
1539 851 1553 893 ε
1587 833 1652 893 et
1677 825 1817 894 haec
1840 832 2056 894 creata
2081 834 2237 894 sunt
2263 825 2337 893 in
2367 828 2740 921 principiO,
2787 832 3028 902 scilicet
3069 836 3421 926 temporis3

258 939 366 1007 vel
394 941 467 1007 in
484 940 825 1032 princ-zpio
846 993 864 1021 ,
899 939 1058 1031 quia
1089 940 1299 1031 primo
1326 941 1493 1010 facta
1519 950 1694 1010 sunt.

347 1056 563 1125 Antea
591 1057 769 1125 enim
793 1056 962 1126 nihil
995 1057 1236 1125 factum
1264 1064 1402 1143 est,
1448 1079 1569 1125 nee
1602 1057 1800 1126 etiam
1827 1064 2085 1149 tempus
2125 1056 2369 1124 factum
2403 1066 2501 1126 est
2532 1068 2683 1129 ante
2714 1063 3156 1153 spiritualem,
3187 1067 3431 1138 seilicet
3510 1085 3631 1137 Quod

261 1172 623 1261 angelicam
652 1180 990 1258 naturam,
1022 1180 1086 1240 et
1111 1179 1262 1241 ante
1291 1173 1692 1265 corporalem
1718 1225 1734 1257 ,
1768 1172 2011 1240 scilicet
2040 1173 2377 1241 materiam
2422 1174 2606 1243 illam
2633 1186 2919 1268 quatuor
2952 1181 3426 1253 elementorum
3457 1146 3571 1251 ¹¹:3³1
3586 1145 3669 1252 ξεῖ

3456 1276 3552 1314 ante
3579 1283 3668 1313 οω-

259 1290 621 1359 confusam.
668 1290 789 1359 llla
817 1291 993 1359 enim
1031 1313 1183 1359 cum
1227 1299 1519 1382 tempore
1552 1300 1767 1359 creata
1791 1297 1978 1374 sunt,
2010 1311 2131 1357 nec
2172 1312 2250 1358 ex
2281 1298 2606 1382 tempore,
2648 1315 2766 1361 nee
2800 1294 2870 1363 in
2901 1303 3212 1387 tempore.
3245 1299 3430 1367 Sicut
3488 1333 3575 1375 hm,
3599 1337 3642 1374 ει

259 1428 379 1474 nec
406 1414 663 1497 tempus
701 1408 773 1475 in
811 1415 1101 1497 tempore
1139 1414 1428 1476 creatum
1469 1415 1602 1490 est,
1646 1407 1804 1497 quia
1839 1428 1972 1474 non
2012 1406 2143 1472 fuit
2191 1413 2448 1497 tempus
2480 1415 2833 1499 antequam
2879 1418 3044 1479 esset
3084 1413 3328 1482 coelum
3367 1423 3433 1485 et
3474 1399 3656 1450 ‘emm’

3523 1470 3603 1500 hee

259 1530 459 1590 terra.
492 1522 681 1590 Unde
708 1523 1124 1611 Augustinus
1148 1524 1218 1590 in
1245 1523 1416 1591 libro
1446 1520 1527 1590 de
1557 1522 1879 1590 Trinitate
1914 1528 1962 1606 ¹,
1992 1521 2173 1607 dicit,
2218 1520 2396 1613 quod
2426 1522 2631 1609 Deus,
2660 1547 2794 1592 non
2834 1525 2917 1616 (a)
2952 1527 3080 1595 fuit
3109 1528 3432 1600 Dominus
3502 1521 3629 1563 ‘um

3476 1585 3559 1623 tem
3593 1594 3671 1638 1183

259 1647 612 1729 antequam
659 1647 916 1730 tempus
962 1646 1168 1724 esset3
1211 1646 1275 1706 et
1315 1660 1450 1707 non
1486 1639 1556 1707 in
1596 1647 1884 1729 tempore
1924 1637 2121 1727 coepit
2158 1658 2293 1704 esse
2328 1636 2649 1706 Dominus
2676 1690 2693 1723 ,
2734 1641 2894 1731 quia
2940 1642 3068 1711 fuit
3114 1643 3433 1714 Dominus
3458 1595 3673 1760 ᾞΞΜ·

260 1755 594 1848 temporis),
624 1755 889 1847 quando
916 1755 1108 1845 coepit
1133 1776 1268 1823 esse
1298 1761 1590 1846 tempus;
1614 1775 1732 1822 nec
1752 1753 1980 1845 utique
2007 1759 2135 1820 tem
2147 1775 2266 1843 pus
2288 1753 2482 1843 coepit
2509 1775 2645 1823 esse
2674 1754 2744 1822 in
2769 1763 3085 1849 tempore,
3115 1762 3274 1852 quia
3298 1787 3433 1833 non
3510 1767 3640 1875 πίε.

261 1878 400 1939 erat
426 1878 687 1963 tempus
712 1879 1065 1962 antequam
1092 1871 1408 1962 inciperet
1438 1878 1716 1960 tempus·
3461 1844 3576 1944 ιιιῗιῖ,
3594 1894 3672 1937 sea

352 1985 566 2055 Simul
595 2008 751 2075 ergo
798 2009 950 2054 cum
990 1996 1280 2078 tempore
1314 1986 1485 2055 facta
1527 1993 1624 2054 est
1658 1983 2012 2076 corporalis
2052 1991 2118 2051 et
2152 1983 2509 2075 spiritualis
2549 1994 2847 2056 creatura
2867 2039 2886 2075 ,
2935 1997 2999 2058 et
3038 1993 3238 2060 simul
3283 2017 3434 2064 cum
3462 1968 3676 2074 ιῖἕιζοοιῖ.

264 2102 552 2188 mundo,
584 2125 706 2170 nee
734 2101 862 2169 fuit
888 2111 1039 2170 ante
1067 2103 1365 2191 angelica
1387 2109 1686 2170 creatura
1713 2123 1915 2193 quam
1946 2099 2257 2188 munduS‚
2292 2100 2474 2192 quia,
2506 2110 2582 2170 ut
2609 2105 2700 2172 ait
2726 2105 3141 2194 Augustinus
3167 2114 3211 2197 ⁸,
3248 2112 3436 2181 nulla
3462 2099 3586 2150 ⁰⁰⁰⁶
3613 2100 3674 2143 ⁸¹·

3463 2162 3551 2204 mul
3577 2175 3675 2206 cum

259 2225 559 2285 creatura
585 2225 681 2285 est
706 2227 855 2286 ante
880 2218 1152 2300 saecula,
1184 2217 1297 2287 sed
1324 2242 1364 2286 a
1405 2218 1657 2289 saeculis
1699 2239 1852 2284 oum
1879 2216 2125 2307 quibus
2168 2217 2382 2307 coepit.
2423 2217 2867 2309 Hieronymus
2896 2238 2917 2270 ⁸
2944 2229 3202 2311 tamen,
3245 2249 3438 2319 super
3480 2230 3673 2280 ’ΜΡΝ

3486 2289 3529 2328 et
3561 2299 3658 2330 cum

260 2334 636 2421 Epistulam
667 2332 761 2402 ad
789 2335 1030 2416 Titum,
1057 2333 1240 2402 aliud
1270 2333 1530 2402 videtur
1554 2332 1793 2402 sentire
1820 2331 2039 2400 dicens
2072 2356 2087 2398 ε
2123 2359 2157 2397 α
2191 2331 2320 2400 Sex
2347 2333 2559 2401 millia
2584 2334 2863 2404 necdum
2892 2341 3097 2408 nostri
3127 2345 3437 2434 temporis
3488 2350 3647 2453 ¹3¹4?

260 2449 620 2540 implentur
647 2472 972 2518 annorum
992 2504 1010 2532 ,
1039 2458 1103 2517 et
1129 2458 1409 2539 quantas
1434 2449 1620 2539 prius
1641 2448 2031 2516 aeternitates
2049 2499 2068 2532 ,
2100 2456 2349 2539 quanta
2377 2457 2700 2541 tempora,
2735 2462 3012 2542 quantas
3042 2459 3433 2530 saeculorum
3480 2424 3679 2545 wiffre-

262 2565 548 2655 origines
574 2565 771 2634 fuisse
799 2566 1257 2634 arbitrandum
1283 2572 1417 2648 est,
1448 2564 1519 2632 in
1548 2564 1793 2656 quibus
1821 2562 2038 2652 angeli
2058 2615 2078 2650 ,
2109 2563 2372 2649 throni,
2403 2563 2880 2636 dominationes
2900 2620 2919 2656 ,
2952 2573 3299 2665 caeterique
3328 2599 3434 2644 or-
3463 2533 3678 2642 ¹¹:513&ss

264 2682 451 2750 dines
475 2683 843 2750 servierunt
870 2680 1006 2749 Deo
1034 2682 1281 2773 absque
1306 2687 1679 2772 temporum
1708 2679 1963 2748 vicibus
1982 2729 2001 2764 ,
2030 2688 2229 2770 atque
2255 2680 2580 2748 mensuris
2600 2731 2622 2767 ,
2653 2688 2716 2750 et
2740 2681 2876 2752 Deo
2894 2684 3170 2776 jubente
3193 2690 3433 2760 substi-
3462 2665 3672 2706 ‘mmm'

265 2802 523 2866 terunt!
556 2824 592 2863 ι)
628 2797 747 2866 His
774 2798 990 2865 verbis
1023 2796 1293 2888 quidam
1321 2795 1766 2880 adhaerenteS,
1808 2794 2123 2863 dixerunt
2149 2816 2300 2862 cum
2350 2796 2600 2864 mundo
2640 2798 2907 2889 eoepisse
2950 2809 3206 2894 tempus
3230 2828 3434 2876 saecu-

264 2913 401 2982 lare
421 2965 439 2998 ,
471 2914 582 2982 sed
610 2921 758 2981 ante
789 2912 1115 2980 mundum
1143 2912 1430 2979 extitisse
1458 2918 1718 3000 tempus
1741 2918 2064 2979 aeternum
2098 2909 2237 2978 sine
2264 2910 2730 2999 mutabilitate,
2762 2915 2924 2984 etin
2950 2939 3028 2986 eo
3053 2918 3436 2991 immutabi-

265 3029 417 3098 liter
443 3037 507 3097 et
531 3029 1050 3120 intemporaliter
1071 3034 1377 3096 astruunt
1401 3027 1667 3116 angelos
1687 3026 1819 3093 Deo
1834 3026 2108 3118 jubente
2126 3025 2511 3112 substitisse,
2534 3026 2724 3121 eique
2742 3030 3037 3100 servisse.
3060 3033 3193 3104 Nos
3212 3045 3429 3108 autem

267 3146 443 3238 quod
473 3146 655 3239 prius
682 3146 932 3214 dictum
975 3154 1072 3213 est
1109 3166 1229 3236 pro
1259 3152 1454 3236 captu
1484 3143 1935 3231 intelligentiae
1970 3150 2209 3210 nostrae
2251 3141 2465 3232 magis
2488 3145 2963 3235 approbamus,
3004 3150 3186 3220 salva
3214 3163 3431 3225 tamen

264 3263 630 3332 reverentia
669 3269 1101 3346 secretorum,
1131 3262 1202 3328 in
1232 3260 1477 3352 quibus
1519 3259 1689 3328 nihil
1738 3270 1979 3355 temore
2016 3258 2438 3327 asserendum
2480 3268 2605 3344 est,
2648 3270 2712 3330 et
2748 3261 2917 3332 illud
2950 3265 3433 3361 Hieronymum

166 3462 177 3473 ,
263 3377 503 3448 dixisse
530 3400 664 3446 non
693 3378 786 3446 ita
808 3376 1144 3447 sentiendo
1160 3428 1177 3461 ,
1207 3376 1320 3445 sed
1347 3377 1632 3445 aliorum
1658 3375 2035 3467 opinionem
2062 3374 2401 3445 referendo
2427 3376 2827 3447 arbitramur
2841 3395 2892 3451 ὓ.

351 3494 496 3563 Jam
518 3502 615 3562 est
643 3501 973 3563 ostensum
1002 3491 1267 3585 quando
1283 3500 1499 3561 creata
1524 3491 1723 3559 fuerit
1748 3490 2041 3579 angelica
2064 3498 2304 3558 natura
2332 3514 2347 3557 ε
2382 3512 2560 3559 nunc
2584 3503 2807 3562 autem
2831 3498 3309 3583 ¹attendendum
3333 3515 3431 3575 est
3493 3521 3578 3593 Upi
3595 3534 3672 3565 ιιι-

264 3610 382 3679 uhi
414 3611 585 3679 facta
616 3609 843 3678 fuerit.
878 3608 1298 3691 Testimoniis
1340 3606 1782 3700 quarumdam
1839 3606 2303 3675 auctoritatum
2348 3606 2687 3677 evidenter
2733 3620 3132 3685 monstratur
3168 3620 3436 3709 angelos
3465 3583 3674 3690 ‘w'

264 3734 415 3794 ante
441 3748 664 3794 casum
695 3725 893 3793 fuisse
918 3725 991 3807 in
1018 3725 1215 3808 coelo,
1272 3731 1336 3791 et
1381 3722 1535 3791 inde
1565 3722 1883 3790 corruisse
1927 3722 2246 3813 quosdam
2275 3729 2539 3814 propter
2581 3727 2993 3816 superbiam;
3030 3732 3197 3802 alios
3230 3758 3388 3806 vero
3412 3790 3430 3823 ,
3463 3704 3677 3826 ῑηωῖἷῃὶῗζζέ

264 3842 383 3932 qui
412 3865 546 3910 non
571 3848 1004 3932 peccaverunt
1024 3892 1042 3925 ,
1072 3841 1209 3909 illic
1242 3840 1617 3932 perstitisse.
1670 3838 1854 3907 Unde
1879 3838 2201 3906 Dominus
2237 3838 2309 3906 in
2335 3837 2694 3929 Evangelio
2720 3851 2742 3885 ⁶
2782 3843 2876 3911 ait
2908 3869 2923 3913 :
2975 3847 3277 3917 Videbam
3312 3855 3439 3921 Sa-
3463 3833 3679 3947 ὀξῗζᾙῐ

269 3970 506 4025 tanam
549 3970 873 4048 tanquam
911 3957 1148 4049 fulqur
1185 3955 1266 4025 de
1303 3951 1487 4024 coelo'
1502 3954 1870 4024 cadentem·
1913 3952 2047 4022 Nec
2090 3953 2458 4045 appellatur
2491 3952 2614 4023 hoe
2657 3957 2899 4025 coelum
2942 3960 3434 4038 firmamentum
3493 3956 3649 4061 122²}ss

267 4074 447 4166 quod
472 4073 758 4142 secunda
781 4071 889 4140 die
929 4073 1173 4141 factum
1206 4083 1336 4160 est,
1377 4071 1490 4139 sed
1528 4070 1771 4139 coelum
1814 4067 2231 4160 splendidum
2265 4068 2443 4161 quod
2480 4069 2720 4139 dicitur
2759 4096 3177 4167 empyreum,
3224 4083 3291 4151 id
3340 4094 3438 4154 est
3463 4079 3676 4186 ”3⁸:23¹

266 4189 539 4279 igneum
558 4242 576 4275 ,
609 4213 648 4257 a
673 4188 1052 4281 splendore,
1082 4211 1217 4257 non
1246 4211 1285 4255 a
1312 4188 1557 4271 calore3
1590 4185 1768 4278 quod
1797 4185 2017 4254 statim
2052 4185 2295 4253 factum
2342 4184 2594 4274 angelis
2619 4195 2715 4255 est
2739 4191 3100 4282 repletum3
3134 4198 3310 4288 quod
3343 4208 3439 4269 est
3493 4204 3619 4261 seli·-

268 4329 468 4399 supra
494 4305 987 4374 firmamentum
1022 4331 1038 4372 ε
1071 4312 1135 4372 et
1162 4302 1331 4371 illud
1359 4325 1746 4395 empyreum
1787 4300 2059 4392 quidam
2091 4300 2532 4393 expositorum
2565 4325 2763 4371 sacrae
2791 4304 3145 4399 Scripturae
3172 4316 3439 4386 nomine

268 4423 417 4491 coeli
443 4421 727 4511 intelligi
754 4420 1028 4504 volunt,
1061 4419 1180 4488 ubi
1207 4418 1547 4512 Scriptura
1572 4417 1729 4486 dicit
1754 4414 1778 4449 ⁷
1812 4442 1829 4485 2
1859 4420 1942 4485 In
1954 4416 2293 4509 principio
2322 4417 2569 4486 creavit
2594 4419 2764 4490 Deus
2791 4424 3024 4493 coelum
3061 4440 3126 4495 et
3160 4442 3433 4518 terram,

270 4537 528 4607 Coelum
543 4589 564 4626 ,
594 4537 816 4630 inquit
842 4535 1118 4609 Strabus
1135 4589 1153 4622 ,
1180 4557 1314 4604 non
1342 4534 1601 4604 visibile
1628 4533 2123 4602 firmamentum
2167 4532 2274 4600 hic
2302 4533 2623 4625 appellat,
2658 4536 2772 4605 sed
2797 4559 3183 4632 empyreum
3199 4597 3219 4631 ,
3248 4546 3319 4614 id
3345 4558 3441 4617 est

271 4653 579 4743 igneum3
614 4653 719 4723 vel
744 4652 1186 4723 intellectuale
1207 4704 1227 4738 ,
1261 4650 1439 4743 quod
1465 4672 1601 4719 non
1628 4649 1859 4719 ardore
1882 4700 1901 4736 ,
1939 4648 2051 4718 sed
2081 4670 2122 4716 a
2147 4648 2493 4740 splendore
2520 4649 2761 4719 dicitur
2793 4678 2810 4721 ε
2839 4656 3019 4745 quod
3051 4660 3270 4728 statim
3311 4663 3442 4732 fac-

272 4777 417 4839 tum
444 4770 767 4860 repletum
792 4775 888 4837 est
914 4767 1187 4856 angelis,
1223 4765 1417 4835 Unde
1458 4765 1585 4836 Joh
1614 4762 1637 4797 ⁸
1671 4790 1688 4833 :
1729 4764 1852 4833 Ubi
1880 4787 2026 4835 eras
2053 4816 2073 4852 ,
2105 4787 2257 4834 cum
2306 4787 2414 4835 me
2456 4765 2816 4839 laudarent
2848 4785 3034 4842 astra
3060 4779 3446 4850 matutina?

273 4889 441 4955 ete?
473 4884 568 4955 De
595 4884 719 4953 hoc
745 4906 1010 4975 quoque
1035 4882 1214 4952 Beda
1240 4882 1334 4951 ita
1365 4882 1457 4951 ait
1491 4908 1507 4949 z
1549 4909 1585 4949 α
1611 4881 1753 4951 Hoc
1775 4881 2084 4973 superius
2106 4882 2348 4952 coelum
2375 4882 2555 4974 quod
2581 4906 2621 4952 a
2647 4885 3058 4959 volubilitate
3091 4895 3325 4964 mundi
3348 4920 3449 4967 se-

274 5009 528 5073 eretum
559 5009 687 5085 est,
718 5022 872 5069 mox
900 5007 979 5068 ut
1004 5007 1297 5069 creatum
1337 5005 1476 5083 est,
1513 4997 1753 5067 sanctis
1786 4996 2039 5086 angelis
2085 4998 2435 5091 impletum
2462 5007 2558 5068 est
2581 5050 2603 5086 ,
2640 5023 2806 5091 quos
2833 5003 2908 5072 in
2933 5005 3256 5101 principio
3294 5035 3449 5084 cum

254 5244 259 5251 ·
345 5226 529 5291 ¹Ang„
555 5224 618 5275 de
645 5224 768 5276 Gen.
793 5222 1009 5286 adlitt„
1032 5237 1079 5273 c.
1121 5234 1172 5284 1,
1203 5232 1241 5271 ιι
1272 5225 1325 5271 et
1345 5232 1430 5273 m.
1459 5223 1566 5260 -²
1595 5223 1751 5286 Aug„
1774 5220 1837 5271 de
1866 5222 2027 5283 Tria„
2050 5221 2141 5272 lib.
2188 5223 2251 5285 V,
2279 5235 2329 5272 c.
2361 5233 2478 5286 ιιι,
2511 5237 2566 5275 ιι.
2606 5225 2682 5288 17,
2706 5228 2878 5289 quoad
2910 5242 3153 5296 sensum3
3193 5236 3255 5285 cle
3294 5238 3446 5292 civia

277 5297 398 5363 Dei,
426 5297 520 5346 lib.
542 5297 662 5359 xil,
684 5309 732 5347 c.
752 5304 862 5344 xvr.
884 5319 940 5329 -
959 5294 981 5327 ⁸
1000 5293 1154 5357 Aug„
1181 5291 1245 5342 de
1268 5291 1391 5341 Gen.
1424 5291 1496 5342 ad
1513 5290 1639 5356 litt„
1662 5290 1750 5342 lib.
1773 5293 1836 5356 V,
1861 5306 1905 5342 e.
1930 5303 2041 5351 xlx,
2077 5305 2134 5341 n.
2164 5293 2224 5342 38
2241 5328 2258 5354 ,
2282 5293 2453 5355 quoad
2480 5307 2706 5346 sensum.
2731 5322 2794 5332 —
2812 5298 2836 5332 ⁸
2852 5299 3086 5366 flieron„
3111 5304 3165 5352 in
3193 5305 3357 5369 Epist.
3383 5312 3455 5360 ad

280 5368 398 5433 Tit„
426 5383 475 5418 c.
498 5377 539 5431 1,
564 5360 761 5416 verbo':
792 5365 947 5427 Quam
971 5364 1226 5427 promisit.
1244 5386 1305 5401 -
1324 5361 1483 5413 ⁸Vid.
1512 5365 1747 5427 August„
1772 5362 1832 5412 do
1848 5363 2004 5413 civit.
2032 5362 2147 5425 Dei,
2174 5362 2264 5412 lib.
2290 5364 2392 5428 xl,
2419 5379 2467 5414 c.
2487 5375 2637 5414 vl.--
2664 5365 2833 5430 δίκα,
2861 5380 2916 5431 x,
2945 5372 3022 5421 18,
3042 5396 3105 5410 ...
3125 5373 3143 5408 ι
3167 5376 3311 5442 Gen„
3340 5393 3378 5446 Ι,
3405 5385 3448 5436 ¹·

281 5440 425 5491 Idem
444 5438 603 5489 habet
627 5440 781 5502 Aug.³
805 5436 868 5486 de
894 5436 1048 5489 civit.
1076 5434 1200 5499 Dei,
1226 5433 1317 5486 lib.
1340 5433 1443 5498 xl,
1471 5432 1970 5498 mmuh-⁸101),
1997 5443 2223 5498 xxxvm,
2242 5434 2372 5483 ’1.-
2402 5435 2467 5499 (α)
2500 5433 2623 5486 Cat.
2655 5435 2775 5489 edit.
2804 5437 2939 5490 deest
2965 5454 3094 5496 non,

556 5543 706 5590 τοι.
754 5541 823 5590 ιι.
3097 5539 3172 5600 18
