4125 6225
777 459 895 520 152

774 590 898 654 hoc
930 587 1118 652 modo
1151 604 1282 651 non
1321 583 1486 650 cadit
1518 582 1587 646 in
1625 578 1792 657 Deo,
1844 575 1996 659 quia
2036 574 2174 657 ipse
2214 574 2311 637 est

773 696 1285 781 perfectissimus.
1300 692 1440 758 Alio
1466 689 1657 755 modo
1677 686 1825 751 finis
1850 684 2080 749 dicitur
2092 680 2309 746 termi-

774 824 922 882 nus,
952 806 1120 870 sicut
1143 803 1294 868 finis
1322 800 1495 883 agri;
1517 801 1581 862 et
1608 797 1701 860 sic
1725 793 2047 859 infinitum
2077 790 2307 855 dicitur

769 912 941 995 quod
957 915 1127 976 caret
1142 908 1437 984 termin0,
1447 910 1511 971 et
1523 907 1711 970 statu.
1728 902 1803 967 Et
1814 902 1938 965 hoc
1953 903 2306 983 potestesse

770 1018 1104 1101 dupliciter
1137 1015 1490 1081 secundum
1531 1008 1936 1092 negationem
1954 1055 1970 1085 ‚
2002 998 2154 1089 quia
2189 1023 2304 1088 po-

768 1129 890 1190 test
925 1124 1198 1205 intelligi
1234 1120 1549 1205 privative
1597 1120 1661 1182 et
1699 1115 2000 1196 negative
2030 1136 2045 1177 z
2091 1113 2305 1196 priva·-

768 1233 897 1299 tive
916 1282 934 1313 ,
966 1233 1119 1315 quia
1156 1249 1293 1294 non
1318 1229 1507 1294 habet
1542 1225 1890 1291 terminum
1907 1271 1925 1302 ,
1955 1221 2063 1286 sed
2089 1225 2305 1285 tamen

767 1344 996 1404 natum
1026 1339 1380 1404 esthabere
1396 1386 1415 1416 ,
1447 1337 1702 1419 propter
1744 1334 1866 1397 hoc
1911 1332 2084 1414 quod
2117 1329 2307 1394 habet

765 1465 900 1511 esse
931 1447 1277 1510 limitatum
1309 1468 1325 1509 ε
1369 1448 1432 1508 et
1470 1443 1592 1506 hoc
1629 1440 1819 1505 modo
1856 1439 2010 1504 dicit
2055 1439 2305 1502 incom-

764 1554 1129 1637 pletionem,
1158 1556 1223 1617 et
1243 1571 1375 1617 non
1400 1551 1579 1616 estin
1616 1549 1762 1614 Deo,
1794 1547 1936 1611 Alio
1965 1546 2157 1611 modo
2183 1564 2303 1609 ne-

766 1662 983 1743 gative
1008 1710 1026 1740 ,
1076 1661 1249 1744 quod
1303 1677 1437 1723 non
1487 1658 1681 1722 habet
1736 1656 2086 1721 terminum
2115 1704 2133 1734 ,
2184 1672 2305 1718 nec

763 1769 955 1833 etiam
979 1773 1204 1834 natum
1237 1767 1592 1832 esthabere
1618 1784 1636 1829 z
1673 1770 1735 1830 et
1760 1765 1882 1829 hoc
1906 1764 2096 1828 modo
2124 1763 2303 1846 poni·

762 1877 870 1938 tur
930 1874 999 1938 in
1044 1874 1168 1940 Deo
1222 1878 1480 1958 propter
1533 1890 1855 1938 summam
1905 1869 2303 1935 immensita-

763 1986 918 2046 tem.

842 2092 901 2152 1.
927 2087 1025 2151 Ad
1061 2087 1218 2153 illud
1260 2105 1416 2169 ergo
1453 2088 1624 2170 quod
1658 2084 1958 2169 objicitur
1999 2087 2171 2169 quod
2207 2085 2302 2150 in-

759 2194 1015 2258 finitum
1068 2198 1161 2257 est
1199 2194 1404 2276 passio
1450 2193 1818 2276 quantitatis
1839 2194 1882 2268 ¹,
1926 2193 2045 2257 dici
2099 2196 2302 2276 potest

758 2302 930 2384 quod
958 2302 1122 2366 sicut
1151 2320 1390 2366 nomen
1415 2300 1787 2384 quantitatis
1809 2301 2175 2365 extenditur
2220 2301 2301 2366 ad

757 2409 1179 2490 quantitatem
1219 2408 1471 2473 virtutis
1494 2456 1511 2485 ,
1551 2408 1841 2472 similiter
1870 2426 2107 2474 nomen
2144 2410 2300 2473 infl-

757 2516 878 2579 niti
909 2540 924 2580 ε
961 2517 1284 2599 quantitas
1324 2520 1540 2579 autem
1576 2514 1830 2578 virtutis
1871 2533 2004 2579 non
2045 2520 2298 2582 tantum

757 2623 1105 2687 attenditur
1153 2626 1471 2705 quantum
1521 2620 1601 2685 ad
1659 2639 1820 2703 opus
1849 2670 1868 2701 ,
1926 2622 2036 2686 sed
2107 2624 2299 2688 etiam

633 2796 638 2801 ,
756 2733 1073 2810 quantum
1101 2728 1182 2793 ad
1214 2727 1611 2792 nobilitatem
1640 2728 1911 2806 valoris3
1940 2733 2004 2793 et
2028 2730 2151 2794 hoc
2181 2749 2299 2813 pa-

754 2838 865 2912 tet,
887 2836 1041 2918 quia
1066 2836 1218 2901 dicit
1242 2835 1651 2917 Augustinus
1671 2837 1694 2871 ²
1726 2858 1740 2900 :
1780 2859 1811 2896 c
1841 2836 1917 2900 ln
1944 2837 2286 2920 spirituali·

752 2940 876 3006 bus
901 2942 1071 3006 idem
1094 2947 1189 3006 est
1212 2944 1424 3024 majus
1450 2948 1514 3007 et
1542 2941 1789 3007 meliuS.
1819 2963 1850 3001 ι)

833 3052 898 3115 2.
919 3048 1018 3112 Ad
1035 3048 1194 3114 illud
1207 3049 1379 3132 quod
1397 3049 1498 3133 obj
1506 3049 1697 3114 icitur
1716 3071 1776 3114 z«
1787 3049 1963 3127 Quod
1979 3055 2074 3115 est
2091 3070 2296 3117 unum

758 3154 848 3219 ita
866 3157 1037 3237 quod
1053 3176 1187 3221 non
1205 3163 1298 3221 est
1315 3157 1488 3221 aliud
1501 3206 1519 3237 ,
1541 3179 1572 3216 υ
1595 3162 1740 3237 etc.;
1764 3157 2103 3223 dicendum
2124 3162 2295 3243 quod

754 3262 999 3345 aliquid
1026 3266 1381 3347 comparari
1417 3266 1498 3329 ad
1535 3265 1740 3330 multa
1767 3270 1972 3349 potest
2012 3285 2147 3332 esse
2174 3270 2297 3334 du-

752 3369 999 3451 pliciter
1068 3394 1082 3435 :
1157 3377 1268 3437 aut
1335 3372 1690 3438 secundum
1754 3375 2293 3456 comparationem

752 3479 1138 3542 causalitatis
1154 3528 1172 3560 ,
1202 3485 1318 3544 aut
1353 3480 1710 3545 secundum
1754 3484 2292 3563 comparationem

751 3584 1113 3650 identitatis,
1146 3585 1510 3671 Comparari
1545 3588 1626 3653 ad
1665 3590 1869 3654 multa
1896 3592 2015 3655 sub
2049 3594 2293 3659 ratione

751 3692 1169 3770 causalitatis,
1204 3694 1326 3758 hoc
1355 3697 1658 3760 convenit
1691 3697 1978 3775 infinito,
2009 3701 2165 3782 quia
2190 3703 2292 3766 in-

749 3796 1043 3876 finitum3
1066 3799 1176 3863 sed
1197 3801 1551 3865 secundum
1576 3804 1892 3868 rationem
1915 3805 2285 3886 identitatis,

749 3922 903 3969 non.
931 3904 1110 3972 Unde
1131 3910 1286 3992 quia
1312 3910 1640 3976 infinitum
1666 3912 1735 3976 in
1760 3912 1889 3979 Deo
1915 3933 1982 3979 se
2006 3918 2293 3982 extendit

748 4009 829 4073 ad
873 4013 1112 4094 multa,
1161 4016 1314 4098 quia
1356 4018 1637 4099 potentia
1684 4020 1788 4083 vel
1834 4022 2105 4085 essentia
2149 4027 2289 4106 ejus

749 4126 1154 4202 comparatur
1188 4126 1268 4190 ad
1313 4126 1550 4207 multa,
1599 4146 1681 4193 ex
1730 4128 1853 4193 hoc
1893 4135 2108 4195 tamen
2155 4152 2288 4198 non

748 4227 1036 4308 sequitur
1063 4230 1233 4312 quod
1269 4231 1351 4295 sit
1391 4233 1616 4298 multa.
1658 4235 1835 4300 Unde
1874 4237 1929 4299 si
1971 4239 2243 4303 essentia
2264 4289 2281 4318 ,

746 4331 851 4396 vel
877 4336 1156 4415 potentia
1174 4385 1192 4415 ,
1224 4345 1628 4422 comparetur
1672 4341 1750 4426 (a)
1792 4345 2146 4410 secundum
2173 4365 2285 4410 ra·-

744 4439 986 4505 tionem
1028 4443 1374 4511 identitatis
1415 4449 1496 4513 ad
1544 4468 1676 4527 res,
1728 4457 1957 4518 neutra
1993 4459 2091 4518 est
2132 4455 2285 4538 plu-

743 4548 916 4612 rium
962 4569 979 4614 ε
1035 4554 1205 4618 unde
1243 4574 1361 4620 nec
1404 4559 1686 4639 potentia
1736 4561 1955 4625 divina
1997 4566 2094 4627 est
2139 4563 2281 4628 aliae

742 4658 1076 4736 potentiae,
1128 4679 1247 4725 nec
1293 4665 1563 4752 essentia
1607 4667 1748 4731 aliae
1789 4670 2099 4734 essentias.
2156 4670 2281 4736 Sed

740 4763 1092 4829 secundum
1120 4770 1430 4835 rationem
1453 4774 1837 4839 causalitatis
1863 4777 1952 4839 sic
1978 4778 2280 4842 convenit

739 4872 803 4931 et
828 4873 1114 4938 essentiae
1135 4922 1152 4952 ,
1191 4881 1253 4940 et
1288 4880 1619 4960 potentiae3
1662 4900 1816 4945 nam
1858 4884 2022 4948 sicut
2050 4889 2278 4967 poten-

800 5088 820 5123 ¹
839 5088 1013 5154 Arist„
1044 5091 1240 5158 Physic.
1271 5094 1361 5147 lib.
1386 5094 1437 5162 1,
1468 5103 1604 5149 cont.
1629 5103 1785 5151 15.-
1815 5101 2000 5168 ¹Aug„
2022 5102 2084 5153 de
2112 5104 2272 5166 ma..

733 5157 822 5208 lih.
843 5160 929 5220 Vi,
955 5177 1000 5212 c.
1021 5175 1135 5229 vm,
1159 5178 1213 5216 n.
1237 5169 1283 5230 9,
1308 5170 1478 5233 quoad
1497 5185 1722 5222 sensum.

1906 436 2526 504 SENTENTIARUM
2566 438 2713 504 LlB.
2758 440 2808 505 l.

2415 574 2522 640 tiae
2564 576 2860 643 convenit
2896 577 3105 642 facere
3146 577 3332 662 plura
3349 627 3368 658 ,
3415 579 3505 644 sic
3542 584 3814 652 essentiae
3849 588 3913 657 in

2413 682 2705 765 pluribus
2729 701 2886 749 esse.

2494 789 2555 853 3.
2584 790 2682 853 Ad
2699 789 2859 855 illud
2876 790 3047 872 quod
3065 791 3362 872 objicitur
3380 810 3395 852 ε
3412 814 3442 853 α
3461 791 3623 861 Illud
3649 799 3809 878 quod
3832 807 3918 866 est

2413 896 2676 961 finitum
2728 915 3000 963 summae
3052 899 3341 980 veritati„
3399 905 3549 980 etc.;
3603 903 3917 975 dicendum

2412 1003 2585 1086 quod
2614 1004 2753 1068 haec
2778 1010 2874 1069 est
2906 1007 3143 1089 duplex
3173 1029 3188 1071 ε
3217 1012 3332 1073 aut
3367 1010 3540 1073 enim
3567 1016 3659 1076 est
3683 1015 3920 1082 finitum

2412 1129 2688 1175 summae
2713 1112 2966 1178 veritati
2982 1162 3000 1192 ,
3028 1114 3183 1197 quia
3207 1116 3442 1181 veritas
3461 1119 3700 1200 judicat
3724 1122 3920 1205 ipsum

2410 1236 2548 1282 esse
2600 1219 2891 1298 finitum,
2953 1225 3067 1286 aut
3117 1223 3269 1305 quia
3329 1242 3462 1288 non
3511 1227 3752 1292 excedit
3795 1233 3924 1312 ejus

2412 1326 3067 1409 comprehensionem.
3089 1328 3308 1394 Primo
3322 1331 3511 1396 modo
3527 1350 3658 1396 non
3671 1335 3759 1396 est
3776 1333 3925 1398 Deus

2410 1434 2531 1499 sibi
2562 1435 2814 1515 finitus,
2844 1436 2953 1499 sed
2979 1436 3265 1502 infinitus
3295 1459 3312 1502 z
3341 1456 3494 1503 vere
3530 1439 3705 1503 enim
3738 1441 3848 1504 scit
3866 1460 3927 1506 se

2410 1561 2546 1607 esse
2589 1544 2937 1607 infinitum.
2986 1543 3276 1610 Secundo
3321 1547 3509 1611 modo
3548 1551 3646 1612 est
3684 1548 3923 1627 finitus,

2410 1651 2561 1733 quia
2601 1669 2668 1715 se
2709 1670 2840 1716 non
2879 1652 3155 1732 excedit,
3194 1672 3342 1717 cum
3375 1655 3455 1719 sit
3486 1656 3777 1722 infinitus
3816 1681 3830 1721 :
3872 1664 3931 1722 et

2409 1756 2498 1820 sic
2531 1775 2661 1822 non
2702 1758 2873 1822 valet
2906 1764 3364 1841 argumentum
3383 1808 3401 1835 ,
3430 1766 3495 1825 et
3520 1766 3620 1826 est
3652 1763 3736 1828 ibi
3763 1764 3928 1828 falla-

2408 1863 2508 1927 cia
2547 1864 2899 1928 secundum
2940 1866 3129 1948 quid,
3169 1871 3235 1931 et
3270 1868 3639 1951 simpliciter
3672 1886 3689 1930 ε
3738 1893 3768 1932 α
3797 1868 3927 1935 Non

2408 1970 2653 2035 excedit
2687 1971 3015 2036 infinitum
3051 1975 3407 2040 secundum
3431 1976 3583 2058 quid
3623 1976 3698 2060 (b)
3734 1997 3750 2041 z
3779 1995 3926 2060 ergo

2408 2082 2503 2141 est
2523 2079 2780 2143 finitum
2806 2080 3200 2163 simpliciter.
3229 2103 3259 2141 n

2486 2189 2546 2249 4.
2578 2178 2675 2250 A‘d
2701 2187 2860 2253 illud
2887 2189 3054 2271 quod
3075 2190 3393 2270 objicitur,
3415 2191 3588 2273 quod
3607 2190 3924 2256 infinitum

2406 2309 2536 2357 non
2561 2294 2723 2373 finit,
2755 2299 2898 2373 etc.;
2927 2297 3268 2362 dicendum
3293 2298 3462 2381 quod
3481 2299 3805 2364 infinitum
3824 2320 3932 2384 per

2405 2399 2825 2481 privationem
2852 2404 3252 2486 perfectionis
3286 2424 3417 2471 non
3444 2407 3621 2485 finit;
3657 2408 3763 2473 sed
3793 2408 3932 2472 infl-

2403 2507 2618 2572 nitum
2677 2528 2793 2592 per
2839 2513 3247 2592 negationem
3301 2512 3698 2579 limitationis
3751 2516 3933 2581 habet

2404 2615 2714 2681 rationem
2740 2618 3038 2697 finiendi,
3076 2621 3232 2703 quia
3273 2640 3422 2685 cum
3454 2622 3537 2685 sit
3561 2641 3891 2686 summum
3909 2671 3928 2702 ,

2406 2720 2478 2784 in
2504 2722 2642 2804 ipso
2666 2729 2762 2788 est
2781 2728 2990 2790 omnis
3014 2731 3215 2793 status
3240 2750 3255 2792 t
3284 2728 3352 2792 in
3376 2729 3499 2793 hoc
3519 2730 3697 2793 enim
3722 2730 3929 2793 infini-

2403 2833 2501 2892 tas
2526 2849 2658 2896 non
2690 2840 3011 2917 repugnat
3048 2836 3472 2920 simplicitati,
3502 2855 3625 2902 nec
3659 2839 3933 2920 comple-

2404 2941 2641 3001 ment0.

2485 3047 2545 3107 5.
2564 3044 2662 3110 Ad
2678 3045 2838 3110 illud
2852 3048 3026 3131 quod
3038 3048 3354 3132 objicitur,
3372 3050 3542 3134 quod
3560 3050 3819 3116 nullum
3838 3050 3936 3115 in-

2404 3152 2659 3216 finitum
2670 3155 3249 3238 comprehenditur,
3260 3162 3404 3237 etc.;
3419 3158 3762 3223 dIcendum
3770 3159 3938 3242 quod

2401 3276 2533 3323 non
2557 3261 3113 3343 comprehenditur
3140 3283 3255 3346 per
3281 3265 3730 3345 inclusionem,
3760 3283 3935 3329 com-

2401 3366 2815 3448 prehenditur
2842 3374 3057 3434 autem
3086 3389 3200 3453 per
3229 3373 3568 3454 perfectam
3597 3373 3933 3447 visionem,

2400 3477 2464 3538 et
2484 3472 2914 3556 dilectionem,
2945 3480 3008 3541 et
3032 3478 3401 3557 tentionem,
3442 3482 3506 3543 et
3540 3479 3667 3543 hoc
3697 3498 3737 3542 a
3764 3483 3938 3561 parte

2400 3581 3025 3664 comprehendentiS,
3057 3590 3121 3649 et
3156 3604 3289 3649 non
3314 3586 3765 3668 comprehensi
3814 3608 3829 3649 ε
3879 3588 3940 3649 et

2399 3685 2540 3750 ideo
2557 3688 2708 3769 quia
2724 3691 3046 3771 perficitur
3059 3710 3163 3755 res
3176 3694 3523 3757 secundum
3542 3712 3733 3757 suam
3757 3709 3937 3773 capa-

2399 3793 2674 3871 citatem,
2692 3796 2978 3877 quiescit,
2990 3799 3287 3879 quamvis
3304 3799 3472 3863 ultra
3486 3818 3619 3863 non
3630 3801 3931 3881 attingat.

2476 3903 2538 3963 6.
2594 3900 2774 3978 Quod
2817 3903 3043 3966 ultimo
3095 3905 3390 3986 objicitur
3437 3907 3726 3970 solutum
3774 3910 3869 3969 est
3916 3923 3932 3967 ε

2396 4007 2615 4089 objicit
2639 4010 2812 4073 enim
2838 4012 2916 4075 de
2945 4012 3199 4076 infinito
3233 4013 3584 4077 secundum
3623 4014 3803 4096 quod
3841 4013 3936 4077 di-

2395 4115 2561 4179 citur
2586 4118 2899 4200 privative
2945 4138 2963 4182 ι
2999 4119 3112 4183 sed
3154 4125 3346 4203 prout
3377 4120 3611 4184 dicitur
3647 4122 3731 4186 de
3770 4119 3935 4199 De0,

2393 4242 2524 4287 non
2568 4224 2718 4289 dicit
2757 4225 3182 4308 privationem
3219 4227 3574 4291 secundum
3605 4246 3751 4292 rem
3770 4277 3789 4307 ,
3828 4227 3934 4291 sed

2392 4331 2600 4395 solum
2627 4336 2941 4415 quantum
2968 4333 3048 4397 ad
3085 4333 3350 4398 modum
3390 4334 3803 4416 significandi
3823 4384 3841 4413 ,
3875 4339 3939 4399 et

2392 4439 2729 4520 respondet
2770 4440 2829 4503 ei
2866 4458 3122 4504 summa
3161 4441 3444 4523 potentia
3486 4460 3505 4505 z
3545 4442 3713 4505 nihil
3759 4443 3935 4506 enim

2390 4545 2623 4611 dicitur
2658 4549 3047 4612 immensum
3067 4597 3084 4623 ‚
3128 4547 3252 4612 nisi
3295 4550 3466 4631 quod
3504 4550 3702 4614 habet
3743 4568 3934 4615 sum-

2389 4671 2565 4717 mam
2627 4657 2692 4717 et
2748 4654 3266 4737 perfectissimam
3327 4657 3759 4732 actualitatem
3787 4704 3804 4732 ,
3872 4661 3936 4720 et

2386 4760 2547 4823 nihil
2590 4765 2913 4825 coarctans
2951 4765 3013 4826 et
3054 4762 3482 4827 determinans
3534 4782 3552 4826 :
3597 4765 3779 4829 unde
3817 4763 3933 4828 etsi

2385 4868 2677 4933 videatur
2728 4868 2850 4932 dici
2894 4869 3207 4951 privative
3223 4918 3240 4949 ,
3292 4874 3513 4935 tamen
3564 4872 3928 4936 secundum

2384 4976 2716 5039 veritatem
2751 4976 3034 5040 excludit
3067 4994 3326 5041 omnem
3361 4979 3819 5061 privationem.

2446 5102 2511 5166 (α)
2545 5102 2667 5152 Coet.
2704 5101 2827 5152 edit.
2857 5105 3256 5168 compararetur.
3278 5128 3341 5140 —
3379 5103 3445 5169 (ὁ)
3479 5104 3601 5156 Coet.
3635 5105 3765 5156 edit.
3793 5103 3929 5156 deest

2381 5173 2665 5226 secundum
2685 5173 2826 5239 quid.
