4125 6225
570 461 687 520 222

569 592 714 655 liter
745 590 1050 672 puniatur
1080 609 1097 652 ι
1130 607 1289 670 ergo
1316 590 1367 652 si
1408 589 1667 672 ponitur
1696 591 2108 671 praeexistens

570 697 853 780 cognitio
871 697 1594 779 certitudinaliterJuxta
1613 715 1701 777 se,
1726 698 1912 762 credo
1935 697 2105 780 quod

569 804 880 889 quamdiu
909 805 1097 868 durat
1136 804 1195 868 ei
1230 804 1400 867 bona
1426 805 1751 884 voluntaS,
1782 805 1954 888 quod
1984 806 2108 869 hoc

568 916 761 980 volet.
796 913 864 978 Si
906 919 1123 978 autem
1164 930 1419 994 quaeras
1457 913 1536 976 de
1581 931 1657 976 eo
1698 913 1812 994 qui
1854 917 2105 994 peccat,

569 1027 792 1087 utrum
831 1020 993 1085 velle
1036 1018 1260 1084 debeat
1299 1019 1574 1101 gratiam
1611 1018 1736 1082 sibi
1777 1017 2103 1096 subtrahi3

571 1134 635 1194 et
657 1130 914 1196 videtur
941 1129 1111 1211 quod
1147 1128 1266 1204 sic,
1297 1147 1447 1192 cum
1478 1127 1642 1192 Deus
1667 1127 1849 1206 velit,
1881 1131 1946 1192 et
1974 1127 2110 1209 ipse

572 1237 725 1301 sciat
749 1236 870 1301 hoc
895 1254 1030 1299 esse
1048 1238 1318 1317 justum.

654 1343 840 1426 Resp.
890 1344 1237 1408 Dicendum
1280 1343 1449 1424 quod
1498 1341 1773 1423 gratiam
1818 1340 2109 1405 subtrahi

571 1452 761 1516 alicui
803 1452 923 1515 sub
954 1451 1183 1534 triplici
1210 1450 1567 1513 conditione
1605 1453 1806 1531 potest
1838 1449 2107 1531 respici:

571 1564 685 1625 aut
719 1559 1111 1641 simpliciter,
1143 1561 1255 1621 aut
1292 1558 1371 1620 ad
1398 1561 1686 1638 tempus;
1726 1561 1791 1621 et
1831 1557 1912 1620 ad
1940 1562 2110 1620 tem-

568 1686 689 1749 pus
725 1665 934 1729 adhuc
975 1664 1360 1747 dupliciter:
1392 1664 1497 1728 vel
1536 1664 1605 1726 in
1649 1681 1747 1744 se,
1777 1664 1882 1727 vel
1921 1667 2113 1746 prout

567 1773 758 1838 habet
783 1773 1101 1837 rationem
1136 1787 1366 1854 poenae.
1402 1770 1533 1835 Hoc
1562 1772 1753 1835 modo
1781 1771 1923 1837 vult
1947 1771 2114 1835 Deus

568 1881 964 1959 subtrahere,
984 1884 1048 1944 et
1068 1880 1192 1944 hoc
1216 1863 1405 1944 modo
1427 1880 1610 1943 debet
1636 1897 1902 1961 peccans
1922 1878 2108 1957 velle,

568 1994 645 2053 ut
668 2008 820 2053 eum
844 1989 1009 2052 Deus
1034 1988 1282 2069 puniat.
1309 1987 1488 2052 Unde
1515 1987 1744 2067 regula
1768 1986 2108 2067 generaliS,

569 2096 738 2179 quod
785 2096 854 2158 in
893 2095 1198 2159 omnihus
1241 2111 1390 2176 quae
1432 2094 1670 2157 scimus
1708 2093 1913 2157 Deum
1950 2092 2114 2158 velle

569 2202 883 2278 absolute,
918 2205 1217 2265 tenemur
1242 2201 1572 2265 voluntate
1599 2201 1887 2265 absoluta
1911 2200 2108 2279 velle;

569 2316 785 2374 tamen
813 2310 959 2372 licet
979 2309 1164 2372 nohis
1187 2309 1350 2374 velle
1371 2309 1764 2394 contrarium
1785 2308 2115 2373 voluntate

571 2417 996 2481 conditionata
1014 2464 1031 2492 ,
1078 2416 1215 2480 sive
1265 2420 1579 2497 quantum
1626 2417 1699 2479 in
1746 2417 1930 2481 nohis
1979 2420 2110 2495 est,

573 2526 727 2608 quia
751 2524 873 2588 hoc
898 2524 1076 2588 decet
1100 2542 1251 2599 neS,
1282 2527 1346 2587 et
1371 2527 1629 2606 propter
1656 2523 1781 2588 hoc
1806 2523 1957 2588 dicit
1978 2523 2116 2589 Au-

574 2633 878 2714 gustinus
895 2638 915 2672 ¹
936 2652 962 2702 ,2
992 2656 1023 2694 α
1048 2630 1324 2696 Multum
1350 2631 1643 2711 interest,
1673 2653 1703 2692 n
1737 2636 1856 2696 etc.

1218 2823 1357 2869 DUB.
1396 2821 1465 2867 11.

764 2940 901 2990 Deus
928 2938 1092 2991 voluit
1116 2935 1374 2991 Christum
1398 2938 1530 3004 pati,
1560 2941 1613 2989 et
1638 2937 1799 3004 mori,
1829 2940 1930 2990 etc.

658 3061 890 3127 Contra
923 3062 1233 3129 :Videtur
1273 3064 1449 3129 enim
1484 3063 1654 3129 male
1687 3063 1898 3129 dicere
1914 3109 1932 3142 ‚
1967 3061 2121 3145 quia

521 3164 529 3175 '
579 3170 861 3235 occidere
889 3169 1209 3236 Christum
1242 3177 1378 3237 erat
1406 3173 1653 3236 malum
1686 3172 1890 3236 facere
1919 3187 2120 3252 :ergo

578 3277 898 3343 Christum
934 3279 1167 3358 occidi,
1203 3279 1327 3343 fuit
1368 3278 1613 3342 malum
1650 3278 1790 3342 fieri
1817 3294 1838 3340 ε
1868 3277 1923 3341 si
1961 3292 2120 3357 ergo

578 3384 746 3449 Deus
772 3386 980 3451 voluit
1005 3386 1327 3450 Christum
1355 3385 1517 3468 pati,
1550 3386 1717 3450 Deus
1750 3383 1955 3450 voluit
1979 3400 2118 3447 ma-

578 3492 715 3557 lum
748 3493 885 3556 fieri
914 3494 1129 3575 :quod
1159 3513 1354 3577 supra
1379 3498 1835 3575 negatum'est.

661 3597 847 3682 Resp.
881 3596 1230 3665 Dicendum
1257 3602 1426 3684 quod
1454 3602 1739 3667 occidere
1764 3600 2117 3680 Christum,

580 3707 701 3771 fuit
740 3708 986 3772 malum
1027 3727 1141 3791 per
1178 3709 1713 3792 comparationem
1754 3707 1836 3771 ad
1871 3707 2123 3789 subjec-

579 3819 762 3880 tum:
786 3817 1043 3899 quando
1067 3835 1226 3899 ergo
1248 3817 1557 3899 accipitur
1579 3815 1808 3899 passio,
1833 3819 1945 3877 aut
1966 3814 2124 3876 sim-

582 3923 827 4006 pliciter
872 3925 1201 4007 accipitur,
1248 3929 1363 3990 aut
1408 3926 1480 3988 in
1528 3924 1997 4007 comparatione
2041 3923 2121 3987 ad

583 4031 966 4113 patientem,
1001 4032 1135 4097 sive
1169 4032 1248 4095 ad
1288 4033 1708 4096 sustinentem
1741 4047 2030 4112 poenam,
2062 4033 2126 4093 et

582 4138 675 4201 sic
709 4138 1083 4221 simpliciter
1112 4143 1207 4202 est
1241 4139 1519 4217 bonum;
1550 4140 1664 4201 aut
1694 4138 1764 4199 in
1793 4153 2123 4217 compara-

584 4247 755 4310 tione
788 4246 870 4310 ad
904 4246 1277 4310 inferentem
1297 4294 1313 4323 ,
1346 4250 1411 4310 et
1448 4246 1538 4309 sic
1572 4264 1654 4309 ex
1696 4244 1801 4308 illo
1837 4247 2127 4325 respectu

450 4350 458 4361 ’
577 4353 903 4434 ,iudicatur
930 4354 1175 4418 malum
1192 4402 1210 4433 ,
1243 4353 1399 4436 quia
1424 4353 1666 4416 malitia
1690 4353 1887 4416 moris
1914 4351 2128 4433 potius

585 4460 1005 4525 intentionem
1029 4462 1304 4543 respicit,
1330 4479 1525 4544 quam
1547 4465 1785 4524 actum.
1811 4459 1890 4523 Et
1915 4460 2127 4542 primo

587 4568 777 4631 modo
812 4572 906 4631 est
943 4586 1165 4632 sensus
1197 4587 1214 4631 ε
1247 4592 1277 4628 α
1304 4567 1624 4632 Christum
1668 4567 1798 4650 pati
1830 4565 2130 4631 aJudaeis

589 4680 683 4738 est
701 4675 973 4752 bonum,
990 4696 1021 4734 i>
1051 4676 1116 4739 id
1143 4681 1268 4740 est:
1290 4675 1609 4739 Christum
1635 4675 1950 4738 sustinere
1981 4692 2126 4757 poe-

586 4801 738 4845 nam
757 4830 775 4861 ,
814 4800 1011 4864 quam
1052 4782 1084 4846 J
1093 4783 1255 4846 udaei
1297 4782 1687 4857 intulerunt,
1720 4788 1815 4845 est
1856 4783 2124 4846 honum.

588 4888 879 4955 Secundo
906 4891 1096 4955 modo
1122 4894 1216 4953 est
1236 4908 1463 4954 sensus
1487 4911 1503 4953 ι
1530 4912 1561 4950 α
1588 4889 1908 4953 Christum
1934 4890 2067 4972 pati
2092 4908 2131 4953 a

587 4995 619 5062 J
626 4998 826 5062 udaeis
843 5005 937 5063 est
951 4999 1215 5075 bonum,
1238 5020 1268 5057 υ
1292 4997 1355 5060 id
1372 5002 1466 5060 est
1489 5019 1504 5060 :
1525 4994 1892 5060 Passionem
1910 4996 2131 5060 inferri

590 5103 835 5169 Christo
860 5125 901 5169 a
925 5105 957 5170 J
965 5107 1166 5170 udaeis
1191 5108 1285 5169 est
1319 5104 1561 5168 bonum
1592 5125 1608 5169 ε
1646 5108 1711 5168 et
1745 5104 1836 5167 sic
1858 5104 2127 5180 falsum,

589 5213 742 5293 quia
768 5212 965 5277 illatio
991 5212 1300 5295 passionis
1325 5230 1457 5276 non
1482 5211 1604 5276 fuit
1628 5209 1755 5275 nisi
1778 5211 1953 5275 mala
1978 5234 1993 5275 ε
2022 5211 2133 5275 sed

588 5317 961 5383 sufferentia
981 5338 1115 5385 non
1150 5320 1274 5385 fuit
1296 5319 1421 5385 nisi
1451 5319 1620 5384 hona
1646 5341 1662 5384 :
1686 5323 1751 5383 et
1782 5318 1874 5383 sic
1898 5317 2133 5383 distin-

593 5425 743 5503 guit
776 5424 1095 5507 Magister.

1704 411 2339 542 ‚SENTENTIARUM
2382 451 2532 518 Lm.
2580 454 2628 519 1.

2844 655 2981 702 DUB.
3025 656 3117 702 111.

2661 776 2775 827 Non
2797 775 2937 826 enim
2961 775 3197 839 volebat,
3223 778 3323 827 etc.

2300 911 2518 977 Innuit
2559 913 2735 995 quod
2778 914 2941 978 actio
2982 913 3354 979 Judaeorum
3399 914 3518 978 fuit
3563 914 3757 978 mala.

2222 1017 2451 1084 Contra
2486 1017 2796 1085 :Videtur
2837 1021 3072 1085 falsum
3115 1021 3358 1101 dicere,
3402 1021 3557 1104 quia
3600 1022 3762 1086 actio

2217 1125 2247 1191 J
2256 1125 2590 1191 udaeorum
2617 1128 2738 1191 fuit
2761 1146 2953 1192 causa
2977 1128 3286 1210 passionis
3313 1150 3330 1190 ε
3356 1129 3466 1192 sed
3492 1129 3545 1191 si
3573 1147 3766 1192 causa

2217 1233 2587 1299 immediata
2626 1235 2831 1314 mala,
2862 1241 2927 1298 et
2966 1236 3229 1300 effectus
3258 1254 3274 1298 :
3306 1253 3465 1317 ergo
3507 1238 3560 1298 si
3601 1237 3762 1298 actio

2221 1341 2342 1405 suit
2367 1341 2571 1418 mala,
2601 1345 2664 1405 et
2692 1342 2919 1423 passi0.

2300 1446 2485 1531 Resp.
2527 1447 2877 1513 Dicendum
2903 1449 3075 1531 quod
3111 1449 3280 1514 istud
3307 1452 3403 1513 est
3428 1467 3658 1512 verum
3685 1445 3763 1513 de

2222 1557 2466 1620 actione
2496 1563 2557 1621 et
2583 1561 2873 1640 passione
2898 1560 2969 1623 in
2995 1559 3218 1624 eodem
3247 1577 3484 1640 genere
3521 1559 3764 1622 bonita-

2223 1663 2325 1742 tis,
2347 1665 2700 1728 secundum
2722 1665 2893 1747 quod
2917 1681 3126 1730 unum
3147 1672 3241 1731 est
3262 1685 3452 1729 causa
3474 1666 3760 1729 alteriuS.

2223 1769 2568 1835 Dicendum
2614 1791 2771 1853 ergo
2814 1773 2986 1855 quod
3031 1774 3193 1838 actio
3231 1772 3602 1839 Judaeorum
3647 1774 3767 1836 fuit

2223 1895 2414 1941 causa
2440 1879 2750 1960 passionis
2775 1880 2845 1942 in
2883 1899 3120 1962 genere
3145 1861 3423 1960 naturae;
3464 1885 3528 1944 et
3559 1881 3628 1943 in
3652 1880 3765 1944 illo

2223 2003 2460 2065 genere
2499 1987 2664 2049 sicut
2697 1987 2862 2051 actio
2902 1988 3022 2051 fuit
3054 1988 3255 2066 mala,
3286 1988 3373 2051 ita
3408 1991 3472 2051 et
3512 1987 3760 2069 passio:

2223 2093 2332 2156 sed
2361 2112 2495 2157 non
2530 2094 2649 2158 fuit
2677 2113 2870 2160 causa
2905 2098 2973 2159 in
2997 2096 3219 2161 eodem
3255 2113 3494 2176 genere
3521 2095 3718 2159 moris
3746 2118 3760 2158 :

2224 2202 2354 2264 imo
2382 2202 2613 2266 Christi
2640 2203 2808 2268 bona
2842 2204 3109 2268 intentio
3146 2204 3508 2287 passionem
3533 2204 3766 2268 volun-

2222 2309 2452 2372 tariam
2479 2310 2796 2392 dirigebat
2826 2312 2896 2375 in
2921 2312 3168 2376 bonum
3195 2313 3388 2375 [inem
3417 2332 3433 2375 :
3462 2330 3498 2376 e
3522 2317 3761 2389 contra,

2224 2414 2294 2478 in
2336 2416 2581 2481 actione
2615 2417 2987 2483 Judaeorum
3032 2437 3165 2483 non
3209 2419 3481 2483 habente
3518 2421 3766 2486 rectum

2225 2522 2421 2585 finem
2439 2572 2457 2602 ,
2492 2528 2556 2588 et
2599 2524 2742 2589 ideo
2781 2526 2851 2589 in
2894 2544 3130 2606 genere
3167 2525 3364 2590 moris
3381 2573 3401 2605 ,
3435 2525 3597 2590 actio
3643 2525 3768 2589 fuit

2226 2628 2428 2708 mala,
2461 2634 2528 2695 et
2568 2630 2691 2695 Deo
2729 2631 3096 2715 displicenS,
3126 2636 3191 2697 et
3226 2632 3435 2716 passio
3473 2632 3641 2696 bona
3656 2680 3675 2712 ,
3703 2637 3769 2697 et

2228 2736 2353 2802 Deo
2380 2737 2634 2822 placens
2659 2758 2675 2803 τ
2699 2739 2880 2804 etsie
2905 2744 3080 2823 patet
3103 2742 3335 2810 totum.

2867 2974 3006 3021 ntJB.
3051 2971 3145 3020 IV.

2229 3105 2377 3165 Quod
2410 3109 2611 3158 tantum
2640 3106 2836 3157 bonum
2866 3106 2959 3158 fuit
2973 3144 2991 3171 ‚
3019 3109 3076 3165 ut
3103 3105 3367 3171 apostolus
3399 3105 3578 3157 Petrus
3605 3105 3690 3170 qui
3717 3105 3771 3156 id

2288 3176 2400 3230 fieri
2423 3179 2652 3244 nolebat,
2674 3179 2875 3244 abipso
2897 3180 2986 3244 qui
3010 3179 3212 3231 occisus
3229 3183 3325 3243 est,
3341 3180 3553 3231 Satanas
3579 3178 3772 3229 dicere-

2290 3257 2391 3303 tur.

2310 3387 2583 3453 Contra:
2611 3385 2980 3451 Secundum
3005 3387 3133 3451 hoc
3151 3385 3408 3452 videtur
3433 3384 3605 3468 quod
3631 3385 3772 3468 qui-

2231 3512 2509 3576 cumque
2544 3493 2748 3573 dolet,
2788 3498 2852 3558 et
2890 3494 3178 3558 tristatur
3216 3493 3380 3557 circa
3414 3493 3770 3576 passionem

2230 3602 2460 3667 Christi
2480 3650 2496 3678 ,
2537 3607 2700 3665 esset
2734 3602 3216 3683 redarguendus
3248 3625 3263 3666 t
3296 3620 3453 3683 ergo
3489 3603 3773 3684 peccavit

2231 3709 2595 3773 beatissima
2636 3708 2832 3773 Mater
2865 3710 3024 3773 dum
3065 3710 3302 3789 doluit,
3343 3710 3509 3772 sicut
3541 3709 3773 3772 dicitur

2231 3817 2297 3879 in
2318 3816 2526 3881 Luca²
2548 3839 2563 3882 :
2594 3816 2793 3884 Tuam
2813 3819 3028 3899 ipsius
3047 3819 3333 3883 animam
3352 3816 3774 3898 pertransibit

2227 3922 2514 4007 qladius.
2537 3921 2970 3990 Peccaverunt
2993 3925 3280 4003 similiter
3301 3924 3602 4006 Apostoli.
3637 3922 3774 3986 Fal-

2231 4050 2380 4094 sum
2414 4032 2607 4094 etiam
2642 4032 2794 4096 dicit
2818 4033 3160 4114 Apostolus
3188 4032 3211 4068 ³
3256 4051 3274 4096 z
3315 4032 3389 4097 Si
3434 4029 3773 4097 sustinebi-

2231 4154 2398 4216 mus,
2430 4144 2487 4204 et
2511 4126 3056 4222 conreqnabz‘mus.

2314 4244 2497 4328 Resp.
2529 4246 2880 4311 Dicendum
2903 4248 3074 4329 quod
3099 4246 3310 4311 dolere
3336 4246 3413 4311 de
3437 4247 3651 4329 aliquo
3679 4249 3776 4310 est

2234 4353 2566 4436 dupliciter
2590 4376 2605 4417 :
2628 4359 2740 4417 aut
2764 4354 2854 4417 ita
2878 4355 3051 4436 quod
3077 4354 3300 4419 dolens
3326 4354 3651 4418 voluntate
3678 4371 3777 4416 ra-

2233 4460 2425 4524 tionis
2452 4460 2740 4525 absoluta
2765 4461 2920 4526 velit
2946 4462 3342 4525 contrarium
3371 4463 3516 4543 ejus
3542 4461 3620 4524 de
3646 4477 3776 4541 quo

2233 4567 2436 4647 dolet3
2475 4571 2541 4630 et
2579 4569 2668 4631 sic
2701 4567 2864 4631 nulli
2901 4569 3084 4633 licuit
3120 4569 3330 4633 dolere
3368 4569 3445 4632 de
3485 4567 3777 4650 passione

2235 4668 2486 4734 Christi.
2529 4669 2607 4734 Et
2648 4669 2904 4750 PetruS,
2947 4673 3103 4754 quia
3140 4672 3469 4735 voluntate
3510 4671 3778 4734 rationis

2235 4778 2629 4842 contrarium
2678 4778 2971 4853 volebat,
3027 4783 3120 4842 est
3175 4779 3581 4859 redargutus.
3633 4777 3777 4842 Alio

2235 4887 2427 4950 modo
2469 4887 2680 4950 dolere
2716 4886 2795 4950 de
2831 4886 3046 4968 aliquo
3082 4890 3178 4949 est
3215 4886 3365 4949 ferri
3399 4887 3484 4949 ad
3518 4890 3777 4949 contra-

2236 4996 2406 5059 rium
2433 4995 2758 5060 voluntate
2788 4997 3035 5077 pietatis
3054 5043 3070 5071 ‚
3102 5001 3318 5059 tamen
3347 4994 3778 5059 nihilominus

2237 5101 2358 5165 hoc
2384 5102 2547 5166 velle
2575 5102 2902 5167 voluntate
2933 5104 3220 5167 absoluta
3249 5122 3265 5166 ε
3297 5103 3387 5167 sic
3418 5104 3660 5167 bonum
3682 5105 3780 5164 est

2239 5210 2569 5275 condolere
2605 5210 2881 5291 Christo,
2920 5216 2984 5277 et
3023 5212 3129 5295 pie
3164 5212 3329 5275 affici
3367 5211 3536 5275 circa
3567 5228 3724 5273 eum
3755 5228 3773 5272 ε

2238 5320 2302 5380 et
2325 5316 2416 5379 sic
2439 5317 2805 5383 afficiuntur
2829 5320 2950 5384 viri
2977 5320 3176 5383 sancti
3197 5318 3310 5401 qui
3337 5336 3606 5399 magnas
3627 5334 3778 5397 gra-

2310 5443 2683 5507 'Aug.,ssm}a.,
2700 5458 2747 5495 c.
2767 5444 3087 5508 cr.-³Luc.,
3103 5457 3162 5509 11,
3182 5447 3327 5496 35.--
3342 5444 3585 5503 ⁸¹1T1'm„
3601 5454 3661 5505 11,
3685 5446 3768 5492 ¹2.
