4125 6225
635 450 754 510 398

633 579 929 657 unibilis;
968 580 1121 661 quia
1158 579 1354 643 homo
1383 577 1620 660 appetit
1652 575 1897 639 bonum
1924 574 2078 650 sibi,
2113 578 2177 638 et

636 686 879 751 bonum
922 685 1044 750 sibi
1088 691 1183 750 est
1219 684 1461 750 unibile
1508 683 1629 747 sibi
1676 705 1690 746 :
1736 682 1847 746 sed
1887 680 2182 746 diabolus

634 780 798 857 bene
825 794 1031 872 videt,
1061 794 1232 876 quod
1266 812 1398 857 non
1435 795 1640 875 potest
1673 789 1753 854 ad
1782 788 1889 853 Dei
1916 788 2180 853 celsitu·-

635 901 851 965 dinem
898 901 1234 984 pervenire
1253 950 1271 981 ‚
1318 901 1471 984 quia
1511 897 1789 963 revelata
1829 901 1923 961 est
1960 897 2020 960 ei
2063 914 2184 960 sua

633 1008 989 1088 damnati0,
1021 1012 1096 1072 ut
1120 1009 1270 1072 dicit
1295 1007 1701 1089 Augustinus
1721 1005 1764 1084 ¹,
1797 1003 1875 1069 de
1904 1003 2178 1069 Mirabi-

634 1114 802 1181 libus
842 1132 1043 1182 sacroe
1073 1117 1451 1198 scripturae,
1478 1115 1560 1179 ad
1588 1132 1725 1178 suae
1758 1110 2181 1177 damnationis

635 1222 974 1287 cumulum
1001 1223 1380 1306 desperavit.

1181 1391 1633 1502 coNcLusm.

636 1589 851 1643 Dcemon
891 1588 954 1642 in
989 1587 1272 1644 voluntate
1313 1588 1468 1643 mala
1516 1600 1721 1659 semper
1763 1588 2181 1643 continuitatem

705 1675 866 1731 habet
891 1675 1070 1746 quoad
1093 1675 1514 1747 deformitatem,
1540 1675 1719 1747 quoad
1739 1678 2097 1747 pronitatem,
2128 1679 2181 1732 et

705 1763 885 1836 quoad
912 1768 1094 1820 actum
1125 1764 1420 1837 peccandi,
1466 1781 1583 1821 cum
1617 1765 1833 1821 macula
1872 1765 1942 1820 ab
1975 1781 2032 1821 eo
2071 1781 2182 1822 non

699 1854 875 1925 possit
917 1857 1201 1925 separari,
1250 1869 1555 1926 semperque
1590 1853 1733 1911 idem
1772 1859 2000 1927 appetat
2041 1854 2186 1926 quod

697 1947 879 2015 primo
906 1947 1163 2016 appetiit,
1195 1960 1500 2016 omnemque
1527 1960 1680 2001 suum
1707 1949 1889 2002 actum
1924 1947 2184 2014 deformet

706 2038 869 2104 atque
896 2033 1174 2106 depravet.

713 2181 898 2264 Resp.
933 2181 1010 2245 ad
1037 2182 1196 2263 Arg.
1236 2180 1585 2246 Dicendum
1613 2183 1786 2264 quod
1814 2181 1988 2265 loqui
2021 2200 2178 2246 con-

634 2287 826 2368 tingit
859 2287 937 2351 de
965 2287 1133 2352 mala
1158 2287 1484 2352 voluntate
1518 2288 1870 2370 tripliciter,
1901 2289 2176 2352 scilicet:

635 2398 951 2478 quantum
975 2395 1055 2458 ad
1078 2394 1540 2460 deformitatem
1554 2446 1572 2476 ,
1600 2400 1914 2479 quantum
1937 2396 2017 2461 ad
2039 2414 2181 2479 pro·

635 2503 928 2578 nitatem,
954 2506 1018 2564 et
1043 2506 1359 2585 quantum
1387 2503 1466 2566 ad
1494 2503 1944 2568 actualitatem.
1972 2501 2182 2580 Quan-

636 2612 777 2673 tum
804 2609 884 2672 ad
911 2609 1378 2673 deformitatem
1394 2657 1412 2688 ,
1445 2614 1539 2673 est
1566 2611 1636 2673 in
1664 2609 1833 2674 mala
1858 2609 2182 2674 voluntate

636 2716 924 2780 diabolus
948 2718 1283 2796 continue;
1323 2717 1413 2781 ita
1436 2718 1607 2800 quod
1637 2717 1814 2782 nulla
1838 2717 2183 2783 intervenit

634 2823 903 2887 variatio
956 2841 1072 2907 per
1115 2823 1529 2889 deformitatis
1583 2825 1956 2890 desitionem
1978 2873 1997 2904 ,
2021 2824 2183 2888 *sive

642 2928 1136 2994 minorationem
1160 2953 1174 2995 ε
1198 2932 1352 3013 quia
1372 2932 1463 2996 ita
1481 2932 1748 2997 adhaesit
1769 2931 2021 2996 macula
2042 2948 2183 3014 peo-

639 3037 762 3100 cati
790 3037 1103 3102 voluntati
1134 3039 1401 3118 diaboli,
1429 3043 1504 3103 ut
1542 3040 1723 3104 nullo
1757 3040 1947 3104 modo
1990 3039 2187 3123 possit

604 3196 609 3201 .
637 3144 719 3208 ab
744 3144 851 3208 illa
875 3145 1178 3228 separari.
1206 3146 1532 3224 Quantum
1556 3148 1636 3213 ad
1662 3147 2066 3231 pronitatem,
2092 3150 2186 3211 aet

638 3252 1033 3316 continuatio
1064 3254 1348 3335 ejusdem
1369 3302 1388 3334 ,
1421 3255 1510 3318 ita
1541 3258 1755 3319 tamen
1787 3254 1958 3337 quod
1985 3253 2187 3318 inter-

635 3359 817 3423 venit
859 3359 1130 3424 variatio
1183 3364 1501 3443 quantum
1549 3361 1630 3425 ad
1684 3362 1949 3425 modum
2000 3361 2183 3425 incli-

638 3465 855 3553 nandi.
888 3465 1182 3531 Diabolus
1208 3468 1383 3531 enim
1409 3468 1489 3531 ad
1524 3468 1737 3550 ipsum
1768 3468 1941 3552 quod
1976 3469 2186 3551 primo

554 3606 561 3614 ι
635 3572 934 3655 appetiit,
966 3574 1160 3637 etiam
1187 3593 1362 3639 nunc
1397 3576 1781 3658 pronitatem
1818 3575 2042 3656 habet,
2076 3576 2186 3641 sed

638 3678 956 3743 differenti
980 3680 1170 3745 modo
1195 3700 1392 3763 quam
1420 3682 1631 3764 prius;
1660 3683 1843 3765 prius
1864 3683 2042 3749 enim
2070 3701 2184 3765 ap-

636 3786 816 3869 petiit
842 3805 993 3851 cum
1020 3788 1343 3871 proposito
1369 3789 1716 3869 obtinendi,
1746 3789 1915 3855 unde
1939 3789 2101 3855 dixit
2116 3794 2180 3854 ἰ

636 3893 880 3960 Ponam
938 3895 1145 3962 sedem
1200 3912 1404 3962 meam
1462 3895 1553 3963 ad
1608 3895 1972 3979 aquilonem
1991 3946 2010 3975 ,
2063 3901 2181 3962 etc.

638 3998 823 4065 Nunc
851 4002 1090 4086 appetit
1123 4007 1436 4085 quantum
1470 4003 1541 4067 in
1580 4022 1647 4067 se
1682 4008 1807 4082 est,
1846 4004 2013 4069 sicut
2044 4023 2187 4069 am-

636 4105 902 4173 bitiosus
928 4109 1043 4192 qui
1075 4114 1287 4192 sperat
1311 4110 1597 4175 obtinere
1630 4111 2064 4193 episcopatum
2079 4159 2097 4190 ,
2123 4115 2188 4175 et

640 4213 696 4277 si
739 4234 870 4280 non
912 4217 1197 4281 obtineat
1214 4265 1231 4288 .
1276 4235 1409 4282 non
1452 4217 1691 4282 recedit
1732 4218 1994 4282 ambitio
2011 4266 2030 4298 ,
2075 4217 2185 4282 sed

639 4323 868 4386 modus
905 4323 1229 4388 ambiendi
1255 4325 1540 4388 variatur
1572 4346 1588 4389 z
1619 4325 1710 4389 sic
1739 4329 1803 4390 et
1831 4326 1901 4388 in
1934 4325 2185 4391 diabolo

640 4433 737 4493 ost
767 4450 782 4492 τ
809 4435 1123 4512 quantum
1160 4432 1242 4495 ad
1269 4432 1698 4496 actualitatem
1724 4436 1819 4497 est
1850 4433 2184 4497 continua-

638 4536 728 4599 tio
764 4537 834 4600 in
868 4541 1016 4601 actu
1056 4539 1391 4620 peccandi;
1435 4542 1654 4603 tamen
1687 4538 2034 4606 intervenit
2070 4558 2187 4604 va-

638 4643 828 4708 riatio
867 4649 1183 4727 quantum
1220 4646 1300 4709 ad
1335 4663 1543 4727 genus
1556 4693 1574 4726 ,
1611 4645 1767 4729 quia
1800 4665 1932 4710 non
1970 4652 2186 4730 peccat

639 4753 936 4816 continue
980 4755 1236 4834 peccato
1281 4752 1477 4816 unius
1521 4752 1779 4833 generis
1793 4802 1812 4833 ,
1855 4771 2006 4819 cum
2051 4772 2186 4819 non

638 4866 977 4923 moveatur
990 4858 1186 4923 simul
1203 4859 1482 4923 motibus
1498 4860 1788 4924 diversis.
1809 4859 1992 4926 Modo
2010 4863 2185 4927 enim

637 4972 853 5047 peccat
891 4965 1218 5049 superbia,
1264 4966 1455 5029 modo
1495 4965 1737 5031 invidia
1751 5016 1768 5048 ,
1813 4968 2002 5034 modo
2042 4970 2186 5034 aliis

639 5072 879 5152 modis;
921 5075 1138 5137 tamen
1178 5073 1478 5138 voluntas
1513 5074 1656 5156 eJus
1697 5092 2037 5158 nunquam
2077 5096 2183 5142 re·

638 5179 939 5262 quiescit,
988 5180 1142 5264 quia
1181 5199 1518 5264 nunquam
1563 5181 1858 5259 lassatur,
1902 5201 2053 5248 cum
2098 5186 2184 5251 sit

707 5342 721 5376 ¹
768 5343 862 5394 Vel
894 5347 1101 5407 auctor,
1142 5292 1449 5409 quicumque
1488 5344 1574 5395 ille
1612 5345 1696 5409 sit,
1743 5345 1831 5399 lib.
1883 5346 1945 5397 de
1988 5348 2178 5401 Mimo.

643 5412 700 5464 S.
724 5413 931 5478 Scripi„
963 5414 1051 5465 lib.
1078 5415 1136 5479 1,
1157 5428 1207 5465 c.
1225 5427 1285 5465 11.
1302 5442 1367 5454 —
1383 5416 1539 5480 ¹Isa.‚
1560 5418 1773 5482 nv,13.

1762 438 2384 506 SENTENTIARUM
2424 441 2572 508 LIB.
2615 441 2696 509 ΙΙ.

2289 575 2785 659 incorruptibilis
2812 598 2826 641 τ
2853 579 2919 641 et
2944 594 3095 641 cum
3120 575 3188 639 in
3214 593 3291 639 ea
3315 577 3545 656 regnet
3570 593 3812 657 perver-

2289 684 2459 763 sitas,
2498 702 2751 766 semper
2776 703 3039 749 omnem
3061 687 3274 748 actum
3293 699 3490 765 quem
3505 682 3698 761 elicit,
3725 684 3819 748 de-

2287 789 2518 854 format
2547 796 2611 854 et
2645 791 2984 874 depravat,
3015 795 3079 855 et
3113 791 3201 853 ita
3235 791 3537 854 continue
3573 794 3812 871 peccat:

2288 901 2351 959 et
2375 898 2786 963 concedendae
2808 902 2961 963 sunt
2982 898 3259 963 rationes
3280 897 3359 961 ad
3381 896 3504 961 hoc
3529 897 3812 960 inductae.

2370 1009 2429 1068 1.
2474 1004 2576 1069 Ad
2602 1005 2764 1071 illud
2795 1006 2970 1089 quod
3001 1006 3330 1089 objicitur,
3359 1005 3535 1087 quod
3569 1005 3820 1069 credunt

2289 1114 2352 1174 et
2378 1112 2895 1189 contremiscunt,
2923 1111 3265 1176 dicendum
3285 1111 3460 1194 quod
3477 1111 3820 1193 actusjudi·

2288 1222 2470 1282 catur
2503 1218 2710 1283 bonus
2747 1219 3124 1302 dupliciter:
3172 1222 3286 1282 aut
3323 1236 3408 1282 ex
3449 1236 3519 1281 se
3537 1264 3554 1292 ,
3607 1222 3819 1299 utputa

2287 1325 2543 1406 quando
2569 1331 2664 1391 est
2688 1330 2869 1391 actus
2892 1325 3148 1390 virtutis
3166 1323 3472 1389 elicientis
3490 1323 3729 1405 ipsum,
3755 1326 3822 1386 ut

2288 1432 2604 1498 abstinere
2631 1454 2670 1498 a
2704 1434 3167 1517 voluptatibuS,
3199 1437 3264 1496 et
3293 1430 3691 1496 consimiles:
3720 1435 3820 1494 aut

2287 1558 2369 1604 ex
2397 1542 2700 1624 adjuncto
2719 1592 2736 1623 ,
2764 1543 2934 1607 sicut
2954 1541 3046 1606 ire
3068 1541 3148 1605 ad
3167 1539 3472 1605 Sanctum
3496 1537 3530 1602 J
3533 1538 3817 1603 acobum.

2288 1645 2390 1710 Sic
2424 1652 2603 1712 actus
2638 1649 2850 1714 malus
2877 1647 3108 1713 dicitur
3132 1645 3503 1728 dupliciter:
3543 1649 3659 1708 aut
3681 1644 3824 1726 quia

2288 1753 2519 1819 directe
2545 1755 2795 1820 elicitur
2821 1775 2860 1819 a
2885 1747 3081 1832 vitio‚·
3096 1759 3170 1819 ut
3193 1752 3357 1817 velle
3380 1769 3688 1835 praeesse;
3721 1754 3823 1814 aut

2289 1860 2441 1940 quia
2455 1861 2689 1925 vitium
2707 1860 3069 1925 deformans
3087 1857 3574 1935 concomitatur,
3592 1860 3668 1920 ut
3681 1855 3824 1920 dare

2288 1965 2756 2049 eleemosynam
2807 1971 3064 2049 propter
3099 1983 3334 2029 vanam
3378 1963 3655 2045 gloriam
3668 2009 3686 2040 ,
3728 1962 3826 2026 vel

2248 2090 2257 2100 ·
2289 2090 2438 2135 cum
2463 2091 2820 2150 murmure,
2851 2079 2914 2137 et
2940 2072 3370 2156 impatientia:
3401 2076 3464 2134 et
3490 2070 3615 2134 hoc
3641 2068 3825 2134 modo

2289 2177 2600 2244 deformat
2616 2180 2905 2245 diabolus
2922 2185 3138 2245 actum
3156 2179 3479 2258 credendi3
3503 2179 3662 2261 quia
3680 2196 3825 2242 cum

2289 2302 2623 2350 murmure
2640 2336 2658 2366 ,
2688 2291 2754 2351 et
2780 2287 3209 2369 impatientia,
3239 2290 3303 2350 et
3327 2284 3720 2368 displicentia
3747 2285 3828 2347 il-

2287 2390 2413 2455 lius
2439 2393 2612 2474 quod
2653 2394 2883 2474 credit,
2916 2396 3212 2458 movetur
3250 2393 3319 2455 in
3355 2397 3573 2456 actum
3610 2391 3822 2456 illum:

2289 2502 2351 2562 et
2376 2497 2468 2561 ita
2506 2499 2819 2564 credendo
2848 2504 3094 2583 peccat,
3125 2515 3258 2564 non
3282 2498 3436 2580 quia
3460 2498 3661 2562 credit
3678 2546 3696 2575 ,
3721 2498 3825 2561 sed

2289 2606 2446 2686 quia
2464 2623 2595 2669 non
2613 2624 2689 2670 eo
2709 2607 2919 2687 modo,
2945 2623 3076 2689 quo
3099 2605 3356 2671 credere
3372 2605 3581 2682 debet,
3609 2604 3824 2671 credit.

2291 2712 2595 2777 Similiter
2633 2714 3055 2797 judicandum
3091 2716 3219 2792 est,
3273 2713 3327 2778 si
3365 2712 3658 2778 diabolus
3703 2713 3823 2777 Deo

2290 2821 2565 2886 obediat.

2371 2934 2432 2997 2.
2492 2931 2590 2995 Ad
2645 2931 2803 2998 illud
2859 2931 3033 3015 quod
3084 2931 3379 3014 objicitur
3430 2931 3510 2996 de
3563 2932 3790 2997 timore
3805 2981 3824 3010 ,

2292 3040 2430 3104 dico
2455 3039 2630 3124 quod
2653 3058 2882 3106 verum
2910 3043 3006 3103 est
3029 3040 3202 3123 quod
3236 3039 3446 3118 timet;
3477 3040 3590 3104 sed
3618 3043 3832 3104 tamen

2291 3146 2486 3211 timor
2503 3148 2592 3211 ita
2610 3147 2797 3211 exilis
2821 3151 2936 3227 est,
2964 3149 3028 3210 et
3044 3146 3342 3211 voluntas
3360 3145 3661 3228 peccandi
3679 3148 3832 3211 adeo

2292 3258 2388 3319 est
2419 3255 2733 3337 improba,
2770 3253 2946 3337 quod
2980 3258 3240 3336 propter
3272 3253 3396 3318 hoc
3430 3272 3563 3318 non
3594 3258 3830 3319 cessat:

2293 3359 2456 3423 sicut
2468 3360 2539 3422 in
2554 3359 2825 3440 latrone,
2847 3359 2959 3441 qui
2973 3358 3120 3423 licet
3130 3359 3354 3424 timeat
3376 3360 3606 3438 furcaS,
3620 3363 3837 3424 tamen

2293 3472 2550 3552 propter
2565 3468 2920 3552 appetitum
2937 3467 3191 3532 furandi
3213 3486 3344 3535 non
3359 3472 3560 3533 cessat
3575 3487 3614 3532 a
3631 3468 3833 3533 furto:

2294 3579 2358 3639 et
2399 3576 2467 3640 in
2497 3577 2634 3659 ipso
2677 3576 2904 3639 timore
2943 3578 3195 3657 peccat,
3238 3574 3414 3657 quod
3451 3574 3741 3658 displicet
3780 3574 3839 3639 ei

2293 3681 2510 3747 divina
2530 3682 2786 3765 justitia
2813 3699 3015 3764 quam
3039 3680 3360 3746 formidat.

2378 3794 2439 3854 3.
2485 3790 2583 3853 Ad
2610 3789 2769 3853 illud
2796 3788 2968 3872 quod
2992 3787 3314 3869 objicitur,
3348 3787 3522 3870 quod
3546 3788 3840 3871 ajudicio

2293 3899 2812 3982 praesumptionis
2847 3896 3194 3976 desistunt3
3238 3898 3580 3963 dicendum
3631 3899 3804 3981 quod
3821 3945 3839 3976 ‚

2295 4009 2460 4071 sicut
2473 4007 2720 4071 dictum
2737 4008 2853 4083 est,
2875 4005 3176 4089 quamvis
3194 4024 3328 4070 non
3345 4004 3622 4069 audeant
3648 4023 3845 4089 appe-

2293 4118 2427 4179 tere
2461 4114 2634 4197 quod
2674 4115 2883 4197 primo
2918 4113 3062 4177 ausi
3097 4118 3280 4194 sunt,
3314 4118 3526 4178 tamen
3552 4114 3846 4197 improba

2293 4222 2622 4287 voluntate
2650 4241 2783 4287 non
2812 4222 3121 4287 desistunt
3146 4228 3475 4305 appetere;
3499 4226 3562 4286 et
3586 4222 3644 4285 si
3667 4223 3844 4286 viam

2294 4332 2546 4410 possent
2585 4329 2876 4393 invenire
2901 4347 3018 4412 per
3059 4346 3256 4410 quam
3293 4327 3623 4392 crederent
3645 4328 3843 4392 attin-

2293 4454 2470 4515 gere,
2493 4436 2731 4518 absque
2750 4435 2945 4500 dubio
2965 4434 3138 4499 idem
3156 4438 3620 4517 praesumerent
3642 4452 3835 4499 nunc.

2295 4540 2494 4620 Unde,
2513 4541 2807 4625 quamvis
2821 4542 2933 4622 sitfi
2947 4540 3226 4605 udicium
3241 4539 3565 4607 variatum
3584 4544 3840 4622 propter

2293 4665 2630 4730 pomarum
2649 4648 2980 4727 intuitum,
3002 4652 3218 4711 tamen
3245 4646 3567 4729 appetitus
3590 4665 3722 4712 non
3743 4652 3839 4711 est

2293 4758 2579 4835 avulsuS‚
2605 4776 2724 4823 nec
2740 4758 2986 4822 malum
3008 4757 3425 4836 desiderium
3449 4757 3582 4821 imo
3613 4761 3841 4839 regnat

2294 4867 2464 4929 actu.

2373 4975 2434 5035 4.
2480 4970 2577 5034 Ad
2599 4970 2755 5034 illud
2785 4969 2958 5053 quod
2993 4969 3290 5051 objicitur
3322 4968 3400 5033 de
3425 4973 3612 5034 motu
3639 4974 3834 5034 natu-

2291 5080 2433 5158 rali,
2494 5078 2875 5162 respondent
2901 5078 3187 5160 quidam,
3224 5077 3397 5160 quod
3437 5081 3691 5155 natura,
3721 5078 3830 5142 etsi

2292 5205 2428 5252 non
2450 5187 2535 5251 sit
2558 5185 2857 5261 extincta,
2888 5189 2983 5249 est
3025 5189 3244 5249 tamen
3283 5184 3441 5248 adeo
3487 5184 3827 5268 consopita,

2292 5299 2355 5360 et
2384 5295 2564 5359 liberi
2607 5293 2851 5357 arbitrii
2902 5291 3144 5356 malitia
3179 5297 3506 5374 superata,
3549 5292 3722 5375 quod
3759 5292 3824 5354 in

2292 5408 2507 5469 actum
2532 5420 2727 5467 suum
2761 5419 2895 5465 non
2921 5405 3126 5484 potest
3150 5400 3351 5469 exire.
3381 5400 3580 5471 Aliter
3611 5406 3821 5465 tamen
