4125 6225
668 384 786 445 416

670 513 1127 596 contingentia,
1153 515 1425 578 videtur.
1452 511 1701 590 Quanto
1726 511 1971 593 aliquid
1997 509 2206 590 magis

669 626 763 685 est
800 639 1079 704 praesens
1109 620 1333 699 alicui,
1363 623 1539 684 tanto
1575 617 1807 682 certius
1838 621 1934 681 est
1968 617 2070 681 ei:
2098 615 2207 680 sed

669 729 967 793 voluntas
992 729 1501 810 uniuscujusque
1529 726 1648 789 sibi
1679 727 2048 809 praesentior
2078 727 2203 802 est,

669 855 866 918 quam
911 836 1018 900 alii
1051 858 1065 900 :
1097 854 1254 917 ergo
1300 835 1524 899 certior
1558 839 1651 898 est
1696 834 1813 896 sibi
1855 833 2009 917 quid
2044 833 2208 896 velle

670 944 922 1024 debeat,
954 963 1150 1027 quam
1177 944 1283 1007 alii
1313 967 1328 1008 ε
1355 943 1463 1007 sed
1490 942 1684 1005 homo
1711 942 1930 1006 nullus
1954 941 2209 1005 certitu-

669 1051 961 1115 dinaliter
1001 1052 1116 1115 scit
1146 1050 1301 1134 quid
1335 1050 1560 1114 debeat
1588 1066 1725 1113 cras
1752 1048 1943 1127 velle,
1968 1048 2073 1113 vel
2110 1066 2210 1111 co-

670 1159 874 1239 gitare
901 1180 917 1221 t
944 1176 1102 1238 ergo
1128 1157 1333 1222 multo
1359 1158 1577 1222 minus
1602 1175 1719 1220 nec
1744 1156 1869 1220 alia
1893 1158 2205 1232 creatura,

671 1270 987 1348 quantum
1014 1270 1109 1329 est
1133 1266 1210 1330 de
1240 1284 1338 1343 se,
1369 1269 1576 1348 potest
1609 1263 1927 1346 praescire.

751 1373 908 1437 Item
936 1374 1144 1437 omnis
1170 1373 1451 1455 cognitio
1480 1376 1788 1436 creaturae
1819 1371 2050 1455 pendet
2076 1390 2115 1435 a
2140 1389 2211 1435 re

672 1482 857 1558 scita,
889 1482 1039 1564 quia
1070 1482 1284 1545 scibile
1312 1501 1441 1546 non
1467 1500 1534 1545 se
1571 1481 1762 1544 habet
1792 1481 1862 1543 in
1886 1497 2211 1562 compara-

672 1590 843 1654 tione
870 1589 950 1654 ad
980 1590 1285 1653 scientem
1316 1593 1600 1654 creatum
1632 1607 1745 1671 per
1776 1588 2040 1652 modum
2073 1606 2212 1670 pos-

672 1698 868 1761 sibilis
890 1747 908 1778 ,
957 1698 1065 1762 sed
1113 1699 1323 1781 potius
1370 1717 1483 1780 per
1528 1698 1792 1762 modum
1839 1698 2106 1762 actualis
2152 1702 2214 1762 et

674 1806 897 1870 motivi
925 1829 939 1869 ε
966 1807 1076 1870 sed
1101 1807 1278 1870 nulla
1305 1806 1584 1887 cognitio
1610 1806 1890 1888 pendens
1917 1825 1956 1870 a
1979 1824 2214 1888 cogno-

673 1914 874 1978 scibili
919 1916 1126 1997 potest
1168 1932 1303 1977 esse
1344 1917 1513 1977 certa
1556 1912 1633 1976 de
1672 1931 1744 1976 re
1792 1914 2075 1977 incerta:
2105 1915 2214 1978 sed

673 2023 967 2087 futurum
1012 2021 1388 2101 contingens
1434 2024 1527 2083 est
1568 2037 1671 2083 res
1721 2019 1962 2084 incerta
2000 2038 2016 2080 :
2054 2039 2214 2102 ergo

675 2148 808 2193 non
853 2132 1058 2212 potest
1102 2127 1621 2192 certitudinaliter
1663 2127 1744 2191 ab
1785 2128 2015 2208 angelo
2059 2145 2217 2209 cog-

675 2237 868 2300 nosci.
1472 2238 1479 2248 “

758 2346 913 2410 Item
932 2393 949 2423 ,
980 2345 1035 2408 si
1060 2344 1384 2426 cognoscit
1412 2344 1659 2423 futura,
1687 2349 1800 2407 aut
1826 2362 1982 2425 ergo
2008 2345 2212 2409 scien-

678 2456 765 2519 tia
801 2454 1109 2537 acquisita
1127 2502 1145 2533 ,
1187 2457 1299 2517 aut
1337 2454 1555 2516 innata
1583 2475 1599 2517 z
1633 2454 1687 2516 si
1727 2453 2032 2535 acquisita
2051 2501 2068 2529 ‚
2108 2453 2216 2517 sed

677 2562 819 2626 haec
845 2561 1067 2643 incipit
1098 2560 1179 2624 ab
1204 2560 1536 2623 existentia
1566 2559 1694 2638 rei,
1725 2560 1879 2642 quia
1904 2580 1944 2625 a
1974 2579 2046 2625 re
2080 2561 2219 2643 ipsa

678 2673 1024 2752 generatur
1071 2669 1142 2731 in
1188 2669 1607 2749 cognoscente
1649 2688 1664 2730 :
1709 2685 1857 2732 cum
1911 2686 2069 2749 ergo
2116 2686 2219 2732 res

678 2778 967 2842 nondum
1013 2776 1130 2854 sit,
1179 2793 1310 2839 non
1358 2778 1564 2858 potest
1607 2775 2035 2856 cognitionem
2079 2777 2220 2858 ejus

680 2883 1027 2965 acquirere.
1069 2881 1135 2946 Si
1161 2882 1380 2944 innata
1396 2928 1414 2957 ,
1442 2898 1603 2961 ergo
1629 2897 1760 2943 non
1798 2884 2002 2962 potest
2034 2879 2222 2960 igno-

680 3008 824 3054 rare
860 2991 1074 3073 aliqua
1113 3006 1339 3054 eorum
1381 3005 1529 3070 quae
1573 2986 1792 3050 futura
1834 2990 1986 3050 sunt
2014 3008 2029 3049 :
2061 3003 2220 3066 ergo

682 3097 998 3181 praescivit
1042 3116 1260 3162 casum
1302 3115 1496 3160 suum
1545 3099 1889 3177 antequam
1934 3093 2216 3172 caderet,

683 3206 857 3288 quod
895 3224 1089 3289 supra
1109 3213 1129 3247 ¹
1154 3204 1588 3287 improbatum
1620 3207 1716 3269 est
1752 3207 2059 3287 tanquam
2094 3203 2220 3268 im-

684 3312 976 3395 possibile
1005 3331 1021 3376 ε
1054 3330 1232 3393 ergo,
1263 3316 1381 3376 etc.

766 3419 925 3484 Item
940 3468 959 3500 ,
985 3419 1039 3483 si
1065 3419 1317 3501 praescit
1340 3419 1587 3497 futura,
1613 3436 1772 3501 ergo
1799 3417 1914 3482 scit
1939 3416 2084 3501 quis
2109 3417 2221 3482 de-

684 3526 830 3592 beat
847 3528 1124 3608 vincere,
1150 3532 1370 3592 utrum
1395 3528 1550 3611 ipse,
1576 3529 1743 3592 anis
1764 3546 1957 3610 quem
1982 3531 2216 3591 tentat:

685 3654 841 3716 ergo
869 3635 1180 3718 cumipse
1206 3635 1484 3717 refugiat
1506 3635 1838 3702 victoriam
1865 3636 2183 3699 bonorum
2199 3682 2218 3712 ,

685 3761 1021 3825 nunquam
1054 3746 1350 3821 tentaret,
1380 3744 1501 3807 nisi
1534 3743 1675 3807 illos
1705 3762 1867 3826 quos
1901 3743 2223 3825 praesciret

685 3849 807 3914 sibi
850 3852 1261 3915 succumbere
1298 3873 1313 3916 :
1346 3851 1455 3916 sed
1495 3852 1755 3935 aliquos>
1785 3851 1942 3916 alios
1983 3854 2218 3929 tentat,

686 3960 849 4023 sicut
876 3962 1047 4041 patet
1075 3959 1145 4023 in
1168 3958 1285 4024 Job
1310 3977 1327 4024 z
1356 3978 1535 4041 erg0,
1564 3963 1685 4024 etc.

1227 4164 1680 4232 CONCLUSIO.

687 4311 956 4366 Daemones
1007 4311 1317 4380 futurorum
1363 4311 1785 4380 continqentium
1840 4322 1949 4363 non
1996 4311 2225 4380 possunt

759 4404 959 4456 certam
996 4399 1193 4456 habere
1222 4401 1726 4472 praecognitionem,
1777 4414 1895 4453 cum
1936 4398 2029 4453 hoc
2058 4399 2224 4453 solius

758 4494 832 4546 sit
871 4492 1005 4559 Dei3
1054 4491 1179 4546 licet
1214 4490 1278 4545 ob
1312 4492 1523 4560 inqenii
1571 4491 1956 4556 acrimoniam,
2007 4488 2224 4558 longam

759 4584 1149 4654 experientiam
1165 4621 1182 4649 ,
1243 4580 1478 4636 dolosam
1525 4579 1829 4649 cautelam,
1881 4583 1933 4634 et
1984 4577 2226 4634 alienam

760 4670 1060 4726 doctv‘inam
1094 4669 1391 4741 aliquando
1415 4671 1628 4742 possint
1652 4683 1783 4724 vera
1802 4667 2114 4740 proedicere.

768 4821 953 4904 Resp.
985 4821 1065 4885 ad
1091 4821 1367 4901 Argum.
1397 4820 1745 4884 Dicendum
1772 4819 1942 4902 quod
1968 4819 2225 4884 futuro·-

690 4949 841 4996 rum
878 4935 973 4995 est
994 4929 1232 5012 triplex
1262 4945 1491 5010 genus,
1525 4926 1830 5003 Quaedam
1868 4927 2039 4991 enim
2076 4928 2228 4991 sunt

687 5038 928 5117 futura,
954 5055 1100 5121 quae
1126 5037 1364 5100 habent
1383 5053 1640 5100 causam
1657 5034 2142 5099 determinatam
2164 5037 2228 5098 et

689 5145 1109 5224 infallibilem,
1147 5148 1378 5228 utputa
1409 5143 1488 5227 (a)
1521 5146 1670 5207 sunt
1704 5142 1813 5206 illa
1843 5143 1915 5227 (b)
1943 5160 2094 5225 quae
2124 5145 2222 5207 at-

689 5254 1044 5316 tenduntur
1070 5252 1235 5316 circa
1276 5256 1524 5316 motum
1554 5268 1896 5333 corporum
1940 5251 2230 5335 superio-

756 5376 774 5411 ¹
790 5375 919 5426 Dist.
936 5387 1011 5441 1v,
1036 5378 1133 5426 art.
1153 5378 1202 5439 2,
1232 5389 1285 5440 q.
1305 5388 1368 5427 11.
1395 5401 1456 5413 —
1472 5376 1497 5411 ¹
1512 5373 1643 5426 Dist.
1668 5386 1819 5426 mx.

1796 371 2417 441 SENTENTIARIJM
2453 372 2601 438 LIB.
2649 373 2726 438 11.

2311 527 2461 573 rum
2482 558 2499 587 ,
2539 509 2609 572 in
2636 508 2868 592 quibus
2896 512 2991 572 est
3031 508 3468 574 determinatio
3492 556 3510 586 ,
3540 513 3608 573 et
3646 508 3854 572 omnis

2310 614 2747 698 impedimenti
2770 616 3037 681 remotio
3069 635 3085 679 ε
3119 616 3267 680 talia
3296 621 3562 699 possunt
3587 617 3858 681 certitu-

2312 723 2605 788 dinaliter
2633 723 2778 786 sciri
2812 743 2941 788 non
2969 724 3178 788 solum
3206 744 3246 788 a
3270 724 3431 803 De0,
3460 725 3571 789 sed
3599 744 3643 788 a
3685 743 3859 788 crea-

2313 834 2492 907 tura,
2547 837 2610 896 et
2661 832 2783 895 hoc
2834 832 2902 895 in
2952 851 3069 896 sua
3114 851 3338 912 causa,
3389 833 3557 897 sicut
3606 840 3862 915 tempus

2314 940 2586 1020 eclipsiS‚
2622 944 2686 1003 et
2703 940 3156 1004 consimilium.
3187 940 3496 1018 Quaedam
3513 946 3695 1019 sunt,
3718 957 3862 1024 quae

2313 1038 2564 1111 habent
2603 1066 2863 1111 causam
2915 1048 3396 1113 determinatam
3419 1097 3436 1126 ,
3482 1049 3595 1112 sed
3650 1052 3864 1112 tamen

2312 1154 2636 1218 fallibilem
2657 1203 2676 1235 ,
2725 1160 2955 1238 utputa
3004 1158 3084 1236 (a)
3133 1160 3286 1220 sunt
3337 1157 3448 1221 illa
3469 1205 3487 1235 ,
3532 1174 3687 1239 quae
3719 1158 3866 1220 sunt

2317 1262 2670 1327 secundum
2696 1261 3079 1327 'inferiorem
3119 1268 3418 1328 naturam
3456 1287 3470 1328 ε
3530 1283 3687 1347 quae
3728 1263 3864 1328 ideo

2315 1368 2556 1434 habent
2583 1388 2840 1434 causam
2869 1371 3379 1450 determinatam,
3412 1372 3572 1455 quia
3598 1371 3865 1436 intentio

2316 1480 2566 1542 naturae
2604 1489 2822 1543 movet
2857 1479 3270 1544 determinate
3307 1480 3387 1544 ad
3430 1499 3687 1557 unum;
3732 1480 3866 1543 ideo

2318 1604 2471 1651 vero
2493 1585 2839 1666 fallibilem,
2879 1588 3031 1669 quia
3061 1588 3492 1670 multipliciter
3518 1592 3736 1670 potest
3760 1606 3866 1651 oc·-

2319 1712 2573 1758 currere
2604 1695 3133 1776 impedimentum
3161 1719 3177 1761 ε
3208 1701 3434 1779 utputa
3465 1696 3545 1780 (a)
3583 1716 3748 1778 ager
3773 1715 3868 1760 se-

2319 1802 2619 1879 minatuS,
2656 1802 2709 1865 si
2739 1807 2908 1867 terra
2924 1805 3188 1887 pinguis
3211 1808 3327 1883 est,
3360 1808 3423 1868 et
3452 1805 3630 1868 bona
3659 1805 3867 1887 dispo-

2319 1908 2462 1972 sitio
2488 1909 2890 1992 superiorum
2924 1929 3261 1994 corporum
3281 1959 3298 1989 ,
3330 1913 3513 1976 affert
3552 1915 3868 1995 pinguem

2317 2017 2601 2082 fructum
2631 2041 2645 2082 ε
2678 2022 2741 2083 et
2768 2019 2885 2083 ista
2912 2025 3174 2102 possunt
3193 2021 3470 2103 quodam
3499 2022 3700 2085 modo
3728 2020 3870 2083 sciri

2322 2128 2385 2189 et
2410 2126 2689 2208 praesciri
2709 2176 2728 2207 ,
2762 2145 2894 2191 non
2922 2132 3177 2192 tantum
3210 2148 3248 2193 a
3285 2128 3442 2209 Dea,
3472 2129 3582 2194 sed
3614 2131 3809 2193 etiam
3833 2148 3870 2192 a

2322 2238 2635 2313 creatura,
2666 2253 2814 2316 quae
2835 2236 3017 2301 novit
3041 2242 3303 2301 naturas
3329 2256 3550 2302 rerum
3581 2238 3872 2321 superio-

2321 2357 2470 2403 rum
2498 2345 2562 2404 et
2591 2341 2965 2407 inferiorum
2988 2365 3005 2422 ;
3035 2363 3168 2408 non
3195 2349 3411 2409 tamen
3436 2345 3527 2409 ita
3549 2343 3870 2409 certitudi-

2321 2448 2570 2526 naliter,
2594 2450 2757 2513 sicut
2782 2452 3102 2534 praedicta.
3129 2452 3435 2530 Quaedam
3453 2458 3680 2518 autem
3697 2457 3865 2532 sunt,

2323 2573 2470 2637 quae
2497 2554 2736 2620 habent
2765 2576 3022 2623 causam
3063 2560 3626 2626 indeterminatam
3663 2566 3729 2626 et
3751 2561 3868 2626 fal·

2324 2663 2563 2728 libilem
2577 2713 2595 2742 ,
2624 2665 2788 2730 sicut
2816 2671 2966 2731 sunt
2995 2688 3070 2733 ea
3102 2689 3250 2752 quae
3288 2674 3441 2735 sunt
3466 2690 3506 2735 a
3541 2673 3868 2737 voluntate

2325 2778 2569 2852 nostra,
2604 2792 2755 2856 quae
2781 2775 3266 2841 indeterminata
3291 2781 3422 2856 est,
3457 2786 3722 2862 propter
3751 2779 3868 2843 hoc

2325 2879 2499 2961 quod
2529 2883 2626 2943 est
2656 2881 2735 2945 ad
2761 2884 3074 2964 opposita3
3122 2885 3397 2949 fallibilis
3435 2886 3634 2950 etiam
3653 2935 3676 2965 ,
3721 2884 3865 2967 quia

2326 2992 2632 3070 possunt,
2679 2989 2872 3053 etiam
2897 2991 3136 3056 volenti
3162 2994 3468 3075 proficere
3484 3042 3505 3072 ,
3536 3011 3871 3058 occurrere

2328 3096 2530 3161 multa
2572 3097 3024 3180 impedimenta
3076 3122 3090 3164 :
3137 3103 3201 3164 et
3234 3100 3385 3166 talia
3424 3119 3559 3166 non
3601 3102 3872 3185 possunt

2328 3202 2845 3269 certitudinaliter
2887 3206 3033 3270 sciri
3076 3207 3157 3271 ab
3200 3207 3415 3291 aliqua
3466 3213 3765 3273 creatura
3804 3208 3872 3271 in

2328 3312 2535 3394 seipsa
2552 3361 2571 3392 ,
2604 3312 2713 3376 sed
2738 3312 2946 3377 solum
2973 3331 3013 3376 a
3038 3313 3165 3379 Deo
3187 3363 3206 3395 ,
3249 3315 3354 3381 vel
3388 3334 3503 3399 per
3526 3316 3870 3381 revelatio-

2328 3439 2480 3484 nem
2512 3421 2818 3486 divinam.
2851 3420 3032 3485 Ratio
3071 3427 3288 3486 autem
3328 3422 3527 3504 hujus
3568 3425 3696 3489 ista
3740 3428 3866 3500 est,

2330 3529 2483 3610 quia
2508 3529 2790 3610 cognitio
2826 3533 3132 3594 creaturae
3167 3530 3400 3612 pendet
3431 3549 3515 3595 ex
3556 3550 3627 3595 re
3661 3551 3680 3596 ε
3711 3549 3869 3615 quo-

2330 3635 2506 3698 niam
2525 3636 2727 3716 igitur
2753 3654 2856 3699 res
2873 3637 3112 3702 incerta
3129 3643 3244 3715 est,
3273 3638 3427 3702 etin
3453 3657 3542 3718 se,
3574 3639 3736 3703 etin
3759 3655 3872 3703 sua

2331 3760 2558 3821 causa;
2593 3742 2736 3807 ideo
2762 3748 3052 3808 creatura
3077 3763 3208 3809 non
3233 3750 3439 3828 potest
3461 3746 3870 3812 certitudine.-

2330 3844 2473 3912 liter
2497 3849 2671 3912 illam
2701 3867 2982 3931 noscere,
3010 3857 3123 3916 aut
3153 3854 3468 3935 praescire.
3499 3853 3729 3920 Divina
3754 3872 3871 3918 au-

2329 3958 2460 4019 tem
2502 3956 2785 4037 cognitio
2825 3976 2952 4022 non
2988 3959 3220 4041 pendet
3257 3979 3295 4024 a
3328 3979 3400 4025 re
3436 3959 3651 4043 aliqua
3686 3984 3702 4025 z
3745 3961 3871 4024 imo

2331 4064 2548 4128 omnia
2566 4113 2584 4143 ,
2615 4083 2764 4147 quae
2798 4067 3011 4146 novit,
3042 4068 3394 4133 secundum
3433 4068 3702 4133 modum
3738 4085 3869 4133 suae

2333 4173 2616 4237 veritatis
2639 4173 2858 4252 novit;
2904 4176 2969 4237 et
3005 4175 3158 4256 quia
3188 4176 3423 4241 veritas
3453 4195 3574 4241 sua
3605 4180 3704 4241 est
3731 4194 3870 4242 cer-

2305 4278 2607 4374 ·tissima,
2652 4279 2997 4344 certissime
3027 4284 3352 4363 cognoscit
3392 4284 3829 4366 contingentia
3849 4327 3866 4362 ‚

2334 4392 2409 4451 ut
2452 4388 2801 4452 necessaria
2852 4406 2869 4452 ε
2922 4392 2984 4452 et
3029 4389 3154 4454 hoc
3192 4390 3420 4455 melius
3459 4391 3868 4474 explanatum

2332 4493 2453 4557 fuit
2496 4494 2565 4557 in
2608 4494 2817 4576 primo
2869 4494 3032 4560 libro
3092 4503 3147 4575 ²3
3196 4501 3260 4560 et
3311 4498 3476 4562 sicut
3530 4499 3869 4563 certissime

2335 4602 2515 4668 novit
2533 4650 2551 4681 ,
2579 4602 2667 4665 ita
2705 4606 2910 4685 potest
2947 4604 3467 4670 certitudinaliter
3500 4606 3868 4672 denuntiare

2336 4715 2400 4775 et
2423 4711 2705 4775 revelare
2751 4734 2765 4774 :
2810 4711 2953 4775 ideo
2987 4712 3126 4776 haec
3166 4714 3582 4796 praecognitio
3617 4715 3867 4779 futuro-

2335 4838 2522 4896 rum,
2571 4818 2674 4882 vel
2713 4818 2822 4882 Dei
2849 4823 2981 4899 est,
3012 4819 3116 4884 vel
3157 4839 3196 4883 a
3235 4820 3361 4885 Deo
3394 4840 3411 4885 z
3454 4825 3518 4886 et
3542 4822 3682 4886 ideo
3723 4838 3866 4886 cum

2335 4926 2489 4990 talia
2515 4926 2970 5008 praedicuntur,
3010 4926 3338 5009 praedictio
3369 4927 3600 4992 dicitur
3622 4927 3867 4992 divina-

2338 5034 2446 5111 tio,
2475 5034 2626 5116 quia
2646 5036 2789 5098 talis
2815 5037 2909 5098 est
2933 5038 3108 5098 actus
3135 5035 3393 5100 divinus
3420 5058 3435 5100 ε
3467 5039 3531 5100 et
3555 5035 3708 5117 quia
3740 5035 3868 5100 dae-

2338 5161 2559 5207 mones
2584 5143 2841 5226 superbi
2868 5142 3149 5207 maxime
3175 5143 3532 5207 desiderant
3569 5138 3864 5207 honorari

2337 5254 2413 5314 ut
2453 5250 2619 5316 Deus
2643 5301 2660 5329 ,
2706 5251 2988 5316 maxime
3029 5254 3343 5316 conantur
3381 5250 3707 5316 ostendere
3750 5248 3868 5313 hoc

2400 5376 2466 5441 (a)
2494 5376 2615 5429 Goet.
2632 5376 2755 5428 edit.
2784 5379 2984 5441 utpote.
3004 5402 3066 5413 —
3088 5376 3157 5441 (ὁ)
3181 5376 3304 5427 Goet.
3321 5376 3444 5426 edit.
3465 5375 3583 5427 alia.
