4125 6225
18 2530 203 2592 Mm-

1049 418 1246 486 DIST.
1294 420 1374 486 ΙΙ.
1422 414 1653 484 PART.
1700 418 1750 482 Ι.
1794 417 1976 483 ART.
2020 418 2100 483 II.
2140 418 2441 497 QUAEST.
2486 418 2595 485 111.

223 551 506 632 entium,
536 570 683 634 quae
715 552 891 617 illinc
915 554 1174 636 quidem
1201 572 1345 619 aevo
1362 603 1380 634 ,
1413 555 1585 619 illinc
1610 559 1776 619 tem-

219 676 387 740 pore
420 660 824 742 participant.
858 683 890 721 ιι
932 661 1103 743 Ergo
1148 662 1364 726 omnia
1402 680 1548 744 quae
1584 666 1773 742 sunt,

222 765 331 829 vel
373 767 651 831 totaliter
685 785 862 847 aevo,
892 768 996 833 vel
1024 770 1295 833 totaliter
1324 774 1641 852 tempore,
1670 769 1776 833 vel

218 872 467 954 partim
517 891 658 938 aevo
683 922 702 953 ,
764 879 828 939 et
877 877 1115 959 partim
1168 881 1454 961 tempore
1511 895 1775 941 mensu-

219 985 489 1061 rantur3
523 1000 681 1064 ergo
710 1001 846 1048 non
882 989 975 1049 est
1002 986 1189 1051 tertia
1216 1003 1518 1051 mensura
1543 984 1669 1050 alia
1694 985 1775 1048 ab

219 1086 355 1151 his,

306 1194 473 1259 Item
502 1214 692 1262 omne
721 1202 1008 1264 creatum
1040 1204 1156 1264 aut
1181 1204 1275 1265 oet
1313 1201 1535 1266 stabile
1565 1204 1630 1265 et
1672 1202 1775 1265 in-

221 1304 642 1386 corruptibile
660 1354 679 1383 ,
726 1310 840 1371 aut
889 1309 1191 1373 variabile
1235 1313 1299 1374 et
1333 1309 1770 1392 corruptibile,

221 1409 336 1474 sed
366 1411 660 1493 primum
686 1421 1096 1480 mensuratur
1137 1434 1300 1495 aev0,
1333 1420 1397 1481 et
1420 1417 1774 1481 secundum

222 1519 521 1600 tempore
543 1542 558 1584 ε
577 1539 736 1603 ergo
753 1521 913 1586 nihil
930 1526 1027 1588 est
1044 1525 1336 1589 medium
1350 1525 1516 1589 inter
1530 1542 1770 1602 aevum,

222 1628 289 1688 et
315 1628 600 1709 tempus,

309 1732 473 1798 Item
495 1754 631 1799 esse
649 1736 860 1801 omnis
872 1739 1089 1818 creati,
1110 1741 1225 1803 aut
1241 1742 1336 1804 est
1348 1738 1770 1816 terminabile,

223 1844 341 1904 aut
367 1841 838 1909 interminabile
887 1862 904 1907 :
953 1847 1006 1909 si
1052 1852 1147 1911 est
1188 1848 1591 1913 terminabile
1625 1896 1642 1923 ‚
1680 1848 1774 1912 sic

227 1953 645 2014 mensuratur
674 1955 959 2034 tempore
979 2000 996 2030 ,
1034 1953 1208 2035 quod
1249 1957 1345 2018 est
1390 1953 1775 2037 principium

226 2057 697 2139 corruptionis,
726 2059 881 2141 quia
922 2060 1071 2123 facit
1100 2060 1330 2125 distare
1359 2062 1531 2143 quod
1558 2066 1689 2140 est3
1720 2063 1773 2126 si

227 2181 385 2227 vero
416 2163 908 2244 interminabile,
933 2166 1023 2230 sic
1055 2185 1197 2233 aevo
1224 2189 1239 2231 z
1267 2186 1424 2249 ergo
1450 2187 1580 2233 non
1604 2168 1776 2234 vide-

226 2272 339 2335 tur
360 2273 536 2354 quod
560 2273 640 2338 sit
652 2273 907 2357 aliquod
930 2276 1192 2340 tertium
1213 2294 1590 2342 mensurans
1606 2295 1774 2359 prae-

225 2379 326 2440 ter
352 2378 499 2442 haec
530 2380 684 2445 duo.

313 2484 548 2550 Contra
601 2507 618 2551 ε
673 2488 839 2553 Ante
886 2494 1184 2572 quartam
1236 2484 1405 2555 diem
1456 2510 1590 2556 non
1639 2495 1775 2556 erat

228 2593 489 2674 tempus
517 2640 534 2670 ‚
591 2596 743 2677 quia
783 2597 1015 2662 dicitur
1067 2598 1137 2661 in
1178 2598 1447 2662 factione
1487 2599 1773 2663 lumina-

230 2699 407 2763 rium
431 2702 451 2737 ¹
487 2722 503 2765 :
535 2701 749 2769 Erant
774 2705 849 2769 in
865 2706 1080 2787 siqua,
1104 2710 1166 2772 et
1194 2709 1500 2788 tempora,
1527 2713 1587 2773 et
1604 2706 1769 2787 dies,

232 2810 290 2872 et
320 2824 568 2889 annos;
606 2812 669 2873 et
712 2815 956 2876 constat
990 2811 1165 2894 quod
1201 2831 1336 2877 non
1380 2813 1588 2878 solum
1639 2818 1777 2879 erat

230 2932 452 2980 aevum
481 2964 501 2994 ,
545 2936 696 2982 cum
742 2923 952 2983 essent
995 2919 1212 3002 aliqua
1261 2920 1610 3002 corporalia
1632 2969 1650 3000 ,
1699 2923 1774 2986 ut

228 3021 470 3101 herbae,
503 3027 568 3089 et
587 3025 848 3090 arbusta
877 3047 894 3090 :
923 3043 1083 3107 ergo
1110 3028 1246 3091 erat
1266 3025 1390 3090 alia
1410 3044 1719 3092 mensura
1749 3045 1769 3091 ε

229 3148 413 3213 ergo,
442 3136 563 3196 etc.

306 3238 492 3320 Item,
515 3244 658 3323 post
679 3240 850 3306 diem
855 3239 1081 3324 judicii
1097 3259 1232 3306 non
1252 3242 1373 3307 erit
1389 3246 1663 3326 tempuS,
1681 3261 1772 3309 se-

229 3347 517 3412 cundum
532 3349 704 3431 quod
716 3349 960 3431 juravit
986 3348 1274 3431 Angelus
1291 3351 1360 3413 in
1378 3351 1728 3435 Apocalysi
1743 3352 1769 3389 ²

229 3459 291 3517 et
334 3456 460 3520 erit
502 3456 817 3521 successio
859 3459 924 3521 et
966 3457 1237 3523 variatio
1274 3457 1344 3521 in
1388 3459 1725 3523 tormentis
1745 3508 1765 3540 ,

229 3581 372 3645 quae
397 3583 535 3629 non
567 3565 798 3648 poterit
831 3582 974 3631 aevo
1017 3566 1375 3630 mensurari
1417 3588 1432 3630 ε
1462 3585 1621 3648 ergo
1649 3585 1771 3632 ne-

229 3688 396 3736 coese
431 3676 530 3736 est
556 3690 929 3737 mensuram
960 3674 1214 3737 tertiam
1250 3673 1332 3737 ab
1372 3671 1473 3737 his
1507 3691 1765 3756 ponere.

306 3778 467 3844 Item
513 3779 584 3843 in
631 3779 1071 3844 affectionibus
1114 3780 1498 3861 angelorum
1539 3784 1635 3845 est
1666 3781 1769 3845 in-

230 3886 429 3950 tensio
457 3891 523 3950 et
543 3887 811 3952 variatio
832 3909 850 3965 ;
875 3889 940 3952 et
963 3887 1080 3969 ipsi
1101 3893 1254 3952 sunt
1273 3905 1469 3970 supra
1485 3890 1762 3971 tempus,

229 3991 389 4058 sicut
422 3994 659 4059 dicitur
682 3995 753 4059 in
778 3995 940 4060 libro
967 3994 1047 4062 de
1078 3996 1307 4062 Gau-sis
1335 4015 1357 4058 .·
1395 4014 1553 4078 ergo
1582 4014 1768 4060 men-

230 4116 377 4164 sura
402 4100 514 4164 illa
538 4102 948 4168 affectionum
974 4107 1070 4168 est
1104 4121 1299 4186 supra
1339 4108 1623 4186 tempus;
1657 4103 1767 4168 sed

229 4224 358 4272 non
375 4213 732 4290 potestesse
749 4228 993 4292 aevum,
1018 4229 1169 4276 cum
1192 4212 1262 4275 in
1285 4229 1428 4275 aevo
1439 4230 1569 4276 non
1585 4211 1767 4276 cadat

230 4315 495 4380 variatio
525 4339 540 4381 :
566 4336 725 4399 ergo
746 4323 994 4402 oportet
1016 4318 1188 4403 quod
1215 4319 1393 4383 sitin
1425 4318 1551 4383 alia
1579 4337 1767 4384 men-

233 4439 400 4487 sura.

311 4529 469 4595 Item
487 4533 780 4614 angelus,
811 4552 964 4598 cum
994 4534 1388 4601 convertitur
1414 4536 1495 4599 ad
1535 4534 1760 4615 Deum,

237 4636 517 4704 elevatur
544 4659 740 4724 supra
765 4644 1051 4726 tempus;
1087 4661 1245 4724 ergo
1272 4647 1335 4707 et
1358 4642 1468 4706 illa
1493 4661 1766 4709 conver-

236 4746 346 4825 sio,
375 4753 440 4813 et
481 4748 639 4813 illud
683 4750 856 4833 quod
901 4753 969 4815 in
1003 4750 1113 4815 illa
1153 4751 1570 4816 conversione
1595 4750 1764 4815 acci-

233 4854 425 4935 pitur,
454 4875 651 4940 supra
688 4862 943 4941 tempus
978 4862 1092 4937 est,
1126 4862 1191 4921 et
1224 4876 1527 4923 mensura
1570 4874 1764 4939 supra

234 4963 483 5047 tempus
526 4965 710 5031 debet
752 4966 1111 5031 mensurari
1143 4988 1159 5030 z
1210 4966 1318 5030 sed
1362 4964 1633 5046 angelus
1674 4963 1763 5027 ibi

233 5069 467 5153 aliquid
500 5072 823 5155 cognoscit
842 5073 1015 5157 quod
1039 5075 1244 5156 potest
1269 5071 1553 5137 desinere
1582 5070 1765 5152 cogi-

295 5267 311 5300 ¹
332 5266 475 5331 Gen„
500 5279 537 5331 1,
563 5269 949 5332 ¹4.—²Apoc.,
975 5280 1029 5332 x,
1053 5271 1102 5319 6.
1136 5294 1199 5306 -
1225 5268 1247 5303 ⁸
1275 5267 1359 5332 Gt.
1397 5266 1543 5319 Alex.
1568 5265 1760 5331 Alens„

234 5350 284 5400 p.
307 5339 369 5403 ll,
394 5354 447 5404 q.
467 5350 578 5402 xlx,
596 5340 787 5390 memb.
813 5345 870 5405 ¹5
902 5343 956 5392 S.
976 5339 1178 5404 Thom„
1202 5355 1256 5404 p.
1281 5340 1336 5402 1,
1364 5353 1420 5404 q.
1455 5351 1579 5402 nn,
1613 5343 1708 5390 art.
1729 5341 1760 5390 2

237 5412 288 5457 et
311 5410 371 5474 33
400 5412 453 5460 ct
482 5408 545 5458 de
576 5409 788 5476 Poterat„
823 5424 875 5475 q.
924 5422 1023 5474 111,
1064 5414 1161 5462 art.
1203 5413 1261 5462 18
1296 5411 1482 5475 et193
1527 5410 1760 5475 AEgidius

3307 426 3423 486 287

1883 558 2019 618 tare
2048 576 2062 617 ε
2092 554 2313 618 saltem
2338 571 2497 634 ergo
2514 554 2674 619 illud
2696 572 2827 618 non
2848 558 3052 637 potest
3068 558 3427 620 mensurari

1886 678 2052 737 aevo,
2086 661 2256 743 quod
2282 665 2377 726 est
2406 680 2710 725 mensura
2750 662 2846 726 rei
2887 661 3376 728 interminabilis
3407 686 3423 729 ε

1885 786 2003 832 nec
2034 773 2353 851 tempore:
2378 787 2560 850 erg0‚
2585 771 2711 834 etc.

2432 960 2882 1030 CONCLUSIO.

1884 1114 1949 1171 Si
1975 1117 2179 1185 tempus
2205 1117 2461 1187 capiatur
2487 1120 2742 1189 proprie,
2774 1119 2920 1174 inter
2946 1134 3117 1174 (evum
3144 1122 3196 1176 et
3223 1122 3427 1192 tempus

1956 1203 2122 1259 datm·
2149 1205 2336 1275 aliquo
2363 1206 2515 1262 modo
2543 1208 2807 1274 medium,
2849 1208 3132 1265 secundum
3158 1212 3427 1267 rationem

1956 1295 2170 1349 tantum
2195 1295 2446 1366 differens
2475 1296 2545 1351 ab
2572 1301 2828 1355 extremis
2841 1316 2860 1369 3
2891 1301 2941 1356 si
2964 1303 3144 1356 autem
3170 1303 3427 1372 capiatur

1948 1387 2326 1456 propriissime
2343 1428 2362 1457 ,
2389 1387 2575 1458 aliquo
2602 1388 2754 1444 modo
2782 1388 2946 1445 datar
2970 1390 3201 1446 medium
3226 1406 3286 1447 re
3308 1390 3423 1460 dis-

1953 1477 2151 1544 serens,
2184 1476 2326 1547 quod
2352 1477 2564 1549 quidem
2591 1478 2794 1535 dicitur
2819 1481 3085 1537 saeculum.

1963 1619 2147 1704 Resp.
2171 1623 2252 1686 ad
2275 1624 2435 1705 Arg.
2475 1623 2822 1689 Dicendum
2848 1627 3043 1709 quod,
3072 1629 3423 1693 secundum

1883 1729 2053 1812 quod
2115 1733 2370 1812 tempus
2419 1731 2726 1796 dividitur
2774 1738 2996 1798 contra
3049 1752 3306 1816 aevum‚
3354 1737 3422 1800 in

1883 1836 2132 1900 duabus
2177 1837 2414 1901 scilicet
2453 1840 2925 1921 acceptionibus
2958 1841 3204 1905 ultimis
3247 1844 3424 1925 prius

1882 1943 2123 2026 positis,
2157 1943 2491 2027 dupliciter
2532 1950 2736 2028 potest
2761 1949 2957 2031 accipi
2997 1948 3013 2014 τ’
3052 1954 3167 2014 aut
3191 1951 3425 2016 scilicet

1881 2055 2075 2132 prout
2105 2050 2255 2115 dicit
2291 2070 2661 2117 mensuram
2691 2055 3031 2137 cujuslibet
3073 2057 3423 2122 durationis

1883 2158 2082 2222 variae
2105 2206 2124 2235 ‚
2158 2158 2297 2223 sive
2337 2159 2709 2224 variationis
2748 2163 3124 2228 successivae
3174 2184 3192 2227 z
3232 2169 3296 2230 et
3331 2166 3423 2230 sic

1881 2264 2049 2330 inter
2074 2285 2292 2331 aevum
2319 2271 2383 2332 et
2407 2272 2661 2353 tempus
2703 2289 2835 2334 non
2876 2276 2971 2336 oet
2995 2273 3278 2336 medium
3325 2291 3418 2354 re,

1882 2371 1992 2436 sed
2014 2373 2222 2437 solum
2242 2374 2488 2439 ratione
2510 2394 2527 2439 ε
2550 2394 2704 2454 non,
2717 2377 3008 2459 inquam,
3025 2381 3120 2443 est
3136 2379 3422 2444 medium

1880 2479 2180 2544 differens
2222 2481 2302 2545 ab
2346 2485 2619 2565 utroque
2663 2483 2732 2547 in
2774 2502 3010 2566 genere
3055 2504 3375 2551 mensurae
3396 2535 3416 2566 ,

1880 2587 1989 2651 sed
2018 2589 2302 2653 medium
2331 2589 2401 2652 in
2425 2607 2663 2670 genere
2695 2596 3239 2670 mensuratorum‚
3269 2612 3424 2676 par·

1880 2694 2147 2777 ticipans
2167 2699 2539 2779 utrumque,
2563 2701 2637 2760 ut
2653 2702 2746 2761 est
2767 2698 2877 2762 illa
2902 2699 3252 2765 substantia
3272 2718 3420 2783 quae

1880 2807 1975 2867 est
2017 2803 2088 2867 in
2129 2806 2403 2870 confinio
2444 2806 2813 2870 aeternitatis
2863 2812 2927 2871 et
2966 2809 3270 2892 temporis
3308 2827 3326 2873 t
3357 2814 3422 2874 et

1878 2910 1970 2973 sic
2031 2912 2382 2993 procedunt
2423 2931 2646 2977 omnes
2690 2913 2965 2979 rationes
3013 2914 3095 2979 ad
3142 2915 3420 2997 primam

1878 3022 2124 3101 partem
2149 3067 2166 3097 ‚
2206 3024 2280 3085 ut
2308 3024 2482 3103 patet
2516 3020 2843 3103 aspicienti
2883 3022 2962 3086 de
2996 3021 3187 3087 facili.
3217 3023 3419 3087 Aliter

1877 3143 2033 3191 vero
2061 3127 2371 3211 accipitur
2394 3133 2649 3211 tempus
2665 3131 2855 3212 prout
2873 3132 2966 3194 est
2980 3146 3282 3193 mensura
3308 3148 3421 3192 va-

1877 3233 2163 3299 riationis
2184 3283 2202 3312 ,
2231 3235 2302 3299 in
2327 3254 2456 3319 qua
2487 3238 2579 3300 est
2600 3236 2912 3301 successio
2945 3236 3185 3301 habens
3210 3235 3417 3300 conti-

1846 3342 2252 3406 nuationem
2300 3346 2364 3407 et
2411 3343 2879 3424 regulationem
2929 3363 2970 3407 a
3017 3346 3200 3408 motu
3248 3343 3420 3408 orbis

1876 3447 2073 3530 primi
2103 3470 2120 3513 ε
2150 3452 2214 3513 et
2230 3449 2371 3515 haec
2397 3468 2701 3515 mensura
2715 3451 2907 3515 habet
2931 3452 3152 3532 finem,
3172 3453 3236 3516 et
3260 3451 3420 3517 desi-

1877 3559 1987 3619 net
2009 3571 2146 3619 oese
2182 3576 2198 3621 :
2227 3560 2291 3621 et
2314 3558 2483 3624 inter
2511 3557 2678 3621 hanc
2705 3561 2769 3622 et
2793 3576 3012 3621 aevum
3052 3561 3147 3622 est
3182 3576 3417 3642 ponere

1876 3662 2158 3728 mediam
2178 3681 2572 3740 mensuram,
2593 3664 2665 3728 in
2681 3683 2812 3747 qua
2840 3668 2938 3729 est
2952 3665 3220 3730 variatio
3251 3688 3267 3729 t
3299 3684 3417 3731 nec

1875 3773 2123 3851 oportet
2139 3770 2312 3853 quod
2327 3771 2408 3835 sit
2421 3771 2726 3850 definitio,
2749 3772 2854 3837 vel
2869 3772 3060 3855 primi
3082 3777 3298 3838 motus
3310 3792 3416 3838 re-

1875 3877 2146 3959 gulatiO,
2176 3878 2538 3961 cujusmodi
2560 3879 2684 3943 fuit
2707 3879 2779 3943 in
2800 3879 3014 3944 triduo
3037 3880 3417 3945 conditionis

1873 4002 2094 4049 rerum
2111 4033 2130 4065 ‚
2166 3988 2232 4049 et
2275 3986 2482 4069 qualis
2509 3985 2630 4049 erit
2667 3986 2737 4049 in
2771 3986 3019 4052 inferno
3062 3991 3205 4071 post
3243 3988 3414 4052 diem

1873 4097 2236 4158 extremum
2279 4115 2297 4157 z
2336 4098 2400 4157 et
2443 4093 2586 4158 haec
2624 4094 2706 4157 ab
2732 4095 3011 4177 antiquis
3053 4095 3415 4159 doctoribus

1870 4200 2184 4283 appellata
2223 4204 2319 4264 est
2359 4200 2673 4265 saeculum
2706 4223 2721 4264 z
2766 4204 2832 4265 et
2873 4201 2995 4265 hoc
3028 4202 3416 4267 concludunt

1870 4308 2151 4374 rationes
2172 4308 2254 4373 ad
2280 4308 2645 4391 oppositum
2680 4329 2697 4373 t
2745 4310 2811 4373 et
2842 4307 2936 4372 sic
2970 4313 3143 4392 patet
3178 4313 3411 4374 totum.

2378 4555 2737 4636 QUAESTIO
2779 4558 2888 4624 ΙΠ.

1924 4711 2018 4767 An
2054 4709 2372 4783 spirituales
2416 4714 2469 4767 et
2503 4711 2802 4783 corporales
2838 4711 3156 4770 substantia
3188 4715 3352 4770 simul

2449 4804 2641 4856 creatae
2664 4802 2779 4856 sint
2796 4800 2839 4857 ⁸.

1951 4954 2181 5019 Utrum
2195 4954 2551 5037 spirituales
2567 4954 2960 5032 substantias,
2973 4957 3036 5019 et
3052 4958 3406 5041 corporales
3430 4987 3641 5036 mm,

1871 5062 1999 5127 sint
2027 5061 2220 5128 simul
2249 5066 2509 5141 creatae3
2551 5066 2615 5127 et
2644 5062 2898 5128 videtur
2943 5064 3114 5145 quod
3155 5065 3267 5130 sic.
3329 5066 3403 5132 In

1868 5264 2040 5325 Rom„
2081 5262 2125 5312 11
2155 5261 2313 5326 Seni„
2351 5259 2471 5310 dist.
2514 5270 2553 5310 ιι
2569 5296 2586 5323 ,
2616 5272 2667 5323 q.
2698 5269 2748 5321 1,
2777 5262 2871 5309 art.
2900 5260 2956 5321 1;
2992 5260 3144 5325 Greg.
3168 5261 3402 5330 Arimin„

1869 5335 1914 5384 11
1938 5333 2098 5395 Seni„
2118 5332 2236 5382 dist.
2251 5343 2316 5391 11,
2333 5344 2384 5395 q.
2405 5343 2450 5394 ις
2473 5329 2731 5396 Βλώαπᾱ.,
2750 5330 2796 5380 ll
2815 5331 2975 5394 Sena,
2993 5330 3113 5383 dist.
3137 5344 3206 5397 11,
3233 5337 3329 5384 art.
3351 5338 3402 5399 2,

1869 5422 1922 5473 q.
1945 5417 2039 5470 111,
2070 5404 2247 5470 Steph.
2277 5402 2492 5466 Brulef„
2521 5403 2564 5454 ll
2591 5403 2755 5468 Seni„
2782 5401 2899 5454 dist.
2921 5414 2997 5466 11,
3018 5418 3071 5469 q.
3104 5416 3175 5455 vl.
