4125 6225
657 450 737 510 10
1762 447 2390 546 summulam
2429 451 2579 519 Lm.
2625 453 2674 518 1.

659 584 723 646 et
752 581 929 658 ideo,
957 581 1113 664 quia
1144 583 1350 648 forma
1381 584 1622 650 dicitur
1658 588 1733 649 ut
1762 586 1848 650 ad
1871 586 2186 665 alterum,

658 687 823 752 sieut
869 688 1216 755 similitudo
1244 712 1261 769 ;
1311 691 1568 774 quando
1616 692 1922 758 dicuntur
1975 694 2195 777 plures

658 796 883 861 formae
898 845 918 875 ,
946 814 1078 861 non
1103 816 1187 863 ex
1207 798 1330 863 hoc
1354 803 1612 864 notatur
1634 800 1807 883 quod
1829 801 1902 865 in
1927 801 2089 867 ideis
2113 801 2196 866 sit

658 904 985 987 pluralitas
1009 906 1364 971 secundum
1388 925 1527 971 rem
1544 956 1563 987 ,
1585 908 1723 974 sive
1747 909 2102 974 secundum
2128 910 2196 974 id

659 1012 829 1095 quod
864 1017 1054 1091 sunt,
1084 1014 1192 1078 sed
1214 1015 1572 1080 secundum
1602 1015 1668 1081 id
1693 1016 1775 1081 ad
1800 1017 1973 1100 quod
1999 1020 2192 1095 sunt,

657 1119 725 1184 id
748 1123 867 1201 est,
896 1121 978 1186 ad
1004 1139 1083 1185 ea
1102 1139 1253 1205 quae
1279 1125 1431 1187 sunt
1455 1127 1659 1203 extra,
1688 1123 1925 1189 scilieet
1951 1125 2198 1189 ratione

660 1231 1150 1294 connotatorum
1166 1278 1186 1310 ,
1212 1233 1293 1293 ut
1319 1234 1471 1294 sunt
1498 1231 1640 1313 ipsa
1664 1230 1892 1296 ideata.

739 1340 801 1400 2.
822 1337 922 1401 Ad
945 1336 1102 1402 illud
1125 1337 1296 1419 quod
1317 1338 1615 1420 objicitur
1632 1338 1803 1421 quod
1827 1339 1971 1404 idea
1993 1340 2093 1404 est
2111 1339 2194 1403 si-

661 1443 955 1509 militudo
980 1444 1349 1527 exprimens
1373 1445 1732 1510 secundum
1751 1449 1982 1523 totum,
2010 1465 2194 1529 ergO,

662 1555 806 1632 etc.;
836 1552 915 1618 ad
942 1554 1064 1617 hoc
1091 1557 1183 1618 est
1221 1572 1393 1618 unus
1432 1554 1664 1620 modus
1688 1555 1939 1619 dicendi
1962 1603 1981 1634 ,
2025 1555 2199 1637 quod

660 1659 803 1724 idea
858 1678 991 1724 non
1038 1660 1188 1725 dicit
1227 1660 1711 1726 similitudinem
1758 1663 2041 1745 aliquam
2087 1681 2202 1746 per

662 1784 859 1850 quam
885 1785 1274 1849 cognoscens
1306 1769 1695 1833 assimilatur
1738 1769 1907 1847 aliis,
1954 1770 2060 1834 sed
2095 1770 2201 1833 cui

664 1875 868 1939 multa
879 1875 1331 1956 assimilantur,
1351 1878 1414 1940 et
1439 1876 1643 1940 multa
1661 1880 1928 1959 possunt
1953 1877 2202 1942 assimi-

662 1980 783 2045 lari
804 1982 921 2045 uni
942 2004 956 2047 z
981 1981 1145 2046 sicut
1158 1982 1213 2046 si
1233 2000 1272 2046 a
1290 1982 1499 2046 forma
1513 1983 1708 2064 sigilli
1721 1985 1944 2048 eadem
1964 1985 2075 2049 flat
2091 2003 2197 2048 ex-

662 2089 901 2172 pressio
918 2090 1150 2170 flgurae
1170 2090 1236 2152 in
1253 2108 1420 2167 cera,
1438 2095 1706 2172 possunt
1722 2108 1857 2155 esse
1874 2091 1955 2155 ab
1976 2091 2201 2155 eadem

660 2197 865 2261 forma
892 2200 955 2261 et
979 2215 1114 2261 una
1138 2198 1361 2262 multae
1392 2200 1456 2262 et
1481 2198 1678 2262 variae
1722 2198 2198 2280 impressiones»,

660 2304 1007 2369 secundum
1024 2306 1196 2386 quod
1214 2305 1502 2385 sigillum
1527 2305 1737 2387 magis
1756 2309 1822 2369 et
1848 2306 2063 2370 minus
2089 2306 2206 2369 im-

659 2412 982 2495 pnimitur.
1015 2410 1119 2476 Sic
1154 2412 1225 2475 in
1260 2411 1387 2476 Deo
1426 2412 1800 2494 intelligunt
1835 2435 1850 2478 ε
1896 2414 2204 2496 quoniam

661 2519 1010 2585 multitudo
1034 2519 1106 2583 in
1133 2520 1328 2584 rebus
1355 2520 1530 2584 venit
1555 2520 1908 2585 secundum
1937 2520 2200 2602 graduS,

673 2632 737 2692 et
771 2626 1394 2710 approximationem
1444 2627 1523 2692 ad
1578 2628 1795 2708 ipsum
1841 2626 1993 2691 Esse
2033 2627 2201 2692 divi-

664 2752 850 2798 num.
908 2732 1031 2818 Sed
1074 2733 1237 2798 illud
1275 2751 1409 2797 non
1456 2734 1692 2798 sufficit
1734 2734 1942 2799 dicere
1987 2757 2002 2799 z
2051 2735 2207 2817 quia

667 2841 835 2907 Deus
850 2842 998 2906 facit
1016 2842 1243 2906 omnia
1256 2841 1510 2907 diversa
1527 2841 1880 2906 secundum
1904 2842 2204 2927 formam,

666 2968 801 3015 non
827 2953 1079 3015 tantum
1106 2950 1461 3015 secundum
1508 2950 1789 3032 gradum
1829 2953 1891 3014 et
1926 2950 2209 3031 dignita-

661 3062 791 3123 tem
823 3081 842 3123 ι
872 3061 936 3122 et
961 3059 1071 3122 illa
1112 3058 1437 3139 cognoscit
1468 3075 1584 3141 per
1614 3076 1824 3123 unum
1851 3057 2207 3123 secundum

662 3185 800 3230 rem
846 3189 862 3230 ι
902 3167 1074 3250 quod
1116 3166 1377 3247 quidem
1412 3171 1508 3229 est
1546 3165 1893 3230 similitudo
1937 3166 2204 3247 cogniti.

663 3273 730 3339 Si
753 3278 828 3337 tu
850 3273 1022 3337 dicas
1067 3273 1240 3355 quod
1266 3272 1390 3336 hoc
1433 3277 1561 3350 est,
1592 3272 1749 3354 quia
1796 3271 1962 3335 Deus
2001 3272 2209 3354 seipso

663 3381 1033 3463 cognoscit,
1069 3380 1237 3444 sicut
1262 3379 1468 3460 seipso
1495 3381 1665 3461 agit3
1712 3379 1854 3443 ideo
1882 3378 2043 3444 sicut
2073 3398 2209 3445 uno

665 3491 802 3572 agit
825 3488 1053 3566 multa,
1081 3489 1171 3552 ita
1195 3505 1331 3552 uno
1350 3488 1679 3569 cognoscit
1705 3488 1917 3551 multa
1950 3511 1966 3551 z
1998 3489 2213 3553 adhuc

666 3615 800 3661 non
827 3600 922 3660 est
964 3596 1247 3660 solutum
1268 3644 1286 3672 ,
1321 3595 1477 3678 quia
1505 3595 1716 3660 adhuc
1752 3600 1968 3660 manet
1995 3613 2211 3678 quaes-

668 3704 762 3770 tio
779 3752 798 3784 ,
843 3721 974 3786 qno
1017 3703 1208 3767 modo
1249 3702 1381 3785 ipse
1426 3702 1594 3766 Deus
1634 3703 1832 3785 possit
1872 3703 2211 3767 assimilari

672 3811 913 3877 multiS.
942 3809 1208 3893 Propter
1231 3810 1356 3875 hoc
1394 3809 1734 3875 dicendum
1770 3810 1945 3893 quod
1982 3810 2212 3874 simili-

671 3921 826 3986 tudo
873 3919 1171 4003 quaedam
1219 3922 1313 3983 est
1354 3918 1709 3982 secundum
1760 3919 2212 4001 proprietatem

672 4029 928 4112 generis
960 4046 978 4091 t
1022 4030 1087 4091 et
1116 4027 1197 4091 de
1246 4027 1366 4090 hac
1404 4044 1540 4089 non
1574 4029 1672 4090 est
1717 4024 1992 4090 dubium
2040 4027 2215 4109 quod

674 4154 805 4200 non
829 4138 1033 4218 potest
1059 4153 1196 4199 esse
1232 4151 1365 4199 una
1405 4134 1697 4216 plurium
1748 4152 1986 4215 genere
2030 4133 2214 4198 diffe-

673 4244 957 4308 rentium
987 4261 1005 4305 t
1037 4245 1100 4306 et
1136 4241 1276 4306 haec
1313 4243 1406 4304 est
1435 4239 1783 4304 similitudo
1817 4258 1964 4322 quae
2004 4240 2215 4321 expri-

676 4352 875 4416 mitur
899 4354 965 4415 et
997 4353 1298 4415 causatur
1325 4367 1365 4412 a
1388 4366 1459 4412 re
1496 4348 1750 4429 generis
1787 4347 2212 4412 determinati.

676 4459 821 4524 Alia
841 4461 940 4522 est
958 4455 1315 4520 similitudo
1341 4455 1714 4538 simpliciter
1746 4459 1932 4519 extra
1956 4472 2169 4537 genus
2196 4476 2211 4519 z

676 4570 740 4631 et
775 4567 949 4644 hasc,
997 4564 1150 4646 quia
1190 4563 1268 4627 ad
1312 4562 1439 4626 hoc
1480 4580 1690 4644 genus
1728 4580 1863 4625 non
1893 4565 2213 4641 arctatur,

676 4693 806 4757 qua
833 4672 1077 4737 ratione
1103 4673 1196 4733 est
1214 4669 1415 4750 hujus
1434 4716 1456 4748 ,
1478 4668 1710 4733 eadem
1749 4669 1995 4732 ratione
2028 4673 2130 4732 est
2153 4673 2219 4731 et

674 4780 847 4845 illius
882 4797 900 4843 z
934 4781 999 4842 et
1028 4794 1160 4858 qna
1201 4775 1447 4839 ratione
1484 4779 1588 4838 est
1624 4774 1824 4856 hujus
1864 4771 2219 4837 secundum

674 4889 944 4971 partem,
982 4882 1206 4947 eadem
1256 4881 1505 4946 ratione
1540 4880 1898 4945 secundum
1953 4884 2163 4944 totum
2193 4901 2211 4944 ι

676 4999 740 5059 et
769 4994 914 5058 talis
946 4990 1294 5056 similitudo
1327 4993 1421 5052 est
1452 4989 1680 5053 divina
1703 4988 1964 5067 veritas,
1990 4991 2055 5051 et
2078 4987 2221 5052 idea

676 5101 745 5164 in
785 5100 935 5165 Deo,
961 5098 1028 5164 Si
1049 5104 1125 5163 tu
1153 5114 1409 5182 quaeras
1432 5144 1451 5175 ‚
1480 5114 1615 5179 quo
1649 5095 1840 5160 modo
1874 5094 1996 5159 hoc
2021 5095 2222 5178 possit

676 5207 985 5289 intelligi3
1014 5205 1373 5290 aliqualiter
1396 5202 1666 5284 intelligi
1706 5204 1912 5285 potest
1927 5248 1951 5277 ‚
1980 5219 2219 5284 quam-

676 5315 779 5378 vis
821 5333 955 5379 non
993 5317 1190 5399 possit
1229 5313 1433 5398 aptari
1476 5312 1743 5377 omnino
1778 5309 2012 5376 simile.
2057 5310 2220 5377 Cum

681 5426 856 5501 enim
880 5426 989 5493 illa
1011 5425 1359 5496 similitudo
1384 5425 1468 5499 sit
1492 5426 1674 5497 acum
1702 5441 1907 5509 purus
1922 5469 1942 5507 2
1976 5424 2042 5486 et
2081 5423 2220 5511 ipsa

2302 589 2539 655 veritas
2560 637 2580 670 ‚
2608 589 2775 654 sicut
2795 589 3039 656 dictum
3061 594 3158 656 est
3176 640 3195 672 ‚
3225 595 3290 657 et
3322 594 3541 659 omnia
3569 594 3698 659 alia
3724 612 3843 660 co-

2302 694 2678 777 gnoscibilia
2703 701 3294 783 quantumcumque
3338 701 3579 767 nobilia
3617 720 3846 768 secun·

2303 803 2460 868 dum
2485 803 2548 867 id
2577 803 2748 887 quod
2775 809 2924 868 sunt
2948 853 2966 885 ‚
3012 812 3463 889 comparentur
3505 809 3584 874 ad
3631 810 3845 893 ipsam

2302 930 2418 995 per
2456 911 2721 976 modum
2757 913 3069 996 possibilis
3089 963 3108 994 ‚
3150 914 3313 980 sicut
3358 934 3565 981 unum
3607 935 3843 983 secun·

2304 1020 2460 1085 dum
2481 1019 2756 1085 formam
2797 1023 3003 1103 potest
3036 1023 3370 1087 assimilari
3408 1024 3700 1107 pluribus
3739 1043 3845 1091 se-

2304 1128 2587 1192 cundum
2618 1128 2951 1193 materiam
2973 1130 3238 1195 diversis
3260 1150 3278 1211 ;
3311 1131 3400 1195 sic
3424 1131 3492 1195 in
3517 1133 3848 1215 proposito

2305 1253 2439 1299 una
2461 1235 2647 1299 realis
2671 1236 3021 1301 similitudo
3051 1241 3256 1320 potest
3273 1255 3407 1303 esse
3428 1239 3720 1303 omnium
3746 1258 3850 1305 co-

2304 1342 2778 1423 gnoscibilium.
2821 1341 2898 1405 Et
2938 1347 3142 1425 potest
3188 1344 3341 1427 poni
3365 1345 3733 1427 exemplum
3775 1346 3852 1410 in

2304 1446 2448 1513 luce
2473 1449 2688 1532 aliquo
2716 1449 2904 1514 modo
2920 1499 2937 1529 ‚
2971 1469 3118 1533 quae
3136 1501 3153 1531 ‚
3185 1469 3319 1516 una
3342 1452 3696 1517 secundum
3717 1470 3852 1517 nu-

2309 1574 2584 1636 merum,
2601 1556 2906 1640 exprimit
2922 1558 3155 1622 multas
3174 1562 3238 1623 et
3251 1558 3464 1625 varias
3483 1560 3722 1641 species
3745 1576 3852 1623 co-

2304 1662 2539 1728 lorum.
2561 1663 2631 1727 In
2657 1664 3020 1745 cognitione
3047 1669 3266 1729 autem
3277 1669 3517 1742 nostra,
3539 1667 3852 1749 quoniam

2307 1787 2374 1833 se
2400 1769 2591 1834 habet
2614 1789 2728 1853 per
2770 1771 3038 1835 modum
3070 1771 3389 1854 possibilis
3414 1775 3705 1855 respectu
3740 1790 3856 1836 co—

2308 1876 2472 1958 gniti
2492 1925 2511 1956 ,
2537 1880 2602 1942 et
2621 1879 2899 1960 quodam
2924 1879 3114 1943 modo
3138 1878 3555 1944 informabilis
3578 1878 3660 1943 ab
3687 1878 3797 1943 illo
3820 1927 3840 1959 ,

2307 2002 2440 2047 non
2480 1986 2684 2065 potest
2707 1984 2982 2049 inveniri
3009 1984 3356 2050 similitudo
3376 2032 3395 2064 ,
3435 1985 3566 2049 imo
3592 1985 3847 2050 inveni-

2307 2094 2414 2186 tur
2438 2090 2882 2154 dissimilitudo
2912 2113 2926 2155 :
2959 2094 3023 2155 et
3046 2092 3220 2170 ide0‚
3250 2091 3605 2175 aspiciendo
3631 2090 3715 2156 ad
3737 2109 3852 2156 co-

2309 2198 2666 2280 gnitionem
2711 2203 2995 2263 nostram
3016 2247 3035 2279 ‚
3087 2199 3347 2264 videtur
3385 2199 3570 2264 nobis
3610 2199 3682 2263 in
3722 2198 3856 2265 Deo

2310 2324 2446 2370 non
2469 2324 2605 2370 esse
2629 2305 3053 2388 intelligibile.

2393 2417 2453 2477 3.
2486 2413 2583 2477 Ad
2614 2414 2774 2478 illud
2810 2413 2981 2495 quod
3007 2413 3342 2495 quaeritur,
3372 2417 3594 2477 utrum
3623 2412 3735 2476 illa
3759 2414 3860 2477 si·-

2311 2520 2606 2585 militudo
2629 2521 2714 2584 sit
2738 2520 3024 2602 propria,
3055 2520 3157 2584 vel
3191 2519 3552 2586 communis
3570 2567 3589 2598 ,
3628 2520 3857 2585 dicen-

2312 2629 2469 2694 dum
2495 2629 2668 2712 quod
2694 2628 2861 2693 Deus
2886 2646 3023 2692 non
3048 2628 3279 2693 dicitur
3304 2646 3493 2692 causa
3521 2629 3858 2692 universa-

2313 2735 2427 2814 lis,
2458 2754 2578 2800 nec
2604 2734 3004 2818 particularis
3040 2735 3447 2817 simpliciter;
3479 2735 3588 2799 sed
3614 2735 3859 2817 aliquid

2313 2842 2507 2907 habet
2536 2843 2614 2907 de
2653 2842 2979 2907 nobilitate
3021 2859 3232 2906 causae
3258 2841 3666 2922 universaliS,
3701 2842 3861 2926 quia

2316 2954 2521 3034 potest
2547 2951 2617 3013 in
2640 2948 2951 3033 plurimos
2978 2949 3274 3027 effectus;
3297 2948 3589 3012 similiter
3613 2948 3859 3031 aliquid

2317 3057 2394 3123 de
2420 3076 2614 3123 causa
2638 3056 3005 3140 particulari
3022 3103 3038 3133 ,
3067 3055 3220 3139 quia
3239 3055 3605 3120 immediate
3631 3059 3696 3120 et
3722 3056 3856 3121 sut-

2317 3165 2603 3232 flcienter
2651 3169 2854 3247 potest
2891 3165 2963 3228 in
2993 3164 3290 3231 effectum
3330 3164 3697 3245 quemlibet.
3751 3163 3863 3228 Sic

2315 3273 2387 3335 in
2413 3272 2780 3354 cognitione
2815 3271 2923 3335 Dei
2963 3270 3455 3352 intelligendum
3474 3320 3491 3350 ‚
3537 3272 3709 3355 quod
3740 3290 3865 3336 nec

2318 3380 2581 3444 omnino
2597 3382 2692 3443 est
2713 3377 3167 3458 inuniversali,
3191 3396 3310 3442 nec
3332 3379 3597 3444 omnino
3621 3381 3691 3442 in
3717 3397 3863 3462 par·

2319 3486 2588 3551 ticulari.
2618 3485 2920 3551 Similiter
2946 3486 3024 3550 de
3051 3485 3461 3550 similitudine
3500 3490 3564 3550 et
3589 3487 3729 3551 idea
3756 3488 3866 3550 in·-

2317 3594 2738 3676 tslligendum
2766 3597 2857 3658 est
2875 3641 2893 3670 ‚
2939 3593 3116 3675 quod
3141 3594 3500 3657 communis
3525 3596 3623 3658 est
3645 3613 3861 3676 quan-

2318 3705 2462 3767 tum
2479 3701 2559 3766 ad
2581 3700 3075 3766 indifferentiam
3098 3703 3161 3763 et
3175 3700 3662 3782 amplitudinem
3680 3720 3698 3780 3
3719 3720 3864 3784 pro-

2320 3814 2460 3897 pria
2473 3830 2626 3877 vero
2645 3816 2960 3895 quantum
2978 3812 3057 3875 ad
3076 3812 3588 3876 discretissimam
3601 3830 3864 3895 expres-

2321 3921 2589 3985 sionem.
2617 3919 2797 3984 Ratio
2823 3919 3023 4002 hujus
3055 3923 3179 3997 est,
3209 3918 3361 4001 quia
3391 3923 3487 3982 est
3511 3920 3865 3985 similitudo

2322 4029 2687 4112 exprimens
2707 4076 2726 4106 ,
2774 4044 2906 4091 non
2956 4027 3264 4108 impressa
3280 4073 3297 4104 ,
3361 4044 3479 4088 nec
3533 4043 3860 4108 expressa.

2324 4133 2486 4213 Quia
2517 4135 2785 4198 omnino
2817 4133 3188 4215 exprimens
3209 4180 3226 4209 ‚
3276 4132 3417 4196 ideo
3457 4151 3710 4197 summe
3746 4152 3867 4198 ex-

2323 4241 2543 4325 primit
2561 4291 2579 4321 ,
2610 4246 2672 4305 et
2699 4240 3052 4305 secundum
3083 4255 3306 4303 omnes
3340 4239 3751 4304 conditiones.
3783 4240 3867 4305 Et

2323 4372 2548 4419 rursus
2568 4402 2586 4434 ,
2615 4371 2699 4417 ex
2727 4353 2850 4417 hoc
2876 4352 3044 4434 quod
3077 4368 3206 4414 non
3234 4356 3330 4414 est
3354 4368 3654 4433 expressa
3667 4400 3688 4432 ,
3723 4354 3869 4418 ideo

2325 4481 2457 4526 non
2485 4466 2579 4527 est
2605 4464 2843 4526 arctata
2868 4478 2987 4523 nec
3008 4458 3281 4522 limitata
3303 4504 3320 4535 ‚
3356 4458 3464 4522 sed
3491 4459 3775 4524 extendit
3800 4480 3869 4526 se

2324 4571 2406 4635 ad
2448 4570 2665 4634 omnia
2680 4617 2697 4646 ‚
2741 4569 2910 4633 sicut
2943 4567 3169 4631 divina
3215 4566 3520 4645 essentia3
3566 4568 3872 4650 quamvis

2324 4681 2455 4742 tota
2482 4679 2563 4741 sit
2587 4677 2658 4741 in
2682 4694 2815 4740 uno
2832 4723 2850 4755 ,
2900 4692 3034 4738 non
3060 4677 3279 4737 tamen
3314 4673 3403 4737 sic
3447 4677 3542 4738 est
3585 4675 3656 4738 in
3688 4694 3826 4769 uno
3848 4725 3868 4756 ‚

2327 4785 2416 4848 sic
2440 4784 2613 4866 quod
2634 4801 2767 4846 non
2794 4781 2874 4845 sit
2898 4781 2968 4845 in
2996 4781 3142 4845 alio.

2406 4895 2467 4955 4.
2493 4890 2592 4954 Ad
2617 4888 2774 4954 illud
2800 4888 2974 4970 quod
2993 4887 3292 4970 objicitur
3308 4887 3539 4952 ultimo
3565 4888 3739 4971 quod
3764 4905 3872 4954 co·

2328 4997 2580 5079 gnoscit
2626 4995 2979 5060 secundum
3040 4995 3436 5076 exigentiam
3487 4995 3819 5060 rationum
3850 5045 3869 5076 ,

2327 5105 2670 5169 dicendum
2694 5102 2868 5185 quod
2883 5149 2904 5181 ,
2933 5101 3099 5165 sicut
3126 5101 3290 5165 ratio
3321 5104 3752 5184 cognoscendi
3778 5107 3876 5170 est

2329 5231 2484 5288 una,
2500 5215 2564 5275 et
2578 5214 2790 5273 tamen
2809 5207 3263 5291 pluracognita
3278 5207 3747 5275 distinctissime
3765 5230 3874 5276 re-

2328 5320 2670 5403 praesentat
2710 5315 3065 5381 secundum
3113 5313 3404 5398 proprias
3439 5318 3870 5398 conditiones3

2327 5427 2419 5492 sic
2445 5424 2668 5492 divina
2694 5422 2998 5508 cognitio,
3018 5424 3337 5508 quantum
3362 5422 3446 5489 ad
3472 5424 3741 5492 modum
3763 5443 3876 5493 co-
