4125 6225
1224 413 1418 482 DIST.
1459 414 1566 479 111.
1614 411 1843 478 PART.
1886 410 1935 474 Ι.
1978 408 2161 475 ART.
2207 411 2255 476 I.
2297 413 2597 491 QUAEST.
2644 418 2722 483 ΙΙ.

366 576 515 622 esse
556 554 925 632 materiam,
967 553 1092 616 nisi
1132 551 1200 614 in
1251 551 1715 633 corporalibuS,
1760 548 1915 628 quia

368 681 718 745 nunquam
738 661 914 724 veuit
937 659 1012 723 ad
1035 659 1561 723 considerandum
1582 653 1913 719 materiam

370 771 736 835 secundum
775 767 1109 831 essentiam
1132 815 1148 842 ,
1180 766 1287 830 sed
1327 766 1535 829 solum
1564 762 1915 827 secundum

371 898 519 943 esse
557 901 571 942 :
605 883 668 942 et
696 878 934 958 absque
965 875 1157 938 dubio
1184 873 1440 954 aliquod
1468 872 1659 934 habet
1684 888 1816 933 esse
1848 869 1916 930 in

373 985 819 1069 corporalibus
843 982 1014 1064 quod
1057 1000 1187 1043 non
1231 982 1300 1043 in
1345 977 1812 1061 spiritualibuS,
1856 979 1920 1039 et

373 1093 643 1175 aliquod
670 1092 739 1154 in
785 1088 1300 1171 corruptibilibus
1339 1087 1509 1169 quod
1551 1085 1777 1149 nonin
1813 1084 1919 1146 in-

378 1200 923 1282 corruptibilibus,
952 1196 1418 1280 Metaphysicus
1442 1211 1597 1257 vero
1619 1211 1750 1256 non
1775 1194 1921 1254 tan-

377 1314 528 1374 tum
558 1307 909 1371 secundum
954 1324 1124 1384 esse,
1160 1305 1267 1367 sed
1307 1303 1658 1368 secundum
1706 1319 1919 1364 essen-

378 1419 544 1481 tiam
565 1416 916 1480 considerat
936 1433 952 1477 :
975 1418 1038 1478 et
1055 1413 1202 1495 quia
1227 1413 1535 1476 abstracto
1554 1410 1733 1474 omni
1750 1429 1917 1488 esse,

379 1542 518 1588 non
549 1528 641 1588 est
675 1522 953 1604 reperire
972 1571 988 1601 ,
1019 1540 1137 1586 nec
1164 1521 1354 1584 etiam
1380 1521 1621 1600 fingere
1649 1517 1920 1582 diversi-

379 1635 584 1695 tatem
626 1631 695 1693 in
733 1630 1030 1708 materia,
1069 1629 1209 1693 ideo
1246 1628 1396 1692 dicit
1428 1645 1561 1690 esse
1586 1626 1921 1689 materiam

383 1757 588 1803 unam
610 1757 723 1820 per
743 1738 1114 1802 essentiam:
1137 1741 1200 1800 et
1211 1737 1351 1799 ideo
1371 1753 1520 1799 cum
1539 1734 1705 1797 hanc
1720 1751 1925 1815 quaes-

382 1847 630 1910 tionem
654 1847 877 1909 tractat
897 1843 1255 1924 theologuS,
1278 1847 1390 1906 aut
1413 1844 1752 1924 pertractat
1780 1860 1923 1904 eam

385 1951 553 2015 sicut
576 1951 906 2026 naturaliS,
929 1954 1041 2014 aut
1062 1950 1227 2013 sicut
1245 1949 1741 2031 metaphysicUS,
1771 1948 1926 2029 quia

382 2058 525 2142 ipse
544 2062 746 2141 potest
769 2058 1050 2140 accipere
1077 2058 1298 2121 modos
1319 2058 1612 2120 omnium
1636 2055 1925 2118 scientia-

386 2183 564 2241 rum,
593 2184 742 2228 cum
767 2165 825 2228 ei
846 2163 1258 2235 famulentur.
1286 2163 1353 2226 Si
1378 2164 1454 2226 ut
1481 2160 1812 2234 naturalis„
1835 2161 1928 2224 sic

386 2271 691 2334 dicetnon
703 2289 835 2334 esse
851 2269 1141 2333 eamdem
1154 2291 1168 2346 ;
1187 2269 1238 2330 si
1251 2272 1317 2331 ut
1331 2267 1820 2349 metaphysicuS,
1837 2266 1927 2328 sic

388 2377 538 2440 dicit
563 2378 851 2441 eamdem
872 2395 1004 2440 esse
1029 2395 1142 2458 per
1167 2376 1501 2439 essentiam
1526 2375 1926 2438 differentem

389 2484 746 2548 secundum
775 2503 931 2548 esse.
970 2483 1047 2547 Et
1072 2483 1380 2565 quoniam
1404 2482 1700 2545 nobiliori
1737 2481 1927 2545 modo

384 2595 630 2676 judicat
652 2593 1124 2676 metaphysicus
1141 2609 1336 2674 quam
1361 2591 1638 2654 scientiae
1668 2590 1929 2680 inferio-

392 2718 520 2777 reS,
536 2700 678 2764 ideo
693 2701 760 2763 hi
784 2700 892 2781 qui
914 2704 1263 2782 posuerunt
1281 2699 1612 2761 materiam
1636 2698 1927 2760 eamdem

394 2806 467 2869 in
483 2806 917 2887 spiritualibus
930 2810 994 2870 et
1010 2805 1441 2888 corporalibus
1457 2854 1474 2882 ,
1496 2805 1684 2868 altius
1702 2804 1929 2868 elevati

398 2914 629 2977 melius
674 2914 1154 2995 judicaverunt,
1221 2913 1517 2996 quamvis
1577 2913 1927 2977 secundum

398 3021 679 3085 diversas
727 3021 1252 3085 considerationes
1303 3021 1555 3102 utrique
1610 3021 1932 3103 potuerint

399 3129 605 3194 dicere
640 3149 904 3210 verum,
940 3134 1014 3193 ut
1040 3131 1219 3212 prius
1243 3134 1337 3195 est
1363 3134 1714 3194 ostensum.
1762 3130 1930 3194 Con-

401 3236 696 3301 cedendae
733 3256 890 3319 ergo
923 3242 1073 3301 sunt
1098 3238 1376 3302 rationes
1400 3237 1738 3320 probantes
1756 3255 1932 3300 eam-

402 3343 548 3408 dem
590 3362 725 3407 esse
759 3345 1091 3408 materiam
1132 3363 1245 3427 per
1271 3345 1608 3409 essentiam
1650 3344 1720 3407 in
1743 3344 1934 3427 spiri-

401 3451 682 3515 tualibus
707 3456 771 3515 et
792 3451 1225 3534 corporalibus
1243 3500 1260 3529 ,
1289 3453 1452 3516 sicut
1478 3452 1808 3515 manifeste
1832 3453 1934 3515 in-

401 3557 545 3632 nuit
577 3559 978 3639 Augustinus
1022 3560 1038 3595 ¹
1104 3559 1173 3622 in
1205 3560 1370 3623 libro
1410 3558 1487 3626 de
1532 3559 1936 3626 mirabilibus

404 3680 606 3730 sacroe
653 3665 1036 3748 scripturae,
1080 3666 1193 3749 qui
1241 3667 1362 3730 fuit
1399 3667 1744 3731 altissimus
1798 3687 1937 3731 me-

402 3774 790 3856 taphysicuS.

487 3886 544 3943 1.
577 3879 759 3957 Quod
781 3881 1076 3963 objicitur
1096 3900 1252 3963 ergo
1268 3930 1288 3961 ,
1316 3883 1486 3964 quod
1523 3881 1941 3964 distinguitur

404 3988 672 4052 materia
707 3992 925 4053 contra
963 3989 1317 4070 angelicam
1350 3994 1677 4069 naturam;
1716 3991 1940 4055 dicen-

405 4093 563 4158 dum
613 4095 784 4177 quod
824 4096 1106 4177 loquitur
1150 4096 1228 4161 de
1271 4096 1536 4160 materia
1584 4098 1939 4163 secundum

406 4219 571 4281 esse,
602 4221 735 4266 non
774 4203 1127 4267 secundum
1171 4204 1527 4267 essentiam.
1575 4203 1689 4268 Vel
1733 4204 1934 4285 aliter,

405 4309 739 4391 distinguit
792 4311 1035 4376 ratione
1078 4312 1490 4389 actualitatiS,
1539 4330 1686 4394 quae
1736 4317 1830 4377 est
1873 4315 1940 4377 in

407 4417 659 4497 angelo,
681 4418 924 4481 ratione
949 4420 1135 4500 cujus
1152 4437 1406 4484 summe
1433 4419 1599 4483 inter
1623 4424 1940 4485 creaturas

406 4525 874 4607 appropinquat
907 4525 1072 4603 Deo;
1119 4531 1180 4589 et
1207 4526 1449 4590 ratione
1487 4527 1938 4609 passibilitatis,

406 4650 554 4714 quae
583 4636 676 4696 est
701 4632 772 4696 in
812 4633 1079 4697 materia
1103 4633 1183 4699 de
1214 4652 1310 4714 se,
1342 4634 1585 4698 ratione
1624 4635 1812 4717 cujus
1850 4639 1943 4699 est

408 4757 602 4823 prope
626 4739 805 4802 nihil.
1868 4752 1909 4770 ²

489 4850 550 4911 2.
583 4844 763 4922 Quod
787 4844 1085 4927 objicitur
1115 4869 1130 4911 ε
1170 4869 1200 4908 ιι
1227 4845 1516 4923 Quorum
1554 4849 1819 4912 materia
1852 4853 1946 4914 est

410 4972 563 5032 una,
589 4974 620 5011 n
646 4957 802 5031 etc.;
832 4952 1171 5016 dicendum
1201 4935 1371 5035 quod
1397 4954 1680 5037 loquitur
1706 4956 1785 5022 de
1812 4975 1946 5021 ma-

412 5061 571 5126 teria
617 5060 968 5124 secundum
1017 5078 1153 5124 esse
1172 5107 1190 5137 ,
1238 5059 1362 5123 hoc
1406 5066 1501 5125 est
1550 5063 1627 5126 de
1682 5064 1945 5128 materia

412 5167 901 5248 transmutabili,
928 5167 1173 5233 ratione
1194 5169 1380 5249 'cujus
1406 5167 1706 5251 dicuntur
1729 5188 1832 5234 res
1865 5170 1947 5234 ad

482 5331 500 5365 ¹
529 5329 624 5381 Vel
661 5333 841 5380 auctor
868 5328 1023 5394 hujus
1055 5327 1207 5391 libri,
1248 5326 1555 5393 quicumque
1590 5329 1676 5379 ille
1714 5330 1797 5380 sit.
1833 5331 1943 5383 Vid.

420 5402 573 5466 Oper.
597 5402 652 5453 S.
674 5403 910 5465 August„
938 5399 1172 5464 Append.
1196 5402 1238 5450 t.
1262 5400 1352 5463 111,
1373 5400 1495 5451 edit.
1526 5400 1719 5451 Bened.

3444 432 3559 491 317

2024 545 2299 610 invicem
2333 552 2851 618 transmutabiles
2883 575 2898 616 t
2932 559 2995 617 et
3028 556 3168 621 ideo
3208 577 3417 624 sermo
3459 561 3562 625 ille

2024 655 2376 717 secundum
2411 657 2781 739 physicum,
2825 664 2885 724 et
2924 661 2993 725 in
3036 682 3272 742 genere
3317 667 3563 749 physici

2025 767 2118 823 est
2143 762 2614 844 intelligenduS,
2639 772 2699 830 et
2722 768 2831 830 alii
2861 788 3183 835 sermones
3207 776 3565 840 consimiles

2027 868 2138 948 qui
2168 869 2384 933 dicunt
2411 873 2744 936 materiam
2772 894 2905 939 esse
2944 876 3261 941 diversam
3296 902 3310 943 ι
3341 899 3563 944 omnes

2028 977 2203 1038 enim
2230 977 2584 1059 loquuntur
2613 981 2688 1044 de
2716 984 2978 1046 materia
3014 987 3367 1050 secundum
3404 1008 3561 1053 esse.

2110 1082 2168 1141 3.
2197 1077 2376 1155 Quod
2407 1082 2701 1162 objicitur
2729 1085 2807 1148 de
2837 1088 3114 1166 potentia
3141 1090 3561 1171 suscipiendi3

2029 1184 2367 1249 dicendum
2395 1188 2564 1269 quod
2590 1192 2866 1270 potentia
2886 1194 3190 1271 materiae,
3215 1198 3568 1260 secundum

2030 1310 2097 1355 se
2133 1294 2555 1374 considerata,
2587 1316 2720 1361 non
2761 1305 2855 1363 est
2883 1303 3090 1383 magis
3125 1304 3204 1367 ad
3247 1304 3413 1368 hanc
3437 1306 3570 1369 for-

2030 1422 2204 1467 mam
2256 1424 2450 1487 quam
2490 1408 2569 1470 ad
2606 1409 2823 1489 aliam3
2863 1412 2994 1475 imo
3031 1415 3460 1478 indifferenter
3502 1434 3570 1479 se

2030 1511 2221 1575 habet
2250 1514 2330 1577 ad
2357 1533 2636 1579 omnem.
2672 1516 2834 1580 Nam
2866 1521 3130 1583 materia
3160 1522 3227 1584 in
3264 1541 3330 1585 se
3359 1522 3571 1586 cousi-

2031 1622 2247 1686 derata
2268 1672 2285 1700 ,
2330 1643 2449 1687 nec
2476 1629 2571 1688 est
2604 1627 2949 1707 spiritualis
2975 1677 2991 1705 ,
3032 1647 3150 1693 nec
3175 1630 3521 1711 corporalis
3550 1651 3565 1693 t

2032 1733 2095 1792 et
2118 1729 2257 1793 ideo
2285 1732 2591 1813 capacitas
2627 1752 3016 1817 consequens
3054 1739 3387 1801 essentiam
3427 1756 3571 1800 ma-

2031 1836 2232 1912 teriae,
2257 1837 2691 1903 indifferenter
2712 1859 2778 1904 se
2797 1841 2988 1907 habet
3007 1844 3085 1908 ad
3109 1846 3404 1924 formam,
3437 1846 3572 1912 sive

2033 1948 2451 2029 spiritualem,
2484 1951 2616 2015 sive
2645 1955 3034 2034 corporalem
3068 1979 3082 2020 :
3115 1957 3223 2020 sed
3251 1959 3404 2040 quia
3434 1977 3575 2022 ma-

2033 2056 2192 2118 teria
2218 2075 2552 2138 nunquam
2584 2060 2940 2142 expoliatur
2968 2064 3048 2125 ab
3090 2064 3266 2127 omni
3294 2083 3429 2129 esse
3450 2114 3467 2144 ,
3513 2068 3577 2128 et

2034 2182 2182 2245 quae
2219 2166 2412 2228 semel
2439 2171 2533 2230 est
2559 2167 2679 2230 sub
2722 2187 2856 2232 esse
2896 2171 3204 2252 corporali
3237 2191 3572 2254 nunquam

2033 2273 2327 2352 exuitur,
2372 2278 2434 2336 et
2480 2275 2768 2338 similiter
2809 2276 2915 2339 illa
2957 2296 3102 2359 quae
3144 2282 3239 2342 est
3278 2279 3399 2341 sub
3442 2297 3577 2344 esse

2034 2380 2376 2460 spirituali;
2407 2382 2558 2444 hinc
2584 2383 2869 2464 estquod
2897 2386 3160 2448 materia
3182 2404 3576 2468 consequens

2036 2504 2169 2550 esse
2193 2487 2259 2548 in
2287 2488 2720 2570 spiritualibus
2748 2494 2812 2553 et
2837 2492 3290 2573 corporalibus,
3335 2498 3428 2556 est
3453 2494 3577 2558 alia

2036 2597 2100 2656 et
2125 2592 2268 2656 alia.

2116 2704 2177 2762 4.
2210 2699 2390 2777 Quod
2433 2703 2730 2784 objicitur
2771 2706 2849 2769 de
2885 2705 3319 2788 partibilitate3
3360 2708 3577 2772 dicen-

2035 2803 2193 2869 dum
2222 2805 2392 2886 quod
2420 2805 2540 2869 hoc
2575 2826 2704 2871 non
2732 2813 2825 2871 est
2857 2809 3100 2872 ratione
3135 2809 3335 2891 ipsius
3372 2817 3579 2876 mate-

2035 2909 2152 2972 riae
2173 2959 2191 2989 ,
2234 2911 2387 2992 quia
2429 2914 2723 2990 materia,
2766 2915 3074 2978 abstracta
3117 2917 3295 2979 omni
3335 2918 3576 2998 forma,

2037 3015 2309 3099 simplex
2327 3022 2457 3082 est:
2482 3038 2615 3084 non
2638 3025 2851 3087 tamen
2875 3023 3067 3086 habet
3093 3023 3403 3087 actualem
3431 3026 3582 3088 sim-

2038 3123 2382 3205 plicitatem
2404 3175 2421 3203 ,
2449 3130 2522 3189 ut
2560 3134 2870 3210 punctus;
2916 3129 3024 3193 scd
3069 3130 3341 3212 simplex
3361 3180 3378 3209 ,
3427 3132 3580 3214 quia

2040 3236 2212 3295 caret
2237 3233 2465 3296 actuali
2492 3236 2861 3300 extensione
2904 3256 2920 3300 ε
2952 3237 3143 3301 habet
3176 3243 3390 3302 tamen
3428 3258 3575 3322 pos-

2040 3340 2400 3404 sibilitatem
2428 3342 2507 3406 ad
2540 3343 2715 3406 illam
2737 3390 2756 3422 ,
2804 3349 2867 3408 et
2906 3363 3056 3408 cum
3084 3349 3312 3409 natura
3355 3347 3580 3411 formae

2041 3447 2384 3527 corporalis
2409 3448 2503 3511 illi
2523 3451 2809 3514 materiae
2840 3451 3047 3530 datur,
3073 3455 3229 3515 tunc
3258 3452 3583 3516 reducitur

2042 3552 2122 3616 ad
2150 3559 2384 3618 actum.
2433 3553 2610 3620 Unde
2645 3575 2795 3620 cum
2821 3556 3050 3621 dicitur
3089 3558 3259 3641 quod
3298 3560 3581 3624 extensio

2043 3666 2202 3727 esta
2229 3663 2513 3741 materia,
2545 3683 2677 3728 non
2701 3669 2796 3729 est
2822 3666 3313 3746 intelligendum
3344 3667 3516 3749 quod
3543 3686 3583 3731 a

2043 3773 2310 3835 materia
2335 3772 2687 3836 secundum
2723 3774 3060 3837 essentiam
3097 3793 3314 3853 suam,
3342 3774 3452 3838 sed
3481 3792 3583 3838 se-

2044 3880 2329 3944 cundum
2358 3898 2516 3957 esse,
2550 3884 2744 3961 prout
2768 3882 3030 3963 suscipit
3055 3882 3328 3945 formam
3365 3899 3585 3964 corpo-

2044 3989 2267 4065 ralem,
2299 4005 2446 4070 quae
2471 4007 2604 4053 non
2631 3993 2724 4053 est
2744 3994 2893 4053 nata
2910 4008 3045 4054 esse
3072 3990 3140 4053 in
3168 3991 3432 4055 materia
3459 3990 3584 4053 nisi

2046 4113 2194 4159 cum
2218 4094 2613 4171 extensione,
2645 4097 2941 4177 quamvis
2963 4097 3100 4179 ipsa
3126 4097 3197 4159 in
3225 4114 3292 4160 se
3318 4096 3399 4160 sit
3422 4097 3585 4159 sim-

2047 4201 2193 4284 plici
2223 4203 2492 4265 essentia
2519 4203 2886 4267 consistens,
3633 4282 3642 4287 ,

2130 4312 2189 4373 5.
2222 4308 2402 4386 Quod
2427 4310 2746 4390 objicitur,
2778 4311 2953 4393 quod
2983 4310 3251 4375 materia
3277 4314 3371 4374 est
3401 4312 3587 4375 tene·-

2047 4418 2196 4495 bra;
2233 4416 2573 4480 dicendum
2593 4418 2766 4499 quod
2793 4419 3055 4482 tenebra
3079 4418 3315 4481 dicitur
3339 4416 3587 4482 ratione

2048 4523 2421 4606 privationis
2459 4524 2719 4603 formae,
2763 4525 2916 4607 quia
2954 4525 3161 4588 forma
3191 4523 3416 4586 lumen
3443 4528 3538 4587 est
3568 4547 3582 4587 z

2048 4634 2113 4696 et
2145 4631 2286 4695 ideo
2326 4631 2590 4695 materia
2616 4650 2766 4695 cum
2807 4632 3159 4714 privatione
3199 4632 3591 4713 repugnaret

2050 4733 2590 4816 contemplationi.
2618 4732 2698 4797 Et
2723 4736 2874 4816 quia
2914 4734 2983 4798 in
3019 4734 3266 4816 angelis
3292 4734 3458 4797 facta
3497 4735 3592 4795 est

2050 4843 2172 4906 sub
2210 4848 2357 4907 actu
2391 4844 2663 4925 perfecto
2685 4892 2703 4923 ,
2735 4844 2979 4907 sublata
3016 4843 3370 4926 privatione
3390 4889 3407 4919 ,
3436 4839 3590 4902 hinc

2051 4950 2339 5032 estquod
2371 4954 2614 5015 remota
2641 4954 2732 5015 est
2767 4951 2848 5014 ab
2873 4969 2948 5014 ea
2988 4951 3148 5035 ratio
3177 4947 3589 5014 tenebrosita-

2051 5057 2133 5121 tis
2166 5080 2180 5121 :
2213 5061 2278 5121 et
2305 5058 2395 5121 sic
2417 5062 2587 5141 patet
2611 5058 2789 5121 illud.
2828 5054 2971 5122 Non
3006 5056 3180 5120 enim
3208 5061 3301 5120 est
3329 5059 3593 5122 tenebra

2052 5184 2169 5248 per
2194 5167 2552 5244 essentiam,
2578 5165 2703 5228 nisi
2721 5165 2864 5247 quis
2888 5164 3047 5228 forte
3072 5165 3237 5228 dicat
3257 5167 3592 5233 tenebram

2055 5274 2483 5355 comparative
2501 5320 2518 5351 ,
2550 5272 2714 5336 sicut
2750 5277 3039 5336 creatura
3080 5272 3290 5337 omnis
3324 5276 3594 5340 tenebra

2055 5386 2150 5445 est
2183 5384 2473 5463 respectu
2513 5397 2790 5447 summae
2835 5380 2995 5445 lucis
3030 5403 3045 5445 :
3089 5381 3180 5445 sic
3220 5386 3292 5447 et.
3326 5384 3596 5450 materia
