4125 6225
1447 385 1826 453 DISTINCT.
1870 381 2136 451 XXXIX.
3337 384 3415 445 75

286 521 419 605 ponit
443 519 975 586 incertitudinem.
1021 522 1183 587 Hinc
1223 527 1318 588 est
1358 523 1528 606 quod
1562 522 1766 587 Deum
1881 524 2087 602 potest
2120 536 2256 583 non
2281 535 2441 594 esse,
2480 516 2660 581 nulla
2695 516 2860 581 facta
2899 515 3292 594 mutatione3
3321 519 3417 580 est

285 627 511 711 praescire
568 626 873 692 futurum
938 633 1036 693 est
1069 630 1485 711 contingens,
1521 628 1768 692 ratione
1880 630 2148 703 certum,
2178 626 2426 690 ratione
2461 623 2963 708 independentiae
3003 623 3086 687 ab
3135 622 3359 688 eodem
3393 645 3409 688 ε

283 733 689 798 connotationis
724 735 809 798 ad
855 736 1273 818 contingens;
1318 739 1414 800 est
1459 735 1763 799 immuta·
1880 739 1945 798 et
1971 734 2095 797 1100
2137 734 2374 817 patebit
2421 733 2591 797 infra
2614 732 2867 815 planius
2893 731 2963 796 in
3016 731 3411 796 distinctione

285 843 394 920 bile,
420 840 660 906 ratione
698 841 1126 907 ordinationis
1154 843 1236 907 ad
1258 842 1575 920 futurum,
1596 840 1771 925 quod
1881 841 1959 907 de
1980 840 2576 906 Praedestinatione.

1199 1083 1928 1180 DISTINCTIO
1991 1085 2444 1179 XXXIX

550 1303 630 1348 DE
674 1301 1246 1349 mnuUTABILI'rA'rE
1302 1301 1426 1349 vm.
1469 1301 1883 1352 PERFECTIONE
1930 1301 2155 1349 mvmAE
2199 1302 2488 1348 scmNTIAE
2536 1301 2657 1348 VEL
2700 1301 3106 1349 COGNrrlomS.

342 1451 639 1519 Praeterea
684 1450 897 1542 qnaeri
925 1449 1089 1519 solet
1121 1458 1347 1518 utrum
1394 1449 1660 1518 scientia
1692 1449 1811 1518 Dei
1844 1449 2044 1542 possit
2078 1448 2340 1537 augeri,
2374 1450 2481 1518 vel
2526 1449 2738 1517 minui
2769 1474 2784 1515 ε
2828 1456 3185 1542 utrumque
3230 1450 3407 1519 enim
3493 1490 3646 1534 mmm

278 1568 701 1658 videturposse
728 1567 1017 1659 probari.
1050 1566 1237 1648 Quod
1281 1566 1457 1635 enim
1487 1567 1714 1635 divina
1749 1566 2016 1635 scientia
2060 1566 2262 1658 possit
2297 1564 2523 1654 augeri
2563 1566 2668 1633 vel
2722 1566 2996 1652 mutari,
3042 1566 3165 1635 hoc
3215 1568 3407 1637 modo
3438 1554 3653 1673 ἧξξᾞζξ,

278 1685 538 1776 probatur
572 1708 588 1750 :
620 1684 783 1775 quia
808 1690 1018 1774 potest
1052 1682 1219 1752 Deus
1242 1683 1404 1751 scire
1434 1683 1613 1775 quod
1642 1706 1988 1775 nunquam
2028 1682 2148 1750 scit
2181 1708 2196 1749 ε
2234 1690 2328 1750 est
2353 1682 2530 1751 enim
2559 1681 2801 1773 aliquis
2829 1682 2947 1775 qui
2974 1705 3110 1751 non
3139 1692 3235 1752 est
3278 1685 3403 1753 lec·
3434 1679 3648 1752 ⁸⁵‘⁸²’g⁸.‘¹

276 1811 427 1869 turus
448 1800 674 1884 hodie,
707 1808 771 1867 et
800 1808 1021 1867 tamen
1048 1807 1257 1890 potest
1284 1822 1418 1867 esse
1448 1808 1523 1868 ut
1549 1799 1725 1888 legat
1749 1798 1943 1868 hodie
1982 1824 1997 1866 ε
2031 1807 2242 1890 potest
2267 1799 2443 1867 enim
2473 1797 2666 1868 hodie
2702 1799 2941 1888 legere.
2976 1798 3158 1868 Nihil
3184 1808 3402 1896 autem
3435 1805 3541 1875 Μία
3579 1805 3648 1848 *²¹

274 1925 441 2007 potest
472 1916 615 1984 fieri
640 1970 658 2003 ,
686 1915 869 2008 quod
899 1939 1034 1984 non
1059 1916 1258 2008 possit
1286 1939 1325 1983 a
1352 1915 1486 1983 Deo
1531 1915 1705 1985 sciri.
1753 1916 1973 1984 Potest
1999 1937 2156 2005 ergo
2187 1914 2360 1984 Deus
2385 1917 2549 1984 scire
2591 1915 2768 1984 hunc
2795 1914 3119 1994 lecturum
3157 1915 3349 1985 hodie
3384 1943 3399 1985 ε
3469 1867 3614 1971 ¹:1¹2?ssss

3436 1992 3589 2034 mutari
3631 2008 3643 2035 :

272 2041 439 2122 potest
474 2054 629 2121 ergo
672 2031 931 2123 aliquid
975 2031 1137 2100 scire
1180 2031 1359 2123 quod
1391 2053 1528 2099 non
1570 2029 1690 2099 scit
1723 2055 1738 2098 :
1773 2052 1929 2120 ergo
1976 2039 2186 2122 potest
2222 2030 2363 2124 ejus
2404 2032 2673 2100 scientia
2713 2032 2940 2122 augeri
2982 2033 3089 2101 vel
3131 2034 3397 2101 mutari.
3463 2061 3620 2128 uuusq-

272 2149 599 2241 Eademque
627 2148 893 2217 videtur
921 2171 1105 2241 posse
1132 2149 1345 2217 minui
1381 2173 1396 2215 :
1430 2157 1525 2216 est
1551 2143 1727 2217 011101
1757 2149 2005 2240 aliquis
2031 2147 2226 2217 hodie
2254 2148 2543 2216 lecturus
2563 2199 2581 2232 ,
2614 2171 2812 2240 quem
2854 2149 3027 2217 Deus
3055 2149 3172 2218 scit
3200 2149 3400 2217 lectu·
3432 2129 3623 2222 93133111-

270 2286 387 2332 rum
414 2290 431 2333 t
459 2274 522 2334 at
548 2272 760 2357 potest
790 2287 961 2349 esse,
994 2272 1232 2333 utnon
1261 2264 1437 2354 legat
1469 2290 1484 2332 ε
1517 2287 1673 2354 ergo
1718 2272 1928 2356 potest
1950 2264 2130 2332 Deus
2175 2287 2306 2332 non
2344 2263 2503 2332 scire
2550 2262 2727 2331 hunc
2766 2264 3095 2332 lecturum
3129 2290 3144 2332 ε
3196 2274 3401 2357 potest
3431 2255 3622 2357 μῖἷῗξ,

267 2403 392 2470 ergo
414 2403 538 2449 non
566 2381 730 2450 scire
756 2380 1013 2472 aliquid
1042 2381 1220 2473 quod
1247 2380 1363 2448 scit
1397 2405 1412 2447 τ
1447 2403 1603 2469 ergo
1631 2389 1838 2472 potest
1867 2381 2087 2449 minui
2116 2380 2260 2471 ejus
2284 2380 2551 2450 scientia
2569 2433 2586 2466 ‚
2620 2380 2727 2448 vel
2757 2381 3021 2450 mutari.

336 2498 425 2566 Ad
451 2497 624 2589 quod
649 2498 973 2582 dicimus,
1006 2498 1165 2591 quia
1189 2498 1309 2566 Dei
1337 2497 1605 2566 scientia
1632 2497 1900 2566 omnino
1928 2497 2364 2566 immutabilis
2403 2505 2538 2582 est,
2589 2519 2708 2564 nec
2746 2497 2974 2586 augeri
3011 2505 3256 2589 potest,
3295 2496 3397 2566 vel
3439 2536 3632 2588 Respon-

268 2615 467 2682 minui.
497 2614 664 2683 Nam
682 2668 703 2699 ,
738 2620 815 2682 ut
842 2614 937 2683 ait
960 2615 1375 2704 Augustinus
1395 2667 1412 2701 ,
1444 2615 1515 2683 in
1538 2613 2024 2707 quintodecimo
2052 2614 2223 2683 libro
2250 2612 2331 2682 de
2364 2613 2686 2682 Trinitate
2703 2619 2747 2698 ¹,
2782 2639 2817 2679 t(
2848 2607 3133 2683 Scientia
3160 2613 3280 2682 Dei
3306 2623 3400 2682 est
3427 2600 3642 2706 ffiss?

264 2729 381 2823 ipsa
400 2732 741 2822 sapientia,
775 2739 843 2799 et
889 2731 1208 2822 sapientia
1245 2741 1343 2800 est
1379 2731 1523 2822 ipsa
1553 2730 1831 2799 essentia
1865 2731 2002 2797 sive
2032 2730 2397 2798 substantia
2439 2730 2555 2798 Dei
2588 2755 2602 2796 ε
2637 2730 2796 2822 quia
2836 2730 2906 2798 in
2934 2730 3117 2798 illius
3144 2738 3400 2799 naturae
3437 2727 3626 2768 ΝΜ·

266 2847 636 2939 simplicitate
666 2848 999 2933 mirabili,
1030 2870 1165 2915 non
1194 2856 1289 2916 est
1321 2847 1504 2915 aliud
1528 2869 1754 2938 sapere
1777 2898 1794 2931 ,
1826 2853 1890 2914 et
1917 2845 2101 2914 aliud
2130 2868 2267 2914 esse
2306 2870 2322 2912 :
2356 2845 2469 2913 sed
2514 2846 2693 2937 quod
2721 2852 2817 2913 est
2842 2867 3066 2937 sapere
3090 2897 3107 2930 ,
3158 2845 3279 2914 hoc
3307 2856 3403 2914 est

266 2974 317 3032 et
336 2987 478 3034 esse.
508 2992 542 3030 11
576 2965 864 3058 Ideoque
889 2975 912 3009 ²
937 2964 1118 3032 novit
1148 2962 1371 3031 omnia
1396 2962 1726 3047 Verbum,
1759 2984 1911 3054 quae
1943 2962 2131 3032 novit
2157 2966 2346 3031 Pater
2377 2986 2392 3028 :
2422 2961 2533 3029 sed
2563 2962 2623 3029 ei
2669 2983 2856 3030 nosse
2900 2961 2982 3030 de
3027 2960 3217 3029 Patre
3263 2968 3398 3046 est,

265 3080 404 3151 sicut
427 3105 555 3152 esse
586 3107 602 3150 ε
635 3104 823 3153 00550
852 3082 1030 3151 euim
1051 3134 1068 3168 ,
1100 3087 1165 3149 et
1189 3102 1325 3149 esse
1351 3132 1369 3166 ,
1404 3078 1506 3149 illi
1543 3101 1754 3148 unum
1781 3086 1899 3148 est.
1938 3077 2020 3147 Et
2066 3078 2210 3147 ideo
2236 3077 2418 3147 Patri
2447 3078 2612 3147 sicut
2640 3100 2774 3147 esse
2814 3100 2946 3146 non
2989 3085 3084 3147 est
3110 3100 3150 3146 a
3189 3076 3358 3147 Filio
3378 3133 3396 3169 ,

267 3195 339 3264 ita
359 3220 467 3265 nec
490 3222 697 3268 nosse.
731 3198 1053 3283 Proinde,
1085 3206 1403 3290 tanquam
1434 3197 1722 3287 seipsum
1765 3195 1986 3265 dicens
2007 3249 2024 3283 ,
2073 3196 2268 3265 Pater
2303 3197 2532 3286 genuit
2567 3195 2863 3267 Verbum
2911 3195 3037 3264 sibi
3075 3196 3405 3287 coaequale

266 3335 362 3403 per
382 3315 614 3383 omnia.
646 3315 796 3383 Non
823 3315 1000 3383 enim
1038 3313 1323 3405 seipsum
1348 3313 1601 3402 integre
1628 3312 2041 3404 perfecteque
2068 3311 2377 3398 dixisset,
2408 3311 2464 3380 si
2504 3312 2757 3403 aliquid
2803 3312 3022 3380 minus
3044 3363 3060 3395 ,
3112 3321 3227 3380 aut
3268 3335 3408 3380 am-

269 3428 415 3519 plius
438 3439 596 3499 esset
620 3431 692 3498 in
721 3432 865 3521 ejus
889 3430 1148 3514 Verb0,
1180 3452 1383 3521 quam
1409 3430 1480 3496 in
1521 3428 1755 3518 seipso.
1804 3427 1945 3497 Hoc
1979 3437 2077 3496 est
2111 3450 2266 3517 ergo
2309 3429 2578 3497 omnino
2618 3429 2917 3498 Verbum
2961 3428 3139 3520 quod
3183 3428 3400 3511 Pater,

269 3566 380 3612 non
402 3555 613 3614 tamen
642 3546 836 3614 Pater
867 3570 883 3613 :
913 3547 1072 3637 quia
1099 3545 1217 3613 iste
1247 3545 1458 3613 Filius
1480 3596 1499 3630 ,
1530 3544 1644 3612 ille
1686 3544 1963 3612 Pater...
2013 3541 2250 3612 Sciunt
2293 3566 2449 3633 ergo
2482 3544 2760 3612 invicem
2806 3544 3003 3612 Pater
3049 3553 3114 3611 et
3151 3544 3360 3613 Filius
3386 3597 3405 3631 ‚

271 3660 361 3727 sed
386 3662 490 3729 ille
517 3661 868 3752 gignendo,
892 3662 1019 3729 iste
1046 3660 1392 3729 nascendo,
1415 3659 1495 3727 Et
1522 3659 1746 3728 omnia
1772 3682 1923 3751 quae
1948 3669 2105 3727 sunt
2132 3660 2200 3726 in
2230 3682 2459 3728 eorum
2485 3660 2777 3746 scientia,
2793 3661 2862 3727 in
2889 3682 3119 3728 eorum
3148 3662 3404 3751 sapien-

271 3775 365 3858 tia,
390 3776 456 3844 in
482 3800 704 3846 eorum
732 3776 1035 3861 essentia,
1067 3776 1523 3868 unusquisque
1551 3798 1782 3844 eorum
1807 3775 2006 3843 simul
2037 3774 2238 3859 videt,
2262 3798 2396 3843 non
2423 3776 2863 3867 particulatim
2881 3786 2997 3844 aut
3025 3776 3398 3865 sigillatim,

274 3890 426 3959 velut
452 3894 805 3963 alternante
832 3901 1179 3985 conspectu
1209 3890 1361 3960 hinc
1387 3891 1571 3961 illinc
1593 3944 1611 3976 ,
1644 3899 1709 3960 et
1735 3890 1887 3960 inde
1930 3891 2057 3960 huc
2078 3943 2096 3977 ‚
2126 3900 2192 3959 et
2218 3913 2485 3960 rursum
2522 3892 2676 3960 inde
2699 3946 2717 3979 ,
2751 3893 2854 3961 vel
2889 3892 3042 3961 inde
3067 3946 3085 3980 ,
3121 3894 3193 3961 in
3222 3893 3404 3961 aliud

273 4015 441 4098 atque
466 4009 635 4079 aliud
654 4063 673 4096 ,
704 4018 781 4079 ut
813 4010 1041 4102 aliqua
1070 4009 1291 4078 videre
1319 4030 1453 4075 non
1483 4007 1720 4099 possit,
1752 4007 1880 4075 nisi
1906 4028 2041 4076 non
2069 4006 2298 4075 videns
2324 4007 2454 4075 alia
2485 4033 2500 4074 ε
2534 4008 2646 4076 sed
2690 4009 2911 4078 omnia
2950 4008 3151 4077 simul
3182 4009 3359 4078 videt
3384 4061 3402 4094 ,

272 4145 530 4212 quorum
556 4128 813 4195 nullum
843 4136 940 4195 est
964 4125 1139 4218 quod
1170 4147 1306 4193 non
1337 4146 1592 4215 semper
1617 4123 1877 4209 videat,
1911 4132 1975 4192 et
2022 4123 2204 4191 sciat.
2241 4149 2277 4188 >2
2320 4123 2481 4215 Ejus
2524 4124 2746 4217 itaque
2773 4125 3043 4194 scientia
3084 4126 3412 4195 inamissi-

273 4235 404 4306 bilis
437 4249 499 4307 et
524 4241 922 4311 invariabilis
947 4250 1064 4311 est.
1105 4241 1344 4339 Nostra
1392 4262 1547 4309 vero
1574 4245 1597 4280 ³
1623 4240 1896 4308 scientia
1922 4248 1986 4308 et
2010 4239 2408 4327 amissibilis,
2441 4249 2506 4308 et
2531 4241 2888 4327 variabilis,
2921 4250 2984 4311 et
3015 4242 3412 4334 receptibilis

276 4362 391 4439 est,
417 4358 571 4447 quia
592 4381 721 4427 000
749 4358 874 4429 hoc
899 4366 996 4427 est
1022 4358 1211 4427 nobis
1238 4379 1409 4439 0550,
1442 4355 1621 4448 quod
1648 4377 1872 4445 sapere
1901 4406 1918 4441 ,
1951 4355 2056 4423 vel
2084 4356 2270 4424 scire.
2301 4356 2579 4448 Propter
2620 4357 2742 4427 1100
2768 4358 2935 4426 51001
2958 4368 3178 4436 nostra
3207 4358 3413 4426 scien-

278 4464 353 4535 tia
372 4469 466 4538 illi
486 4473 755 4545 scientiae
776 4475 894 4545 Dei
918 4452 1253 4545 dissimilis
1271 4483 1392 4561 est,
1420 4472 1511 4541 sic
1529 4481 1595 4540 et
1620 4479 1917 4570 nostrum
1944 4471 2222 4540 verbum
2244 4474 2422 4564 quod
2448 4475 2739 4543 nascitur
2764 4474 2844 4542 de
2868 4474 3136 4543 scientia
3162 4484 3406 4561 nostra,

277 4580 563 4654 dissimile
584 4598 671 4659 ost
712 4591 816 4659 illi
842 4591 1066 4671 Verbo
1092 4591 1267 4683 quod
1316 4598 1547 4657 natum
1576 4596 1670 4656 est
1697 4586 1778 4655 de
1802 4587 2019 4655 Patris
2057 4588 2336 4657 essentia
2381 4591 2495 4680 (a).
2542 4590 2641 4679 Ege
2683 4591 2803 4659 hac
2832 4590 3214 4659 auctoritate
3239 4591 3412 4659 clare

278 4700 605 4772 ostenditur
627 4707 965 4777 scientiam
985 4708 1106 4776 Dei
1133 4707 1403 4776 omnino
1427 4703 1883 4773 invariabilem
1912 4725 2046 4771 esse
2071 4754 2090 4789 ,
2121 4702 2286 4773 sicut
2311 4704 2450 4795 ipsa
2475 4706 2750 4775 essentia
2778 4705 2897 4774 Dei
2924 4707 3193 4776 omnino
3224 4707 3413 4774 inva-

280 4813 506 4885 riabilis
532 4830 645 4909 aet3
670 4832 733 4891 et
759 4823 940 4915 quod
968 4824 1163 4893 Pater
1183 4875 1201 4909 ‚
1231 4831 1296 4891 et
1319 4821 1535 4890 Filius
1556 4872 1574 4906 ‚
1602 4843 1753 4889 cum
1783 4818 2036 4910 Spiritu
2064 4828 2312 4906 sancto,
2348 4820 2547 4890 simul
2577 4822 2798 4891 omnia
2823 4823 3039 4891 sciunt
3066 4832 3129 4891 et
3157 4823 3405 4891 vident.

281 4927 443 4999 Sicut
467 4955 611 5024 ergo
634 4961 765 5008 non
792 4948 1005 5032 potest
1032 4939 1259 5028 augeri
1286 4938 1391 5006 vel
1421 4935 1636 5005 minui
1663 4934 1887 5005 divina
1914 4935 2216 5021 essentia,
2248 4938 2340 5006 ita
2363 4960 2483 5007 nec
2508 4937 2735 5008 divina
2758 4939 3053 5008 scientia.
3083 4939 3167 5008 Et
3196 4946 3412 5009 tamen

280 5048 622 5121 conceditur
644 5076 826 5146 posse
850 5055 1015 5124 scire
1041 5054 1220 5145 quod
1249 5077 1383 5123 non
1409 5052 1564 5138 scit,
1595 5061 1661 5119 et
1697 5072 1880 5142 posse
1907 5072 2043 5118 non
2079 5052 2246 5120 scire
2289 5054 2468 5145 quod
2511 5054 2668 5136 scit;
2707 5056 2867 5146 quia
2905 5062 3116 5146 posset
3158 5054 3414 5146 aliquid

338 5199 355 5233 ¹
371 5200 517 5266 Aug„
543 5203 597 5254 de
623 5207 769 5271 Tm'n„
799 5209 889 5260 lib.
913 5210 1027 5273 XV,
1057 5222 1106 5259 0.
1125 5219 1243 5272 xm,
1269 5221 1323 5258 0.
1342 5208 1421 5258 22.
1441 5232 1503 5243 -
1519 5206 1542 5240 ²
1558 5203 1712 5267 Ibid„
1736 5217 1782 5254 0.
1802 5214 1911 5267 xW,
1942 5216 1995 5252 0.
2019 5206 2099 5255 23.
2119 5230 2183 5242 -
2202 5205 2221 5236 ³
2244 5203 2392 5266 wid„
2421 5220 2467 5257 0.
2488 5217 2605 5272 xm,
2632 5220 2687 5256 n.
2717 5208 2798 5257 22.

337 5294 399 5376 §ol
422 5300 541 5350 11⁰oe
565 5302 619 5354 de
635 5306 790 5357 Patris
809 5306 1045 5372 seientia,
1065 5305 1254 5372 leqiwr
1271 5304 1408 5371 apud
1423 5304 1654 5369 Auqust„
1668 5300 1792 5354 edit.
1813 5300 2088 5365 Benedicta,
2111 5301 2176 5353 de
2198 5304 2365 5355 Patris
2385 5303 2623 5368 essentia,
2649 5303 2785 5371 apud
2807 5303 3112 5370 Baqistmm
3127 5319 3243 5358 vero
3262 5307 3414 5373 atque

287 5366 425 5418 ‘Mn
450 5371 866 5444 &majesta
888 5381 1000 5432 cat.
1016 5377 1141 5430 edit.
1167 5377 1233 5429 de
1258 5378 1407 5430 Patre
1430 5373 1663 5428 scientia.
