4125 6225
1118 406 1316 473 DIST.
1364 408 1444 474 11.
1486 407 1720 475 PART.
1761 410 1841 475 Π.
1885 409 2069 477 ART.
2118 411 2168 478 I.
2212 412 2511 492 QUAEST.
2552 416 2630 481 ll.

274 557 547 623 corpora
572 543 893 617 humana,
921 559 1070 624 quae
1097 546 1248 606 sunt
1280 543 1567 609 ordinata
1593 545 1673 609 ad
1697 564 1821 609 no-

273 648 649 712 bilissimam
677 649 948 714 formam
970 698 988 729 ,
1033 649 1266 713 scilicet
1291 650 1369 713 ad
1398 650 1680 715 animam
1710 671 1820 715 ra-

276 758 580 822 tionalem
603 807 619 835 ,
666 776 813 841 quae
859 764 1171 840 majorem
1196 762 1258 823 et
1284 761 1660 824 nobiliorem
1689 761 1816 824 dis-

275 865 655 946 positionem
679 867 884 947 exigit
908 868 977 930 in
996 886 1113 931 sua
1132 856 1417 932 materia.
1441 868 1599 933 Cum
1619 868 1820 949 igitur

272 974 512 1037 natura
536 974 699 1038 lucis
715 975 1007 1058 disponat
1032 976 1112 1039 ad
1140 976 1364 1053 vitam,
1393 980 1453 1039 et
1486 976 1714 1061 triplex
1741 975 1821 1040 sit

276 1081 414 1146 vita
429 1084 779 1148 secundum
795 1083 1108 1166 triplicem
1126 1082 1544 1147 differentiam
1559 1085 1814 1162 animae,

275 1189 576 1254 differens
605 1192 814 1272 gradu
847 1196 909 1255 et
945 1190 1287 1271 dignitate,
1314 1194 1442 1255 tres
1476 1191 1638 1255 Deus
1665 1211 1819 1255 con-

271 1296 437 1363 didit
460 1300 648 1365 coelos
678 1301 1002 1365 ordinatos
1039 1302 1209 1364 inter
1237 1319 1304 1365 se
1337 1301 1546 1382 gradu
1574 1306 1636 1365 et
1674 1302 1816 1384 dig-

274 1407 504 1486 nitate,
549 1427 681 1472 non
728 1409 938 1474 solum
980 1413 1268 1487 naturae,
1323 1408 1432 1472 sed
1482 1410 1672 1473 etiam
1716 1411 1817 1474 in-

272 1514 585 1596 fluentiae;
632 1517 721 1580 ita
757 1517 928 1598 quod
978 1515 1213 1580 coelum
1256 1516 1576 1579 sidereum
1618 1515 1696 1580 de
1749 1535 1818 1582 se

273 1622 607 1686 ordinatur
633 1624 714 1688 ad
755 1624 1261 1688 conciliationem
1311 1625 1812 1706 elementorum,

272 1728 358 1793 ad
391 1731 855 1812 susceptionem
903 1730 1311 1812 vegetabilis3
1358 1730 1806 1812 crystallinum

272 1836 357 1899 ad
394 1838 856 1920 susceptionem
893 1837 1238 1919 sensibilis3
1295 1838 1402 1901 sed
1436 1855 1813 1920 empyreum

271 1942 357 2007 ad
395 1946 861 2027 susceptionem
886 1946 1229 2012 rationalis.
1273 1946 1349 2010 Et
1388 1946 1510 2010 hoc
1551 1945 1815 2028 quidem

271 2050 649 2115 rationabile
682 2053 958 2129 videtur,
987 2071 1118 2116 non
1142 2053 1353 2117 solum
1381 2052 1624 2116 ratione
1651 2051 1815 2115 ordi-

270 2158 380 2220 nis
418 2159 801 2240 influentiae,
843 2162 952 2225 sed
987 2162 1180 2225 etiam
1205 2162 1449 2224 ratione
1474 2158 1815 2223 conformi-

270 2264 423 2328 tatis
463 2270 736 2331 naturae.
790 2267 1033 2333 Coelum
1080 2267 1252 2330 enim
1295 2284 1676 2348 empyreum
1721 2269 1816 2328 est

270 2371 453 2435 locus
462 2374 889 2455 spiritualium
902 2376 1397 2440 substantiarum
1407 2424 1423 2451 ‚
1438 2375 1612 2439 locus
1622 2375 1813 2438 etiam

273 2497 623 2562 corporum
657 2483 1180 2563 glorificatorum.
1222 2481 1299 2546 Et
1324 2482 1631 2564 quoniam
1658 2500 1813 2546 con-

270 2589 598 2652 venientia
625 2597 717 2654 est
743 2591 865 2654 loci
886 2592 963 2655 ad
992 2592 1294 2670 locatum,
1327 2591 1431 2654 vel
1454 2590 1808 2670 manifesta,

269 2695 380 2758 vel
433 2698 714 2774 occulta,
765 2700 1022 2763 videtur
1072 2698 1406 2763 influentia
1457 2698 1627 2760 illius
1673 2698 1813 2762 coeli

268 2820 411 2867 esse
442 2822 717 2869 consona
742 2806 1110 2889 corporibus
1136 2808 1371 2870 nostris
1395 2809 1459 2869 et
1475 2806 1811 2870 animabus

270 2911 513 2992 amica,
538 2932 670 2977 nou
700 2914 945 2977 ratione
972 2915 1107 2994 sui,
1138 2915 1244 2977 sed
1271 2896 1517 2978 ratione
1544 2933 1811 2979 suorum

267 3038 617 3103 corporum
649 3040 795 3105 quae
822 3024 1158 3105 perficiunt
1187 3028 1250 3087 et
1274 3023 1640 3087 informant.
1669 3024 1809 3088 Alia

266 3148 425 3194 vero
451 3132 665 3214 opinio
704 3134 825 3196 fuit
861 3136 1029 3197 circa
1068 3134 1189 3196 hoc
1225 3134 1489 3196 omnino
1516 3134 1619 3196 isti
1648 3153 1806 3198 con-

264 3237 486 3314 traria,
520 3256 668 3319 quae
688 3239 869 3316 dixit,
900 3240 1068 3320 quod
1099 3239 1239 3302 coeli
1265 3241 1547 3320 empyrei
1579 3240 1643 3303 in
1670 3241 1807 3304 haec

264 3342 569 3407 inferiora
602 3344 782 3409 nulla
817 3350 910 3409 est
948 3347 1210 3410 omnino
1253 3348 1622 3427 influentia,
1654 3350 1808 3430 quia

266 3468 399 3513 non
428 3450 665 3514 habent
705 3469 970 3533 corpora
994 3453 1262 3517 influere
1298 3454 1419 3516 nisi
1454 3455 1807 3520 secundum

266 3562 561 3625 ordinem
633 3562 1011 3642 ConditoriS,
1070 3563 1289 3627 habito
1360 3569 1651 3647 respectu
1727 3568 1803 3632 ad

265 3669 488 3732 finem.
518 3669 830 3745 Quoniam
859 3689 1016 3752 ergo
1042 3690 1418 3753 empyreum
1450 3673 1528 3737 ad
1566 3675 1802 3756 perfec-

262 3776 514 3840 tionem
554 3779 837 3842 universi
870 3786 964 3842 est
1003 3780 1330 3843 conditum
1351 3828 1369 3856 ,
1398 3786 1472 3845 ut
1519 3782 1599 3845 sit
1627 3783 1806 3847 locus

263 3883 634 3962 beatorum3
667 3886 809 3949 ideo
837 3887 1020 3968 regio
1054 3892 1116 3951 et
1142 3889 1255 3950 lux
1279 3892 1371 3951 est
1400 3907 1439 3951 a
1476 3890 1659 3953 nobis
1699 3909 1803 3954 se-

263 3998 442 4056 mota
470 3998 533 4056 et
557 3993 831 4068 occulta,
861 3994 1023 4057 sicut
1062 3998 1126 4057 et
1153 3994 1290 4077 ipsa
1319 3995 1526 4076 gloria
1545 4044 1562 4072 ,
1604 4015 1802 4078 quam

265 4119 383 4183 per
429 4101 703 4180 gratiam
758 4106 1198 4182 expectamuS,
1249 4106 1312 4166 et
1368 4121 1691 4183 amamus,
1742 4109 1806 4168 et

265 4208 624 4284 credimuS,
671 4208 818 4271 licet
855 4227 987 4273 non
1014 4209 1370 4273 videamus.
1409 4210 1485 4273 Et
1519 4211 1664 4274 ideo
1707 4212 1803 4275 di-

262 4321 443 4390 cunt,
470 4316 643 4397 quod
661 4333 1038 4396 empyreum
1060 4334 1190 4379 non
1207 4321 1302 4380 est
1323 4317 1403 4380 ad
1422 4318 1803 4398 obsequium

266 4423 550 4487 hominis
576 4423 646 4485 in
676 4423 991 4504 praesenti,
1022 4424 1129 4487 sed
1149 4424 1229 4486 ad
1248 4424 1629 4506 obsequium
1658 4443 1802 4507 per-

264 4537 535 4615 petuum
588 4554 603 4595 :
647 4551 766 4596 nec
805 4532 1197 4609 melioratur,
1246 4533 1355 4597 sed
1398 4534 1807 4598 uniformiter

264 4642 335 4703 in
381 4659 499 4704 sua
545 4640 852 4721 dignitate
892 4640 1195 4704 subsistit.
1245 4639 1324 4704 Et
1357 4641 1499 4705 ideo
1530 4642 1806 4706 rationes

264 4747 557 4811 adductae
575 4747 650 4811 ad
679 4748 1075 4812 influentiam
1095 4749 1550 4813 ostendendam
1580 4750 1650 4812 in
1667 4751 1806 4814 haec

264 4854 567 4918 inferiora
613 4854 964 4918 secundum
1011 4854 1129 4918 hos
1182 4874 1313 4919 non
1354 4856 1605 4936 valent,
1656 4858 1811 4939 quia

265 4963 581 5027 ordinatio
609 4964 780 5028 illius
806 4963 1087 5045 corporis
1103 4964 1182 5026 ad
1208 4962 1381 5027 aliud
1405 4964 1690 5029 officium
1712 4984 1809 5030 se-

265 5069 559 5132 cundum
597 5069 912 5133 dictamen
949 5074 1013 5132 et
1039 5069 1383 5152 imperium
1419 5069 1804 5152 ConditoriS,

266 5174 642 5255 hujusmodi
669 5175 1071 5239 influentiam
1095 5195 1230 5240 non
1255 5175 1559 5256 admittit3
1597 5182 1662 5240 et
1686 5178 1808 5242 hoc

269 5281 484 5345 solum
499 5283 1003 5347 omnoerationes
1022 5284 1161 5347 illas
1171 5283 1476 5347 dissolvit.
1501 5282 1813 5361 Quaelibet

269 5389 510 5452 harum
534 5390 913 5472 opinionum
947 5393 1098 5455 satis
1125 5396 1219 5456 est
1245 5391 1620 5474 probabilis;
1664 5409 1811 5474 quae

3343 416 3466 477 295

1931 553 2148 612 autem
2176 549 2257 613 sit
2284 550 2493 632 magis
2516 568 2671 615 vera
2684 599 2701 629 ,
2723 567 2855 614 non
2881 549 3067 632 plane
3089 548 3284 630 patet.
3311 546 3464 625 Quis

1930 655 2102 719 enim
2132 658 2346 737 novit,
2382 660 2436 722 si
2466 658 2632 723 Deus
2659 658 2750 721 illi
2774 659 2933 722 coelo
2958 656 3122 721 hanc
3149 655 3464 720 occultam

1929 761 2333 828 influentiam
2361 765 2532 829 dedit
2557 783 2747 849 super
2771 782 3037 847 corpora
3057 767 3294 840 nostra,
3320 766 3463 825 tum

1928 869 2171 933 ratione
2198 871 2539 935 nobilitatis
2561 922 2579 952 ,
2609 876 2752 936 tum
2778 871 3023 935 ratione
3048 868 3461 935 conformita-

1929 974 2051 1037 tis?
2080 974 2212 1040 Hoc
2243 995 2374 1041 non
2415 982 2538 1053 est,
2571 982 2643 1042 ut
2667 979 2881 1055 cred0,
2914 978 3092 1041 facile
3121 975 3458 1050 revellere,

1928 1099 2045 1145 nec
2075 1101 2188 1165 per
2218 1085 2585 1150 violentiam
2611 1085 3003 1150 auctoritatis
3021 1133 3038 1164 ,
3069 1102 3188 1149 nec
3219 1100 3333 1166 per
3368 1083 3463 1145 et*-

1927 1189 2211 1253 flcaciam
2236 1192 2519 1257 rationis.
2547 1193 2791 1258 Rursus
2806 1241 2822 1269 ,
2853 1211 2999 1276 quae
3022 1192 3103 1255 sit
3126 1193 3462 1257 necessitas

1927 1294 2128 1377 hujus
2161 1299 2541 1377 influentiae,
2582 1319 2700 1364 nec
2733 1300 2895 1364 ratio
2912 1350 2929 1379 ,
2969 1318 3087 1365 nec
3122 1301 3461 1365 auctoritas

1928 1403 2313 1484 manifestat,
2348 1425 2497 1471 cum
2518 1408 2670 1471 satis
2693 1407 2984 1473 videatur
3000 1407 3288 1472 sufficere
3310 1407 3462 1472 alio-

1926 1528 2077 1574 rum
2104 1513 2479 1579 inferiorum
2518 1535 2858 1598 corporum
2900 1516 3237 1580 influentia
3269 1538 3284 1580 z
3316 1515 3459 1580 ideo

1924 1615 1995 1680 in
2022 1623 2319 1684 neutram
2345 1626 2588 1705 partem
2620 1624 2884 1687 omnino
2922 1622 3326 1702 declinando,
3360 1623 3457 1686 di-

1925 1726 2200 1789 cendum
2227 1729 2502 1809 videtur,
2537 1731 2709 1813 quod
2754 1749 2904 1795 cum
2949 1729 3183 1794 coelum
3227 1749 3459 1815 empy-

1924 1848 2110 1896 reum
2125 1836 2204 1899 sit
2213 1837 2495 1917 primum
2515 1843 2799 1903 creatum
2813 1838 2979 1902 inter
2987 1855 3271 1921 corpora,
3287 1837 3459 1920 quod

1923 1943 2018 2002 est
2067 1944 2424 2008 maximum
2479 1945 2646 2008 mole
2700 1948 2763 2008 et
2818 1945 3055 2008 virtute
3099 1962 3117 2007 ε
3158 1944 3311 2026 quia
3363 1948 3458 2007 est

1923 2048 2286 2113 maximum
2331 2052 2525 2130 mole,
2571 2053 2790 2117 omnia
2835 2070 3101 2134 corpora
3146 2051 3312 2115 locat
3345 2070 3458 2134 per

1922 2156 2237 2221 ambitum
2275 2163 2338 2222 et
2373 2159 2859 2238 continentiam;
2901 2160 3054 2243 quia
3097 2159 3459 2223 maximum

1921 2262 2159 2328 virtute
2186 2314 2204 2341 ‚
2251 2272 2480 2332 caetera
2532 2271 2789 2348 vegetat
2842 2271 2906 2331 et
2955 2270 3284 2331 conservat
3346 2284 3459 2349 per

1921 2387 2105 2433 suam
2142 2373 2562 2439 influentiam.
2621 2375 2977 2439 Omittendo
3023 2374 3226 2455 igitur
3269 2374 3456 2437 istam

1921 2480 2345 2562 influentiam,
2370 2502 2566 2565 quam
2593 2483 2825 2547 dicitur
2850 2482 3083 2546 habere
3112 2501 3302 2564 super
3329 2481 3455 2546 hu·

1922 2605 2116 2651 mana
2162 2608 2460 2672 corpora,
2509 2590 2805 2654 sustineri
2851 2594 3054 2672 potest
3107 2590 3280 2673 quod
3338 2590 3452 2653 ali-

1921 2713 2115 2778 quem
2135 2697 2429 2761 effectum
2442 2700 2503 2760 et
2515 2697 2797 2779 aliquam
2813 2697 3217 2762 influentiam
3229 2697 3459 2761 habeat

1920 2805 2347 2885 superomnia
2369 2822 2632 2887 corpora
2650 2804 2972 2881 inferiora,
2997 2808 3303 2887 tanquam
3324 2804 3456 2885 pri-

1921 2928 2104 2973 mum
2147 2914 2432 2975 creatum
2475 2929 2667 2994 super
2707 2911 3066 2993 sequentia;
3110 2912 3456 2976 etrationes

1918 3019 2206 3085 adductae
2234 3021 2314 3084 ad
2336 3022 2457 3085 hoc
2476 3026 2628 3084 sunt
2648 3020 3085 3085 concedendae.

2000 3134 2027 3191 l
2062 3132 2125 3191 et
2152 3132 2212 3191 Ξ.
2259 3129 2439 3206 Quod
2482 3149 2639 3211 ergo
2666 3130 2962 3213 objicitur
3000 3130 3078 3193 de
3118 3129 3454 3194 influentia

1918 3236 2180 3300 luminis
2198 3242 2261 3301 et
2279 3240 2502 3302 caloris
2519 3261 2536 3318 ;
2563 3240 2901 3304 dicendum
2924 3238 3096 3321 quod
3123 3239 3452 3303 influentia

1918 3344 2183 3409 luminis
2211 3351 2415 3428 potest
2430 3365 2564 3410 esse
2589 3347 2940 3429 dupliciter,
2964 3346 3068 3410 vel
3095 3345 3448 3420 manifesta,

1916 3451 2021 3515 vel
2051 3454 2295 3516 occulta
2328 3476 2342 3517 :
2376 3454 2709 3518 manifesta
2725 3452 3055 3517 influentia
3079 3456 3173 3516 est
3190 3470 3305 3534 per
3322 3452 3453 3516 dia-

1915 3559 2207 3640 phanum
2225 3580 2455 3644 corpus
2467 3610 2484 3640 ,
2513 3561 2792 3625 maxime
2810 3560 3067 3643 quando
3086 3578 3276 3623 sensu
3303 3578 3453 3641 per-

1916 3668 2177 3749 cipitur;
2213 3669 2458 3733 occulta
2476 3670 2808 3733 influentia
2836 3673 3078 3732 estnon
3105 3668 3314 3731 solum
3338 3686 3453 3750 per

1916 3774 2310 3858 diaphanum
2337 3795 2568 3859 corpus
2585 3824 2602 3853 ‚
2628 3776 2736 3839 sed
2763 3776 2953 3840 etiam
2990 3793 3106 3858 per
3131 3793 3406 3856 opacum
3429 3825 3449 3857 ,

1914 3883 2079 3947 sicut
2105 3885 2311 3948 virtus
2347 3869 2670 3948 stellarum
2698 3885 2889 3947 estin
2928 3883 3264 3946 mineralia
3305 3885 3454 3965 qu'ae

1913 3990 2111 4055 latent
2138 3993 2256 4056 sub
2284 3997 2472 4056 terra.
2506 3991 2622 4057 Vel
2650 3995 2852 4075 potest
2875 3991 2997 4055 dici
3025 3990 3199 4073 quod
3227 3995 3322 4054 est
3350 3991 3449 4053 in-

1913 4101 2181 4164 fluentia
2221 4100 2515 4179 mediata,
2545 4103 2610 4163 et
2638 4099 3039 4179 immediata3
3067 4102 3130 4162 et
3149 4097 3449 4180 possibile

1913 4210 2007 4269 est
2031 4205 2202 4287 quod
2226 4205 2562 4269 influentia
2588 4205 2730 4269 coeli
2756 4205 2986 4269 siderei
3012 4205 3344 4286 vigoretur
3368 4223 3452 4270 cx

1913 4314 2282 4396 adjumento
2315 4313 2579 4378 luminis
2602 4315 3008 4396 superiorum
3028 4313 3359 4393 melorum,
3388 4319 3453 4377 et

1913 4423 2221 4486 virtutem
2257 4426 2614 4503 susceptam
2645 4422 2723 4486 de
2751 4422 3046 4505 superius
3074 4405 3347 4501 derivet,
3388 4425 3454 4484 et

1912 4530 2301 4595 transmittat
2321 4530 2402 4594 ad
2428 4530 2570 4594 haec
2596 4530 2896 4594 inferiora
2927 4552 2943 4593 ε
2974 4535 3037 4594 et
3054 4529 3309 4592 videtur
3331 4546 3449 4591 no-

1915 4639 2012 4701 bis
2047 4656 2183 4702 esse
2222 4637 2479 4720 propria
2496 4685 2514 4716 ,
2556 4655 2705 4701 cum
2749 4641 2965 4701 tamen
3005 4654 3136 4700 non
3183 4635 3262 4697 sit
3299 4652 3455 4717 pro-

1913 4747 2053 4829 pria
2071 4795 2089 4824 ,
2142 4746 2251 4809 sed
2296 4746 2486 4809 etiam
2536 4746 2764 4810 aliena.
2804 4743 2882 4808 Et
2933 4762 3046 4828 per
3101 4743 3225 4807 hoc
3280 4746 3454 4826 patet

1915 4853 2088 4918 aliud
2119 4873 2135 4916 :
2169 4853 2339 4934 quod
2375 4870 2506 4916 non
2545 4856 2639 4917 est
2670 4871 2861 4916 causa
2891 4850 3212 4916 sufficiens
3242 4850 3452 4914 virtus

1915 4961 2292 5025 inferiorum
2335 4961 2641 5025 coelorum
2681 4959 2806 5024 nisi
2849 4977 2962 5042 per
3004 4958 3453 5040 adJumentum

1917 5069 2346 5151 superiorum.

1999 5181 2058 5239 3.
2093 5174 2272 5251 Quod
2302 5176 2597 5259 objicitur
2619 5176 2697 5240 de
2731 5175 3202 5252 conformitate3
3232 5174 3457 5238 dicen-

1919 5283 2078 5348 dum
2123 5281 2295 5364 quod
2345 5282 2686 5346 conformis
2731 5285 2828 5346 est
2874 5285 3107 5345 natura
3154 5281 3418 5363 spiritus
3436 5328 3457 5360 ,

1920 5391 2033 5472 qui
2052 5390 2328 5472 disponit
2344 5390 2424 5454 ad
2449 5389 2673 5467 vitam,
2698 5389 2819 5472 ipsi
2840 5387 2971 5453 luci
2991 5388 3226 5453 coelesti
3248 5405 3465 5470 quan-
