4125 6225
548 5410 619 5455 Ad
649 5423 755 5468 opp.

816 497 898 561 68

817 631 1293 714 productionem
1315 678 1333 708 ‚
1390 629 1495 693 vel
1556 628 1903 693 secundum
1964 631 2362 693 consecutio-

817 756 965 803 nem
1015 756 1032 801 :
1073 743 1136 802 et
1174 738 1345 821 quod
1387 736 1566 820 ponit
1607 736 1959 800 secundum
2003 737 2361 818 productio-

813 863 998 925 nem,
1027 850 1122 911 est
1145 864 1337 909 causa
1364 862 1514 908 vere
1547 843 1614 906 in
1651 844 1914 907 essendo
1948 864 1964 907 :
2007 844 2181 926 quod
2210 862 2358 909 vero

813 953 994 1035 ponit
1041 952 1396 1017 secundum
1459 951 1972 1015 consecutionem
1989 999 2007 1030 ,
2071 969 2204 1015 non
2265 954 2361 1016 est

814 1079 1005 1126 causa
1021 1059 1087 1125 in
1110 1061 1396 1139 essentie,
1423 1059 1531 1123 sed
1558 1059 1767 1123 solum
1790 1059 1857 1122 in
1886 1059 2353 1142 consequenda

894 1172 953 1233 3.
970 1166 1069 1231 Ad
1091 1167 1249 1232 illud
1275 1167 1450 1250 quod
1471 1166 1787 1249 objicitur,
1816 1165 1985 1248 quod
2007 1166 2164 1230 illud
2184 1166 2356 1249 quod

811 1280 906 1340 est
947 1294 987 1339 a
1024 1275 1224 1340 libero
1268 1273 1551 1373 arbitrio,
1596 1277 1691 1337 est
1730 1292 1770 1336 a
1812 1272 1970 1351 Deo;
2013 1273 2355 1337 dicendum

811 1382 985 1465 quod
1009 1400 1243 1447 verum
1268 1384 1363 1446 est
1390 1382 1469 1446 de
1498 1400 1576 1445 eo
1600 1380 1772 1463 quod
1797 1384 1891 1444 est
1910 1399 1950 1444 a
1967 1379 2167 1443 libero
2184 1380 2354 1444 arbi·

810 1491 933 1555 trio
960 1492 1270 1556 efficiente
1299 1509 1315 1555 ε
1347 1490 1456 1556 sed
1500 1490 1656 1556 vitia
1684 1493 1749 1555 et
1782 1494 2038 1573 peccata
2077 1493 2228 1554 sunt
2271 1489 2352 1553 ab

808 1599 949 1683 ipso
974 1601 1328 1666 deficiente.

887 1713 930 1773 4
951 1713 1014 1773 et
1040 1712 1099 1774 5.
1129 1708 1225 1773 Ad
1252 1707 1410 1773 illud
1427 1705 1599 1790 quod
1622 1706 1923 1789 objicitur
1944 1706 2121 1788 quod
2138 1706 2216 1770 de
2234 1724 2351 1770 ne·-

809 1817 1093 1882 cessitate
1109 1833 1300 1881 omne
1323 1815 1619 1879 futurum
1635 1814 1836 1877 scitur
1853 1831 1891 1877 a
1914 1812 2043 1877 Deo
2059 1832 2173 1895 per
2194 1832 2349 1878 cau-

807 1942 974 2003 sam;
1005 1922 1342 1987 dicendum
1383 1920 1552 2004 quod
1570 1968 1588 2000 ‚
1627 1920 1791 1984 sicut
1830 1938 2025 2002 supra
2053 1928 2070 1962 ¹
2103 1923 2348 1985 tactum

804 2030 928 2095 fuit
951 2031 1027 2094 de
1066 2028 1428 2111 cognitione
1453 2028 1607 2092 mali
1626 2075 1643 2105 ‚
1679 2027 1748 2090 in
1772 2027 1950 2091 omni
1978 2028 2346 2108 cognitione

804 2142 901 2202 est
925 2121 1332 2202 assimilatio:
1356 2135 1519 2199 nihil
1537 2138 1751 2200 autem
1775 2134 2165 2199 assimilatur
2191 2134 2343 2215 Deo,

802 2246 929 2310 nisi
955 2246 1127 2328 quod
1163 2249 1259 2310 est
1295 2245 1377 2308 ab
1418 2243 1529 2330 illo
1576 2260 1592 2307 τ
1638 2246 1703 2307 et
1732 2243 1873 2307 ideo
1919 2247 2016 2307 est
2056 2243 2125 2306 in
2169 2243 2347 2307 omni

802 2354 1169 2437 cognitione
1214 2352 1325 2418 Dei
1363 2352 1718 2416 causalitaS.
1750 2351 1826 2415 Et
1863 2351 1918 2415 si
1957 2351 2221 2434 quidem
2253 2355 2349 2417 est

800 2467 1091 2547 respectu
1124 2463 1267 2545 ejus
1292 2459 1463 2544 quod
1504 2459 1654 2524 dicit
1679 2459 2010 2523 entitatem
2036 2459 2346 2541 simplici-

798 2577 920 2650 ter,
949 2573 1240 2654 respectu
1266 2567 1441 2633 illius
1457 2573 1550 2632 est
1567 2585 1759 2631 causa
1776 2571 1841 2631 et
1853 2567 1991 2630 idea
2008 2586 2025 2646 ;
2052 2568 2107 2630 si
2129 2571 2345 2632 autem

801 2683 1092 2763 respectu
1118 2677 1512 2762 privationiS,
1535 2681 1629 2742 est
1650 2675 2091 2758 praecognitiO,
2113 2679 2178 2739 et
2193 2680 2346 2742 tunc

799 2788 961 2854 ratio
984 2786 1367 2852 causalitatis
1402 2790 1467 2851 et
1506 2786 1666 2851 ideae
1707 2787 1802 2849 est
1830 2790 2120 2867 respectu
2144 2803 2344 2867 oppo-

797 2895 925 2960 siti.
961 2895 1308 2961 Dicendum
1343 2913 1502 2977 ergo
1540 2894 1708 2984 quod
1736 2893 1818 2958 ad
1852 2892 1976 2956 hoc
2012 2895 2189 2976 quod
2218 2895 2341 2958 ali-

797 3003 953 3086 quid
987 3007 1440 3086 cognoscatur,
1487 3020 1743 3067 necesse
1781 3006 1877 3068 est
1916 3004 2086 3087 quod
2128 3003 2341 3086 ipsum

797 3111 901 3178 vel
926 3115 1069 3196 ejus
1094 3112 1453 3196 oppositum
1481 3110 1712 3176 habeat
1739 3131 1874 3176 esse
1901 3112 1973 3176 in
1999 3130 2071 3177 re
2087 3161 2105 3194 ,
2140 3112 2246 3177 vel
2271 3112 2340 3178 iu

796 3238 990 3286 causa
1029 3243 1044 3285 :
1090 3239 1221 3285 non
1246 3220 1458 3284 solum
1482 3224 1699 3284 autem
1738 3223 2103 3304 oppositum
2142 3222 2294 3286 mali
2315 3270 2334 3304 ,

795 3329 907 3394 sed
931 3329 1123 3394 etiam
1155 3330 1291 3411 ipsa
1314 3329 1637 3408 voluntaS,
1670 3347 1817 3410 quae
1847 3332 1944 3393 est
1973 3330 2126 3394 mali
2153 3331 2338 3412 prin-

795 3435 1067 3519 cipium,
1093 3435 1283 3500 estin
1308 3435 1459 3516 Deo,
1494 3435 1662 3499 utin
1689 3454 1880 3499 causa
1906 3453 1923 3498 z
1952 3439 2171 3500 tamen
2196 3455 2338 3500 ma-

792 3542 933 3608 lum
960 3562 1092 3609 non
1126 3544 1315 3609 estin
1340 3542 1467 3607 Deo
1497 3546 1574 3608 ut
1597 3542 1668 3606 in
1693 3561 1913 3619 causa,
1944 3561 2063 3606 nec
2089 3562 2203 3626 per
2225 3562 2292 3608 se
2313 3590 2332 3624 ‚

793 3669 913 3717 nec
947 3670 1062 3734 per
1102 3651 1423 3731 accidenS,
1454 3651 1609 3733 quia
1647 3654 1936 3715 mutatur
1974 3651 2138 3716 ratio
2175 3671 2336 3716 cau-

793 3759 993 3839 sandi,
1016 3758 1179 3823 sicut
1206 3763 1422 3841 postea
1438 3759 1704 3823 dicetur.
1729 3758 2114 3841 Exemplum
2134 3760 2335 3843 hujus

792 3867 1201 3931 manifestum
1236 3870 1333 3931 est
1363 3888 1378 3930 :
1416 3867 1469 3930 si
1501 3866 1730 3949 artifex
1764 3870 2066 3949 operetur
2103 3886 2334 3933 secun-

788 3974 950 4039 dum
976 3974 1308 4038 materiam
1334 3973 1664 4051 nodosam,
1686 3991 1835 4055 quae
1857 3992 1991 4038 non
2016 3980 2177 4039 esset
2199 3974 2334 4039 ido·

790 4099 914 4146 nea
939 4082 1018 4145 ad
1045 4082 1472 4164 receptionem
1503 4079 1753 4163 speciei,
1785 4080 2129 4163 praesciret,
2160 4081 2333 4163 quod

789 4188 1070 4253 defectus
1110 4189 1365 4253 futurus
1394 4187 1585 4252 estin
1612 4187 1922 4268 imagine,
1954 4188 2068 4253 sed
2092 4206 2224 4252 non
2250 4189 2332 4252 ab

787 4297 948 4379 ipso.
981 4295 1283 4361 Similiter
1314 4296 1803 4378 intelligendum
1840 4297 1911 4360 in
1951 4296 2078 4360 Deo
2096 4345 2114 4373 ‚
2151 4301 2214 4362 et
2251 4297 2332 4360 Ii-

787 4404 943 4470 bero
981 4404 1242 4469 arbitrio
1260 4453 1278 4484 ,
1326 4404 1497 4487 quod
1535 4404 1682 4467 facit
1720 4404 1950 4470 vitium
1990 4404 2061 4468 in
2099 4422 2290 4487 opere
2309 4452 2327 4484 ,

787 4513 946 4577 dum
983 4531 1115 4577 non
1155 4512 1511 4577 conformat
1546 4529 1614 4575 se
1654 4514 1717 4576 et
1750 4511 1962 4576 obedit
2008 4512 2134 4577 Deo
2171 4531 2332 4596 ope-

787 4620 955 4686 ranti
987 4641 1003 4685 :
1034 4625 1097 4684 et
1122 4621 1262 4686 ideo
1286 4619 1520 4685 sufficit
1547 4620 1716 4701 quod
1744 4619 2112 4702 oppositum
2148 4621 2326 4698 mali,

787 4729 922 4793 sive
947 4728 1136 4808 illud,
1165 4747 1206 4793 a
1229 4745 1359 4810 quo
1385 4732 1479 4791 est
1514 4727 1790 4804 malum,
1821 4728 1902 4791 sit
1926 4727 1997 4791 in
2029 4728 2156 4792 Deo
2181 4733 2330 4793 tan-

785 4854 983 4920 quam
1010 4837 1079 4900 in
1104 4853 1318 4915 causa,
1343 4834 1423 4898 ad
1447 4834 1569 4898 boc
1594 4834 1766 4917 quod
1786 4835 2178 4916 praesciatur.

1261 5065 1670 5145 QUAESTIO
1714 5066 1806 5132 11.

883 5220 976 5277 An
999 5223 1344 5294 praescientt'a
1370 5220 1565 5277 divina
1590 5222 1667 5277 sit
1694 5222 1919 5275 causata
1948 5234 1984 5275 a
2007 5220 2164 5277 rebus
2181 5222 2226 5278 ¹.

867 5370 1094 5438 Utrum
1147 5362 1544 5458 praescientia
1591 5372 1811 5437 divina
1858 5372 1939 5435 sit
1990 5378 2244 5436 causata
2288 5391 2328 5436 a

778 5481 1008 5561 rebus3
1047 5486 1112 5545 et
1149 5484 1321 5565 quod
1358 5484 1483 5562 sic,
1510 5481 1882 5563 ,ostenditur
1918 5479 2041 5543 hoc
2084 5479 2274 5543 modo
2306 5497 2322 5544 ε

1954 489 2578 560 SENTENTIARUM
2619 491 2769 562 LIB.
2817 495 2867 563 1.

2468 632 2793 713 Origenes,
2820 651 3008 717 super
3035 638 3401 718 Epistolam
3423 639 3513 705 ad
3540 641 3869 725 Romanos,
3889 646 3969 711 di-

2464 742 2551 805 cit
2578 764 2592 805 :
2623 765 2655 801 α
2692 740 2855 818 Quia
2880 743 3122 826 aliquid
3155 749 3249 809 est
3275 748 3603 829 futurum,
3631 752 3773 816 ideo
3806 754 3972 820 scitur

2464 867 2504 912 a
2527 847 2654 912 Deo
2683 853 3024 931 antequam
3049 852 3183 916 fiat.
3209 875 3239 912 ι)
3278 856 3482 932 Quia:
3510 876 3666 939 ergo
3706 865 3813 924 aut
3844 861 3973 925 dicit

2463 975 2719 1020 causam
2749 958 3026 1039 essendi,
3055 966 3168 1025 aut
3193 966 3618 1046 consequendi
3649 989 3664 1031 ι
3693 968 3748 1030 si
3773 987 3971 1035 conse·

2463 1059 2723 1142 quendi,
2753 1061 3042 1143 sequitur
3073 1086 3087 1127 ε
3124 1087 3155 1125 α
3183 1064 3317 1130 Hoc
3349 1072 3446 1130 est
3477 1068 3795 1149 futurum,
3837 1091 3973 1154 ergo

2459 1167 2848 1249 praescitum,
2870 1191 2900 1229 n
2923 1170 3013 1235 ita
3029 1191 3066 1235 e
3083 1190 3394 1238 converso
3416 1197 3431 1238 ε
3454 1193 3611 1256 ergo
3630 1176 3793 1240 sicut
3811 1178 3975 1246 dicit:

2468 1297 2500 1335 α
2526 1274 2689 1352 Quia
2709 1276 3006 1342 futurum
3034 1282 3150 1359 est,
3179 1280 3319 1346 ideo
3344 1283 3705 1364 praescitur-3
3726 1306 3755 1343 υ
3785 1285 3868 1349 ita
3890 1287 3979 1352 de-

2456 1381 2633 1447 beret
2658 1383 2865 1449 dicere
2893 1404 2928 1449 e
2946 1404 3256 1452 converso
3295 1411 3309 1453 t
3342 1411 3373 1449 «
3406 1389 3566 1465 Quia
3594 1390 3820 1470 scitur,
3847 1392 3975 1458 ideo

2457 1486 2751 1551 futurum
2773 1491 2868 1552 est
2897 1512 2913 1552 ι
2944 1511 2974 1548 ι)
3010 1493 3073 1553 et
3091 1491 3213 1555 boc
3234 1497 3428 1573 negat
3443 1493 3513 1556 in
3533 1493 3740 1559 littera
3762 1518 3778 1558 ε
3811 1519 3841 1557 α
3860 1494 3907 1560 N
3911 1517 3982 1563 on

2456 1599 2786 1678 propterea
2803 1596 3043 1679 aliquid
3067 1598 3187 1662 erit
3207 1647 3223 1677 ,
3254 1600 3409 1682 quia
3430 1601 3547 1665 scit
3562 1600 3752 1666 Deus.
3773 1625 3802 1664 n
3831 1603 3985 1687 Ergo

2453 1701 2606 1766 dicit
2632 1721 2888 1768 causam
2915 1707 3184 1772 essendi.

2535 1816 2595 1875 2.
2650 1809 2810 1875 Item
2851 1813 3099 1879 ratione
3144 1815 3428 1896 videtur,
3479 1818 3634 1900 quia
3681 1817 3986 1883 intellecto

2453 1919 2626 2001 quod
2670 1919 2837 1984 Deus
2881 1921 3042 1985 nihil
3094 1924 3388 2005 praesciat
3408 1970 3425 2000 ‚
3474 1929 3678 2006 potest
3726 1924 3988 2006 intelligi

2452 2024 2691 2107 aliquid
2722 2027 3016 2092 futurum
3049 2050 3065 2093 ε
3101 2030 3209 2094 sed
3241 2049 3372 2095 non
3395 2049 3430 2095 e
3453 2049 3766 2097 converso
3797 2053 3813 2095 ε
3841 2051 3989 2114 ergo

2452 2129 2592 2197 haec
2619 2137 2715 2196 est
2737 2134 2899 2198 ratio
2922 2139 2987 2199 et
3011 2153 3202 2201 causa
3232 2138 3424 2202 illius.

2532 2246 2592 2305 3.
2645 2241 2800 2307 Item
2846 2244 2970 2309 hoc
3016 2251 3476 2326 argumentum
3524 2251 3621 2312 est
3669 2247 3923 2312 bonum
3975 2270 3990 2311 ε

2458 2373 2490 2412 α
2527 2349 2648 2414 Iste
2684 2352 2989 2417 mentitur
3021 2372 3036 2414 ε
3080 2373 3236 2435 ergo
3276 2354 3443 2419 Deus
3482 2354 3816 2438 praescivit
3852 2373 3998 2419 eum

2450 2458 2705 2523 mentiri
2739 2482 2753 2524 :
2781 2481 2810 2519 x>
2841 2479 2999 2541 ergo
3019 2465 3114 2526 est
3139 2463 3226 2527 ibi
3253 2463 3467 2545 aliqua
3495 2462 3814 2527 habitudo
3841 2463 3998 2527 loca-

2448 2566 2561 2631 lis:
2592 2571 2658 2631 et
2682 2568 2861 2633 nulla
2888 2574 3090 2652 potest
3111 2570 3385 2635 inveniri
3413 2570 3539 2634 nisi
3566 2590 3788 2635 causae
3808 2571 3890 2634 ad
3908 2571 4003 2635 ef-

2448 2675 2683 2739 fectum
2714 2698 2730 2739 z
2759 2676 2871 2741 sed
2907 2677 3073 2742 Deus
3106 2696 3242 2742 non
3275 2682 3371 2742 est
3396 2697 3587 2743 causa
3623 2680 3948 2744 mendacii
3983 2700 4000 2743 ι

2447 2788 2639 2848 restat
2678 2802 2836 2866 ergo
2880 2785 3054 2867 quod
3094 2786 3384 2849 futurum
3426 2789 3521 2850 est
3558 2806 3764 2851 causa
3807 2805 4006 2870 przffi-

2448 2891 2719 2957 cientiae.
2931 2901 2936 2906 ’

2527 3002 2589 3063 4.
2621 3000 2810 3080 Item,
2852 3019 3280 3085 quaecumque
3319 3001 3448 3067 duo
3475 3002 3567 3065 sic
3603 3020 3678 3066 se
3721 3001 4006 3078 habent,

2445 3108 2617 3192 quod
2661 3108 2937 3173 invicem
2974 3129 3041 3174 se
3083 3111 3567 3193 consequuntur
3587 3157 3605 3187 ,
3651 3112 3781 3172 aut
3816 3108 4009 3174 ambo

2446 3221 2791 3281 causantur
2812 3235 2851 3279 a
2874 3220 3084 3296 terti0,
3113 3222 3226 3282 aut
3250 3235 3457 3282 unum
3479 3222 3574 3281 est
3609 3236 3827 3282 causa
3852 3218 4012 3281 alte-

2446 3324 2584 3388 rius
2613 3342 2629 3388 ε
2670 3322 2779 3387 sed
2799 3325 2894 3387 sic
2917 3325 3152 3389 habent
3190 3325 3311 3389 ista
3336 3325 3464 3390 duo
3499 3343 3569 3390 se
3592 3372 3609 3402 ‚
3638 3326 3904 3391 scilicet
3925 3325 4015 3389 is-

2443 3433 2585 3494 tum
2624 3431 2883 3495 mentiri
2903 3480 2921 3511 ,
2953 3438 3016 3495 et
3044 3430 3244 3497 Deum
3278 3433 3604 3515 praescire3
3635 3438 3712 3497 et
3744 3452 3896 3498 non
3923 3437 4017 3497 est
4107 3442 4108 3445 ’

2443 3538 2673 3619 dicere,
2697 3540 2869 3622 quod
2893 3541 3085 3605 ambo
3110 3545 3451 3605 causentur
3477 3560 3517 3606 a
3543 3541 3745 3605 tertio
3795 3564 3814 3605 ε
3857 3559 4020 3623 ergo

2444 3664 2653 3710 unum
2679 3651 2773 3711 est
2798 3666 2988 3712 causa
3013 3648 3294 3714 alterius,

2524 3753 2754 3820 Contra
2784 3778 2800 3819 ε
2830 3774 2946 3838 per
2983 3756 3424 3838 Augustinum
3454 3760 3478 3797 ⁸
3511 3779 3526 3819 ε
3566 3778 3596 3816 α
3632 3752 3804 3821 Non
3843 3756 4021 3821 enim
4049 3807 4109 3852 ἡ

2441 3880 2590 3945 quae
2608 3869 2866 3930 causata
2885 3870 3058 3947 sunt,
3083 3866 3225 3931 ideo
3246 3864 3413 3929 Deus
3433 3864 3637 3945 novit,
3660 3865 3844 3949 quia
3857 3865 4026 3930 tacta

2442 3975 2615 4036 sunt.
2645 3994 2676 4032 n

2523 4082 2682 4148 Item
2725 4082 2970 4148 ratione
2994 4082 3251 4147 videtur
3268 4082 3440 4166 quod
3465 4101 3598 4147 non
3623 4083 3722 4148 sit
3748 4085 4034 4149 causata

2441 4209 2481 4254 a
2510 4189 2728 4269 :·ebus;
2760 4189 2911 4272 quia
2949 4190 3162 4254 omnis
3195 4208 3386 4253 causa
3428 4190 3716 4255 nobilior
3749 4196 3861 4256 est
3911 4209 4033 4256 suo

2440 4297 2672 4363 effectu
2701 4317 2718 4360 ε
2758 4298 2812 4361 si
2842 4315 3000 4378 ergo
3026 4296 3244 4362 divina
3269 4298 3672 4379 praescientia
3701 4303 4036 4366 causatur

2439 4423 2479 4468 a
2503 4404 2845 4485 re*aliqua;
2885 4423 3035 4469 cum
3074 4404 3291 4469 divina
3319 4404 3738 4486 praescientia
3792 4407 3887 4471 sit
3929 4407 4034 4493 in-

2439 4516 2678 4592 creata,
2710 4516 2775 4579 et
2798 4530 2900 4578 res
2925 4518 3134 4579 creata
3147 4562 3166 4592 ,
3196 4533 3354 4596 ergo
3381 4518 3678 4579 creatum
3721 4515 4036 4580 nobilius

2437 4619 2738 4686 increato.

2517 4726 2707 4807 Item,
2749 4728 3149 4811 praescientia
3183 4732 3277 4792 est
3302 4731 3542 4794 aeterna
3573 4750 3589 4792 ι
3642 4747 3841 4812 ergo
3883 4749 4047 4795 cum

2435 4853 2539 4900 res
2563 4835 2646 4899 sit
2672 4836 3059 4919 temporalis,
3097 4837 3149 4899 si
3177 4841 3478 4901 causatur
3503 4854 3544 4900 a
3568 4836 3826 4918 rebuS,
3859 4843 4045 4905 tem-

2435 4943 2651 5025 porale
2686 4947 2782 5008 est
2824 4963 3017 5008 causa
3054 4944 3280 5009 aeterni
3329 4965 3344 5008 z
3387 4952 3451 5008 et
3483 4926 3641 5007 cum
3689 4964 3924 5012 causa
3966 4947 4052 5011 sit

2505 5142 2520 5173 ¹
2536 5138 2664 5190 Dist.
2683 5150 2865 5204 xxxvl,
2892 5145 2988 5190 art.
3018 5142 3066 5204 3,
3096 5155 3148 5205 q.
3173 5152 3213 5191 1.
3233 5150 3294 5177 —·-
3314 5138 3335 5171 ²
3353 5140 3434 5203 Cf.
3461 5139 3738 5192 Alexand.
3777 5146 4016 5198 Alensis
4036 5184 4052 5211 ,

2435 5224 2485 5275 p.
2517 5213 2534 5261 I
2557 5248 2573 5274 ‚
2612 5225 2670 5275 q.
2697 5222 2811 5275 xxv,
2842 5211 3062 5260 membr.
3088 5214 3148 5274 33
3187 5210 3356 5274 AEgid.
3386 5212 3558 5272 Rom„
3600 5212 3618 5259 Ι
3674 5214 3874 5277 Sent„
3922 5218 4053 5267 dist.

2434 5294 2729 5346 xxxv111‚p.
2755 5295 2812 5346 11,
2853 5298 2904 5347 q.
2944 5294 3017 5346 113
3045 5282 3346 5345 Richard.,1
3399 5284 3559 5346 Sena,
3596 5284 3746 5335 dist.
3797 5300 4057 5355 xxxvm,

2436 5368 2488 5419 q.
2507 5366 2575 5418 1¹5
2609 5354 2785 5418 Steph.
2810 5354 3016 5419 Brulct„
3049 5358 3066 5405 1
3093 5357 3252 5415 Sene„
3277 5354 3397 5405 dist.
3418 5364 3655 5418 xxxvm,
3691 5373 3757 5423 q.
3786 5372 3831 5411 11
3847 5377 3868 5425 3
3899 5365 4054 5413 Petr.

2435 5427 2500 5476 de
2526 5429 2753 5489 Tarant„
2793 5428 2811 5476 1
2851 5428 3007 5490 Seni„
3046 5427 3164 5477 dist.
3185 5438 3418 5493 xxxvm,
3449 5442 3502 5491 q.
3527 5439 3586 5478 11.
3613 5453 3698 5465 —-
3728 5430 3758 5464 ⁸
3780 5435 3966 5500 Aug„
3991 5433 4058 5484 de

2438 5497 2595 5562 Tria„
2620 5497 2711 5549 lib.
2735 5499 2846 5563 XV,
2873 5513 2922 5550 c.
2941 5509 3074 5564 1111,
3106 5512 3163 5549 n.
3184 5501 3264 5549 22.
