4125 6225
548 2702 731 2749 Divisio.

768 407 887 467 114

1875 394 2496 464 SENTENTIARUM
2542 396 2689 462 LIB.
2733 398 2782 462 1.

765 537 932 605 sicut
959 533 1231 602 diversis
1261 532 1667 624 temporibus
1693 533 2056 623 loquenteS‚
2100 532 2394 601 eamdem
2422 533 2593 603 diem
2620 532 2814 602 modo
2837 553 2955 624 per
2979 531 3105 601 hoc
3128 531 3535 619 adverbium,
3564 556 3725 620 cras,
3750 534 3892 604 desi-

764 674 1067 742 gnamuS‚
1099 650 1260 719 dum
1310 649 1523 718 adhuc
1549 651 1774 718 futura
1801 658 1933 735 est3
1969 649 2160 717 modo
2188 672 2303 741 per
2327 648 2542 735 hodie,
2575 649 2735 717 dum
2763 671 3043 739 praesens
3068 656 3198 733 est3
3228 649 3420 717 modo
3442 671 3556 740 per
3580 649 3732 735 heri,
3759 650 3898 720 dum

761 769 1092 861 praeterita
1130 774 1248 836 est.
1281 767 1509 857 Itaque
1538 775 1887 858 antequam
1920 773 2251 834 crearetur
2279 765 2592 851 mundus3
2624 765 2862 835 sciebat
2902 766 3076 833 Deus
3119 766 3297 833 hunc
3339 764 3681 835 creandum
3706 792 3721 851 3
3750 776 3899 857 post·

763 907 963 976 quam
996 892 1248 953 creatus
1273 890 1395 969 est,
1430 882 1547 950 scit
1575 904 1732 950 eum
1760 890 2076 950 creatum.
2106 882 2165 949 N
2169 905 2241 949 ec
2265 892 2358 951 est
2384 882 2508 950 hoc
2532 881 2693 949 scire
2720 881 2999 967 diversa,
3030 881 3140 949 sed
3168 882 3437 949 omnino
3464 882 3634 950 idem
3658 883 3732 951 de
3755 907 3902 952 crea·

765 1000 938 1069 tione
968 1000 1240 1069 mundi:
1273 1001 1438 1067 sicut
1463 997 1716 1089 antiqui
1748 1006 1960 1090 patres
1988 999 2412 1066 crediderunt
2439 998 2777 1067 Christum
2805 996 3212 1065 nasciturum
3244 1006 3307 1064 et
3334 998 3722 1067 moriturum
3748 1026 3764 1085 3
3802 1024 3903 1070 nos

761 1124 981 1185 autem
1009 1116 1335 1185 credimus
1363 1138 1518 1184 eum
1548 1125 1778 1183 natum
1807 1122 1870 1182 et
1916 1122 2255 1183 mortuum
2281 1141 2299 1201 3
2348 1136 2468 1183 nec
2502 1123 2719 1183 tamen
2766 1113 3025 1183 diversa
3051 1114 3379 1183 credimus
3423 1138 3541 1183 nos
3568 1123 3629 1183 et
3670 1116 3785 1203 illi,
3811 1118 3907 1186 sed

765 1231 1021 1301 eadem.
1050 1232 1376 1323 Tempora
1402 1232 1607 1317 enim,
1639 1238 1716 1299 ut
1764 1230 1855 1299 ait
1879 1230 2298 1320 Augustinus
2326 1238 2373 1318 ¹,

2413 1231 2665 1300 variata
2707 1239 2894 1318 sunt3
2945 1238 3009 1300 et
3050 1231 3195 1300 ideo
3236 1230 3437 1299 verba
3479 1240 3633 1300 sunt
3663 1241 3906 1319 mutata,

761 1370 898 1419 non
925 1347 1121 1419 fides.
1154 1348 1612 1417 Indubitanter
1642 1369 1796 1436 ergo
1827 1355 2166 1416 teneamus
2191 1347 2405 1416 Deum
2429 1369 2685 1440 semper
2710 1348 2933 1417 omnia
2955 1349 3141 1437 scire,
3171 1370 3318 1441 quae
3343 1348 3694 1440 aliquando
3719 1348 3846 1417 scit.

1165 1646 1575 1722 EXPOSITIO
1614 1650 1939 1719 TEXTUS.

827 1828 883 1881 Si
936 1830 1108 1879 autem
1163 1827 1436 1892 quaerimus
1492 1825 1733 1876 meritum
1788 1824 2137 1876 obdurationis
2186 1828 2240 1875 et

1268 1896 1662 1961 misericordiae,
1686 1900 1785 1947 etc.

842 2041 1049 2124 Supra
1076 2040 1212 2121 egit
1251 2038 1553 2120 Magister
1587 2039 1666 2102 de
1701 2038 2063 2103 causalitate
2093 2039 2300 2104 activa

761 2146 1334 2230 praedestinationis
1396 2149 1459 2209 et
1507 2146 1967 2227 reprobationis
1992 2169 2008 2224 ;
2061 2147 2131 2209 in
2180 2147 2301 2210 hac

761 2261 939 2340 parte
965 2255 1232 2338 inquirit
1261 2255 1338 2318 de
1366 2254 1727 2318 causalitate
1760 2255 2046 2335 passiva,
2077 2261 2299 2318 utrum

761 2365 993 2428 scilicet
1027 2362 1494 2446 praedestinatio
1530 2366 1593 2424 et
1628 2362 1985 2443 reprobatio
2025 2362 2302 2425 habeant

762 2473 829 2537 in
856 2472 1041 2537 nobis
1069 2489 1326 2535 causam
1353 2470 1745 2534 meritoriam
1769 2493 1782 2534 ε
1807 2474 1869 2534 et
1893 2472 2016 2534 hoc
2040 2470 2298 2552 quidem

762 2562 1200 2663 principaliter
1250 2576 1519 2640 intendit
1568 2572 1636 2640 in
1684 2577 1804 2640 ista
1851 2578 2251 2641 distinctione
2278 2626 2296 2655 ‚

758 2702 906 2768 quae
935 2686 1094 2749 duas
1128 2683 1321 2748 habet
1359 2687 1569 2765 partes
1600 2700 1616 2745 ε
1649 2682 1718 2745 in
1760 2682 1968 2767 prima
2001 2683 2300 2765 Magister

757 2792 1099 2874 investigat
1117 2790 1465 2875 principale
1484 2790 1878 2873 propositum
1897 2812 1914 2870 3
1938 2791 2007 2855 in
2025 2791 2304 2856 secunda

756 2905 974 2966 movet
996 2901 1347 2983 quamdam
1365 2899 1787 2982 quaestionem
1805 2917 1952 2981 quae
1971 2918 2052 2963 ex
2068 2916 2302 2982 praece-

756 3006 1052 3072 dentibus
1079 3007 1273 3071 habet
1306 3011 1524 3071 ortum
1546 3051 1563 3084 ,
1599 3004 1832 3069 scilicet
1875 3010 2097 3070 utrum
2137 3005 2304 3069 Deus

757 3115 1002 3181 desinat
1028 3116 1269 3199 aliquid
1295 3115 1453 3180 scire
1466 3163 1483 3191 ‚
1517 3115 1621 3178 vel
1648 3115 1963 3197 praescire.
1993 3115 2092 3179 Ex
2117 3118 2219 3197 cuj
2227 3133 2304 3179 us

758 3223 1274 3287 manifestatione
1300 3222 1594 3303 patefacit
1617 3221 1856 3287 divinae
1881 3223 2164 3288 scientiae
2196 3224 2304 3288 in-

723 3353 739 3372 ·
759 3329 1361 3407 terminabilitatem‚
1389 3328 1480 3391 ibi
1511 3350 1527 3391 ι
1568 3328 1883 3396 Proeterea
1907 3331 2306 3397 considerari

760 3440 1022 3518 oportet.
1045 3434 1260 3499 Prima
1284 3452 1432 3518 pars
1455 3439 1730 3517 quatuor
1756 3435 1948 3501 habet
1971 3442 2202 3520 parteS.
2232 3437 2305 3501 In

731 3545 971 3628 ‚prima
998 3543 1301 3625 Magister
1324 3542 1704 3607 determinat
1721 3543 2077 3621 veritatem,
2098 3548 2307 3609 osten-

761 3652 918 3718 dens
945 3651 1118 3735 quod
1143 3649 1505 3733 reprobatio
1533 3648 1726 3713 habet
1751 3669 2007 3714 causam
2045 3652 2306 3716 merito-

761 3760 927 3824 riam
952 3761 1269 3841 quantum
1298 3756 1376 3820 ad
1406 3761 1841 3833 connotatum‚
1870 3757 2040 3840 quod
2069 3763 2162 3821 est
2192 3759 2305 3822 ob-

762 3865 1045 3944 duratio3
1077 3882 1209 3928 non
1236 3865 1325 3928 sic
1363 3861 1831 3946 praedestinatio
1871 3867 2185 3947 quantum
2226 3864 2307 3930 ad

763 3973 1199 4050 connotatum,
1219 3971 1390 4053 quod
1404 3975 1498 4034 est
1517 3971 1917 4052 gratificatiO.
1941 3969 2014 4034 In
2032 3972 2308 4037 secunda

764 4097 920 4144 vero
947 4076 1250 4158 Magister
1266 4081 1555 4143 removet
1576 4078 1922 4160 quamdam
1938 4078 2307 4161 opinionem

762 4202 910 4268 quae
960 4188 1168 4268 posset
1211 4184 1544 4249 hominem
1583 4185 1814 4250 ducere
1861 4185 1932 4250 in
1978 4201 2261 4251 errorem
2285 4233 2303 4262 ‚

761 4291 852 4355 ibi
884 4313 899 4356 ε
936 4291 1207 4373 Opinati·
1228 4297 1380 4357 sunt
1429 4298 1638 4359 tamen
1676 4291 1966 4375 quidam.
2013 4292 2085 4356 In
2124 4294 2309 4357 tertia

759 4403 1049 4464 removet
1087 4400 1226 4481 ejus
1263 4398 1693 4464 defensionem
1717 4448 1735 4479 ‚
1770 4401 1858 4464 ibi
1889 4422 1905 4464 ε
1947 4400 2070 4466 His
2097 4405 2310 4466 tamen
2341 4477 2345 4481 ‚

759 4510 1100 4577 adversari
1142 4509 1431 4590 videtur,
1475 4515 1594 4578 etc.
1644 4511 1720 4576 In
1752 4515 1981 4594 quarta
2009 4514 2311 4577 removet

758 4623 1340 4703 praesumptuosam
1378 4620 1448 4682 in
1480 4619 1602 4684 hac
1638 4620 1990 4704 quaestione
2031 4618 2323 4702 inquisi-,

758 4725 1033 4805 tionem,
1073 4724 1408 4789 ostendens
1442 4725 1689 4808 aliquos
1729 4726 2015 4790 volentes
2047 4725 2310 4791 reddere

759 4831 1073 4896 rationem
1098 4831 1177 4896 de
1204 4831 1326 4895 hoc
1351 4832 1669 4914 profundo
1706 4832 1942 4899 divinae
1981 4831 2310 4916 praedesti-

760 4937 1071 5017 nationiS‚
1102 4937 1309 5019 lapsos
1346 4956 1481 5002 esse
1508 4938 1578 5002 in
1602 4940 2000 5021 profundum
2035 4939 2269 5003 erroris
2287 4986 2306 5015 ‚

761 5043 850 5109 ihi
882 5065 900 5109 z
929 5046 1122 5113 Multi
1146 5059 1291 5112 vero
1327 5045 1405 5111 de
1433 5049 1557 5113 isto
1593 5047 1918 5129 profundo
1955 5055 2308 5131 quaerentes

762 5149 1025 5220 reddere
1042 5151 1378 5233 rationem,
1397 5159 1516 5217 etc.
1530 5152 1833 5219 Similiter
1845 5155 2123 5219 secunda
2136 5173 2305 5236 parS,

761 5261 833 5325 in
894 5280 1026 5344 qua
1078 5261 1456 5327 determinat
1520 5260 1824 5344 Magister
1889 5262 2308 5346 quaestionem

830 5386 850 5422 ²
865 5388 1020 5452 Aug„
1046 5387 1101 5437 in
1124 5388 1270 5438 Joan.
1299 5389 1466 5439 Tract.
1483 5397 1607 5452 ΗΝ,
1633 5395 1690 5439 n.
1710 5390 1760 5439 9.

2410 1616 2629 1677 utrum
2659 1613 2827 1677 Deus
2853 1612 3095 1677 desinat
3117 1612 3357 1695 aliquid
3392 1613 3550 1677 scire
3567 1661 3585 1690 ,
3612 1614 3713 1677 vel
3738 1630 3917 1696 praes-

2409 1721 2571 1800 cire,
2602 1725 2666 1785 et
2695 1720 2984 1784 similiter
3009 1723 3104 1784 est
3141 1721 3410 1803 quaestio
3448 1725 3669 1784 utrum
3702 1721 3919 1785 desinat

2409 1828 2687 1910 aliquem
2723 1806 3211 1911 praedestinare,
3244 1833 3453 1911 partes
3496 1828 3689 1892 habet
3730 1829 3918 1892 duas:

2409 1932 2479 1994 in
2512 1932 2721 2014 prima
2757 1932 3137 1997 determinat
3171 1933 3248 1996 de
3291 1932 3687 2014 praescientia
3708 1979 3726 2009 ‚
3770 1931 3924 2013 quod

2410 2040 2726 2121 contingit
2767 2041 3052 2106 desinere
3095 2040 3335 2123 aliquid
3364 2039 3692 2122 praeseire3
3730 2039 3797 2102 in
3840 2057 3926 2102 se·

2410 2147 2618 2212 cunda
2643 2165 2799 2211 vero
2834 2148 3216 2212 determinat
3241 2147 3317 2212 de
3358 2149 3654 2226 scientia,
3692 2147 3817 2210 ibi:
3855 2148 3928 2213 De

2409 2256 2689 2322 scientia
2707 2262 2918 2321 aulem
2937 2256 3129 2321 aliter
3152 2256 3453 2335 dicimus,
3475 2256 3591 2319 ubi
3610 2255 3757 2318 dicit
3776 2253 3928 2335 quod

2410 2359 2575 2423 Deus
2601 2361 2762 2425 nihil
2788 2363 3018 2426 desinit
3052 2362 3210 2426 scire
3242 2385 3255 2426 z
3288 2368 3351 2426 et
3375 2363 3445 2425 in
3470 2365 3742 2445 utraque
3774 2364 3933 2443 parte

2412 2467 2619 2548 primo
2664 2474 2879 2537 movet
2916 2470 3334 2553 quaestionem
3356 2519 3373 2551 ,
3424 2470 3703 2534 secundo
3728 2460 3932 2533 ‘deter-

2411 2576 2634 2641 minat.

3091 2686 3224 2753 nus.
3273 2685 3318 2731 1.

2414 2805 2614 2870 Opinati
2635 2810 2753 2857 sunt
2774 2811 2945 2857 tamen
2966 2808 3173 2872 quidam
3196 2809 3363 2858 Deum
3380 2805 3496 2857 ideo
3530 2805 3746 2872 elegisse
3772 2805 3936 2868 Jacob,

2754 2880 2876 2944 quia
2902 2878 3056 2930 talem
3082 2880 3313 2930 futurum
3338 2877 3614 2941 praescivit.

2493 3006 2754 3073 Videtur
2795 3008 2968 3090 quod
3003 3008 3124 3071 ista
3163 3006 3390 3090 positio
3420 3024 3554 3070 non
3582 3006 3665 3070 sit
3703 3006 3904 3088 opinio
3922 3053 3937 3082 ‚

2415 3116 2525 3180 sed
2563 3115 2825 3181 haeresis
2852 3116 3184 3180 manifesta
3205 3164 3223 3194 ,
3255 3115 3407 3197 quia
3431 3115 3545 3196 qui
3593 3114 3717 3177 hoc
3742 3110 3939 3195 ponit,

2413 3221 2596 3304 ponit
2639 3221 2913 3302 gratiam
2958 3220 3206 3285 homini
3251 3238 3383 3285 non
3428 3221 3633 3301 gratis
3658 3268 3677 3299 ‚
3726 3219 3832 3283 sed
3872 3235 3944 3281 ex

2416 3328 2658 3393 meritis
2675 3329 2811 3393 dari
2838 3348 2878 3393 a
2900 3329 3048 3406 De0‚
3076 3333 3141 3393 et
3165 3329 3283 3394 iste
3303 3332 3400 3392 est
3414 3346 3596 3393 error
3617 3327 3941 3411 pessimus,

2414 3437 2651 3501 scilicet
2672 3456 2850 3502 error
2878 3437 3141 3518 Pelagii.

2497 3544 2681 3628 Resp.
2730 3545 3079 3609 DIcendum
3127 3542 3299 3626 quod
3337 3543 3461 3606 hoc
3500 3545 3713 3624 potest
3754 3542 3945 3607 dicere

2416 3670 2674 3717 causam
2698 3653 3088 3717 meritoriam
3110 3697 3128 3727 ,
3159 3649 3266 3715 vel
3303 3649 3620 3713 rationem
3649 3649 3948 3730 congrui-

2415 3762 2560 3825 tatis
2588 3782 2603 3824 z
2633 3761 2687 3824 si
2708 3760 2874 3825 dicat
2891 3776 3148 3823 causam
3173 3755 3594 3836 meritoriam,
3625 3757 3717 3820 sic
3744 3774 3950 3839 quam-

2416 3869 2516 3933 vis
2544 3869 2750 3951 prima
2778 3869 2981 3932 fronte
3008 3885 3139 3930 non
3174 3865 3339 3929 dicat
3380 3882 3668 3928 errorem
3686 3912 3704 3944 ‚
3750 3868 3953 3928 tamen

2417 3971 2495 4039 ad
2524 3976 2723 4059 ipsam
2748 3975 3036 4057 sequitur
3063 3991 3277 4050 error3
3314 3972 3369 4035 si
3394 3989 3550 4035 vero
3578 3971 3749 4036 dicat
3774 3971 3951 4034 ratio-

2418 4102 2571 4147 nem
2592 4082 3030 4164 congruitatiS‚
3062 4080 3151 4144 sic
3181 4097 3312 4143 non
3336 4078 3486 4142 dicit
3510 4096 3821 4155 errorem,
3855 4074 3954 4140 sed

2417 4191 2636 4256 tamen
2677 4191 3101 4255 temeritatem
3144 4186 3490 4270 quamdam
3538 4187 3734 4249 habet
3753 4235 3772 4266 ,
3815 4185 3954 4267 quia

2419 4297 2497 4364 de
2527 4300 2606 4382 (a)
2640 4298 2885 4363 occulto
2922 4294 3032 4360 Dei
3072 4293 3390 4378 profundo
3438 4291 3672 4357 nititur
3708 4292 3958 4357 reddere

2422 4403 2735 4467 rationem
2770 4423 2786 4464 t
2814 4405 2876 4465 et
2908 4400 3050 4465 ideo
3072 4403 3350 4480 utroque
3379 4394 3573 4459 modo
3601 4401 3740 4460 erat
3774 4395 3960 4475 digna

2420 4510 2882 4576 retractatione.

3076 4608 3214 4654 nun.
3257 4608 3328 4653 11.

2559 4713 2805 4780 Reliquiae
2831 4726 2925 4778 per
2956 4713 3260 4765 electionem
3291 4712 3467 4780 gratiae
3494 4711 3653 4763 salvoe
3680 4709 3827 4762 fient.

2502 4829 2823 4908 Quaeritur
2847 4829 2953 4894 hic
2977 4830 3056 4894 de
3083 4829 3194 4893 illo
3227 4829 3424 4893 verbo
3467 4826 3759 4910 Apostoli
3798 4821 3959 4908 quod

2422 4938 2688 5003 assumit
2711 4937 3138 5019 Augustinu3‚
3160 4937 3232 4999 in
3257 4955 3386 5018 qua
3408 4935 3789 4999 habitudine
3818 4951 3962 4997 con-

2422 5050 2708 5112 struatur
2748 5045 2853 5110 ille
2888 5044 3249 5127 genitivus3
3292 5044 3445 5125 quia
3474 5044 3691 5124 gratia
3729 5060 3847 5107 nec
3870 5038 3961 5102 vi·-

2422 5153 2608 5218 detur
2644 5154 2886 5234 eligens
2904 5200 2921 5231 3
2963 5171 3083 5216 nec
3118 5151 3336 5216 electa.
3367 5149 3445 5214 Et
3482 5150 3727 5213 iterum
3764 5147 3964 5231 gratia

2421 5264 2519 5325 est
2547 5261 2760 5324 solum
2785 5277 2868 5325 ex
2888 5264 3206 5342 tempore3
3238 5275 3396 5340 ergo
3422 5259 3485 5322 et
3507 5256 3757 5322 electio.

2491 5385 2555 5451 (a)
2587 5386 2708 5437 Coet.
2730 5384 2851 5436 edit.
2879 5383 3019 5435 deest
3043 5383 3126 5434 de.
