4125 6225
623 403 740 463 214

624 538 745 598 test
771 534 1063 616 impediri
1101 555 1117 598 t
1146 537 1301 600 tunc
1334 537 1508 599 enim
1547 533 1894 618 impeditur
1935 547 2156 607 causa,

626 641 883 723 quando
902 691 920 721 ‚
958 646 1255 707 manente
1295 643 1768 726 comparatione
1803 645 1866 705 et
1904 639 2162 704 ordina-

625 745 798 808 tione
828 747 968 826 ejus
994 746 1073 808 ad
1101 746 1399 810 effectum
1417 794 1435 825 ,
1466 746 1726 810 effectus
1760 762 1895 807 non
1921 741 2161 807 evenit.

625 851 803 930 Quod
839 871 997 934 ergo
1017 855 1396 937 proponitur
1424 879 1437 918 :
1469 879 1499 915 α
1520 854 1738 919 Omnis
1760 870 1951 915 causa
1975 851 2076 930 cuj
2087 868 2165 912 us

625 960 884 1025 effectus
931 965 1027 1025 eet
1072 963 1481 1043 contingens,
1527 964 1732 1043 potest
1758 958 2090 1041 impediri3
2125 978 2157 1016 n

628 1068 783 1131 falsa
813 1071 909 1132 est
940 1070 1313 1152 propositio,
1343 1073 1407 1134 et
1441 1070 1633 1133 habet
1665 1067 2068 1144 instantiam,
2111 1064 2165 1128 si

627 1174 886 1239 effectus
913 1177 1266 1241 necessario
1290 1176 1749 1242 concomitatur
1774 1179 1836 1240 et
1861 1177 2167 1256 sequatur

626 1283 705 1348 ad
729 1301 986 1347 causam
1006 1304 1021 1347 :
1045 1288 1108 1348 et
1123 1285 1264 1348 haee
1289 1288 1384 1347 est
1404 1283 1702 1347 instantia
1727 1282 1795 1345 in
1819 1279 2163 1363 proposito.

709 1396 769 1455 2.
797 1391 893 1455 Ad
909 1392 1063 1456 illud
1079 1410 1237 1474 ergo
1255 1393 1425 1474 quod
1443 1391 1759 1473 objicitur,
1777 1390 1948 1473 quod
1966 1391 2170 1472 potest

627 1498 926 1582 impediri
950 1502 1207 1581 propter
1229 1498 1550 1564 defectum
1573 1515 1786 1562 causae
1812 1514 2166 1578 cooperan-

627 1607 742 1683 tis,
791 1606 1129 1671 dicendum
1158 1606 1327 1689 quod
1369 1607 1535 1670 sicut
1579 1606 1797 1671 divina
1839 1605 2164 1683 voluntaS,

628 1716 766 1778 sive
801 1714 1105 1800 divinum·
1136 1716 1336 1795 velle,
1375 1718 1674 1780 connotat
1708 1715 2004 1780 effectum
2026 1761 2044 1791 ,
2080 1714 2170 1777 ita

630 1825 929 1887 connotat
999 1823 1404 1887 efficientiam
1470 1840 1680 1888 causae
1742 1822 2163 1905 particularis

630 1932 789 1997 Cum
812 1931 984 1996 enim
1011 1931 1277 1995 dieitur:
1314 1932 1542 1996 «Deus
1566 1932 1708 1998 vult
1732 1931 1928 1995 istum
1954 1931 2168 1994 salva-

627 2039 715 2116 ri,
746 2059 776 2096 n
822 2054 953 2100 non
992 2041 1086 2101 est
1125 2055 1349 2102 sensus
1392 2039 1561 2121 quod
1601 2039 1759 2103 velit
1794 2038 1863 2101 in
1900 2056 2165 2102 omnem

629 2148 969 2223 eventum,
1018 2145 1125 2208 sed
1165 2146 1333 2227 quod
1371 2145 1512 2210 vult
1555 2146 1753 2210 istum
1790 2146 2054 2225 salvari,
2105 2149 2168 2210 et

627 2251 771 2314 vult
798 2251 995 2314 istum
1025 2251 1207 2315 velle.
1237 2250 1415 2316 Unde
1443 2252 1607 2316 sicut
1632 2252 1849 2316 divina
1865 2252 2162 2316 voluntas

628 2361 927 2421 connotat
945 2358 1138 2422 istum
1165 2357 1464 2423 effectum
1488 2359 1746 2426 evenire
1765 2408 1781 2437 ,
1809 2364 1874 2423 et
1891 2361 2031 2424 ideo
2049 2377 2170 2423 ne-

628 2465 898 2529 cessario
923 2466 1213 2548 sequitur
1235 2467 1495 2531 effectus
1520 2467 1599 2531 ad
1627 2467 1828 2549 ipsam
1845 2515 1861 2544 ,
1892 2467 1981 2530 ita
2010 2485 2171 2530 con-

630 2577 807 2635 notat
846 2591 1104 2636 causam
1139 2578 1415 2638 creatam
1448 2592 1826 2639 concurrere
1867 2596 1882 2638 :
1927 2577 1990 2638 et
2023 2575 2166 2640 ideo

630 2679 981 2744 necessario
1020 2681 1330 2764 sequitur,
1359 2680 1412 2743 si
1440 2681 1605 2745 Deus
1630 2681 1770 2745 vult
1808 2681 2005 2744 istum
2042 2681 2166 2744 sal-

630 2785 804 2861 vari,
832 2787 1002 2868 quod
1031 2786 1150 2850 iste
1176 2787 1369 2850 etiam
1398 2788 1550 2850 velit
1577 2805 1596 2850 ε
1627 2789 1804 2852 etita
1830 2805 2165 2872 nunquam

631 2893 872 2973 deficit,
913 2894 1078 2958 sicut
1113 2912 1234 2958 nec
1266 2894 1528 2959 effectus
1564 2916 1580 2958 ε
1611 2899 1673 2959 et
1701 2896 1789 2960 ita
1829 2914 2169 2979 nunquam

631 3000 999 3084 impeditur.

711 3110 770 3173 3.
803 3108 902 3173 Ad
926 3108 1083 3174 illud
1113 3107 1284 3192 quod
1319 3109 1614 3192 objicitur
1640 3110 1811 3193 quod
1838 3109 2007 3176 Deus
2044 3130 2167 3195 po-

632 3222 752 3282 test
797 3220 1159 3299 oppositum
1210 3218 1353 3299 ejus
1395 3215 1565 3299 quod
1604 3217 1780 3295 vult,
1827 3218 2169 3283 dicendum

633 3324 805 3407 quod
840 3325 1056 3388 divina
1092 3324 1391 3388 voluntas
1427 3341 1560 3387 non
1596 3328 1794 3387 arctat
1820 3329 2170 3408 potentiam

633 3432 701 3493 in
730 3429 1068 3512 possend03
1102 3430 1272 3494 unde
1303 3430 1488 3511 plura
1514 3434 1721 3513 potest
1746 3450 1944 3514 quam
1979 3435 2166 3513 velit;

632 3541 846 3599 tamen
862 3540 1061 3600 arctat
1084 3537 1426 3620 potentiam
1440 3538 1510 3600 in
1528 3540 1780 3619 agendo
1799 3589 1817 3618 ,
1835 3558 2171 3622 nunquam

634 3643 808 3708 enim
830 3645 1107 3725 potentia
1134 3644 1270 3725 agit
1293 3645 1535 3727 aliquid
1562 3647 1682 3708 nisi
1704 3648 1875 3728 quod
1904 3649 2077 3730 vult,
2111 3654 2175 3713 et

636 3750 1021 3832 impossibile
1046 3755 1140 3815 est
1165 3751 1335 3834 quod
1367 3753 1530 3817 actio
1557 3756 2012 3836 superexcedat
2045 3775 2170 3821 vo-

635 3858 943 3921 luntatem
973 3879 987 3922 ε
1016 3859 1185 3923 unde
1211 3860 1371 3922 nihil
1398 3864 1603 3941 potest
1623 3862 1825 3926 facere
1844 3864 1964 3927 nisi
1994 3867 2170 3947 quod

636 3968 843 4046 potest
862 3965 1047 4029 velle.
1069 3964 1331 4043 Quando
1352 3985 1509 4048 ergo
1526 3967 1758 4033 dicitur
1776 3972 1947 4051 quod
1969 3978 2172 4054 potest

636 4070 1025 4135 contrarium
1061 4091 1198 4137 suae
1226 4074 1572 4138 voluntatis
1589 4124 1607 4154 ‚
1651 4081 1858 4158 potest
1890 4078 2171 4162 intelligi

635 4178 970 4260 dupliciter
1001 4202 1016 4243 ε
1052 4183 1166 4243 aut
1202 4181 1527 4246 voluntate
1563 4189 1861 4250 movente
1901 4188 1982 4251 ad
2014 4207 2175 4252 con-

635 4287 938 4365 trarium,
970 4289 1034 4351 et
1075 4286 1168 4351 sic
1197 4292 1454 4353 notatur
1480 4294 1909 4374 repugnantia
1937 4295 2175 4359 volun-

635 4394 781 4456 tatis
810 4394 889 4458 ad
929 4395 1304 4477 potentiam,
1344 4401 1407 4460 et
1445 4399 1568 4463 hoc
1608 4406 1703 4464 est
1744 4401 2165 4484 impossibile;

636 4502 751 4561 aut
763 4498 1086 4561 voluntate
1103 4514 1234 4563 non
1244 4505 1562 4581 movente,
1573 4505 1636 4566 et
1656 4503 1748 4567 sie
1762 4507 2022 4570 notatur
2035 4526 2168 4571 non

637 4603 1165 4685 impedimentum
1203 4624 1321 4669 nec
1356 4611 1822 4691 repugnantia,
1856 4612 1967 4677 sed
1998 4615 2173 4696 quod

636 4711 934 4774 voluntas
962 4711 1160 4775 libere
1194 4716 1425 4794 potest,
1476 4717 1630 4796 quia
1650 4718 1740 4783 ita
1764 4724 1971 4802 potest
2011 4721 2169 4802 hoc,

639 4819 811 4900 quod
821 4820 1333 4901 ejusoppositum
1355 4821 1476 4885 :ita
1487 4824 1660 4888 enim
1679 4828 1819 4891 vult
1833 4828 1978 4909 hoc,
1996 4830 2169 4913 quod

638 4925 842 5004 potest
862 4923 1024 4987 velle
1049 4925 1187 5004 ejus
1203 4925 1564 5007 oppositum
1587 4929 1826 5012 absque
1844 4934 1945 4995 sui
1966 4938 2174 4998 muta-

636 5029 845 5106 tione,
867 5030 1033 5093 sicut
1052 5049 1247 5113 supra
1271 5033 1514 5098 dictum
1534 5040 1628 5100 est
1652 5037 1730 5101 de
1752 5042 2167 5120 praescientia.

640 5135 717 5199 Et
749 5139 912 5201 ratio
938 5139 1139 5221 hujus
1168 5145 1293 5219 est,
1335 5143 1487 5226 quia
1514 5162 1648 5209 uno
1685 5148 1750 5210 et
1785 5148 2009 5213 eodem
2036 5151 2176 5215 vult

640 5259 1069 5327 quaecumque
1095 5248 1258 5312 vult.

706 5369 724 5403 ¹
744 5368 827 5432 Cf.
849 5371 1017 5435 AEgid.
1047 5373 1254 5436 Rom.‚l
1284 5375 1442 5436 Seni„
1471 5375 1589 5428 dist.
1612 5388 1788 5443 nvn,
1815 5393 1868 5447 p.
1894 5383 1932 5430 ΙΙ
1952 5422 1966 5445 ,
2023 5397 2076 5449 q.
2127 5397 2173 5450 ¹3

1741 392 2361 463 SENTENTIARUM
2406 393 2553 458 Lm.
2602 394 2653 459 I.

2349 533 2409 592 4.
2449 530 2546 593 Ad
2578 529 2882 594 ultimum
2929 529 3268 594 dicendum
3303 531 3473 613 quod
3507 531 3805 594 voluntas

2270 634 2409 715 Dei,
2441 638 2792 701 secundum
2821 633 3327 702 convenientiam
3355 638 3435 700 ad
3463 637 3804 719 praescien-

2269 744 2459 822 tiam,
2504 745 2647 807 vult
2680 745 2788 807 illa
2818 762 2967 826 quae
3012 744 3172 810 vult.
3213 743 3392 808 Unde
3426 743 3590 807 sicut
3630 762 3804 825 prae-

2271 851 2529 916 seientia
2546 853 2746 916 ambit
2762 856 2970 915 totum
2992 852 3179 931 velle,
3200 856 3263 916 et
3285 871 3486 934 posse,
3505 856 3568 915 et
3586 871 3803 933 agere,

2271 962 2335 1022 et
2363 977 2494 1022 non
2537 962 2739 1042 potest
2771 959 2904 1022 falli
2937 959 3178 1042 aliquid
3204 979 3336 1024 non
3374 960 3808 1024 subtrahendo

2273 1068 2725 1148 contingentiae
2768 1069 2860 1131 rei
2913 1069 3302 1146 evenienti5‚
3351 1068 3446 1132 sic
3489 1068 3684 1132 etiam
3736 1069 3806 1132 in

2272 1176 2593 1258 proposito
2618 1175 3129 1258 intelligendum.

2772 1468 3183 1546 QUAESTIO
3225 1469 3310 1533 ΙΙ.

2274 1638 2368 1696 An
2394 1641 2598 1712 aliquis
2626 1642 2801 1713 possit
2824 1643 3001 1711 tacere
3026 1645 3215 1698 contra
3236 1643 3572 1699 voluntatem
3599 1646 3749 1713 siqui
3771 1642 3809 1695 ¹.

2355 1814 2583 1880 Utrum
2609 1817 2839 1899 aliquis
2865 1819 3060 1900 possit
3086 1820 3288 1883 facere
3330 1824 3551 1883 contra
3582 1820 3811 1883 volun·
3847 1845 4075 1890 mma-m.

2274 1926 2470 1987 tatem
2491 1923 2665 2006 signi
2680 1947 2698 2004 ;
2722 1930 2785 1989 et
2802 1926 2975 2008 quod
3000 1945 3154 2006 non,
3180 1927 3458 2003 videtur,
3489 1928 3644 2010 quia
3670 1929 3811 2009 sig-

2275 2048 2437 2094 num
2461 2034 2527 2096 et
2554 2032 2882 2113 signatum
2908 2034 3292 2098 conformari
3328 2035 3559 2099 debent
3600 2058 3615 2098 :
3648 2053 3811 2116 ergo

2275 2140 2446 2221 quod
2469 2141 2541 2202 fit
2563 2147 2784 2204 contra
2813 2160 3057 2218 unum,
3087 2144 3159 2206 fit
3188 2146 3409 2206 contra
3444 2143 3807 2225 reliquum;

2274 2250 2339 2310 et
2363 2247 2419 2310 si
2456 2266 2588 2311 non
2617 2253 2820 2329 potest
2857 2250 2996 2313 fieri
3028 2253 3249 2313 contra
3289 2251 3646 2331 signatum,
3690 2269 3810 2314 nec

2275 2358 2496 2418 contra
2527 2356 2817 2436 signum.
2847 2356 3179 2439 Alioquin,
3211 2358 3267 2420 si
3299 2376 3432 2421 non
3472 2358 3552 2421 sit
3590 2363 3814 2422 contra

2274 2462 2633 2542 signatum,
2666 2463 2773 2527 sed
2801 2469 3021 2527 contra
3045 2464 3330 2545 signum,
3361 2468 3518 2528 tunc
3544 2465 3810 2546 signum

2275 2574 2368 2633 est
2391 2569 2622 2633 falsum
2652 2589 2669 2632 ε
2696 2571 2751 2633 si
2780 2571 2953 2635 enim
2993 2572 3258 2652 signum
3286 2572 3458 2636 ducit
3486 2572 3556 2635 in
3583 2573 3807 2654 signa-

2273 2680 2445 2755 tum,
2472 2677 2824 2759 significat,
2850 2678 3023 2761 quod
3051 2679 3121 2741 fit
3149 2683 3371 2744 contra
3394 2679 3606 2762 ipsum
3625 2726 3643 2757 ‚
3665 2680 3804 2744 fieri

2275 2790 2496 2872 contra
2522 2786 2873 2866 signatum.

2355 2896 2417 2955 Ξ.
2449 2891 2637 2970 Item,
2679 2892 3025 2956 minimum
3063 2894 3226 2958 inter
3251 2895 3470 2958 omnia
3505 2895 3694 2976 signa
3719 2900 3817 2959 est

2275 3000 2639 3081 permissi0,
2670 3018 2819 3065 cum
2854 3001 2938 3066 sit
2968 3006 3261 3083 respectu
3304 3002 3493 3080 mali,
3533 3004 3613 3068 ad
3640 3004 3813 3085 quod

2276 3107 2543 3173 minime
2562 3108 2892 3173 ordinatur
2914 3109 3382 3192 heneplacitum
3404 3109 3514 3175 Dei
3537 3134 3551 3176 :
3581 3130 3741 3192 ergo
3760 3110 3816 3176 si

2277 3215 2544 3279 minime
2581 3216 2816 3279 accedit
2850 3216 2930 3279 ad
2957 3216 3353 3282 voluntatem
3393 3219 3775 3302 beneplaciti
3793 3268 3811 3295 ,

2276 3321 2329 3385 si
2347 3340 2478 3386 non
2498 3327 2701 3405 potest
2717 3324 2857 3388 fieri
2876 3328 3095 3388 contra
3114 3325 3621 3407 permissionem,
3649 3327 3816 3391 mul·

2277 3429 2563 3493 tominus
2608 3432 2828 3494 contra
2873 3430 2997 3494 alia
3041 3448 3057 3494 ε
3102 3432 3211 3495 sed
3254 3451 3387 3497 non
3428 3438 3633 3514 potest
3674 3434 3816 3498 fieri

2278 3539 2500 3602 contra
2522 3538 3006 3620 permissionem
3021 3588 3038 3615 ,
3060 3539 3226 3604 sicut
3248 3540 3400 3604 dicit
3425 3540 3726 3622 Magister
3749 3542 3817 3604 in
3845 3616 3854 3623 ⁶

2276 3642 2518 3722 littera,
2566 3649 2630 3709 et
2653 3644 3088 3726 Augustinus,
3121 3646 3199 3711 de
3243 3648 3519 3713 Ciuitate
3545 3648 3680 3737 ’Dei
3725 3651 3748 3683 ²
3794 3671 3819 3712 .-

2288 3772 2319 3811 <1
2346 3750 2525 3815 Sicut
2550 3753 2766 3817 nullus
2788 3753 3127 3817 hominum
3153 3755 3288 3836 agit
3313 3760 3510 3833 recte,
3543 3743 3817 3819 nisi‘ad-

2274 3858 2458 3939 jutus
2495 3859 2716 3923 dlvino
2760 3861 3034 3937 auxilio;
3079 3861 3170 3924 sic
3211 3861 3428 3925 nullus
3471 3862 3816 3926 hominum

2280 3970 2471 4047 atque
2517 3965 2887 4031 daemonum
2941 3968 3078 4048 agit
3121 3967 3370 4049 inique,
3422 3969 3547 4032 nisi
3592 3970 3814 4034 eodem

2282 4071 2501 4136 divino
2515 4078 2703 4156 atque
2709 4075 3063 4157 justissimo
3079 4076 3480 4156 permittatur
3488 4077 3757 4158 judicio.
3778 4099 3809 4135 n

2363 4184 2423 4244 3.
2447 4180 2635 4261 Item,
2662 4182 2976 4264 potentior
2994 4186 3089 4246 est
3109 4183 3404 4247 voluntas
3429 4183 3535 4246 cui
3562 4202 3694 4247 non
3709 4201 3821 4266 po-

2281 4293 2403 4353 test
2427 4290 2632 4355 resisti
2655 4290 2864 4354 necin
2891 4308 2986 4367 se,
3015 4290 3226 4353 necin
3242 4291 3452 4371 signo,
3483 4309 3681 4372 quam
3710 4293 3816 4357 cui

2282 4403 2487 4479 potest
2510 4400 2580 4461 in
2607 4399 2794 4479 signo
2827 4398 3081 4477 saltem,
3121 4398 3238 4461 etsi
3267 4416 3398 4461 non
3434 4398 3505 4460 in
3543 4416 3615 4463 re
3649 4422 3664 4462 ι
3709 4400 3822 4464 sed

2281 4503 2448 4568 Deus
2480 4509 2577 4568 est
2602 4505 3077 4586 potentissimus
3121 4528 3135 4569 ε
3168 4522 3326 4586 ergo
3363 4505 3619 4569 videtur
3646 4510 3820 4589 quod

2282 4631 2401 4677 nec
2416 4612 2730 4675 voluntati
2752 4614 2808 4692 ej
2819 4630 2914 4690 uS,
2945 4631 3063 4676 nec
3080 4612 3269 4693 signo
3294 4612 3640 4677 voluntatis
3667 4633 3817 4696 po&

2282 4720 2363 4784 sit
2383 4719 2589 4784 resisti
2620 4741 2635 4783 :
2663 4724 2730 4783 et
2753 4719 2844 4782 sic
2858 4766 2874 4795 ‚
2901 4724 3020 4783 etc.

2361 4833 2424 4893 4.
2457 4828 2687 4894 Contra
2716 4850 2731 4892 ε
2766 4827 2937 4891 Inter
2970 4828 3188 4892 omnia
3217 4828 3405 4910 signa
3439 4828 3815 4908 voluntatiS,
3859 4852 3930 4897 Ad
3966 4868 4083 4913 opp.

2283 4936 2653 5020 praeceptio,
2687 4936 2822 4999 sive
2849 4935 3225 5018 imperium,
3257 4935 3511 5000 videtur
3539 4956 3675 5001 esse
3698 4956 3818 5020 po·

2282 5044 2712 5109 tentissimum
2745 5065 2761 5106 ε
2794 5043 2901 5106 sed
2930 5042 3067 5105 fieri
3100 5045 3332 5124 potest,
3364 5048 3428 5106 et
3452 5045 3526 5107 fit
3559 5049 3693 5109 tota
3717 5047 3819 5111 die

2282 5170 2593 5232 Richardus,
2623 5171 2643 5218 1
2672 5170 2831 5229 Sena,
2861 5167 2981 5218 dist.
3001 5179 3179 5230 nvn,
3207 5182 3260 5231 q.
3282 5180 3354 5231 1¹3
3395 5170 3574 5232 Steph.
3609 5172 3820 5235 Bruler.,

2284 5246 2302 5293 1
2331 5246 2490 5302 sent„
2521 5243 2637 5293 dist.
2659 5252 2837 5306 vau,
2864 5252 3010 5305 q.11;
3041 5242 3220 5290 Petrus
3253 5241 3316 5290 de
3345 5243 3572 5306 Tarant„
3604 5244 3620 5292 Ι
3650 5246 3808 5304 Sem„

2282 5316 2401 5366 dist.
2418 5325 2582 5377 xnvn,
2610 5327 2664 5379 q.
2684 5325 2744 5364 11.
2766 5313 2867 5350 -¹
2885 5314 3037 5377 Aug„
3055 5311 3116 5362 de
3133 5312 3289 5363 Civit.
3317 5312 3427 5376 Dei,
3455 5313 3546 5364 lib.
3570 5316 3678 5377 xx,
3702 5329 3747 5364 e.
3769 5326 3808 5378 1,

2281 5403 2335 5439 n.
2356 5390 2405 5437 2.
