4125 6225
612 326 730 388 518

542 430 557 443 ²
611 456 1097 541 praedestinatus
1132 458 1475 523 damnatur
1495 506 1514 537 ‚
1541 458 1760 524 nullus
1809 458 2153 523 damnatur

611 581 806 648 quem
848 564 1120 645 angelus
1161 564 1373 629 bonus
1410 582 1542 629 non
1592 564 1748 628 velit
1797 565 2091 629 damnari
2132 587 2148 630 ε

610 685 769 749 ergo
810 662 1069 733 videtur
1111 667 1283 750 quod
1329 682 1413 733 ex
1459 667 1705 732 nullius
1743 667 2155 734 damnatione

611 776 917 841 tristetur.

695 882 854 948 ltem
887 883 1068 948 dolor
1093 887 1158 947 et
1180 881 1438 947 tristitia
1465 899 1594 947 non
1622 888 1720 947 est
1751 883 1892 949 sine
1918 902 2111 967 poena
2132 932 2151 963 ,

614 995 679 1056 et
717 1009 907 1074 poena
938 1010 1069 1056 non
1103 993 1198 1055 est
1221 991 1359 1054 sine
1385 989 1579 1072 culpa
1603 990 1848 1073 praevia
1884 1012 1899 1056 z
1938 992 2047 1056 sed
2089 992 2156 1056 in

614 1099 814 1163 beatis
829 1098 1075 1180 angelis
1092 1114 1431 1179 nunquam
1450 1097 1571 1161 fuit
1599 1097 1788 1180 culpa
1812 1116 1828 1161 ε
1860 1115 2020 1180 ergo
2038 1117 2159 1163 nec

615 1206 766 1284 fuit,
797 1224 915 1271 nec
940 1224 1075 1270 esse
1103 1208 1306 1287 potest
1336 1204 1614 1268 tristitia.

700 1311 859 1377 ltem
894 1312 1166 1394 angelus
1190 1330 1324 1376 non
1364 1311 1574 1393 magis
1605 1315 1891 1376 meretur
1923 1311 1994 1376 in
2034 1313 2158 1376 mi-

618 1421 943 1485 nistrando
975 1421 1144 1485 bono
1174 1438 1372 1502 quam
1403 1420 1575 1485 malo
1596 1468 1614 1501 ,
1647 1437 1798 1483 cum
1825 1438 1909 1484 ex
1933 1419 2160 1485 volun-

616 1532 744 1595 tate
770 1527 1098 1610 aequaliter
1116 1526 1285 1591 bona
1305 1527 1622 1592 ministret
1646 1527 1904 1612 utrique
1930 1548 1947 1593 ε
1974 1546 2157 1609 ergo,

619 1634 674 1699 si
687 1634 1119 1699 remuneratio
1134 1638 1437 1716 pensatur
1456 1634 1810 1699 secundum
1832 1636 2157 1714 meritum,

619 1760 752 1807 non
787 1742 1005 1805 minus
1031 1744 1486 1806 remuneratur
1517 1741 1789 1823 angelus
1823 1760 1974 1806 cum
2013 1759 2161 1806 cus-

616 1850 776 1915 todit
814 1847 1210 1931 praescitum,
1252 1866 1450 1930 quam
1488 1865 1641 1911 cum
1680 1848 1954 1912 custodit
1989 1866 2161 1931 prae-

620 1955 1006 2023 destinatum
1035 1972 1235 2036 :ergo
1264 1955 1518 2020 videtur
1545 1955 1717 2038 quod
1744 1974 1827 2019 ex
1853 1955 1961 2019 illa
1978 1956 2162 2021 dam·

621 2064 880 2129 natione
905 2062 1161 2126 nullum
1195 2063 1484 2127 incurrat
1508 2063 1782 2145 angelus
1817 2062 2162 2127 detrimen-

620 2174 790 2236 tum.
832 2170 1025 2235 Juxta
1068 2170 1193 2234 hoc
1212 2218 1231 2249 ,
1287 2170 1602 2252 quaeritur
1633 2174 1856 2235 utrum
1890 2170 2163 2252 angelus

624 2279 780 2345 velit
809 2278 1019 2357 illum,
1049 2295 1245 2360 quem
1271 2277 1563 2358 custodit,
1589 2278 1847 2356 salvari,
1877 2297 2027 2344 cum
2062 2297 2168 2344 re-

627 2385 913 2451 velatum
927 2389 1022 2449 est
1040 2385 1165 2448 sibi
1190 2402 1325 2449 esse
1343 2386 1711 2468 praescitum
1743 2405 1760 2448 ε
1788 2386 1843 2450 si
1868 2405 2004 2451 non
2024 2386 2169 2451 vult

628 2495 844 2576 ipsum
885 2492 1119 2557 salvari
1136 2541 1154 2571 ,
1181 2510 1339 2573 ergo
1378 2493 1633 2558 videtur
1663 2512 1815 2558 eum
1856 2494 2169 2559 custodire

629 2601 870 2680 invite3
899 2600 954 2663 si
984 2600 1159 2676 vult,
1191 2617 1351 2682 ergo
1386 2599 1640 2665 videtur
1667 2600 1838 2683 quod
1873 2601 2172 2666 voluntas

629 2709 772 2789 eJus
790 2706 1107 2772 voluntati
1132 2707 1370 2772 divinae
1398 2725 1533 2772 non
1553 2707 1985 2773 conformetur
2001 2757 2020 2789 ,
2053 2727 2172 2773 nec

634 2813 804 2897 quod
830 2813 1023 2878 etiam
1051 2814 1412 2896 impleatur.

713 2920 872 2986 Item
895 2969 914 3000 ,
971 2938 1120 2985 eum
1172 2920 1444 2985 custodit
1491 2921 1857 3004 praescitum
1879 2970 1898 3001 ,
1951 2940 2176 3005 quaero

633 3026 806 3110 quod
825 3028 1168 3109 praemium
1186 3028 1247 3092 ei
1273 3046 1356 3093 ex
1373 3028 1497 3092 hoc
1520 3029 1807 3094 redditur
1830 3049 1845 3091 :
1878 3030 2176 3095 substan·

632 3135 785 3200 tiale
820 3153 984 3212 non,
1029 3140 1303 3216 constat;
1346 3137 1726 3203 accidentale
1757 3156 1920 3219 non,
1957 3143 2033 3203 ut
2072 3139 2177 3202 vi-

637 3243 822 3307 detur
842 3292 861 3322 ,
887 3244 1042 3326 quia
1071 3243 1229 3308 illud
1260 3244 1545 3308 consistit
1570 3245 1738 3310 circa
1761 3246 2179 3312 salvationem

641 3368 865 3415 eorum
891 3369 1052 3433 qnos
1073 3351 1471 3430 custodiunt,
1503 3352 1668 3416 sicut
1699 3358 1872 3435 patet
1901 3356 1971 3418 in
2009 3373 2180 3438 prae-

640 3457 772 3523 mio
796 3459 1072 3524 aureolas
1104 3458 1279 3542 quod
1304 3460 1540 3525 habent
1562 3461 2024 3545 praedicatores.

1148 3716 1671 3786 CONCLUSIO.

644 3871 852 3941 Anqeli
880 3887 948 3927 em
975 3870 1325 3929 damnatione
1352 3888 1530 3929 eorum
1567 3889 1696 3944 quos
1722 3875 2029 3933 austadiunt
2044 3918 2059 3945 ,
2094 3893 2188 3935 nec

717 3960 1094 4018 misem‘cordioe
1133 3965 1420 4033 gemitum,
1448 3978 1542 4019 nec
1587 3964 1812 4035 aliquod
1843 3980 1951 4021 suae
2000 3967 2189 4036 qlorioe

719 4051 1096 4107 detrimentum
1122 4054 1428 4108 incurrunt.

730 4211 914 4294 Resp.
938 4212 1019 4276 ad
1037 4212 1197 4293 Arg.
1224 4210 1321 4276 Ad
1344 4211 1798 4293 praedictorum
1828 4215 2193 4298 intelligen-

648 4320 805 4383 tiam
833 4323 929 4382 est
953 4318 1332 4395 notandum,
1373 4319 1545 4399 quod
1576 4320 1743 4383 circa
1769 4321 1890 4384 hoc
1917 4322 2191 4386 diversi-

651 4426 838 4490 mode
862 4428 1196 4490 senserunt
1210 4424 1466 4489 diversi.
1489 4423 1759 4501 Quidam
1783 4428 1961 4491 enim
1989 4427 2194 4493 dicere

410 4554 566 4612 opinio
583 4560 621 4599 ι.
651 4534 997 4598 voluerunt
1020 4533 1192 4616 quod
1218 4533 1434 4616 angeli
1454 4534 1644 4610 beati,
1674 4553 1758 4599 ex
1785 4534 2194 4600 damnatione

653 4660 877 4708 eorum
918 4658 1081 4723 quos
1108 4641 1503 4719 custodiunt,
1542 4641 1659 4706 etsi
1692 4661 1823 4706 non
1863 4643 2196 4706 incurrant

653 4749 1110 4814 detrimentum
1144 4748 1392 4830 gloriae,
1428 4747 1798 4829 concipiunt
1828 4754 2042 4812 tamen
2069 4767 2193 4831 ge-

655 4856 891 4920 mitum
914 4854 1366 4920 misericordiae
1399 4856 1739 4937 :quamvis
1765 4857 1939 4920 enim
1966 4858 2092 4920 sint
2114 4876 2194 4921 ex

655 4963 1043 5027 sublimitate
1080 4963 1307 5044 gloriae
1355 4963 1746 5026 immortales
1787 4968 1849 5028 et
1898 4963 2193 5046 impassi-

654 5071 842 5147 biles,
900 5089 1034 5135 non
1064 5076 1280 5134 tamen
1327 5074 1476 5134 sunt
1514 5071 2055 5153 incompassibiles
2086 5092 2102 5135 z
2135 5077 2198 5136 et

657 5179 778 5245 hoc
812 5181 1130 5263 accipiunt
1163 5198 1246 5244 ex
1287 5179 1567 5262 quodam
1615 5180 1811 5244 verbo
1854 5178 2194 5259 Bernardi‚

725 5307 743 5339 ⁸
764 5305 935 5368 Greg„
965 5306 1021 5355 in
1046 5306 1238 5372 Evanq.
1269 5305 1410 5356 hom.
1435 5317 1522 5362 xx..

1742 318 2363 389 SENTENTIARUM
2401 319 2564 386 Lm:
2593 320 2674 387 11.

2264 457 2380 542 qui
2423 456 2680 522 videtur
2727 457 2853 522 hoc
2893 458 3131 537 dicere;
3171 463 3234 522 et
3269 458 3492 523 dicunt
3527 455 3806 520 verbum

2265 563 2443 629 lsaiae
2507 565 2804 648 superius
2868 565 3110 630 dicmm
3167 565 3258 629 sic
3315 563 3808 645 intelligendum

2264 692 2421 738 esse.
2454 673 2576 738 Sed
2601 676 2818 737 tamen
2848 672 3005 737 illud
3033 691 3165 738 non
3209 672 3466 737 videtur
3503 670 3808 752 intelligi-
3835 678 4018 735 Imm-›b-

2264 775 2392 840 bile
2408 824 2426 856 ,
2448 775 2769 859 quomodo
2787 775 3018 858 aliquis
3037 775 3232 858 possit
3253 774 3530 857 compati
3548 823 3567 852 ,
3594 777 3660 837 et
3679 790 3812 837 non

2265 883 2436 965 pati;
2466 901 2584 946 nec
2619 882 2776 946 illud
2800 881 3061 947 videtur
3087 882 3450 964 probabile,
3482 881 3657 964 quod
3692 898 3813 943 an-

2211 1042 2216 1049 .
2268 986 2399 1067 geli
2438 986 2651 1068 aliqua
2690 986 2921 1068 pietate
2959 989 3022 1049 et
3066 984 3504 1048 misericordia
3544 984 3812 1047 flectan-

2269 1103 2377 1161 tur
2420 1098 2501 1162 ad
2537 1097 2878 1181 reprobos,
2924 1113 3074 1161 cum
3121 1096 3244 1178 ipsi
3285 1097 3568 1159 maxime
3612 1094 3816 1158 zelent

2264 1205 2583 1288 justitiam
2599 1208 2664 1270 et
2680 1204 2970 1269 divinam
2990 1203 3286 1285 gloriam,
3305 1207 3527 1286 utpote
3542 1202 3662 1285 qui
3673 1204 3814 1282 jam

2271 1317 2422 1377 sunt
2461 1312 2822 1376 confirmati
2865 1312 2937 1374 in
2982 1311 3259 1393 perfecto
3306 1313 3479 1374 statu
3517 1308 3810 1392 Justitiae.

2273 1418 2537 1503 Propter
2580 1420 2755 1503 quod
2797 1419 2946 1484 dicit
2985 1419 3332 1501 Gregorius
3367 1424 3387 1454 ¹
3428 1418 3499 1480 in
3538 1416 3812 1498 quadam

2271 1528 2559 1603 homilia,
2588 1527 2757 1609 quod
2787 1528 2864 1592 ad
2894 1529 3201 1611 reprobos
3224 1544 3359 1591 non
3383 1525 3630 1589 habent
3649 1541 3815 1587 com-

2274 1636 2635 1718 passionem
2667 1638 2994 1719 justorum
3026 1638 3281 1699 animae.
3321 1634 3428 1697 Ait
3465 1633 3644 1696 enim
3671 1632 3760 1694 sic
3794 1655 3809 1694 z

2283 1765 2315 1803 a
2338 1742 2370 1807 J
2375 1747 2665 1807 ustorum
2689 1743 2946 1821 animae,
2968 1743 3086 1806 etsi
3106 1742 3387 1806 bonitate
3409 1744 3662 1804 naturae
3682 1756 3813 1802 suae

2276 1850 2777 1914 misericordiam
2813 1850 3052 1913 habent
3069 1898 3086 1928 ,
3123 1851 3261 1931 jam
3293 1853 3512 1911 tamen
3539 1847 3816 1911 auctoris

2275 1957 2378 2022 sui
2388 1957 2656 2039 justitias
2679 1958 3037 2038 conjunctae
3065 1959 3240 2019 tanta
3263 1954 3644 2019 rectitudine
3671 1971 3812 2017 con·

2275 2064 2713 2145 stringuntur,
2749 2069 2823 2128 ut
2857 2064 3037 2128 nulla
3073 2063 3155 2127 ad
3185 2062 3492 2145 reprobos
3526 2078 3812 2143 compas-

2276 2172 2457 2236 sione
2500 2175 2882 2236 moveantur
2914 2193 2931 2232 ε
2966 2193 2998 2230 »
3031 2171 3109 2234 de
3152 2170 3350 2234 beatis
3391 2168 3704 2250 loquitm.
3740 2167 3816 2231 Et
3841 2176 4017 2234 epam.

2279 2284 2535 2362 propter
2580 2279 2704 2343 hoc
2747 2287 2842 2343 est
2885 2278 3013 2343 alia
3055 2278 3282 2361 positio
3298 2326 3316 2356 ,
3380 2276 3555 2359 quod
3603 2274 3813 2356 angeli

2279 2385 2700 2450 custodientes
2717 2434 2735 2465 ,
2792 2404 2877 2449 ex
2924 2386 3332 2453 damnatione
3378 2401 3607 2448 eorum
3659 2400 3816 2465 quos

2280 2493 2677 2573 custodiunt,
2732 2512 2850 2559 nec
2897 2493 3265 2576 concipiunt
3310 2491 3633 2573 gemitum
3648 2540 3671 2571 ‚
3704 2508 3818 2554 nec

2280 2604 2621 2669 incurrunt
2645 2603 2887 2687 aliquid
2913 2603 3139 2685 gloriae
3173 2601 3628 2665 detrimentum
3657 2619 3675 2662 ε
3705 2618 3818 2682 ge-

2280 2713 2516 2777 mitum
2529 2730 2661 2777 non
2678 2712 3067 2794 concipiunt,
3089 2712 3346 2792 propter
3360 2708 3816 2791 plenitudinem

2282 2820 2546 2902 gaudii,
2584 2820 2757 2903 quod
2790 2819 2949 2884 adeo
2986 2819 3336 2901 perfectum
3371 2820 3466 2880 est
3481 2865 3499 2893 ‚
3537 2819 3613 2879 ut
3650 2814 3819 2879 nullo

2283 2929 2475 2993 modo
2506 2928 2808 3011 suscipiat
2841 2925 3303 2992 admixtionem
3332 2923 3674 3000 contrarii;
3711 2922 3822 2986 de·-

2284 3036 2665 3100 trimentum
2712 3034 2909 3098 etiam
2960 3050 3092 3096 non
3149 3033 3481 3116 patiuntur
3500 3079 3517 3108 ‚
3574 3033 3824 3112 propter

2288 3144 2691 3208 stabilitatem
2718 3142 2871 3207 boni
2906 3142 3143 3223 adepti3
3185 3139 3349 3204 nihil
3378 3138 3554 3202 enim
3592 3137 3827 3201 habeut

2289 3252 2460 3335 quod
2487 3251 2731 3334 possint
2756 3249 3048 3313 amittere
3066 3296 3085 3325 ,
3116 3264 3237 3310 nec
3263 3265 3346 3310 ex
3372 3250 3550 3329 parte
3577 3243 3782 3307 meriti
3803 3291 3821 3321 ,

2289 3379 2408 3424 nce
2436 3378 2517 3422 ex
2548 3363 2728 3442 parte
2767 3356 3050 3441 praemii,
3086 3373 3238 3420 cum
3274 3354 3401 3418 sint
3436 3354 3504 3415 in
3531 3352 3736 3433 gloria
3768 3354 3828 3414 et

2292 3469 2627 3553 injustitia
2645 3467 3029 3532 confirmati.
3055 3465 3135 3529 Et
3151 3464 3460 3547 quoniam
3482 3461 3829 3528 detrimen-

2293 3582 2429 3644 tum
2465 3577 2615 3641 dicit
2651 3575 3060 3639 amissionem
3102 3573 3372 3654 alicujus
3401 3570 3558 3634 boni
3594 3568 3827 3646 habiti,

2294 3686 2433 3750 ideo
2474 3703 2557 3749 ex
2591 3684 2770 3748 nullo
2811 3687 3050 3748 eventu
3085 3680 3544 3745 detrimentum
3580 3676 3833 3759 aliquod

2294 3797 2560 3875 possunt
2594 3792 2762 3875 pati;
2802 3794 2866 3855 et
2906 3786 3321 3853 concedendae
3369 3790 3523 3849 sunt
3561 3784 3835 3849 rationes

2295 3916 2442 3980 quae
2469 3897 2548 3961 ad
2575 3898 2698 3961 hoc
2719 3897 3136 3960 inducuntur.

2378 4010 2408 4067 1
2443 4009 2506 4067 et
2534 4008 2589 4067 2.
2624 4004 2722 4068 Ad
2752 4004 2911 4067 illud
2940 4021 3094 4067 vero
3121 4001 3295 4084 quod
3317 3999 3640 4082 objicitur,
3669 3997 3835 4081 quod

2299 4111 2465 4176 Deus
2517 4111 2788 4194 requirit
2836 4109 3121 4174 animam
3171 4107 3466 4172 custoditi
3510 4106 3590 4170 de
3641 4123 3836 4170 manu

2300 4218 2747 4296 custodientis3
2800 4217 3146 4281 dicendum
3195 4215 3368 4297 quod
3417 4231 3652 4278 verum
3701 4217 3832 4290 est,

2301 4345 2451 4390 cum
2469 4326 2634 4408 perit
2659 4329 2914 4408 propter
2941 4323 3218 4387 custodis
3242 4321 3709 4402 negligentiam
3739 4322 3839 4383 :et

2300 4435 2454 4516 quia
2506 4434 2578 4496 in
2624 4433 2822 4496 beatis
2873 4431 3121 4511 angelis
3167 4428 3350 4493 nulla
3404 4427 3573 4492 cadit
3629 4424 3835 4506 negli-

2303 4539 2550 4622 gentia,
2587 4540 2728 4604 ideo
2750 4538 2828 4602 de
2855 4556 3054 4601 manu
3087 4538 3376 4618 ipsorum
3411 4533 3636 4597 nullus
3660 4532 3839 4597 dam-

2303 4651 2493 4709 natus
2521 4643 2896 4727 requiritur.
2926 4643 3004 4708 Et
3031 4647 3369 4725 propterea
3401 4641 3677 4705 verbum
3705 4637 3840 4703 Ori-

2306 4753 2490 4836 genis
2514 4801 2532 4831 ‚
2567 4753 2739 4834 quod
2772 4751 3084 4833 sequitur,
3115 4749 3171 4812 si
3203 4747 3573 4829 simpliciter
3613 4744 3838 4810 intelli-

2304 4864 2500 4943 gatur
2520 4909 2538 4939 ,
2568 4864 2663 4924 est
2691 4860 2944 4924 falsum.
2975 4855 3165 4921 Nullo
3193 4856 3368 4919 enim
3401 4854 3596 4919 modo
3631 4851 3840 4935 angeli

2304 4969 2456 5032 boni
2495 4968 2960 5050 culpabuntur,
3010 4983 3131 5028 nec
3177 4965 3244 5026 in
3283 4962 3602 5045 judicium
3641 4961 3841 5026 addu-

2305 5080 2531 5139 centur
2562 5098 2576 5138 :
2608 5074 2731 5138 nisi
2761 5074 2921 5138 forte
2953 5072 3097 5156 quis
3133 5072 3302 5137 dicat
3329 5070 3451 5134 hoc
3489 5069 3716 5134 debere
3739 5066 3840 5129 in-

2305 5182 2506 5262 telligi
2531 5230 2549 5254 ,
2597 5181 2770 5263 quod
2813 5180 3207 5246 adducentur
3247 5177 3316 5241 in
3348 5177 3669 5259 judicium
3710 5192 3837 5239 non
3929 5241 3937 5246 ,

2305 5289 2387 5354 ad
2414 5307 2599 5356 suam
2626 5287 3220 5354 condemnationem
3239 5334 3258 5363 ,
3287 5285 3400 5348 sed
3430 5285 3508 5348 ad
3540 5283 3837 5350 manifes-
