4125 6225
1299 678 1753 758 CONCLIJSIO.

755 825 961 884 Eadem
985 840 1335 899 soepenumero
1376 828 1453 882 est
1489 827 1589 881 Dei
1628 828 1681 880 et
1722 827 1895 897 ipsius
1934 826 2120 896 anqeli
2161 826 2300 882 loeu-

828 919 934 985 tio‚
965 917 1212 988 φιαηιυίε
1239 931 1277 970 a
1304 916 1410 970 Deo
1436 915 1512 970 sit
1550 929 1653 985 per
1688 914 1901 970 modum
1938 917 2291 987 imper-antis,

824 1006 896 1062 ab
923 1006 1111 1077 mqelo
1146 1020 1269 1061 vero
1299 1019 1400 1077 per
1434 1002 1645 1059 modum
1679 1005 2000 1071 ministerii,
2044 1004 2168 1060 licet
2208 1008 2295 1060 in-

827 1095 1031 1152 terdum
1077 1096 1214 1151 Deus
1261 1109 1363 1166 per
1411 1095 1751 1166 semetipsum
1799 1094 1952 1150 nobis
2008 1094 2290 1165 loquatur,

821 1184 1040 1256 aliquid
1061 1183 1329 1241 mentibus
1358 1186 1556 1240 nostris
1590 1182 1899 1240 revelando·

830 1344 1016 1428 Resp.
1056 1344 1136 1408 ad
1169 1344 1330 1425 Arg.
1360 1341 1710 1408 Dicendum
1742 1344 1918 1425 quod
1938 1389 1957 1421 ,
1986 1343 2151 1408 sicut
2176 1343 2294 1407 tri·-

749 1451 997 1536 pliciter
1025 1450 1299 1515 dicimur
1319 1450 1536 1515 videre
1550 1448 1774 1527 Deum,
1795 1450 2029 1515 scilicet
2044 1450 2291 1516 visione

749 1559 1082 1643 corporali,
1107 1557 1511 1640 imaginaria,
1544 1560 1609 1622 et
1633 1557 2041 1622 intellectuali
2073 1556 2173 1641 (in
2199 1558 2294 1623 vi-

747 1668 926 1733 sione
978 1665 1390 1731 intellectuali
1436 1666 1694 1731 videtur
1742 1664 1909 1730 Deus
1962 1665 2033 1730 in
2083 1667 2290 1750 seipso

742 1774 962 1840 lucens
977 1824 996 1855 ,
1026 1775 1271 1839 visione
1299 1777 1517 1838 autem
1541 1773 1924 1855 imaginaria
1953 1777 2018 1838 et
2055 1791 2289 1857 corpo-

744 1883 864 1947 rali
893 1882 1145 1948 videtur
1171 1881 1338 1946 Deus
1364 1876 1435 1946 in
1461 1881 1745 1964 subjecta
1767 1885 2058 1945 creatura
2083 1900 2289 1965 appa-

743 1992 955 2069 rens);
985 1989 1076 2054 sic
1098 1989 1292 2054 etiam
1329 1988 1661 2071 tripliciter
1701 1989 1978 2053 dicimur
2012 1989 2235 2054 audire
2266 2012 2282 2055 ε

744 2102 857 2161 aut
881 2115 996 2180 per
1012 2096 1270 2179 aliquod
1294 2096 1558 2178 signum
1577 2096 1998 2160 exterioribus
2021 2097 2289 2162 auribus

743 2203 1032 2269 oblatum
1056 2252 1074 2282 ,
1114 2205 1279 2269 sicut
1316 2204 1558 2287 pluries
1595 2204 1887 2270 auditum
1929 2204 2049 2269 suit
2070 2252 2088 2282 ,
2118 2208 2182 2269 et
2215 2205 2285 2270 in

739 2312 943 2377 veteri
958 2361 977 2394 ,
1006 2316 1072 2377 et
1104 2312 1174 2376 in
1210 2330 1381 2379 novo
1419 2317 1831 2393 testamento3
1876 2318 1990 2378 aut
2015 2331 2130 2397 per
2164 2313 2286 2378 ali-

741 2419 914 2503 quod
939 2419 1203 2501 signum
1230 2419 1300 2483 in
1328 2419 1614 2485 interiori
1637 2438 1860 2500 sensu,
1890 2418 1994 2485 vel
2021 2419 2092 2484 in
2117 2420 2285 2485 inte-

738 2523 892 2589 riori
930 2525 1390 2609 imaginatione
1436 2527 1812 2606 formatum;
1852 2531 1965 2590 aut
2007 2544 2123 2609 per
2161 2525 2280 2590 ali-

737 2632 908 2715 quod
931 2634 1363 2717 inspirationis
1388 2635 1661 2699 verbum
1692 2635 1927 2699 nostris
1958 2634 2284 2700 mentibus

736 2739 1136 2806 instillatum.
1178 2741 1254 2806 Et
1299 2742 1462 2806 sicut
1494 2742 1821 2825 tripliciter
1859 2742 2118 2808 auditur
2136 2791 2153 2823 ,
2192 2744 2282 2807 ita

735 2847 928 2911 etiam
940 2848 1171 2914 dicitur
1182 2849 1514 2931 tripliciter
1527 2850 1725 2932 loqui,
1736 2849 2092 2914 secundum
2108 2849 2280 2932 quod

735 2952 806 3017 in
855 2954 1039 3019 nobis
1081 2955 1398 3040 triplicem
1441 2956 1675 3021 excitat
1724 2956 2042 3021 auditum.
2102 2956 2281 3021 Sicut

733 3060 912 3126 enim
949 3079 1211 3129 sensum
1240 3066 1537 3129 nostrum
1576 3064 1659 3130 ad
1683 3062 1784 3129 sui
1823 3062 2024 3146 ipsius
2047 3080 2279 3148 appre-

730 3167 1110 3235 hensionem
1134 3170 1389 3249 excitat,
1409 3171 1729 3236 mediante
1757 3171 1947 3251 signo
1968 3171 2278 3252 sensibili,

733 3273 806 3339 in
830 3294 961 3358 quo
984 3282 1249 3360 apparet
1271 3279 1543 3361 angelus
1582 3298 1666 3344 ex
1691 3296 1962 3363 persona
1997 3277 2141 3355 Dei,
2171 3278 2278 3342 vel

730 3379 897 3448 Deus
928 3389 1189 3467 apparet
1214 3403 1298 3450 ex
1327 3385 1680 3451 ministerio
1705 3386 1957 3468 angeli;
1992 3390 2277 3451 mentem

728 3493 947 3555 autem
975 3497 1257 3558 nostram
1282 3511 1399 3576 per
1422 3494 1833 3578 semetipsum
1854 3494 2181 3573 informat,
2202 3497 2277 3557 ut

725 3595 941 3678 ipsum
976 3598 1189 3664 videat
1228 3604 1293 3665 et
1320 3604 1661 3682 cognoscat
1688 3619 1706 3664 ε
1734 3601 1824 3665 sic
1859 3601 1930 3665 in
1956 3599 2274 3666 locutione

726 3703 1216 3787 intelligendum
1245 3712 1362 3772 est.
1388 3705 1551 3772 Nam
1571 3709 1810 3773 locutio
1828 3707 1937 3773 illa
1953 3727 2085 3791 qua
2108 3708 2274 3773 Deus

724 3809 1013 3893 loquitur
1038 3832 1153 3896 per
1175 3815 1443 3897 signum
1471 3815 1787 3897 sensibile,
1808 3816 1943 3881 sive
1961 3816 2269 3897 exterius,

724 3918 864 3986 sive
889 3920 1161 3985 interius
1174 3970 1194 4001 ,
1224 3926 1340 3987 aut
1367 3940 1640 4005 semper,
1670 3926 1783 3987 aut
1805 3923 2172 4006 frequenter
2199 3922 2271 3986 nt

724 4043 841 4108 per
864 4026 1194 4110 angelum,
1224 4029 1389 4093 sicut
1416 4029 1566 4094 dicit
1594 4028 1939 4112 Gregorius
1963 4030 2033 4094 in
2058 4031 2272 4097 Mora-

722 4131 914 4214 libus,
944 4136 1034 4199 ait
1061 4136 1312 4202 enim¹:
1350 4159 1383 4199 α
1409 4122 1571 4202 Cum
1596 4136 1879 4220 loquitur
1897 4135 2063 4202 Deus
2084 4138 2270 4202 nobis

720 4257 837 4323 per
877 4242 1188 4324 angelum
1207 4291 1227 4323 ‚
1256 4243 1600 4326 aliquando
1646 4243 2043 4309 voluntatem
2081 4261 2267 4309 suam

720 4348 914 4414 rebus
947 4349 1222 4428 indicat,
1262 4351 1604 4434 aliquando
1637 4350 2035 4433 imaginibus
2068 4352 2268 4418 oculis

719 4456 927 4522 cordis
959 4459 1229 4524 ostensis
1249 4506 1268 4538 ,
1310 4459 1652 4542 aliquando
1695 4458 2092 4541 imaginibus
2119 4464 2267 4526 ante

717 4581 1054 4648 corporeos
1060 4565 1278 4631 oculos
1289 4584 1374 4630 ex
1387 4584 1535 4631 aere
1546 4567 1906 4651 assumptis,
1923 4567 2264 4650 aliquando

715 4671 1086 4738 substantiis
1136 4672 1518 4753 coelestibus,
1573 4673 1913 4757 aliquando
1954 4675 2222 4739 terrenis
2240 4724 2260 4757 ,

714 4777 1059 4862 aliquando
1084 4780 1281 4845 simul
1306 4780 1670 4847 coelestibus
1693 4784 1757 4845 et
1783 4780 2052 4846 terrenis
2081 4800 2100 4846 z
2134 4802 2166 4842 s
2201 4786 2264 4847 et

712 4886 792 4952 de
830 4889 1130 4954 omnibus
1170 4888 1618 4971 exemplificat.
1646 4887 1906 4954 Locutio
1938 4905 2096 4954 vero
2131 4908 2264 4972 qua

710 4992 880 5062 Deus
918 4996 1192 5081 inspirat
1228 4997 1468 5081 aliquid
1511 4996 1806 5062 cordibus
1848 4997 2079 5061 nostris
2097 5044 2114 5074 ,
2142 4997 2261 5062 etsi

706 5105 911 5186 possit
936 5106 1079 5171 fleri
1109 5124 1224 5190 per
1244 5105 1554 5187 angelum
1579 5105 1962 5170 excitantem
1992 5106 2075 5169 ab
2103 5105 2263 5171 infe-

707 5209 866 5275 riori
884 5258 905 5293 ,
931 5212 1096 5277 sicut
1120 5212 1271 5278 dicit
1304 5210 1654 5294 Gregorius
1684 5214 1708 5248 ²
1736 5211 1910 5294 quod
1948 5230 2259 5278 nonnun-

708 5333 908 5399 quam
951 5317 1118 5385 Deus
1160 5320 1464 5386 humanis
1507 5319 1802 5385 cordibus
1847 5318 1938 5384 ita
1975 5335 2093 5402 per
2135 5339 2259 5385 an-

785 5444 803 5478 ¹
827 5444 1065 5508 Gregor„
1106 5443 1290 5495 Μαι-αὶ.
1326 5444 1418 5497 lib.
1448 5446 1654 5499 xxvm
1673 5482 1691 5511 ,
1740 5459 1788 5496 c.
1821 5456 1879 5496 ιι.
1905 5469 1964 5482 -
1991 5446 2015 5481 ²
2035 5442 2168 5496 [bid.
2196 5473 2256 5485 -

1883 449 2504 538 SENTENTIARUM
2540 455 2692 522 LIB.
2736 456 2816 523 11.

2406 590 2631 673 gelum
2674 591 2992 675 loquitur,
3037 594 3114 657 ut
3159 593 3295 676 ipse
3346 594 3577 658 mentis
3618 595 3955 662 obtutibus

2406 702 2854 780 praesentetm3
2893 700 2967 763 fit
2991 702 3207 763 tamen
3233 700 3663 784 principaliter
3704 703 3786 766 ab
3813 703 3953 787 ipso

2406 804 2553 871 Deo.
2592 806 2845 871 Primus
2876 808 3083 890 igitur
3114 812 3189 872 et
3226 808 3541 873 secundus
3578 811 3814 875 modus
3853 811 3956 877 lo—

2404 914 2662 994 quendi,
2679 918 2743 979 et
2757 914 2970 996 angeli
2991 918 3106 994 est,
3134 918 3198 979 et
3213 914 3324 979 Dei
3342 937 3359 994 ;
3384 915 3491 980 sed
3510 915 3622 980 Dei
3642 921 3953 1000 tanquam

2402 1020 2795 1104 imperantiS,
2829 1023 3044 1105 angeli
3079 1040 3234 1089 vero
3271 1027 3579 1105 tanquam
3619 1042 3956 1107 exequen-

2401 1128 2482 1191 tis
2499 1176 2517 1208 ,
2561 1129 2650 1193 ita
2678 1128 2849 1212 quod
2884 1148 3094 1195 sermo
3130 1131 3500 1212 exequentis
3526 1132 3842 1197 referatur
3867 1134 3952 1198 ad

2400 1253 2740 1318 personam
2760 1237 3152 1322 imperantis».
3183 1237 3316 1302 Hoc
3338 1243 3552 1303 autem
3582 1243 3788 1323 potest
3812 1259 3950 1306 esse

2399 1342 2734 1426 dupliciter
2760 1367 2776 1410 ε
2808 1345 2912 1409 vel
2934 1363 3086 1409 cum
3110 1344 3380 1426 angelus
3397 1344 3683 1427 loquitur
3708 1346 3780 1409 in
3806 1365 3946 1429 per-

2397 1466 2556 1514 sona
2577 1450 2710 1531 Dei,
2740 1452 2904 1516 sicut
2928 1469 3076 1516 cum
3102 1451 3403 1516 formavit
3430 1451 3609 1515 illam
3630 1470 3855 1517 vocem
3873 1454 3936 1518 ⁸:

2399 1557 2524 1623 Hic
2548 1564 2645 1626 est
2670 1559 2852 1641 filius
2878 1577 3053 1627 meus
3076 1560 3389 1631 dilectus,-
3416 1561 3552 1625 sive
3578 1560 3744 1626 sicut
3773 1562 3946 1627 locu-

2394 1667 2502 1729 tus
2536 1670 2632 1731 est
2660 1667 2743 1732 ad
2785 1666 3050 1750 Moysen
3088 1669 3143 1746 ‘3
3196 1667 3299 1732 vel
3348 1685 3500 1733 cum
3544 1669 3835 1750 loquitur
3868 1675 3942 1734 ut

2396 1774 2665 1837 nuntius
2696 1773 2826 1854 Dei,
2852 1775 3177 1857 proferens
3204 1773 3362 1839 illud
3384 1775 3661 1839 verbum
3691 1777 3875 1858 quasi
3899 1795 3940 1839 a

2395 1877 2553 1959 Deo,
2587 1899 2701 1963 per
2726 1899 2921 1963 quem
2945 1881 3137 1946 etiam
3168 1881 3432 1946 modum
3461 1880 3697 1947 dicitur
3726 1882 3942 1947 Domi-

2393 2004 2519 2052 nus
2542 1986 2718 2071 loqui
2737 2007 2851 2071 per
2876 1989 3234 2071 prophetas.
3257 1986 3509 2053 Tertius
3531 2008 3690 2054 vero
3716 1992 3938 2055 modus

2392 2092 2693 2176 loquendi
2717 2098 2815 2159 est
2848 2095 3142 2179 proprius
3167 2096 3366 2178 ipsius
3391 2096 3502 2160 Dei
3542 2118 3557 2159 ε
3591 2101 3656 2160 et
3695 2098 3786 2162 ita
3809 2116 3938 2162 non

2393 2206 2598 2284 potest
2622 2203 2843 2267 eadem
2885 2222 3020 2267 esse
3059 2204 3293 2270 locutio
3324 2204 3433 2268 Dei
3462 2210 3525 2269 et
3562 2208 3804 2287 angeli,
3836 2227 3933 2273 se·

2393 2310 2682 2375 cundum
2704 2310 2891 2374 illum
2919 2312 3207 2376 modum.
3240 2311 3335 2376 Ex
3362 2312 3466 2375 his
3488 2317 3661 2396 patet
3684 2332 3934 2397 respon-

2390 2416 2486 2481 sio
2525 2418 2604 2482 ad
2635 2418 3054 2502 quaestionem
3073 2467 3090 2499 ,
3121 2423 3185 2483 et
3222 2437 3338 2502 pro
3376 2437 3615 2501 magna
3650 2426 3830 2502 parte
3854 2422 3935 2486 ad

2390 2524 2655 2606 objecta.
2722 2524 2883 2589 Nam
2932 2525 3206 2590 rationes
3254 2544 3403 2610 quae
3446 2527 3719 2609 probant
3765 2529 3936 2611 quod

2390 2630 2612 2695 eadem
2631 2632 2871 2696 locutio
2889 2633 3080 2716 possit
3093 2652 3229 2697 esse
3250 2633 3357 2697 Dei
3374 2638 3437 2698 et
3455 2634 3691 2715 angeli,
3710 2654 3936 2718 proce-

2388 2737 2550 2802 dunt
2564 2740 2915 2804 secundum
2928 2758 3080 2805 eum
3096 2741 3363 2806 modum
3375 2742 3694 2825 loquendi,
3708 2762 3936 2809 secun-

2388 2844 2548 2908 dum
2573 2863 2766 2927 quem
2790 2846 2870 2929 (a)
2910 2846 3077 2911 Deus
3103 2846 3387 2930 loquitur
3412 2867 3528 2931 per
3554 2850 3769 2930 angeli
3805 2851 3936 2914 mi-

2388 2951 2730 3016 nisterium
2760 2974 2776 3018 ε
2822 2957 2887 3018 et
2914 2958 3069 3017 tunc
3090 2954 3311 3018 eadem
3330 2957 3427 3019 est
3457 2955 3700 3020 locutio
3718 3005 3736 3036 ,
3770 2957 3936 3023 sicut

2390 3058 2611 3125 eadem
2625 3064 2720 3126 est
2735 3062 3043 3147 operatio,
3055 3065 3118 3128 et
3133 3062 3570 3146 principaliter
3587 3067 3931 3148 moventis,

2392 3171 2456 3230 et
2475 3168 2908 3250 instrumenti,
2938 3170 3236 3252 quamvis
3258 3171 3341 3235 sit
3365 3171 3455 3235 ibi
3490 3172 3750 3238 diversa
3769 3174 3935 3239 rela-

2384 3274 2474 3341 tio
2509 3297 2526 3341 :
2568 3281 2633 3342 et
2663 3295 2886 3342 omnes
2920 3277 3049 3342 illae
3089 3278 3363 3343 rationes
3402 3279 3525 3344 hac
3562 3281 3674 3344 via
3715 3300 3940 3365 proce-

2384 3380 2565 3460 dunt,
2592 3387 2666 3447 ut
2689 3388 2861 3468 patet
2891 3405 2906 3449 ε
2936 3388 3001 3449 et
3024 3385 3114 3448 ita
3139 3386 3557 3451 concedendae
3587 3393 3765 3452 sunt.

2463 3495 2494 3554 1
2507 3536 2523 3554 .
2555 3492 2652 3556 Ad
2679 3492 2838 3557 illud
2873 3510 3029 3558 vero
3052 3494 3225 3576 quod
3251 3493 3551 3575 objicitur
3579 3494 3652 3558 in
3679 3500 3938 3561 contra-

2380 3596 2578 3676 rium,
2595 3600 2768 3681 quod
2790 3598 3188 3665 diversarum
3207 3600 3720 3666 substantiarum
3737 3623 3936 3685 agen·

2380 3704 2548 3769 tium
2601 3705 2835 3772 diversi
2889 3710 3043 3773 sunt
3098 3712 3312 3788 actus;
3364 3708 3715 3775 dicendum
3758 3712 3934 3794 quod
3981 3729 3988 3734 ·

2379 3810 2535 3876 illud
2561 3812 2942 3895 intelligitur
2960 3814 3039 3879 de
3060 3818 3210 3880 actu
3231 3814 3443 3898 primo
3465 3817 3530 3879 et
3556 3815 3930 3881 immediato

2379 3924 2670 4002 respectu
2683 3921 2939 3988 virtutis
2958 3923 3230 4004 agentis.
3247 3921 3314 3987 Si
3334 3924 3506 3987 enim
3523 3923 3928 4005 intelligatur

2378 4026 2458 4092 de
2483 4045 2674 4111 opere
2712 4033 2970 4112 operato
2987 4078 3006 4110 ,
3047 4030 3140 4094 sic
3186 4048 3318 4096 non
3350 4029 3547 4093 habet
3589 4031 3926 4098 veritatem

2377 4133 2752 4217 simpliciter
2770 4185 2789 4217 ,
2831 4137 3111 4202 maxime
3145 4137 3402 4220 quando
3438 4136 3627 4219 plura
3661 4139 3926 4219 agentia

2376 4244 2527 4304 nata
2550 4247 2702 4306 sunt
2730 4260 3109 4308 concurrere
3133 4244 3215 4308 ad
3240 4261 3450 4308 unum
3478 4242 3782 4307 effectum
3812 4265 3830 4308 ε
3857 4247 3924 4308 et

2376 4347 2471 4412 sic
2495 4354 2591 4413 est
2625 4349 2696 4413 in
2733 4350 3090 4433 proposito;
3121 4368 3275 4415 nam
3315 4349 3554 4414 locutio
3591 4350 3807 4431 angeli
3831 4349 3926 4414 sic

2374 4458 2473 4521 est
2492 4457 2573 4520 ab
2597 4457 2860 4539 angelo,
2889 4462 3122 4523 utnon
3145 4457 3475 4538 excludat,
3504 4457 3616 4522 sed
3641 4457 3921 4524 includat

2374 4564 2807 4646 operationem
2845 4564 2958 4630 Dei
2993 4587 3011 4632 :
3039 4566 3206 4630 actio
3234 4569 3450 4630 tamen
3484 4564 3616 4644 Dei,
3649 4583 3796 4649 quae
3824 4570 3918 4629 est

2373 4671 2543 4736 idem
2568 4673 2741 4755 quod
2762 4672 2897 4756 ipse
2924 4671 3111 4754 Deus,
3143 4691 3274 4737 non
3302 4676 3508 4756 potest
3528 4691 3666 4736 esse
3694 4673 3917 4737 eadem
4029 4701 4040 4710 ·

2373 4797 2524 4845 cum
2549 4780 2869 4846 locutione
2911 4781 3128 4863 angeli
3158 4802 3174 4844 ι
3212 4780 3324 4845 sed
3358 4780 3546 4845 istius
3581 4780 3914 4846 locutionis

2371 4886 2656 4965 effectus,
2682 4892 2746 4952 et
2775 4886 2906 4966 Dei,
2933 4891 2997 4953 et
3020 4888 3236 4970 angeli
3259 4906 3396 4953 esse
3422 4892 3650 4973 potest.

2449 5000 2512 5061 2.
2553 4995 2652 5060 Ad
2687 4996 2846 5062 illud
2888 4997 3059 5080 quod
3099 4996 3395 5078 objicitur
3416 5045 3434 5077 ,
3466 4997 3638 5079 quod
3671 4996 3910 5060 locutio

2370 5101 2480 5168 Dei
2504 5120 2637 5168 non
2664 5107 2759 5169 est
2782 5102 2956 5168 aliud
2978 5122 3173 5187 quam
3211 5103 3485 5168 verbum
3521 5103 3662 5183 Dei;
3692 5103 3910 5168 dicen-

2369 5211 2525 5275 dum
2550 5211 2744 5294 quod,
2771 5212 2936 5276 sicut
2958 5211 3135 5294 prius
3150 5211 3395 5276 dictum
3416 5215 3536 5291 est,
3558 5212 3714 5275 sicut
3731 5210 3912 5293 loqui

2366 5370 2605 5434 usuali„
2635 5383 2737 5437 111,
2769 5375 2860 5436 ¹⁷3
2889 5373 3026 5437 Luc„
3055 5383 3153 5438 111,
3176 5373 3255 5424 22.
3284 5398 3339 5407 -
3368 5370 3591 5437 meod„
3615 5382 3821 5436 xxxin,
3854 5376 3906 5423 ιι

2368 5449 2547 5508 etseq.
2578 5470 2640 5484 —
2663 5445 2727 5510 (a)
2757 5445 2841 5498 Al.
2865 5445 3020 5512 quod.
