4125 6225
708 429 826 491 442

705 556 898 623 bandi
925 574 946 621 t
969 558 1266 625 scribitur
1293 561 1467 625 enim
1501 561 1573 629 in
1604 560 1828 641 Tabia,
1864 564 1927 627 et
1956 565 2051 626 est
2090 580 2243 627 ver-

707 665 865 729 bum
896 664 1229 749 Raphaelis
1252 668 1464 748 angeli
1489 675 1507 711 ¹
1540 690 1555 734 ε
1592 668 1871 737 Videbar
1899 669 2075 735 vobis
2093 670 2246 752 qui-

707 771 850 838 dem
868 772 1185 840 comedere
1201 778 1260 841 et
1276 774 1510 845 bibere.·
1529 791 1639 858 eqo
1664 791 1807 843 vero
1828 776 1965 843 cibo
1993 782 2052 842 et
2087 782 2245 858 potu

708 879 1035 946 invisibili
1070 887 1232 947 utor.
1271 881 1443 963 Ergo
1479 900 1611 947 non
1638 900 1791 949 vere
1830 883 2104 964 angelus
2143 901 2245 947 co-

709 987 999 1053 medebat
1049 988 1268 1053 cibum
1300 989 1723 1072 corporalem,
1762 988 1879 1054 etsi
1917 990 2247 1055 videretur

710 1096 1058 1162 comedere.

786 1203 970 1281 Item,
1003 1203 1392 1287 ubicumque
1430 1208 1525 1270 est
1548 1222 1702 1273 vera
1741 1204 1993 1282 cibatio,
2027 1204 2118 1270 ibi
2152 1210 2247 1270 est

709 1312 1013 1395 deperditi
1047 1314 1465 1379 restauratio:
1497 1315 1606 1379 sed
1633 1315 1706 1379 in
1739 1315 2111 1397 corporibus
2136 1333 2245 1379 as-

708 1420 978 1502 sumptis
1001 1421 1082 1484 ab
1108 1421 1354 1503 angelis
1380 1421 1562 1486 nulla
1594 1422 1668 1485 fit
1696 1421 2067 1504 deperditiO,
2092 1421 2247 1505 quia

708 1545 841 1591 non
870 1530 964 1591 est
989 1527 1079 1591 ibi
1105 1528 1330 1592 caloris
1347 1528 1749 1612 consumptio
1781 1547 1799 1592 ι
1831 1546 2010 1610 ergo,
2041 1533 2161 1593 etc.

791 1631 969 1710 Item,
997 1634 1109 1698 ubi
1135 1638 1229 1699 est
1252 1652 1407 1700 vera
1424 1636 1677 1713 cibatiO,
1708 1635 1794 1699 ibi
1822 1640 1915 1700 est
1933 1636 2247 1719 separatio

708 1743 856 1824 puri
882 1743 963 1807 ab
983 1743 1240 1827 impuro
1267 1766 1282 1808 ε
1311 1744 1432 1808 hoc
1459 1748 1674 1809 autem
1712 1763 1846 1809 non
1879 1745 2031 1809 facit
2050 1764 2250 1827 ange-

707 1850 810 1915 lus
835 1851 1059 1916 beatus
1092 1851 1163 1915 in
1204 1840 1466 1933 corpore
1505 1857 1831 1935 assumpto
1864 1873 1881 1917 z
1914 1871 2094 1935 erga,
2122 1858 2240 1919 etc.

790 1956 971 2035 Item,
999 1958 1172 2041 quod
1194 1960 1363 2024 malo
1389 1959 1618 2041 angelo
1644 1977 1771 2024 non
1791 1965 2107 2045 competat
2131 1981 2249 2045 ge-

708 2065 976 2144 nerati0,
1018 2066 1271 2131 videtur
1307 2088 1322 2132 :
1355 2067 1506 2149 quia
1526 2067 1854 2149 generatio
1889 2073 1986 2133 est
2023 2068 2249 2134 similis

710 2171 781 2234 in
798 2171 1005 2253 specie
1036 2194 1051 2235 ε
1079 2173 1189 2237 sed
1216 2173 1468 2239 daemon
1496 2193 1827 2240 assumens
1851 2195 2082 2258 corpus
2115 2194 2249 2241 non

711 2278 1097 2344 assimilatur
1124 2280 1393 2359 homini,
1423 2282 1532 2346 sed
1566 2283 1843 2346 daemoni
1873 2304 1889 2347 ε
1920 2300 2078 2365 ergo
2113 2302 2248 2349 non

710 2390 975 2467 generat
1010 2386 1367 2465 hominem;
1396 2389 1527 2467 sed,
1553 2389 1610 2452 si
1647 2394 1936 2471 generat,
1982 2396 2250 2472 generat

711 2493 1070 2557 daemonem
1089 2512 1106 2557 ε
1123 2494 1292 2576 quod
1308 2499 1624 2577 patetesse
1641 2496 1902 2561 falsum:
1922 2503 2244 2579 ergo,·etc.

792 2597 975 2676 Item,
1006 2599 1085 2664 ad
1112 2601 1232 2665 boc
1258 2602 1430 2684 quod
1461 2603 1570 2667 fiat
1598 2605 1926 2685 generatio
1943 2654 1960 2685 ,
1992 2623 2249 2671 necesse

710 2711 827 2787 est,
855 2709 1203 2773 secundum
1237 2710 1514 2774 medicos
1531 2759 1549 2791 ,
1575 2712 1748 2794 quod
1775 2718 2108 2777 concurrat
2134 2715 2250 2778 tri-

712 2813 856 2897 plex
885 2815 1165 2897 spiritus,
1195 2817 1527 2896 naturaliS,
1561 2818 1792 2898 vitaliS,
1823 2824 1886 2884 et
1912 2821 2243 2902 animalis3

712 2921 1064 2985 secundum
1089 2920 1567 3006 Philosophum,
1597 2925 1828 3008 triplex
1854 2927 2044 3007 calor,
2077 2929 2249 2995 vide-

711 3027 856 3092 licet
890 3029 1059 3094 calor
1099 3029 1334 3095 animae
1353 3079 1371 3111 ‚
1403 3031 1572 3096 calor
1602 3033 1765 3112 coeli,
1799 3037 1864 3099 et
1903 3035 2075 3099 calor
2113 3038 2248 3102 ele-

713 3138 947 3201 menti:
979 3157 1138 3220 ergo
1165 3157 1313 3203 cum
1338 3140 1617 3221 daemon,
1641 3161 1760 3208 nec
1783 3143 2082 3226 spiritum
2112 3147 2250 3211 ani-

712 3246 935 3311 malem
959 3295 978 3327 ,
1012 3266 1131 3311 nec
1159 3247 1434 3312 calorem
1480 3249 1823 3313 animalem
1869 3251 1937 3314 in
1985 3271 2248 3337 corpore

711 3359 1037 3437 assumpto
1065 3355 1260 3438 possit
1284 3355 1516 3420 habere
1538 3404 1557 3436 ,
1587 3357 1841 3424 videtur
1865 3360 2037 3441 quod
2067 3361 2249 3426 nullo

711 3462 899 3526 modo
923 3462 1119 3544 possit
1144 3480 1475 3543 generare.

792 3569 950 3633 Item
996 3588 1304 3652 generare
1348 3590 1479 3637 non
1533 3577 1625 3638 est
1669 3578 1846 3639 actus
1892 3575 2128 3640 animae
2186 3580 2249 3640 et

712 3677 1027 3758 corporis,
1059 3678 1167 3742 sed
1197 3678 1519 3762 conjuncti
1564 3697 1582 3744 ε
1614 3683 1723 3746 sed
1759 3701 1843 3747 ex
1868 3683 2160 3750 daemone
2185 3686 2251 3748 et

712 3801 973 3866 corpore
1007 3803 1140 3850 non
1175 3787 1248 3850 fit
1283 3805 1489 3851 unum
1523 3811 1537 3851 ε
1570 3805 1727 3869 ergo
1753 3807 2091 3873 nunquam
2128 3809 2245 3874 po-

711 3893 833 3955 test
854 3910 970 3976 per
993 3911 1226 3978 corpus
1249 3894 1424 3959 exire
1451 3895 1521 3959 in
1545 3900 1760 3961 actum
1789 3899 2164 3979 generandi.

1246 4152 1695 4221 CONCLUSIO.

711 4324 952 4396 Angelus
978 4325 1041 4379 in
1065 4339 1281 4396 corpore
1311 4329 1579 4398 assumpto
1606 4341 1701 4383 nec
1725 4328 2037 4396 naturales,
2080 4344 2248 4399 neque

779 4414 978 4470 vitales
995 4416 1329 4486 operationes
1353 4419 1577 4484 arev-cet,
1607 4431 1723 4472 cum
1752 4420 2124 4487 generativam
2150 4435 2245 4476 ne-

781 4520 882 4575 que
918 4507 1278 4574 veqetativam
1316 4503 1512 4560 habeat
1550 4508 1842 4573 virtutem,
1892 4507 2016 4564 licet
2058 4510 2246 4581 aliquo

781 4595 937 4650 modo
976 4597 1049 4650 iis
1075 4595 1363 4662 conformes
1405 4596 1458 4649 et
1491 4595 1812 4668 semiplenas
1851 4597 2050 4654 habeat
2085 4601 2246 4668 fitne-

786 4685 973 4739 tiones.

790 4864 977 4946 Resp.
1032 4863 1114 4928 ad
1166 4864 1329 4946 Arg.
1376 4863 1722 4929 Dicendum
1765 4866 1937 4949 quod
1987 4866 2250 4950 spiritus

711 4969 1040 5052 angelicus
1061 5019 1078 5050 ,
1107 4970 1241 5036 sive
1276 4971 1518 5048 bonus,
1548 4970 1681 5035 sive
1721 4972 1929 5035 malus
1953 5021 1972 5052 ,
2002 4973 2071 5037 in
2107 4991 2249 5038 cor-

711 5098 864 5162 pore
877 5084 1202 5163 assumpto
1220 5098 1347 5145 non
1363 5080 1554 5143 babet
1570 5080 1998 5161 operationem
2012 5082 2249 5146 animae

711 5187 1115 5269 vegetativae,
1136 5206 1253 5252 nec
1271 5192 1584 5270 quantum
1604 5186 1684 5251 ad
1710 5188 2113 5268 afflationem,
2135 5209 2253 5255 nec

711 5298 1026 5375 quantum
1050 5293 1131 5357 ad
1155 5293 1630 5375 generationem
1648 5343 1667 5374 ,
1697 5294 1855 5377 quia
1890 5313 2022 5360 non
2061 5297 2255 5361 habet

782 5415 1056 5483 ¹Tob.,xn,
1083 5420 1224 5468 ¹⁰.-
1244 5417 1553 5472 tconsentit
1586 5419 1728 5473 Scot.
1760 5419 1876 5471 dist.
1905 5421 2168 5487 praesenti.
2187 5448 2253 5464 -

1851 424 2475 492 SENTENTIARUM
2506 424 2655 491 un.
2694 425 2776 491 11.

2352 561 2490 628 vim
2531 559 2907 626 nutritivam
2929 608 2949 640 ,
2999 575 3118 624 nec
3159 559 3351 624 habet
3388 558 3526 623 vim
3569 559 3875 638 generati-

2355 687 2544 747 vam;
2568 667 2761 733 habet
2785 671 3002 732 tamen
3032 667 3247 750 aliquo
3277 666 3471 731 modo
3495 665 3880 747 operationes

2355 777 2457 842 his
2477 778 2854 853 conformes,
2882 776 3026 840 licet
3042 794 3175 841 non
3192 775 3376 858 plene
3391 778 3415 812 ²
3432 794 3452 838 t
3471 777 3537 839 et
3553 773 3672 837 hoc
3695 778 3878 855 patet,

2354 886 2410 950 si
2436 885 2803 951 attendatur
2830 888 3059 949 natura
3085 882 3415 947 cibationis
3440 887 3506 946 et
3530 882 3883 962 generatio-

2352 993 2475 1057 nis.
2520 992 2594 1056 In
2631 992 2943 1057 cibatione
2975 991 3149 1055 enim
3185 994 3281 1054 oet
3315 989 3439 1053 cibi
3490 987 3793 1070 sumptio,
3820 993 3885 1053 et

2354 1100 2782 1183 consumptio;
2816 1103 2911 1164 est
2954 1097 3375 1163 nihilominus
3421 1095 3749 1161 conversio
3764 1143 3782 1174 ,
3821 1100 3887 1160 et

2354 1208 2551 1272 unio:
2578 1211 2641 1272 et
2663 1211 2983 1290 quantum
3004 1206 3086 1271 ad
3112 1206 3421 1290 primum,
3448 1203 3747 1286 competit
3764 1221 3886 1267 an-

2354 1314 2500 1396 gelo
2524 1315 2595 1378 in
2636 1331 2900 1397 corpore
2943 1316 3267 1394 assumpto
3312 1310 3543 1374 cibatio
3563 1359 3582 1389 ,
3611 1309 3746 1374 sive
3779 1327 3885 1374 co-

2355 1422 2601 1502 mestio,
2621 1440 2756 1487 non
2782 1420 3093 1500 simulate,
3130 1419 3241 1484 sed
3265 1436 3416 1484 vere
3437 1465 3456 1497 ,
3486 1416 3642 1500 quia
3673 1417 3883 1481 cibum

2355 1529 2474 1595 sibi
2501 1529 2863 1613 appositum
2887 1546 3039 1593 vere
3067 1528 3337 1590 sumunt
3366 1527 3433 1588 et
3457 1527 3878 1602 consumunt;

2354 1640 2801 1704 verumtamen
2837 1635 3017 1700 cibus
3060 1636 3422 1716 assumptus
3456 1649 3684 1696 eorum
3718 1630 3885 1695 indi-

2356 1745 2647 1828 gentiam
2661 1794 2681 1826 ,
2709 1744 2816 1809 vel
2840 1741 3335 1826 deperditionem
3352 1788 3370 1818 ,
3394 1758 3528 1804 non
3550 1742 3883 1816 restaurat,

2358 1854 2509 1938 quia
2533 1852 2675 1917 talis
2707 1851 2933 1915 cibatio
2970 1868 3055 1913 ex
3089 1847 3369 1930 potentia
3389 1894 3407 1923 ,
3434 1864 3566 1910 non
3606 1864 3690 1909 ex
3728 1846 3887 1909 indi-

2356 1960 2574 2042 gentia
2597 1964 2692 2024 est
2721 1959 2791 2023 in
2828 1956 3075 2039 angelis
3095 1975 3112 2035 ;
3142 1955 3243 2019 bis
3268 1971 3424 2021 vero
3448 1953 3561 2036 qui
3584 1957 3886 2035 vegetan-

2356 2072 2497 2146 tur,
2550 2085 2685 2132 non
2744 2070 2998 2131 tantum
3049 2067 3146 2127 est
3189 2062 3469 2145 potentia
3487 2111 3506 2139 ,
3544 2062 3655 2124 sed
3703 2061 3888 2125 etiam

2356 2176 2732 2257 indigentia.
2778 2172 2857 2238 Et
2894 2173 3017 2237 boc
3051 2175 3149 2239 est
3191 2169 3365 2252 quod
3402 2169 3553 2233 dicit
3581 2169 3886 2250 Augusti-

2356 2302 2481 2348 nus
2497 2284 2545 2361 ⁸,
2565 2283 2739 2366 quod
2765 2281 2931 2346 sicut
2955 2279 3137 2344 aliter
3152 2277 3445 2343 absorbet
3466 2295 3707 2359 aquam
3724 2281 3887 2341 terra

2356 2390 2574 2455 sitiens
2590 2439 2610 2470 ,
2649 2389 2834 2455 aliter
2876 2387 3094 2452 radius
3137 2384 3503 2450 calefaciens
3521 2431 3539 2463 ,
3582 2383 3675 2449 sic
3716 2383 3888 2448 aliter

2358 2498 2657 2580 competit
2684 2496 2912 2561 cibatio
2941 2494 3219 2573 homini,
3249 2492 3431 2557 aliter
3454 2491 3756 2574 competit
3778 2510 3887 2556 an-

2357 2604 2527 2687 gelo,
2557 2604 2692 2670 sive
2718 2604 2898 2669 aliter
2924 2601 3172 2667 homini
3198 2599 3451 2676 viatori,
3480 2599 3665 2663 aliter
3686 2600 3884 2664 beato.

2358 2711 2477 2776 Per
2507 2711 2683 2775 hunc
2709 2709 2901 2775 etiam
2936 2707 3224 2783 modum,
3265 2705 3431 2769 circa
3455 2709 3671 2769 actum
3698 2724 3889 2788 gene-

2358 2819 2623 2883 rationis
2646 2818 2716 2881 in
2741 2816 2958 2899 aliquo
2988 2815 3423 2879 conformatur
3440 2812 3701 2894 spiritus
3724 2832 3889 2878 assu-

2356 2944 2542 2991 mens
2578 2940 2810 3007 corpus
2832 2972 2850 3002 ,
2879 2924 2950 2987 in
2974 2921 3189 3005 aliquo
3227 2938 3383 2987 vero
3422 2938 3560 2984 non
3590 2940 3609 2983 t
3639 2938 3791 2984 nam
3823 2921 3887 2984 in

2357 3038 2502 3099 actu
2532 3032 2962 3117 generationis
2982 3080 3002 3109 ,
3032 3035 3095 3095 et
3120 3034 3213 3096 est
3240 3029 3499 3094 seminis
3536 3030 3890 3095 constitutio

2358 3143 2714 3208 secundum
2740 3158 2995 3220 nervos,
3029 3144 3094 3204 et
3117 3139 3407 3217 virtute8‚
3441 3141 3506 3200 et
3529 3137 3890 3202 calorestali

2356 3250 2586 3334 speciei
2629 3252 3053 3333 competentes
3071 3296 3090 3328 ,
3118 3249 3182 3310 et
3205 3249 3302 3310 est
3338 3244 3601 3310 seminis
3639 3245 3729 3309 sic
3752 3263 3889 3328 per-

2355 3357 2500 3422 fecti
2532 3356 2873 3420 transfusio
2894 3403 2912 3435 ,
2952 3357 3017 3418 et
3064 3351 3376 3434 susceptio
3420 3373 3435 3415 :
3485 3351 3771 3433 primum
3802 3357 3890 3416 est

2355 3463 2550 3528 solius
2577 3462 2747 3526 illius
2766 3509 2785 3541 ,
2816 3461 2920 3527 cui
2945 3460 3109 3526 Deus
3147 3458 3316 3524 dedit
3354 3459 3490 3522 vim
3530 3460 3888 3542 propagati-

2354 3589 2507 3635 vam
2529 3618 2547 3650 ,
2578 3573 2642 3633 et
2666 3569 2788 3633 hoc
2812 3568 2992 3633 nullo
3020 3566 3209 3631 modo
3247 3566 3549 3649 competit
3582 3566 3890 3632 daemoni-

2354 3679 2477 3742 bus
2502 3675 2973 3742 assumentibus
3006 3692 3268 3756 corpus;
3301 3673 3662 3739 secundum
3704 3691 3853 3739 vero
3867 3721 3886 3752 ,

2353 3785 2590 3850 scilicet
2612 3783 2869 3849 seminis
2894 3782 3206 3865 susceptio
3220 3829 3238 3861 ,
3274 3785 3339 3845 et
3371 3780 3715 3847 transfusio
3730 3830 3749 3861 ,
3780 3799 3889 3864 po-

2352 3906 2474 3966 test
2489 3902 2580 3965 eis
2594 3901 2950 3981 competere
2968 3897 2990 3933 ⁸
3018 3920 3033 3961 ε
3052 3897 3260 3980 primo
3272 3896 3448 3960 enim
3467 3897 3891 3961 succumbunt

2353 4008 2511 4074 viris
2535 4009 2606 4072 in
2638 4006 2846 4090 specie
2871 4003 3180 4082 mulieris,
3204 4008 3269 4068 et
3293 4022 3375 4068 ex
3399 4004 3491 4068 eis
3522 4021 3743 4068 semen
3766 4003 3893 4086 pol·

2351 4116 2614 4180 tutionis
2653 4113 3046 4195 suscipiunt,
3103 4115 3165 4175 et
3217 4110 3495 4194 quadam
3554 4111 3893 4192 sagacitate

2352 4225 2565 4308 ipsum
2594 4222 2664 4286 in
2690 4240 2808 4286 sua
2834 4220 3071 4284 virtute
3098 4217 3480 4297 custodiunt,
3516 4221 3581 4282 et
3612 4222 3889 4300 postmo-

2353 4331 2511 4396 dum
2528 4380 2546 4410 ,
2589 4329 2716 4394 Deo
2756 4327 3187 4411 permittente,
3216 4325 3388 4389 flunt
3426 4325 3683 4403 incubi,
3720 4329 3789 4390 et
3822 4325 3891 4387 in

2354 4457 2508 4504 vasa
2535 4436 2881 4500 mulierum
2907 4432 3378 4510 transfundunt,
3412 4448 3495 4493 ex
3530 4448 3659 4513 qua
3688 4436 3890 4495 trans-

2353 4545 2599 4610 fusione
2620 4542 2915 4607 homines
2940 4537 3237 4622 generari
3265 4539 3552 4620 possunt.
3578 4536 3687 4601 His
3709 4536 3883 4613 visis,

2351 4652 2530 4717 facile
2568 4648 2984 4732 respondetur
3030 4644 3108 4708 ad
3147 4643 3567 4726 quaestionem
3604 4644 3887 4727 proposi-

2350 4763 2508 4837 tam,
2539 4758 2705 4823 etad
2732 4755 3135 4838 argumenta.

2436 4873 2495 4947 1,
2515 4871 2554 4930 2
2581 4870 2644 4930 et
2671 4870 2730 4929 3.
2763 4862 2862 4928 Ad
2884 4859 3323 4944 quaestionem,
3343 4855 3498 4939 quia
3525 4856 3885 4940 simpliciter

2355 4961 2723 5039 conceditur
2756 4969 2929 5054 quod
2961 4986 3090 5032 non
3115 4965 3355 5030 habent
3375 4982 3571 5046 opera
3590 4965 3883 5047 potentiae

2356 5080 2747 5164 generativae
2783 5082 2847 5142 et
2877 5074 3259 5157 vegetativae
3278 5121 3294 5150 ‚
3325 5090 3475 5154 quae
3509 5077 3659 5136 sunt
3682 5090 3883 5153 gene-

2356 5206 2500 5253 rare
2534 5192 2597 5251 et
2630 5185 2934 5251 alimento
2968 5181 3065 5246 uti
3083 5228 3102 5260 ,
3135 5179 3299 5243 sicut
3334 5179 3673 5244 ostendunt
3692 5178 3888 5242 ratio—

2357 5350 2531 5414 ⁸Aug.,
2558 5348 2628 5399 ad
2653 5348 2913 5412 Deoqral„
2940 5343 3089 5408 epist.
3121 5351 3280 5404 mx,
3313 5339 3381 5389 al.
3409 5352 3510 5403 cn,
3536 5354 3587 5404 q.
3612 5352 3662 5403 1,
3679 5353 3736 5390 n.
3756 5341 3807 5393 6.
3825 5362 3887 5376 -

2359 5420 2381 5456 ⁸
2399 5421 2496 5485 ld„
2522 5419 2583 5472 de
2610 5419 2765 5472 civit.
2798 5418 2926 5479 Dei,
2950 5414 3039 5470 lib.
3064 5412 3174 5476 xV,
3197 5424 3244 5463 c·
3264 5421 3418 5474 xxm,
3436 5424 3494 5462 n.
3516 5415 3564 5462 2.
