4125 6225
752 415 869 483 384

835 557 895 618 3.
942 553 1040 618 Ad
1082 553 1238 619 illud
1263 554 1433 637 quod
1470 554 1769 636 objicitur
1803 554 1882 618 de
1916 553 2287 618 hominibus

751 660 935 725 malis
973 665 1114 743 post
1158 667 1430 725 mortem
1448 709 1465 738 ,
1514 665 1673 740 etc.;
1715 661 2058 726 dicendum
2112 660 2285 744 quod

750 784 883 830 non
932 774 1028 830 est
1075 769 1279 832 simile
1322 769 1618 846 omnino,
1668 770 1779 834 sed
1818 769 2029 833 solum
2075 768 2284 850 quoad

750 879 986 939 statum
1013 876 1515 959 impoenitentiae,
1542 895 1674 940 non
1692 877 1899 959 quoad
1917 881 2152 941 statum
2175 876 2288 940 de-

752 981 964 1045 meriti
1006 982 1111 1047 vel
1147 984 1433 1047 exercitii
1447 1031 1465 1061 ,
1509 985 1675 1047 sicut
1704 984 1873 1048 infra
1910 984 2141 1049 melius
2167 1002 2286 1066 pa-

752 1088 905 1151 tebit
937 1111 951 1153 :
988 1090 1202 1154 anima
1226 1091 1399 1155 enim
1431 1108 1561 1155 non
1589 1095 1685 1155 est
1719 1090 2019 1174 deputata
2043 1092 2125 1156 ad
2151 1092 2286 1159 mi-

751 1196 1152 1262 nistrandum
1169 1247 1188 1278 ,
1222 1199 1384 1264 sicut
1408 1200 1702 1281 angeluS.

832 1308 892 1366 4.
935 1304 1033 1386 Ad
1070 1306 1231 1370 illud
1272 1307 1445 1390 quod
1487 1308 1782 1390 objicitur
1820 1307 2080 1388 ultimo,
2113 1308 2287 1391 quod

753 1411 918 1476 Deus
944 1413 1521 1478 immisericorditer
1540 1433 1688 1478 cum
1704 1415 1989 1492 homine,
2014 1420 2162 1495 etc.;
2187 1416 2285 1479 di-

754 1519 1025 1583 cendum
1043 1521 1212 1602 quod
1242 1539 1397 1599 non,
1420 1521 1551 1584 imo
1572 1522 2015 1589 misericordia
2037 1539 2287 1605 supere-

754 1627 966 1693 oealtat
991 1625 1314 1706 judicium
1346 1629 1392 1704 ¹,
1432 1627 1585 1709 quia
1613 1634 1831 1694 contra
1852 1631 2137 1694 fomitem
2182 1631 2289 1695 dat

756 1730 1090 1795 scintillam
1120 1734 1549 1814 conscientiae3
1580 1740 1800 1800 contra
1833 1737 2157 1801 daemones
2184 1737 2291 1802 dat

754 1839 1001 1903 bonum
1017 1841 1323 1921 angelum
1340 1861 1356 1920 ;
1379 1845 1442 1904 et
1454 1860 1647 1924 supra
1665 1842 1788 1906 hoc
1805 1842 1912 1906 dat
1928 1862 2116 1907 suam
2135 1862 2290 1925 gra-

636 2018 644 2026 ‚
756 1947 943 2044 tiam,
970 1953 1033 2010 et
1074 1946 1381 2029 Spiritum
1411 1953 1701 2012 sanctum
1729 1968 1921 2013 suum
1950 1951 2063 2032 qui
2090 1952 2291 2015 vincit

535 3577 605 3620 Ad
638 3589 741 3634 opp.

758 2051 1014 2119 omnem
1054 2060 1423 2137 potestatem
1457 2078 1472 2119 :
1504 2057 1657 2138 quia
1688 2074 1885 2140 neque
1920 2075 2126 2137 merc,
2169 2077 2289 2126 ne-

758 2180 876 2245 que
903 2165 1077 2242 vita,
1106 2179 1300 2244 neque
1319 2165 1758 2245 principatus,
1791 2183 1987 2249 neque
2006 2174 2287 2249 potesta-

762 2279 877 2350 τρε,
893 2278 1161 2354 possunt
1177 2288 1477 2353 separare
1499 2290 1541 2339 a
1558 2272 1870 2342 charitate
1895 2276 2014 2341 Dei
2037 2282 2060 2315 ²
2077 2297 2099 2336 .-
2118 2276 2291 2341 unde

760 2377 865 2441 ille
878 2395 1059 2441 amor
1072 2382 1165 2441 est
1184 2377 1283 2459 adj
1290 2380 1580 2443 utorium
1598 2381 1950 2462 praevalens
1968 2382 2288 2462 omnibuS,

761 2490 825 2549 et
850 2485 1065 2549 omnia
1104 2486 1387 2550 vincens,
1429 2485 1690 2569 Propter
1718 2488 1867 2569 hoc,
1907 2494 1980 2554 ut
2017 2490 2294 2553 habeant

763 2594 1136 2657 exercitium
1153 2643 1171 2674 ,
1207 2594 1360 2676 quia
1389 2597 1602 2662 virtus
1628 2597 1703 2662 in
1732 2597 2117 2677 infirmitate
2137 2614 2294 2680 per-

763 2699 986 2779 ficitur
1009 2699 1061 2779 ⁸,
1104 2700 1210 2763 dat
1235 2700 1399 2765 Deus
1435 2702 1568 2766 suis
1594 2705 1824 2768 sanctis
1851 2705 2163 2788 Anqelum
2184 2721 2295 2770 sa-

765 2812 933 2873 tanoe
956 2810 1071 2890 qui
1096 2823 1198 2874 eos
1223 2809 1574 2891 colaphizet
1600 2816 1622 2851 ⁸
1638 2859 1655 2890 ,
1684 2811 1847 2877 sicut
1873 2812 2290 2897 colaphizavit

766 2912 1058 2980 Paulum.

1283 3135 1637 3214 QUAESTIO
1699 3137 1776 3201 11.

793 3287 887 3343 An
912 3285 1193 3357 (immanes,
1220 3288 1535 3362 ubicumque
1558 3292 1671 3345 sini
1683 3331 1701 3360 ,
1729 3290 1998 3359 infernali
2024 3255 2270 3349 cruciatu

1355 3381 1655 3436 πείθηται·
1670 3378 1713 3437 ⁵.

849 3557 1076 3625 Utrum
1103 3560 1444 3625 ceciderint
1464 3563 1533 3626 in
1553 3562 1859 3628 infernale
1883 3564 2295 3647 supplicium,

770 3672 991 3731 utrum
1029 3667 1263 3733 scilicet
1289 3670 1659 3735 crucientur
1696 3671 2090 3753 ubicumque
2134 3672 2293 3752 sint;

771 3778 834 3837 et
874 3774 1046 3856 quod
1080 3775 1169 3839 sic
1185 3823 1203 3852 ‚
1246 3775 1470 3858 Gloss.,
1516 3795 1708 3862 super
1749 3779 1903 3843 illud
1931 3786 1953 3820 ⁶
1991 3798 2008 3843 ε
2037 3782 2296 3862 Linqua

771 3881 1178 3962 inflammata
1217 3900 1260 3949 a
1293 3884 1611 3967 qehenna,
1642 3886 1730 3949 ait
1758 3905 1775 3949 ε
1820 3910 1851 3946 α
1878 3884 2180 3950 Gehenna
2206 3891 2301 3951 est

770 3989 1080 4069 diabolus,
1101 3995 1358 4074 propter
1378 3994 1756 4075 quemfacta
1783 3996 1897 4058 est.
1926 3992 2103 4058 Sicut
2123 3994 2298 4058 enim

770 4097 1065 4177 gehenna
1078 4115 1327 4181 semper
1340 4100 1540 4179 ardet,
1561 4100 1651 4164 sic
1668 4100 1980 4181 diabolus,
2001 4099 2300 4163 ubicum-

769 4225 895 4290 que
921 4207 1029 4288 sit,
1072 4207 1176 4275 vel
1202 4208 1274 4273 in
1303 4228 1447 4275 aere
1461 4258 1480 4289 ,
1517 4210 1621 4274 vel
1647 4211 1767 4275 sub
1807 4214 2006 4290 terra,
2050 4227 2302 4292 semper

768 4315 889 4380 fert
915 4334 1130 4380 secum
1158 4320 1474 4382 tormenta
1494 4319 1927 4384 flammarum.
1956 4341 1988 4378 »

847 4426 909 4486 2.
941 4422 1098 4488 Item
1145 4424 1266 4488 hoc
1305 4425 1561 4491 videtur
1610 4428 1854 4491 ratione
1898 4444 2012 4509 per
2068 4425 2296 4491 simile.

768 4531 1001 4613 Angeli
1051 4532 1375 4614 conversi,
1414 4534 1712 4616 quamvis
1756 4553 1887 4598 non
1930 4533 2056 4598 sint
2102 4555 2141 4599 a
2168 4534 2300 4597 mi-

769 4642 1028 4726 nisterio
1060 4642 1332 4707 absoluti
1345 4692 1363 4723 ,
1405 4647 1623 4707 tamen
1660 4644 1729 4706 in
1772 4644 1908 4726 ipso
1949 4642 2300 4708 ministerio

768 4749 1007 4814 habent
1030 4750 1374 4833 praemium
1400 4768 1534 4814 suae
1562 4751 1992 4815 conversionis
2006 4800 2025 4830 ,
2070 4751 2304 4817 scilicet

769 4858 1017 4923 beatam
1047 4859 1360 4924 visionem
1392 4881 1407 4923 ε
1438 4877 1596 4940 ergo
1620 4860 1761 4942 pari
1788 4860 2029 4925 ratione
2051 4860 2301 4926 daemo-

767 4983 884 5030 nes
910 4984 1169 5050 poenam
1190 4965 1586 5031 infernalem.

849 5077 907 5138 3.
953 5073 1109 5138 Item
1155 5074 1409 5139 videtur
1450 5093 1491 5138 a
1516 5073 1752 5138 minori
1771 5122 1790 5154 ,
1841 5074 1997 5157 quia
2033 5076 2303 5159 gravius

770 5183 949 5248 estin
974 5188 1308 5267 conspectu
1332 5183 1477 5261 Dei,
1498 5184 1672 5265 ,iuste
1701 5184 1915 5248 omnia
1934 5186 2301 5267 ponderan-

772 5292 872 5364 tis,
906 5297 1233 5373 peccatum
1256 5292 1646 5372 angelicum,
1671 5310 1866 5373 quam
1886 5292 2253 5357 humanum
2283 5317 2298 5359 :

839 5416 994 5475 ¹Jac„
1024 5426 1096 5477 n,
1122 5417 1277 5467 13.—
1295 5417 1489 5481 mom„
1512 5429 1641 5480 vin,
1662 5418 1743 5469 38.
1762 5418 1865 5458 -⁸
1884 5419 1927 5470 11
1957 5418 2096 5480 Gor„
2120 5430 2228 5483 ιιι,
2255 5421 2301 5471 9.

1891 411 2512 485 SENTENTIARUM
2549 415 2697 482 LIB.
2742 413 2822 483 ΙΙ.

2393 552 2503 617 sed
2528 552 2757 634 homo,
2788 552 3094 619 decedens
3119 553 3188 617 in
3232 558 3516 636 peccato,
3550 556 3689 620 sine
3715 556 3912 640 aliquo

2394 659 2727 725 intervallo
2765 662 2976 725 statim
3015 661 3293 745 punitur
3324 681 3514 745 poena
3550 663 3910 744 gehennali,

2394 770 2457 830 et
2483 767 2776 832 incendio
2808 787 2825 831 z
2859 787 3016 849 ergo
3056 769 3263 833 multo
3303 770 3528 833 fortius
3572 769 3822 834 videtur
3847 771 3915 835 de

2395 876 2641 957 angelis
2665 877 2871 940 malis.

2474 988 2535 1046 4.
2561 982 2721 1048 Item
2750 985 2820 1048 in
2841 987 3095 1067 peccato
3121 984 3249 1049 duo
3268 987 3450 1064 sunt,
3481 985 3722 1048 scilicet
3746 1002 3916 1049 aver-

2395 1090 2489 1154 sio
2502 1139 2519 1167 ,
2568 1097 2630 1156 et
2672 1091 3035 1171 conversio;
3083 1095 3146 1156 et
3185 1093 3445 1175 utrique
3488 1093 3916 1175 correspondet

2394 1216 2510 1261 sua
2540 1215 2728 1279 poena
2744 1247 2762 1278 ,
2806 1198 3041 1261 scilicet
3079 1200 3356 1262 carentia
3391 1198 3658 1264 visionis
3675 1247 3692 1270 ,
3740 1216 3913 1262 aver-

2394 1303 2589 1381 sioni3
2622 1308 2684 1368 et
2697 1304 2951 1369 afflictio
2971 1305 3162 1386 igniS,
3185 1304 3588 1370 conversioni
3617 1327 3632 1368 :
3665 1306 3774 1368 sed
3801 1310 3912 1368 sta-

2396 1409 2511 1472 tim
2544 1416 2618 1474 ut
2649 1412 2963 1494 peccavit,
2994 1413 3206 1477 amisit
3244 1412 3796 1477 irremediabiliter
3823 1414 3914 1476 vi-

2396 1515 2642 1581 sionem
2672 1566 2689 1596 ,
2735 1523 2799 1582 et
2839 1519 3107 1602 punitus
3146 1524 3242 1583 est
3282 1520 3561 1584 carentia
3603 1520 3862 1586 visionis
3896 1541 3911 1584 ε

2396 1640 2554 1705 ergo
2577 1625 2717 1705 pari
2731 1625 2998 1702 ratione,
3030 1644 3219 1708 poena
3240 1626 3600 1691 afflictionis
3623 1628 3770 1692 :sed
3793 1627 3914 1692 haec

2396 1737 2490 1796 est
2519 1749 2708 1812 poena
2734 1732 2906 1796 illius
2935 1733 3138 1814 ignis:
3170 1751 3327 1813 ergo
3346 1782 3363 1812 ‚
3394 1738 3515 1797 etc.

2476 1839 2736 1919 Contra,
2782 1842 2851 1904 in
2887 1841 3183 1907 Matthoeo
3229 1841 3458 1906 dicitur
3499 1842 3523 1876 '¹
3569 1860 3588 1904 ε
3634 1842 3782 1908 Jesu
3827 1842 3916 1921 fia·
3937 1869 4087 1915 rm..

2397 1948 2539 2029 Dei,
2582 1957 2653 2016 ut
2684 1950 2848 2033 quid
2883 1953 3122 2018 venisti
3165 1957 3314 2018 ante
3355 1958 3601 2033 tempus
3648 1955 3917 2034 torquere

2397 2058 2557 2122 nos?
2594 2056 2766 2138 Ergo
2792 2059 3007 2139 angeli
3049 2059 3338 2124 nondum
3364 2060 3849 2142 torquebantur.

2479 2162 2663 2242 ltem3
2705 2165 2757 2227 si
2784 2166 3171 2247 punirentur
3203 2186 3393 2249 poena
3430 2166 3602 2248 ignis
3629 2167 3923 2230 materia-

2398 2269 2509 2348 lis3
2541 2289 2690 2334 cum
2721 2270 2825 2335 ille
2850 2277 3003 2353 agat
3040 2274 3110 2336 in
3146 2278 3504 2338 creaturam
3531 2274 3886 2356 passibilem
3904 2323 3921 2354 ,

2400 2381 2463 2440 et
2487 2378 2870 2459 condignam
2898 2379 3059 2462 pati3
3091 2399 3250 2461 ergo
3287 2399 3438 2444 cum
3465 2380 3758 2445 diabolus
3788 2399 3926 2445 cor-

2400 2486 2698 2567 poraliter
2723 2486 2968 2550 obsidet
2994 2488 3271 2570 aliquem
3288 2536 3305 2565 ,
3336 2488 3389 2550 si
3431 2506 3653 2553 secum
3679 2489 3799 2553 fert
3827 2490 3926 2571 ig·-

2400 2608 2550 2656 nem
2565 2640 2580 2668 ‚
2630 2592 2883 2658 videtur
2924 2594 3097 2675 quod
3137 2612 3291 2658 eum
3327 2598 3537 2659 totum
3562 2596 3920 2676 comburat,

2402 2698 2525 2762 nisi
2552 2700 2856 2765 virtutem
2881 2701 3052 2790 ignis
3078 2720 3192 2783 per
3221 2701 3610 2766 miraculum
3637 2701 3804 2767 Deus
3827 2721 3921 2766 re·

2402 2809 2704 2889 stringat3
2749 2808 2857 2873 sed
2896 2826 3030 2873 non
3057 2815 3153 2873 est
3194 2807 3283 2871 ibi
3332 2809 3703 2891 ponendum
3743 2810 3925 2874 mira-

2402 2915 2622 2980 culum
2651 2935 2669 2980 :
2699 2935 2856 2998 ergo
2874 2966 2892 2997 ,
2926 2923 3023 2983 etc
3036 2965 3052 2981 .

2485 3023 2643 3086 ltem
2676 3045 2691 3087 ε
2721 3023 2776 3086 si
2813 3024 2902 3088 ita
2931 3029 3379 3107 torquerentur
3405 3024 3559 3106 igne
3583 3025 3918 3102 materiali;

2406 3150 2553 3195 cum
2577 3132 2683 3196 ille
2709 3132 2790 3196 sit
2815 3151 3067 3199 summe
3094 3133 3434 3198 afflictivus
3448 3182 3466 3213 ,
3501 3152 3637 3197 non
3667 3135 3925 3199 delecta-

2403 3242 2629 3303 rentur
2652 3239 2721 3303 in
2753 3243 3004 3322 peccato
3030 3240 3340 3320 hominiS,
3379 3240 3513 3307 sive
3550 3240 3620 3304 in
3652 3240 3924 3305 faciendo

2403 3345 2559 3411 alios
2584 3365 2841 3429 peccare
2866 3370 2880 3411 ε
2906 3365 3064 3429 ergo
3081 3366 3231 3412 cum
3255 3348 3532 3411 multum
3554 3348 3682 3412 hoc
3702 3348 3923 3413 deside-

2405 3457 2550 3519 rent
2565 3500 2583 3530 ,
2612 3471 2745 3518 non
2772 3454 3024 3520 videtur
3050 3472 3186 3518 esse
3213 3453 3561 3536 probabile.

2487 3560 2643 3625 Item
2675 3580 2691 3624 ε
2722 3560 2775 3624 si
2808 3564 3188 3642 torquentur
3214 3561 3367 3641 igne
3397 3558 3748 3637 materiali;
3789 3577 3926 3623 cum

2406 3690 2540 3736 non
2586 3671 2712 3734 sint
2764 3670 2888 3734 nisi
2944 3674 3072 3734 tres
3115 3669 3377 3752 species,
3430 3667 3669 3733 scilicet
3712 3668 3923 3745 carh0,

2405 3779 2687 3855 flamma,
2713 3781 2775 3841 et
2790 3776 2928 3853 lux,
2950 3793 3172 3859 quaero
3190 3793 3318 3858 qua
3343 3774 3585 3857 specie:
3606 3792 3742 3838 non
3767 3775 3920 3852 luce,

2407 3888 2677 3964 constat,
2714 3884 2867 3968 quia
2888 3902 3020 3949 non
3050 3882 3307 3964 affligit,
3341 3899 3460 3945 nec
3485 3881 3664 3944 decet
3702 3899 3810 3945 eos
3837 3897 3929 3943 se-

2407 3992 2556 4059 'cum
2571 3993 2735 4058 ferre
2754 3993 2966 4057 lucem
2995 4014 3010 4055 ε
3038 4008 3196 4071 ergo
3224 3988 3331 4053 vel
3357 3989 3652 4067 flamma,
3676 3987 3780 4052 vel
3799 4004 3923 4051 car-

2407 4102 2571 4166 bone
2606 4124 2622 4166 :
2656 4100 2764 4165 sed
2784 4103 3014 4164 neutra
3037 4098 3309 4162 istarum
3337 4100 3507 4179 patet
3536 4095 3801 4160 sensui:
3834 4112 3930 4158 er·

2410 4229 2527 4294 go,
2559 4213 2676 4274 etc.

2891 4368 3446 4440 CONCLUSIO.

2408 4542 2554 4598 Licet
2595 4538 2847 4596 nonnulli
2886 4537 3021 4593 satis
3058 4534 3421 4609 probabiliter
3463 4535 3728 4590 senserint
3771 4532 3928 4589 malos

2480 4631 2696 4702 anqelos
2718 4630 2932 4700 ubique,
2962 4632 3014 4685 et
3040 4630 3168 4683 ante
3192 4627 3417 4682 extremi
3435 4624 3642 4694 :iudicii
3667 4624 3823 4690 diem,
3851 4626 3929 4677 in-

2478 4722 2684 4790 fernali
2700 4721 2944 4776 cruciatu
2962 4719 3198 4788 torqueri
3212 4734 3231 4783 ,-
3256 4716 3388 4771 aliis
3404 4718 3583 4771 tamen
3603 4715 3928 4787 probabilior

2482 4814 2717 4866 censetur
2739 4809 3004 4865 sententia
3029 4806 3340 4871 dicentium,
3365 4820 3585 4877 poenam
3611 4807 3758 4875 ionis
3781 4814 3924 4873 usque

2481 4899 2556 4954 acl
2574 4899 2920 4955 novissimum
2941 4895 3081 4953 diem
3105 4896 3224 4950 illis
3249 4894 3479 4966 differri.

2492 5072 2676 5156 Resp.
2724 5071 2804 5137 ad
2853 5071 3130 5153 Argum.
3175 5069 3518 5134 Dicendum
3561 5069 3732 5152 quod
3776 5067 4089 5132 circa⁰1ffl2

2412 5199 2513 5238 -δ
2531 5197 2677 5262 thid„
2696 5200 2827 5248 7.—
2851 5198 2874 5233 ⁸
2908 5196 2990 5262 Cf.
3015 5199 3071 5249 S.
3108 5196 3313 5260 Thom.,
3337 5210 3390 5260 p.
3423 5196 3562 5260 1,⁰q.
3596 5206 3737 5253 mur,
3767 5196 3856 5243 ast.
3874 5194 3916 5253 4,

2413 5275 2480 5326 ad
2499 5277 2561 5337 35
2590 5277 2643 5323 et
2667 5270 2863 5335 Quolib.
2888 5272 2950 5332 ΙΙ,
2970 5284 3023 5335 q.
3054 5282 3137 5333 115
3161 5269 3421 5334 Richard.,
3444 5270 3488 5319 11
3523 5270 3681 5331 Seni„
3712 5267 3822 5318 dist.
3851 5275 3914 5327 vt,

2414 5351 2509 5398 art.
2541 5349 2725 5408 2,q.1;
2756 5343 2931 5406 Steph.
2959 5341 3168 5400 Bruler„
3212 5343 3252 5391 ll
3293 5342 3454 5401 Seni„
3493 5340 3610 5391 dist.
3656 5352 3741 5403 vt,
3776 5353 3822 5399 q.
3852 5344 3917 5386 lv·

2415 5446 2477 5458 —
2503 5419 2526 5450 ⁶
2548 5418 2674 5476 lac„
2714 5427 2806 5477 111,
2843 5419 2892 5467 6.
2914 5438 2977 5452 —
2994 5415 3019 5451 '¹
3038 5414 3240 5478 Mami„
3264 5425 3380 5478 vm,
3402 5416 3483 5464 29.
