4125 6225
1320 465 1515 533 DIST.
1559 463 1635 530 X.
1679 462 1863 531 ART.
1908 463 1985 530 11.
2031 462 2332 543 QUAEST.
2377 463 2454 530 11.

298 606 628 688 ginatione
684 630 699 668 ε
748 623 908 687 ergo
955 605 1209 671 videtur
1253 602 1427 688 quod
1474 601 1837 667 immediate

296 713 540 797 possint
582 713 931 779 intellectui
960 717 1177 778 nostro
1219 711 1663 776 similitudines
1705 710 1838 774 im·-

294 820 574 902 primere
603 840 621 886 :
652 821 761 886 sed
789 821 931 886 talis
959 822 1294 905 impressio
1318 839 1452 886 non
1477 823 1836 904 potestesse

294 927 434 994 sine
461 929 928 994 illuminatione
956 951 971 994 ε
999 949 1180 1012 ergo,
1211 933 1329 994 etc.

377 1038 438 1100 5.
476 1036 635 1101 Item
677 1036 948 1119 angelus
970 1037 1206 1103 dicitur
1235 1056 1548 1121 purgare,
1582 1037 1835 1102 illumi-

292 1160 480 1223 nare,
513 1148 576 1207 et
597 1145 899 1226 perficere
924 1168 938 1209 :
965 1164 1123 1227 ergo
1147 1146 1200 1210 si
1221 1145 1345 1210 hoc
1362 1145 1575 1210 solum
1599 1164 1831 1211 conve-

291 1249 465 1314 niret
488 1251 550 1315 ei
577 1270 691 1334 per
708 1252 973 1316 modum
1001 1253 1399 1317 excitationis
1417 1301 1436 1333 ,
1472 1271 1618 1317 cum
1652 1253 1833 1316 simi-

290 1355 439 1421 liter
481 1375 653 1423 unus
695 1359 891 1424 homo
940 1361 1168 1447 excitet
1216 1360 1523 1441 alterum,
1578 1360 1831 1426 videtur

291 1464 467 1547 quod
482 1464 675 1530 homo
693 1466 1010 1532 diceretur
1027 1486 1334 1550 purgare,
1365 1468 1752 1547 illuminare,
1773 1471 1837 1531 et

290 1571 598 1652 perficere
647 1594 662 1636 ε
712 1574 884 1655 quod
923 1574 977 1637 si
1022 1575 1217 1639 homo
1247 1594 1376 1640 non
1422 1575 1652 1639 dicitur
1696 1593 1853 1640 esse·

291 1681 608 1760 purgator
633 1697 752 1743 nec
776 1679 1188 1762 illuminator,
1215 1682 1383 1746 sicut
1404 1682 1673 1763 angelus
1688 1731 1705 1762 ,
1738 1682 1832 1749 vi-

291 1786 481 1851 detur
512 1787 684 1870 quod
719 1789 989 1869 angelus
1015 1791 1211 1873 possit
1242 1790 1529 1855 animam
1567 1809 1606 1855 a
1638 1809 1834 1873 supe-

289 1893 450 1958 riori
475 1877 864 1962 illuminare.
1773 1898 1776 1901 ’

371 2005 433 2065 6.
464 2001 623 2066 Item
651 2005 853 2069 multo
882 2005 1026 2087 plus
1057 2010 1259 2089 potest
1281 2006 1555 2088 angelus
1582 2006 1827 2085 heatu3‚

288 2127 490 2193 quam
516 2110 806 2175 diabolus
837 2131 854 2176 t
887 2113 997 2177 sed
1031 2114 1287 2178 daemon
1316 2117 1523 2197 potest
1548 2113 1615 2176 in
1648 2113 1832 2177 nobis

287 2218 506 2283 varias
541 2218 954 2299 cogitationes
989 2220 1295 2299 excitare,
1333 2224 1397 2285 et
1420 2220 1502 2284 ab
1542 2220 1832 2284 inferiori

288 2343 644 2408 suggerere
672 2349 687 2391 ι
717 2345 874 2409 ergo
897 2327 1154 2392 videtur
1179 2327 1349 2410 quod
1377 2328 1650 2409 angelus
1680 2326 1827 2393 illu·
1867 2400 1876 2407 ‚

289 2433 578 2497 minatus
604 2452 717 2517 per
742 2433 1017 2515 gloriam
1034 2483 1052 2511 ,
1082 2453 1233 2498 cum
1256 2435 1337 2498 sit
1365 2435 1583 2499 anima
1615 2439 1832 2500 nostra

290 2541 584 2624 superior
609 2546 673 2605 et
696 2541 1091 2621 luminosior,
1121 2540 1327 2625 ipsam
1349 2542 1545 2624 possit
1575 2562 1615 2607 a
1643 2562 1827 2627 supe·

290 2649 449 2713 riori
475 2648 864 2713 illuminare.

68 2771 259 2822 rum.
372 2758 472 2821 Ad
528 2758 890 2840 oppositum
957 2778 971 2820 z
1031 2755 1464 2840 AugustinuS,
1532 2759 1601 2823 in
1666 2759 1829 2822 libro

296 2864 634 2930 LXXXIII
671 2865 1103 2940 Quoestionum
1139 2873 1157 2907 ¹
1200 2886 1222 2926 .·
1271 2890 1304 2928 α
1344 2864 1618 2931 Mentem
1674 2866 1833 2931 dici-

289 2990 474 3052 muS,
506 2990 654 3055 quae
677 2973 763 3036 ita
782 2972 863 3036 ad
890 2973 1236 3054 imaginem
1265 2971 1376 3037 Dei
1411 2975 1573 3039 facta
1597 2978 1725 3055 est,
1756 2977 1832 3038 ut

288 3080 657 3146 immediate
674 3100 714 3146 a
735 3080 946 3165 prima
968 3081 1233 3147 veritate
1251 3082 1562 3147 formetur
1588 3102 1654 3147 :n
1682 3086 1747 3148 et
1761 3081 1833 3146 in

286 3189 583 3273 pluribus
609 3189 762 3254 locis
790 3190 970 3270 dicit,
1017 3190 1190 3273 quod
1229 3189 1397 3254 inter
1443 3195 1725 3255 mentem
1764 3194 1830 3255 et

288 3295 497 3362 Deum
523 3297 689 3361 nihil
718 3297 885 3361 cadit
917 3296 1201 3361 medium
1230 3315 1430 3380 :ergo
1460 3316 1611 3362 cum
1638 3297 1822 3363 intel-

287 3403 560 3487 ligentia
585 3410 805 3469 nostra
836 3404 1186 3468 attenditur
1210 3406 1562 3470 secundum
1592 3406 1826 3471 animae

289 3529 669 3595 supremum
686 3561 705 3592 ,
734 3512 1189 3604 videtur-quod
1209 3531 1340 3578 non
1366 3514 1563 3597 possit
1586 3514 1830 3580 illumi-

290 3620 434 3685 nari
458 3619 540 3684 ab
566 3620 818 3702 angelo.

374 3725 569 3808 Item,
609 3746 803 3810 super
840 3726 998 3792 illud
1023 3728 1267 3795 Psalmi
1293 3736 1317 3770 ²
1353 3750 1376 3791 .-
1404 3715 1639 3798 Manus
1666 3739 1825 3812 tuoe,

292 3836 601 3915 Domine,
656 3836 943 3914 recerunt
987 3852 1084 3902 me
1102 3883 1124 3915 ,
1176 3839 1294 3900 etc.
1342 3836 1496 3902 dicit
1556 3838 1771 3904 Glossa
1815 3861 1831 3905 z

300 3965 334 4005 a
375 3941 544 4007 Deus
585 3961 699 4025 per
737 3944 1150 4027 semetipsum
1194 3943 1456 4010 irradiat
1480 3946 1617 4029 pias
1646 3965 1830 4011 men-

291 4051 390 4113 tes
420 4071 435 4112 :
464 4072 496 4110 n
531 4047 705 4131 Ergo
731 4067 864 4113 non
903 4049 1179 4132 videtur,
1224 4052 1397 4135 quod
1433 4070 1547 4136 per
1575 4054 1829 4136 angeli-

293 4174 446 4222 cum
473 4156 921 4221 ministerium.

376 4262 538 4329 Item
562 4259 813 4329 'facilius
850 4267 944 4329 est
968 4246 1323 4348 producere
1342 4267 1580 4333 formas
1608 4287 1837 4354 corpo-

292 4372 461 4438 rales
475 4419 493 4450 ‚
522 4390 720 4456 quam
745 4373 827 4437 sit
844 4373 994 4438 dare
1019 4373 1515 4441 illuminationes
1537 4377 1832 4460 spiritua-

290 4479 386 4545 les
419 4503 435 4545 :
463 4480 575 4545 sed
596 4481 864 4564 angelus
888 4482 1161 4546 formam
1186 4484 1545 4548 naturalem
1567 4503 1699 4549 nou
1721 4503 1835 4568 po-

291 4593 418 4654 test
456 4589 803 4672 producere
842 4594 1153 4674 tanquam
1195 4592 1542 4676 principale
1590 4612 1792 4676 agens
1812 4642 1830 4672 ‚

293 4699 401 4763 sed
445 4698 657 4763 solum
687 4699 966 4764 exterius
996 4700 1330 4784 disponere
1362 4723 1377 4766 ε
1420 4720 1579 4784 ergo
1626 4703 1830 4767 multo

292 4804 524 4871 fortius
545 4824 662 4870 nec
690 4806 1223 4871 illuminationem
1244 4808 1635 4891 spiritualem
1656 4810 1829 4875 dare.

377 4912 570 4993 Item,
609 4914 661 4977 si
689 4915 961 4996 angelus
999 4915 1315 4980 illuminat
1356 4917 1679 4994 animam,
1723 4922 1837 4983 aut

292 5019 623 5086 illuminat
664 5021 1063 5086 immittendo
1093 5021 1153 5086 ei
1186 5023 1407 5088 lumen
1452 5025 1789 5109 proprium
1811 5075 1830 5106 ,

296 5132 410 5218 aut
445 5128 652 5193 dando
699 5148 947 5194 novum
994 5152 1009 5195 ε
1060 5130 1114 5194 si
1157 5131 1557 5196 immittendo
1609 5133 1834 5198 lumen

295 5235 664 5319 proprium,
700 5257 848 5302 cum
888 5237 1112 5303 lumen
1146 5257 1342 5304 suum
1368 5258 1501 5304 non
1538 5241 1620 5305 sit
1653 5247 1835 5307 extra

296 5340 537 5426 ipsum,
559 5362 715 5426 ergo
743 5346 1012 5428 angelus
1040 5346 1322 5413 illabitur
1338 5348 1570 5415 animae
1607 5371 1622 5413 ε
1657 5349 1831 5431 quod

361 5468 382 5505 ¹
403 5470 562 5535 Aug„
583 5466 673 5524 lib.
694 5469 1161 5537 meouoeet„
1181 5486 1233 5539 q.
1251 5474 1729 5540 n.—⁸Pe.cxvm,
1750 5475 1832 5528 73.

3358 467 3479 528 493

1941 606 2036 666 est
2061 602 2258 667 solius
2285 600 2396 666 Dei
2432 600 2787 684 proprium.
2827 598 2895 664 Si
2940 598 3149 664 dando
3193 616 3478 679 novum,

1942 712 2056 774 aut
2087 708 2491 792 producendo
2537 726 2619 772 ex
2659 707 2908 790 aliquo,
2958 710 3073 771 aut
3097 705 3175 771 de
3221 705 3426 770 nihilo
3459 724 3478 770 ε

1943 817 1997 879 si
2023 834 2109 879 ex
2133 816 2379 899 aliqua,
2407 834 2630 900 quaero
2657 834 2742 881 ex
2764 833 2895 898 quo
2932 815 3143 898 :quod
3170 831 3320 878 cum
3347 831 3481 877 non

1941 923 2024 987 sit
2049 923 2230 1003 dare,
2258 925 2547 1006 sequitur
2571 924 2745 1007 quod
2771 923 3040 1004 angelus
3065 921 3375 1006 producat
3400 939 3483 985 ex

1942 1029 2176 1109 nihilo;
2208 1033 2272 1094 et
2304 1030 2394 1093 ita
2416 1030 2587 1113 quod
2613 1031 2695 1094 sit
2719 1029 2997 1095 Creator.

2023 1136 2215 1217 Item,
2258 1137 2311 1201 si
2345 1138 2615 1220 angelus
2654 1140 2975 1205 illuminat
3015 1140 3336 1223 animam,
3374 1147 3486 1209 aut

1942 1263 2058 1328 per
2105 1247 2421 1324 medium,
2460 1251 2574 1311 aut
2610 1247 2746 1312 sine
2790 1249 3048 1314 medio:
3089 1250 3143 1312 si
3186 1267 3303 1333 per
3347 1268 3483 1314 me-

1942 1352 2148 1434 dium,
2175 1372 2397 1436 quaero
2424 1356 2581 1438 quid
2603 1357 2686 1420 sit
2709 1356 2867 1421 illud
2892 1357 3181 1422 medium
3199 1358 3486 1424 deterens

1942 1459 2337 1543 spiritualem
2378 1462 2950 1545 illuminationem3
3004 1470 3070 1531 et
3107 1486 3257 1532 cum
3303 1468 3484 1534 defe-

1941 1584 2090 1631 rens
2123 1568 2520 1650 spiritualem
2555 1571 3090 1637 illuminationem
3118 1593 3249 1639 non
3289 1575 3484 1657 possit

1943 1693 2079 1739 esse
2097 1675 2219 1739 nisi
2238 1677 2519 1760 spirituS‚
2543 1678 2708 1744 inter
2721 1680 3007 1744 animam
3027 1680 3136 1746 illu
3147 1682 3477 1762 minatam,

1942 1784 2007 1846 et
2054 1784 2363 1864 angelum
2404 1785 2905 1863 illuminantem,
2939 1792 3034 1852 est
3070 1806 3304 1870 ponere
3345 1807 3482 1852 me-

1941 1888 2126 1953 dium
2152 1892 2470 1973 spiritum.
2507 1893 2585 1957 Et
2615 1894 2848 1959 iterum
2885 1896 3203 1979 quaeritur
3235 1896 3311 1960 de
3339 1895 3479 1974 illo,

1943 1997 2109 2062 sicut
2134 2000 2211 2064 de
2233 2001 2442 2080 primo
2475 2024 2490 2066 :
2518 2021 2678 2084 ergo
2700 2004 2804 2067 vel
2830 2005 2949 2068 erit
2969 2004 3142 2068 abire
3168 2005 3237 2068 in
3262 2005 3484 2070 infini-

1940 2107 2085 2169 tum
2103 2156 2120 2185 ,
2151 2107 2257 2171 vel
2285 2125 2416 2172 non
2441 2113 2534 2174 est
2563 2128 2798 2192 ponere
2826 2110 3140 2175 medium.
3173 2111 3327 2175 Etsi
3353 2112 3485 2175 im·

1944 2214 2218 2279 mediate
2244 2215 2566 2282 illuminat
2597 2217 2804 2301 ipsam
2840 2218 3125 2282 animam
3147 2266 3165 2296 ,
3198 2237 3357 2300 ergo
3387 2220 3486 2284 vi-

1943 2320 2134 2386 detur
2162 2324 2334 2406 quod
2365 2324 2446 2389 sit
2468 2324 2535 2389 in
2563 2325 2698 2410 ipsa
2722 2326 2937 2391 anima
2961 2375 2979 2407 ,
3001 2330 3062 2392 et
3091 2326 3178 2391 ita
3203 2325 3485 2393 illabitur

1944 2430 2202 2496 animae.

2023 2536 2204 2617 Item,
2228 2539 2318 2604 ita
2334 2540 2695 2606 immediate
2717 2545 2868 2606 nata
2893 2546 2989 2606 est
3012 2542 3162 2606 ferri
3183 2540 3253 2605 in
3280 2541 3483 2607 Deum

1942 2644 2391 2727 intelligentia,
2438 2652 2511 2712 ut
2536 2649 2833 2713 voluntas
2887 2671 2903 2714 t
2940 2667 3097 2731 ergo
3122 2650 3176 2712 si
3210 2649 3483 2731 angelus

1940 2769 2074 2816 non
2103 2758 2302 2834 potest
2329 2756 2721 2819 voluntatem
2745 2756 3092 2821 rectificare
3108 2804 3127 2836 ,
3160 2774 3292 2822 non
3310 2760 3485 2840 pote-

1941 2858 2027 2923 rit
2050 2859 2411 2926 illuminare
2438 2861 2949 2943 intelligentiam.

2020 2967 2217 3033 Juxta
2243 2970 2365 3033 hoc
2390 2970 2704 3052 quaeritur
2732 2988 2925 3052 penes
2962 2969 3121 3053 quid
3151 2970 3481 3054 accipian-

1940 3076 2049 3141 tur
2073 3075 2175 3140 isti
2201 3079 2327 3141 tres
2354 3081 2556 3158 actuS,
2590 3077 2881 3144 videlicet
2908 3077 3293 3161 illuminare,
3331 3098 3483 3164 pur·

1942 3202 2101 3266 gare
2117 3233 2137 3266 ‚
2166 3188 2231 3249 et
2254 3186 2578 3268 perficere.

2493 3445 2945 3513 CONCLUSIO.

1943 3595 2186 3667 Anqezus
2213 3597 2376 3655 bonus
2402 3601 2648 3656 mittitur
2682 3599 2757 3656 ad
2779 3603 3093 3671 inferiorem
3118 3603 3319 3659 animoe
3345 3618 3483 3678 por-

2015 3689 2215 3744 tionem
2240 3688 2694 3757 illuminandam,
2726 3706 2833 3746 non
2868 3690 3190 3748 irradiando
3204 3733 3224 3763 ,
3263 3693 3349 3749 vel
3389 3692 3482 3750 de-

2013 3778 2266 3847 ferend03
2287 3778 2380 3835 sed
2405 3783 2618 3836 tantum
2645 3780 3021 3853 exprimendo,
3049 3786 3103 3839 et
3133 3782 3479 3854 suqqerendo.

2024 3937 2213 4022 Resp.
2237 3939 2319 4003 ad
2335 3939 2615 4021 Argum.
2643 3940 2740 4004 Ad
2758 3940 2925 4005 hanc
2945 3941 3286 4008 dicendum
3312 3943 3484 4026 quod

1945 4046 2232 4110 animam
2259 4047 2471 4129 quoad
2499 4048 2895 4131 superiorem
2914 4051 3272 4133 portionem
3291 4052 3485 4117 ratio·

1945 4153 2046 4217 nis
2072 4154 2437 4218 illuminare
2457 4202 2474 4232 ,
2502 4154 2701 4218 solius
2726 4154 2837 4219 Dei
2872 4159 2967 4220 est
2992 4158 3353 4240 proprium,
3394 4158 3481 4221 si·

1946 4266 2055 4326 cut
2078 4262 2145 4326 in
2190 4262 2485 4345 pluribus
2509 4261 2664 4326 locis
2709 4264 2980 4328 ostendit
3019 4265 3423 4348 Augustinus
3459 4284 3477 4330 z

1945 4372 2245 4453 quamvis
2268 4371 2468 4454 aliqui
2495 4372 2517 4407 ⁸
2539 4389 2672 4435 non
2698 4371 3124 4455 intelligentes
3148 4375 3340 4439 totius
3366 4392 3483 4439 ve—
3533 4396 3712 4508 2322

1944 4479 2149 4544 ritalis
2170 4479 2563 4562 principium
2585 4526 2602 4556 ,
2628 4485 2983 4562 posuerunt
3008 4481 3186 4546 aliud
3213 4501 3232 4546 ι
3262 4482 3481 4547 videli-

1946 4591 2045 4651 cet
2077 4585 2464 4651 intellectum
2510 4591 2805 4651 nostrum
2850 4606 2981 4652 non
3017 4589 3352 4672 pervenire
3401 4589 3482 4653 ad

1942 4693 2169 4759 lumen
2194 4694 2512 4777 primum;
2543 4694 2655 4758 sed
2684 4696 2937 4778 perfici,
2967 4700 3032 4760 et
3062 4696 3414 4761 illuminari
3445 4716 3485 4761 a

1944 4804 2156 4884 primo
2185 4802 2429 4865 lumine
2463 4818 2579 4884 per
2615 4800 2835 4866 lumen
2862 4802 3299 4886 intelligentiae
3338 4822 3486 4870 me·-

1944 4910 2150 4975 dium.
2180 4911 2303 4977 Sed
2326 4911 2449 4976 hoc
2469 4915 2562 4976 est
2583 4911 2953 4995 simpliciter
2968 4913 3277 4994 tanquam
3307 4929 3483 4977 erro·
3510 4937 3719 5046 ³:510.

1942 5037 2143 5084 neum
2190 5019 2655 5102 respuendum,
2711 5038 2861 5084 cum
2914 5018 2986 5083 in
3049 5020 3268 5084 multis
3322 5020 3479 5085 locis

1943 5127 2014 5194 Β.
2040 5129 2448 5210 Augustinus
2467 5127 2752 5192 ostendat
2764 5128 3181 5205 contrarium,
3202 5132 3266 5193 et
3282 5128 3478 5193 etiam

1941 5256 2121 5302 sacra
2149 5236 2474 5320 Scriptura
2505 5235 2630 5302 hoc
2651 5236 2858 5299 dicat:
2887 5235 3051 5300 sicut
3075 5233 3350 5300 loannes
3377 5236 3479 5301 di-

1942 5345 2063 5411 cit⁸
2083 5368 2100 5410 ι
2120 5346 2283 5413 Erat
2298 5346 2418 5412 lux
2439 5360 2609 5422 vera,
2630 5360 2773 5427 quae
2794 5343 3147 5425 illuminat,
3166 5348 3286 5409 etc.
3315 5342 3474 5421 Quae

1938 5471 2193 5525 -assrror
2220 5471 2517 5552 Avicennae,
2544 5468 2878 5522 Naturalium
2905 5485 2954 5521 c.
2975 5480 3045 5522 vr.
3066 5496 3119 5509 —
3143 5470 3163 5504 ⁸
3178 5471 3348 5536 Ioan„
3369 5482 3407 5535 1,
3428 5470 3479 5522 9.
