<?xml version="1.0" encoding="UTF-8"?>
<!DOCTYPE html PUBLIC "-//W3C//DTD XHTML 1.0 Transitional//EN"
    "http://www.w3.org/TR/xhtml1/DTD/xhtml1-transitional.dtd">
<html xmlns="http://www.w3.org/1999/xhtml" xml:lang="en" lang="en">
 <head>
  <title>
</title>
<meta http-equiv="Content-Type" content="text/html;charset=utf-8" />
  <meta name='ocr-system' content='tesseract 3.04.00' />
  <meta name='ocr-capabilities' content='ocr_page ocr_carea ocr_par ocr_line ocrx_word'/>
</head>
<body>
  <div class='ocr_page' id='page_1' title='image "./srecardinalissb01peltgoog_0172.png"; bbox 0 0 4125 6225; ppageno 0'>
   <div class='ocr_carea' id='block_1_1' title="bbox 791 363 907 423">
    <p class='ocr_par' dir='ltr' id='par_1_1' title="bbox 791 363 907 423">
     <span class='ocr_line' id='line_1_1' title="bbox 791 363 907 423; baseline 0.009 -1"><span class='ocrx_word' id='word_1_1' title='bbox 791 363 907 423; x_wconf 73' lang='lat'><strong>148</strong></span> 
     </span>
    </p>
   </div>
   <div class='ocr_carea' id='block_1_2' title="bbox 783 493 2331 1220">
    <p class='ocr_par' dir='ltr' id='par_1_2' title="bbox 784 493 2328 897">
     <span class='ocr_line' id='line_1_2' title="bbox 785 493 2316 570; baseline -0.001 -12"><span class='ocrx_word' id='word_1_2' title='bbox 785 499 1071 559; x_wconf 84' lang='lat' dir='ltr'><strong>extrema</strong></span> <span class='ocrx_word' id='word_1_3' title='bbox 1093 494 1163 557; x_wconf 91' lang='lat' dir='ltr'><strong>in</strong></span> <span class='ocrx_word' id='word_1_4' title='bbox 1187 493 1512 557; x_wconf 80' lang='lat' dir='ltr'><strong>infinitum</strong></span> <span class='ocrx_word' id='word_1_5' title='bbox 1536 493 1849 570; x_wconf 82' lang='lat' dir='ltr'><strong>distantia,</strong></span> <span class='ocrx_word' id='word_1_6' title='bbox 1881 498 1976 558; x_wconf 90' lang='lat' dir='ltr'><strong>est</strong></span> <span class='ocrx_word' id='word_1_7' title='bbox 2015 495 2265 557; x_wconf 85' lang='lat' dir='ltr'><strong>infinita</strong></span> <span class='ocrx_word' id='word_1_8' title='bbox 2301 516 2316 557; x_wconf 72' lang='grc' dir='ltr'><strong><em>ε</em></strong></span> 
     </span>
     <span class='ocr_line' id='line_1_3' title="bbox 784 600 2328 683; baseline -0.001 -18"><span class='ocrx_word' id='word_1_9' title='bbox 784 601 892 665; x_wconf 87' lang='lat' dir='ltr'><strong>sed</strong></span> <span class='ocrx_word' id='word_1_10' title='bbox 917 601 1196 683; x_wconf 88' lang='lat' dir='ltr'><strong>potentia</strong></span> <span class='ocrx_word' id='word_1_11' title='bbox 1230 600 1446 664; x_wconf 88' lang='lat' dir='ltr'><strong>divina</strong></span> <span class='ocrx_word' id='word_1_12' title='bbox 1485 604 1581 665; x_wconf 87' lang='lat' dir='ltr'><strong>est</strong></span> <span class='ocrx_word' id='word_1_13' title='bbox 1614 600 2026 682; x_wconf 89' lang='lat' dir='ltr'><strong>hujusmodi,</strong></span> <span class='ocrx_word' id='word_1_14' title='bbox 2056 601 2210 683; x_wconf 90' lang='lat' dir='ltr'><strong>quia</strong></span> <span class='ocrx_word' id='word_1_15' title='bbox 2252 600 2328 664; x_wconf 92' lang='lat' dir='ltr'><strong>de</strong></span> 
     </span>
     <span class='ocr_line' id='line_1_4' title="bbox 784 708 2328 791; baseline -0.001 -19"><span class='ocrx_word' id='word_1_16' title='bbox 784 708 987 773; x_wconf 88' lang='lat' dir='ltr'>nihilo</span> <span class='ocrx_word' id='word_1_17' title='bbox 1023 708 1261 791; x_wconf 87' lang='lat' dir='ltr'><strong>aliquid</strong></span> <span class='ocrx_word' id='word_1_18' title='bbox 1287 708 1464 784; x_wconf 85' lang='lat' dir='ltr'><strong>facit,</strong></span> <span class='ocrx_word' id='word_1_19' title='bbox 1493 710 1555 772; x_wconf 89' lang='lat' dir='ltr'><strong>et</strong></span> <span class='ocrx_word' id='word_1_20' title='bbox 1589 708 1753 772; x_wconf 90' lang='lat' dir='ltr'><strong>inter</strong></span> <span class='ocrx_word' id='word_1_21' title='bbox 1793 708 2034 791; x_wconf 88' lang='lat' dir='ltr'><strong>aliquid</strong></span> <span class='ocrx_word' id='word_1_22' title='bbox 2072 713 2136 773; x_wconf 91' lang='lat' dir='ltr'><strong>et</strong></span> <span class='ocrx_word' id='word_1_23' title='bbox 2169 708 2328 771; x_wconf 90' lang='lat' dir='ltr'>nihil</span> 
     </span>
     <span class='ocr_line' id='line_1_5' title="bbox 785 814 1888 897; baseline 0 -19"><span class='ocrx_word' id='word_1_24' title='bbox 785 818 882 878; x_wconf 88' lang='lat' dir='ltr'><strong>est</strong></span> <span class='ocrx_word' id='word_1_25' title='bbox 907 814 1159 879; x_wconf 82' lang='lat' dir='ltr'><strong>infinita</strong></span> <span class='ocrx_word' id='word_1_26' title='bbox 1188 815 1480 879; x_wconf 72' lang='lat' dir='ltr'><strong>distantia</strong></span> <span class='ocrx_word' id='word_1_27' title='bbox 1513 837 1527 878; x_wconf 79' lang='grc' dir='ltr'>ε</span> <span class='ocrx_word' id='word_1_28' title='bbox 1560 834 1739 897; x_wconf 88' lang='lat' dir='ltr'><strong>erg0,</strong></span> <span class='ocrx_word' id='word_1_29' title='bbox 1770 819 1888 880; x_wconf 89' lang='lat' dir='ltr'><strong>etc.</strong></span> 
     </span>
    </p>

    <p class='ocr_par' dir='ltr' id='par_1_3' title="bbox 783 921 2331 1220">
     <span class='ocr_line' id='line_1_6' title="bbox 865 921 2331 1006; baseline -0.001 -19"><span class='ocrx_word' id='word_1_30' title='bbox 865 921 1047 1002; x_wconf 85' lang='lat' dir='ltr'><strong>Item,</strong></span> <span class='ocrx_word' id='word_1_31' title='bbox 1085 924 1294 988; x_wconf 91' lang='lat' dir='ltr'><strong>omnis</strong></span> <span class='ocrx_word' id='word_1_32' title='bbox 1318 922 1599 1005; x_wconf 83' lang='lat' dir='ltr'><strong>potentia</strong></span> <span class='ocrx_word' id='word_1_33' title='bbox 1625 941 1773 1006; x_wconf 87' lang='lat' dir='ltr'><strong>quae</strong></span> <span class='ocrx_word' id='word_1_34' title='bbox 1800 922 2062 988; x_wconf 90' lang='lat' dir='ltr'><strong>omnino</strong></span> <span class='ocrx_word' id='word_1_35' title='bbox 2086 922 2331 986; x_wconf 82' lang='lat' dir='ltr'><strong>indiffe-</strong></span> 
     </span>
     <span class='ocr_line' id='line_1_7' title="bbox 783 1029 2331 1115; baseline -0.001 -21"><span class='ocrx_word' id='word_1_36' title='bbox 783 1048 932 1094; x_wconf 83' lang='lat' dir='ltr'>rens</span> <span class='ocrx_word' id='word_1_37' title='bbox 966 1034 1061 1095; x_wconf 88' lang='lat' dir='ltr'><strong>est</strong></span> <span class='ocrx_word' id='word_1_38' title='bbox 1085 1031 1166 1094; x_wconf 87' lang='lat' dir='ltr'><strong>ab</strong></span> <span class='ocrx_word' id='word_1_39' title='bbox 1191 1031 1482 1115; x_wconf 73' lang='lat' dir='ltr'><strong>essentia,</strong></span> <span class='ocrx_word' id='word_1_40' title='bbox 1514 1035 1609 1095; x_wconf 88' lang='lat' dir='ltr'><strong>est</strong></span> <span class='ocrx_word' id='word_1_41' title='bbox 1645 1031 1897 1095; x_wconf 86' lang='lat' dir='ltr'><strong>infinita</strong></span> <span class='ocrx_word' id='word_1_42' title='bbox 1928 1052 1943 1094; x_wconf 89' lang='lat'>:</span> <span class='ocrx_word' id='word_1_43' title='bbox 1974 1030 2082 1094; x_wconf 90' lang='lat' dir='ltr'><strong>sed</strong></span> <span class='ocrx_word' id='word_1_44' title='bbox 2110 1029 2331 1094; x_wconf 90' lang='lat' dir='ltr'><strong>divina</strong></span> 
     </span>
     <span class='ocr_line' id='line_1_8' title="bbox 785 1136 2329 1220; baseline 0.001 -19"><span class='ocrx_word' id='word_1_45' title='bbox 785 1137 1065 1220; x_wconf 88' lang='lat' dir='ltr'><strong>potentia</strong></span> <span class='ocrx_word' id='word_1_46' title='bbox 1090 1141 1186 1201; x_wconf 88' lang='lat' dir='ltr'><strong>est</strong></span> <span class='ocrx_word' id='word_1_47' title='bbox 1207 1136 1580 1219; x_wconf 89' lang='lat' dir='ltr'><strong>hujusmodi</strong></span> <span class='ocrx_word' id='word_1_48' title='bbox 1612 1159 1626 1200; x_wconf 90' lang='lat'>:</span> <span class='ocrx_word' id='word_1_49' title='bbox 1659 1155 1849 1218; x_wconf 85' lang='lat' dir='ltr'><strong>erg0,</strong></span> <span class='ocrx_word' id='word_1_50' title='bbox 1881 1141 1999 1201; x_wconf 85' lang='lat' dir='ltr'><strong>etc.</strong></span> <span class='ocrx_word' id='word_1_51' title='bbox 2034 1136 2329 1203; x_wconf 87' lang='lat' dir='ltr'><strong>Probatio</strong></span> 
     </span>
    </p>
   </div>
   <div class='ocr_carea' id='block_1_3' title="bbox 693 1242 2332 1344">
    <p class='ocr_par' dir='ltr' id='par_1_4' title="bbox 693 1242 2332 1344">
     <span class='ocr_line' id='line_1_9' title="bbox 693 1242 2332 1344; baseline 0.001 -37"><span class='ocrx_word' id='word_1_52' title='bbox 693 1330 718 1344; x_wconf 39' lang='lat'><em>⁶</em></span> <span class='ocrx_word' id='word_1_53' title='bbox 785 1244 1015 1327; x_wconf 84' lang='lat' dir='ltr'><strong>primae</strong></span> <span class='ocrx_word' id='word_1_54' title='bbox 1073 1267 1087 1308; x_wconf 90' lang='lat'><strong>:</strong></span> <span class='ocrx_word' id='word_1_55' title='bbox 1145 1242 1690 1326; x_wconf 82' lang='lat' dir='ltr'><strong>Quandocumque</strong></span> <span class='ocrx_word' id='word_1_56' title='bbox 1738 1244 1953 1326; x_wconf 92' lang='lat' dir='ltr'><strong>aliqua</strong></span> <span class='ocrx_word' id='word_1_57' title='bbox 2003 1244 2133 1307; x_wconf 92' lang='lat' dir='ltr'><strong>duo</strong></span> <span class='ocrx_word' id='word_1_58' title='bbox 2180 1248 2332 1308; x_wconf 88' lang='lat' dir='ltr'><strong>sunt</strong></span> 
     </span>
    </p>
   </div>
   <div class='ocr_carea' id='block_1_4' title="bbox 783 1352 2329 1865">
    <p class='ocr_par' dir='ltr' id='par_1_5' title="bbox 783 1352 2329 1865">
     <span class='ocr_line' id='line_1_10' title="bbox 785 1352 2324 1435; baseline -0.001 -18"><span class='ocrx_word' id='word_1_59' title='bbox 785 1354 1048 1418; x_wconf 89' lang='lat' dir='ltr'><strong>omnino</strong></span> <span class='ocrx_word' id='word_1_60' title='bbox 1085 1352 1450 1417; x_wconf 89' lang='lat' dir='ltr'><strong>indistantia</strong></span> <span class='ocrx_word' id='word_1_61' title='bbox 1471 1401 1490 1431; x_wconf 95' lang='lat'><strong>,</strong></span> <span class='ocrx_word' id='word_1_62' title='bbox 1536 1352 1924 1435; x_wconf 87' lang='lat' dir='ltr'><strong>ubicumque</strong></span> <span class='ocrx_word' id='word_1_63' title='bbox 1958 1357 2052 1416; x_wconf 87' lang='lat' dir='ltr'><strong>est</strong></span> <span class='ocrx_word' id='word_1_64' title='bbox 2079 1370 2287 1416; x_wconf 92' lang='lat' dir='ltr'><strong>unum</strong></span> <span class='ocrx_word' id='word_1_65' title='bbox 2304 1398 2324 1431; x_wconf 86' lang='lat'><strong>,</strong></span> 
     </span>
     <span class='ocr_line' id='line_1_11' title="bbox 783 1458 2329 1543; baseline 0 -19"><span class='ocrx_word' id='word_1_66' title='bbox 783 1460 873 1524; x_wconf 89' lang='lat' dir='ltr'><strong>ibi</strong></span> <span class='ocrx_word' id='word_1_67' title='bbox 897 1465 959 1525; x_wconf 89' lang='lat' dir='ltr'><strong>et</strong></span> <span class='ocrx_word' id='word_1_68' title='bbox 978 1460 1301 1543; x_wconf 86' lang='lat' dir='ltr'><strong>reliquum</strong></span> <span class='ocrx_word' id='word_1_69' title='bbox 1329 1482 1344 1522; x_wconf 74' lang='grc' dir='ltr'>ε</span> <span class='ocrx_word' id='word_1_70' title='bbox 1378 1477 1534 1541; x_wconf 81' lang='lat' dir='ltr'><strong>ergo</strong></span> <span class='ocrx_word' id='word_1_71' title='bbox 1561 1458 1615 1521; x_wconf 90' lang='lat' dir='ltr'><strong>si</strong></span> <span class='ocrx_word' id='word_1_72' title='bbox 1641 1460 1921 1542; x_wconf 90' lang='lat' dir='ltr'><strong>potentia</strong></span> <span class='ocrx_word' id='word_1_73' title='bbox 1945 1463 2040 1523; x_wconf 90' lang='lat' dir='ltr'><strong>est</strong></span> <span class='ocrx_word' id='word_1_74' title='bbox 2062 1460 2329 1524; x_wconf 90' lang='lat' dir='ltr'><strong>omuino</strong></span> 
     </span>
     <span class='ocr_line' id='line_1_12' title="bbox 784 1564 2329 1650; baseline 0 -20"><span class='ocrx_word' id='word_1_75' title='bbox 784 1567 1153 1632; x_wconf 79' lang='lat' dir='ltr'><strong>indifferens</strong></span> <span class='ocrx_word' id='word_1_76' title='bbox 1190 1568 1270 1630; x_wconf 89' lang='lat' dir='ltr'><strong>ab</strong></span> <span class='ocrx_word' id='word_1_77' title='bbox 1314 1564 1616 1645; x_wconf 88' lang='lat' dir='ltr'><strong>essentia,</strong></span> <span class='ocrx_word' id='word_1_78' title='bbox 1659 1565 2054 1649; x_wconf 87' lang='lat' dir='ltr'><strong>ubicumque</strong></span> <span class='ocrx_word' id='word_1_79' title='bbox 2095 1571 2190 1630; x_wconf 89' lang='lat' dir='ltr'><strong>est</strong></span> <span class='ocrx_word' id='word_1_80' title='bbox 2214 1585 2329 1650; x_wconf 92' lang='lat' dir='ltr'><strong>po—</strong></span> 
     </span>
     <span class='ocr_line' id='line_1_13' title="bbox 784 1673 2329 1753; baseline -0.001 -14"><span class='ocrx_word' id='word_1_81' title='bbox 784 1674 985 1739; x_wconf 88' lang='lat' dir='ltr'><strong>tentia</strong></span> <span class='ocrx_word' id='word_1_82' title='bbox 1004 1722 1026 1753; x_wconf 89' lang='lat'>‚</span> <span class='ocrx_word' id='word_1_83' title='bbox 1061 1678 1125 1738; x_wconf 94' lang='lat' dir='ltr'><strong>et</strong></span> <span class='ocrx_word' id='word_1_84' title='bbox 1150 1674 1419 1738; x_wconf 87' lang='lat' dir='ltr'><strong>essentia</strong></span> <span class='ocrx_word' id='word_1_85' title='bbox 1451 1696 1465 1737; x_wconf 90' lang='lat'>:</span> <span class='ocrx_word' id='word_1_86' title='bbox 1500 1673 1609 1737; x_wconf 91' lang='lat' dir='ltr'><strong>sed</strong></span> <span class='ocrx_word' id='word_1_87' title='bbox 1634 1674 1750 1737; x_wconf 88' lang='lat' dir='ltr'><strong>ubi</strong></span> <span class='ocrx_word' id='word_1_88' title='bbox 1777 1679 1869 1737; x_wconf 87' lang='lat' dir='ltr'><strong>est</strong></span> <span class='ocrx_word' id='word_1_89' title='bbox 1897 1675 2168 1738; x_wconf 87' lang='lat' dir='ltr'><strong>essentia</strong></span> <span class='ocrx_word' id='word_1_90' title='bbox 2189 1724 2206 1752; x_wconf 92' lang='lat'><strong>,</strong></span> <span class='ocrx_word' id='word_1_91' title='bbox 2240 1676 2329 1739; x_wconf 88' lang='lat' dir='ltr'><strong>ibi</strong></span> 
     </span>
     <span class='ocr_line' id='line_1_14' title="bbox 785 1781 2328 1865; baseline 0.001 -20"><span class='ocrx_word' id='word_1_92' title='bbox 785 1785 882 1845; x_wconf 90' lang='lat' dir='ltr'><strong>est</strong></span> <span class='ocrx_word' id='word_1_93' title='bbox 910 1785 1201 1845; x_wconf 82' lang='lat' dir='ltr'><strong>centrum</strong></span> <span class='ocrx_word' id='word_1_94' title='bbox 1228 1781 1526 1863; x_wconf 84' lang='lat' dir='ltr'><strong>potentiae</strong></span> <span class='ocrx_word' id='word_1_95' title='bbox 1565 1798 1583 1842; x_wconf 75' lang='grc' dir='ltr'>ε</span> <span class='ocrx_word' id='word_1_96' title='bbox 1618 1798 1775 1861; x_wconf 87' lang='lat' dir='ltr'><strong>ergo</strong></span> <span class='ocrx_word' id='word_1_97' title='bbox 1801 1781 2192 1865; x_wconf 87' lang='lat' dir='ltr'><strong>ubicumque</strong></span> <span class='ocrx_word' id='word_1_98' title='bbox 2221 1800 2328 1865; x_wconf 93' lang='lat' dir='ltr'><strong>po—</strong></span> 
     </span>
    </p>
   </div>
   <div class='ocr_carea' id='block_1_5' title="bbox 723 1888 2328 1987">
    <p class='ocr_par' dir='ltr' id='par_1_6' title="bbox 723 1888 2328 1987">
     <span class='ocr_line' id='line_1_15' title="bbox 723 1888 2328 1987; baseline 0.001 -34"><span class='ocrx_word' id='word_1_99' title='bbox 723 1980 736 1987; x_wconf 37' lang='grc'><strong>-</strong></span> <span class='ocrx_word' id='word_1_100' title='bbox 784 1892 904 1953; x_wconf 82' lang='lat' dir='ltr'><strong>test</strong></span> <span class='ocrx_word' id='word_1_101' title='bbox 948 1889 1226 1971; x_wconf 82' lang='lat' dir='ltr'><strong>potentia</strong></span> <span class='ocrx_word' id='word_1_102' title='bbox 1270 1889 1413 1953; x_wconf 89' lang='lat' dir='ltr'><strong>talis</strong></span> <span class='ocrx_word' id='word_1_103' title='bbox 1435 1937 1454 1966; x_wconf 88' lang='lat'><strong>,</strong></span> <span class='ocrx_word' id='word_1_104' title='bbox 1505 1892 1707 1971; x_wconf 89' lang='lat' dir='ltr'><strong>potest</strong></span> <span class='ocrx_word' id='word_1_105' title='bbox 1749 1888 1819 1952; x_wconf 93' lang='lat' dir='ltr'><strong>in</strong></span> <span class='ocrx_word' id='word_1_106' title='bbox 1862 1893 2079 1954; x_wconf 88' lang='lat' dir='ltr'><strong>centro</strong></span> <span class='ocrx_word' id='word_1_107' title='bbox 2120 1912 2134 1953; x_wconf 75' lang='grc' dir='ltr'>ε</span> <span class='ocrx_word' id='word_1_108' title='bbox 2171 1907 2328 1971; x_wconf 84' lang='lat' dir='ltr'><strong>ergo</strong></span> 
     </span>
    </p>
   </div>
   <div class='ocr_carea' id='block_1_6' title="bbox 780 1994 2332 3586">
    <p class='ocr_par' dir='ltr' id='par_1_7' title="bbox 780 1994 2332 3586">
     <span class='ocr_line' id='line_1_16' title="bbox 786 1994 2325 2078; baseline 0.002 -20"><span class='ocrx_word' id='word_1_109' title='bbox 786 2013 934 2059; x_wconf 87' lang='lat' dir='ltr'><strong>cum</strong></span> <span class='ocrx_word' id='word_1_110' title='bbox 963 1995 1142 2059; x_wconf 89' lang='lat' dir='ltr'><strong>nulla</strong></span> <span class='ocrx_word' id='word_1_111' title='bbox 1180 1995 1464 2078; x_wconf 91' lang='lat' dir='ltr'><strong>potentia</strong></span> <span class='ocrx_word' id='word_1_112' title='bbox 1500 1994 1808 2059; x_wconf 89' lang='lat' dir='ltr'><strong>limitetur</strong></span> <span class='ocrx_word' id='word_1_113' title='bbox 1838 1995 1907 2058; x_wconf 93' lang='lat' dir='ltr'><strong>in</strong></span> <span class='ocrx_word' id='word_1_114' title='bbox 1935 2000 2151 2061; x_wconf 88' lang='lat' dir='ltr'><strong>centro</strong></span> <span class='ocrx_word' id='word_1_115' title='bbox 2173 2015 2325 2074; x_wconf 90' lang='lat' dir='ltr'><strong>su0,</strong></span> 
     </span>
     <span class='ocr_line' id='line_1_17' title="bbox 781 2101 2328 2186; baseline -0.001 -19"><span class='ocrx_word' id='word_1_116' title='bbox 781 2103 893 2167; x_wconf 87' lang='lat' dir='ltr'><strong>sed</strong></span> <span class='ocrx_word' id='word_1_117' title='bbox 920 2103 1196 2186; x_wconf 91' lang='lat' dir='ltr'><strong>amplius</strong></span> <span class='ocrx_word' id='word_1_118' title='bbox 1223 2103 1442 2186; x_wconf 83' lang='lat' dir='ltr'><strong>possit,</strong></span> <span class='ocrx_word' id='word_1_119' title='bbox 1474 2106 1587 2166; x_wconf 91' lang='lat' dir='ltr'><strong>aut</strong></span> <span class='ocrx_word' id='word_1_120' title='bbox 1611 2101 1833 2166; x_wconf 89' lang='lat' dir='ltr'><strong>divina</strong></span> <span class='ocrx_word' id='word_1_121' title='bbox 1860 2103 2141 2185; x_wconf 88' lang='lat' dir='ltr'><strong>potentia</strong></span> <span class='ocrx_word' id='word_1_122' title='bbox 2168 2103 2328 2166; x_wconf 90' lang='lat' dir='ltr'><strong>nihil</strong></span> 
     </span>
     <span class='ocr_line' id='line_1_18' title="bbox 781 2210 2330 2291; baseline 0.002 -19"><span class='ocrx_word' id='word_1_123' title='bbox 781 2212 985 2291; x_wconf 88' lang='lat' dir='ltr'><strong>potest</strong></span> <span class='ocrx_word' id='word_1_124' title='bbox 1006 2257 1024 2288; x_wconf 87' lang='lat'><strong>,</strong></span> <span class='ocrx_word' id='word_1_125' title='bbox 1056 2214 1168 2273; x_wconf 90' lang='lat' dir='ltr'><strong>aut</strong></span> <span class='ocrx_word' id='word_1_126' title='bbox 1205 2213 1409 2291; x_wconf 87' lang='lat' dir='ltr'><strong>potest</strong></span> <span class='ocrx_word' id='word_1_127' title='bbox 1448 2213 1764 2291; x_wconf 89' lang='lat' dir='ltr'><strong>quantum</strong></span> <span class='ocrx_word' id='word_1_128' title='bbox 1805 2210 1995 2274; x_wconf 72' lang='lat' dir='ltr'><strong>vult&lt;</strong></span> <span class='ocrx_word' id='word_1_129' title='bbox 2029 2216 2093 2275; x_wconf 93' lang='lat' dir='ltr'><strong>et</strong></span> <span class='ocrx_word' id='word_1_130' title='bbox 2130 2211 2221 2274; x_wconf 91' lang='lat' dir='ltr'><strong>sic</strong></span> <span class='ocrx_word' id='word_1_131' title='bbox 2260 2212 2330 2275; x_wconf 90' lang='lat' dir='ltr'><strong>in</strong></span> 
     </span>
     <span class='ocr_line' id='line_1_19' title="bbox 780 2315 2332 2399; baseline 0.001 -19"><span class='ocrx_word' id='word_1_132' title='bbox 780 2315 1109 2380; x_wconf 80' lang='lat' dir='ltr'><strong>infinitum</strong></span> <span class='ocrx_word' id='word_1_133' title='bbox 1139 2334 1157 2378; x_wconf 75' lang='lat' dir='ltr'><strong>t</strong></span> <span class='ocrx_word' id='word_1_134' title='bbox 1186 2334 1365 2396; x_wconf 86' lang='lat' dir='ltr'><strong>erg0,</strong></span> <span class='ocrx_word' id='word_1_135' title='bbox 1387 2320 1705 2398; x_wconf 88' lang='lat' dir='ltr'><strong>quantum</strong></span> <span class='ocrx_word' id='word_1_136' title='bbox 1725 2319 1818 2379; x_wconf 89' lang='lat' dir='ltr'><strong>est</strong></span> <span class='ocrx_word' id='word_1_137' title='bbox 1835 2316 1914 2381; x_wconf 86' lang='lat' dir='ltr'><strong>de</strong></span> <span class='ocrx_word' id='word_1_138' title='bbox 1931 2335 2022 2397; x_wconf 87' lang='lat' dir='ltr'><strong>se,</strong></span> <span class='ocrx_word' id='word_1_139' title='bbox 2053 2318 2332 2399; x_wconf 90' lang='lat' dir='ltr'><strong>potentia</strong></span> 
     </span>
     <span class='ocr_line' id='line_1_20' title="bbox 785 2420 2328 2505; baseline 0.003 -21"><span class='ocrx_word' id='word_1_140' title='bbox 785 2420 896 2486; x_wconf 87' lang='lat' dir='ltr'><strong>illa</strong></span> <span class='ocrx_word' id='word_1_141' title='bbox 923 2427 1126 2505; x_wconf 88' lang='lat' dir='ltr'><strong>potest</strong></span> <span class='ocrx_word' id='word_1_142' title='bbox 1149 2424 1218 2486; x_wconf 93' lang='lat' dir='ltr'><strong>in</strong></span> <span class='ocrx_word' id='word_1_143' title='bbox 1241 2422 1568 2486; x_wconf 79' lang='lat' dir='ltr'><strong>infinitum</strong></span> <span class='ocrx_word' id='word_1_144' title='bbox 1590 2422 1840 2505; x_wconf 88' lang='lat' dir='ltr'><strong>operari</strong></span> <span class='ocrx_word' id='word_1_145' title='bbox 1867 2441 1885 2485; x_wconf 72' lang='grc' dir='ltr'>ε</span> <span class='ocrx_word' id='word_1_146' title='bbox 1914 2423 2021 2487; x_wconf 90' lang='lat' dir='ltr'><strong>sed</strong></span> <span class='ocrx_word' id='word_1_147' title='bbox 2044 2423 2328 2505; x_wconf 85' lang='lat' dir='ltr'><strong>potentia</strong></span> 
     </span>
     <span class='ocr_line' id='line_1_21' title="bbox 783 2531 2330 2615; baseline 0.001 -20"><span class='ocrx_word' id='word_1_148' title='bbox 783 2532 892 2595; x_wconf 89' lang='lat' dir='ltr'><strong>illa</strong></span> <span class='ocrx_word' id='word_1_149' title='bbox 918 2533 1183 2598; x_wconf 92' lang='lat' dir='ltr'><strong>omnino</strong></span> <span class='ocrx_word' id='word_1_150' title='bbox 1210 2536 1306 2597; x_wconf 88' lang='lat' dir='ltr'><strong>est</strong></span> <span class='ocrx_word' id='word_1_151' title='bbox 1330 2531 1699 2596; x_wconf 86' lang='lat' dir='ltr'><strong>indifferens</strong></span> <span class='ocrx_word' id='word_1_152' title='bbox 1724 2536 1788 2596; x_wconf 92' lang='lat' dir='ltr'><strong>et</strong></span> <span class='ocrx_word' id='word_1_153' title='bbox 1812 2531 2085 2615; x_wconf 81' lang='lat' dir='ltr'><strong>simplex</strong></span> <span class='ocrx_word' id='word_1_154' title='bbox 2124 2554 2140 2597; x_wconf 77' lang='lat' dir='ltr'><strong>t</strong></span> <span class='ocrx_word' id='word_1_155' title='bbox 2171 2550 2330 2615; x_wconf 85' lang='lat' dir='ltr'><strong>ergo</strong></span> 
     </span>
     <span class='ocr_line' id='line_1_22' title="bbox 782 2639 2329 2724; baseline 0.002 -21"><span class='ocrx_word' id='word_1_156' title='bbox 782 2639 952 2704; x_wconf 92' lang='lat' dir='ltr'><strong>idem</strong></span> <span class='ocrx_word' id='word_1_157' title='bbox 978 2645 1073 2705; x_wconf 88' lang='lat' dir='ltr'><strong>est</strong></span> <span class='ocrx_word' id='word_1_158' title='bbox 1096 2641 1187 2704; x_wconf 88' lang='lat' dir='ltr'><strong>ihi</strong></span> <span class='ocrx_word' id='word_1_159' title='bbox 1210 2641 1437 2721; x_wconf 90' lang='lat' dir='ltr'><strong>latum,</strong></span> <span class='ocrx_word' id='word_1_160' title='bbox 1461 2644 1526 2704; x_wconf 88' lang='lat' dir='ltr'><strong>et</strong></span> <span class='ocrx_word' id='word_1_161' title='bbox 1550 2640 1913 2706; x_wconf 85' lang='lat' dir='ltr'><strong>intensum:</strong></span> <span class='ocrx_word' id='word_1_162' title='bbox 1943 2660 2101 2724; x_wconf 89' lang='lat' dir='ltr'><strong>ergo</strong></span> <span class='ocrx_word' id='word_1_163' title='bbox 2128 2642 2183 2705; x_wconf 87' lang='lat' dir='ltr'><strong>si</strong></span> <span class='ocrx_word' id='word_1_164' title='bbox 2208 2660 2329 2705; x_wconf 91' lang='lat' dir='ltr'><strong>ex-</strong></span> 
     </span>
     <span class='ocr_line' id='line_1_23' title="bbox 781 2747 2331 2830; baseline 0.003 -22"><span class='ocrx_word' id='word_1_165' title='bbox 781 2747 1024 2812; x_wconf 86' lang='lat' dir='ltr'><strong>tensive</strong></span> <span class='ocrx_word' id='word_1_166' title='bbox 1048 2751 1143 2811; x_wconf 88' lang='lat' dir='ltr'><strong>est</strong></span> <span class='ocrx_word' id='word_1_167' title='bbox 1165 2747 1415 2812; x_wconf 82' lang='lat' dir='ltr'><strong>infinita</strong></span> <span class='ocrx_word' id='word_1_168' title='bbox 1435 2793 1455 2826; x_wconf 86' lang='lat'><strong>,</strong></span> <span class='ocrx_word' id='word_1_169' title='bbox 1487 2752 1552 2811; x_wconf 90' lang='lat' dir='ltr'><strong>et</strong></span> <span class='ocrx_word' id='word_1_170' title='bbox 1589 2748 1903 2813; x_wconf 86' lang='lat' dir='ltr'><strong>intensive</strong></span> <span class='ocrx_word' id='word_1_171' title='bbox 1934 2770 1950 2813; x_wconf 73' lang='grc' dir='ltr'><strong>ε</strong></span> <span class='ocrx_word' id='word_1_172' title='bbox 1990 2766 2149 2830; x_wconf 88' lang='lat' dir='ltr'><strong>ergo</strong></span> <span class='ocrx_word' id='word_1_173' title='bbox 2187 2767 2331 2812; x_wconf 93' lang='lat' dir='ltr'><strong>om-</strong></span> 
     </span>
     <span class='ocr_line' id='line_1_24' title="bbox 781 2853 2331 2938; baseline 0.002 -20"><span class='ocrx_word' id='word_1_174' title='bbox 781 2854 938 2919; x_wconf 84' lang='lat' dir='ltr'><strong>nino</strong></span> <span class='ocrx_word' id='word_1_175' title='bbox 959 2857 1055 2918; x_wconf 93' lang='lat' dir='ltr'><strong>est</strong></span> <span class='ocrx_word' id='word_1_176' title='bbox 1074 2855 1350 2919; x_wconf 82' lang='lat' dir='ltr'><strong>infinita.</strong></span> <span class='ocrx_word' id='word_1_177' title='bbox 1382 2853 1461 2919; x_wconf 90' lang='lat' dir='ltr'><strong>Et</strong></span> <span class='ocrx_word' id='word_1_178' title='bbox 1487 2855 1609 2919; x_wconf 87' lang='lat' dir='ltr'><strong>hoc</strong></span> <span class='ocrx_word' id='word_1_179' title='bbox 1633 2855 1917 2938; x_wconf 85' lang='lat' dir='ltr'><strong>estquod</strong></span> <span class='ocrx_word' id='word_1_180' title='bbox 1942 2855 2096 2921; x_wconf 90' lang='lat' dir='ltr'><strong>dicit</strong></span> <span class='ocrx_word' id='word_1_181' title='bbox 2122 2853 2331 2921; x_wconf 91' lang='lat' dir='ltr'><strong>Philo-</strong></span> 
     </span>
     <span class='ocr_line' id='line_1_25' title="bbox 780 2961 2325 3046; baseline 0.003 -22"><span class='ocrx_word' id='word_1_182' title='bbox 780 2961 1021 3044; x_wconf 87' lang='lat' dir='ltr'><strong>sophus</strong></span> <span class='ocrx_word' id='word_1_183' title='bbox 1065 2962 1134 3026; x_wconf 93' lang='lat' dir='ltr'><strong>in</strong></span> <span class='ocrx_word' id='word_1_184' title='bbox 1176 2962 1339 3027; x_wconf 91' lang='lat' dir='ltr'><strong>libro</strong></span> <span class='ocrx_word' id='word_1_185' title='bbox 1382 2961 1463 3027; x_wconf 80' lang='lat' dir='ltr'><strong>de</strong></span> <span class='ocrx_word' id='word_1_186' title='bbox 1507 2962 1734 3029; x_wconf 80' lang='lat' dir='ltr'><strong>Gausis</strong></span> <span class='ocrx_word' id='word_1_187' title='bbox 1782 2969 1802 3004; x_wconf 85' lang='lat'><strong>¹</strong></span> <span class='ocrx_word' id='word_1_188' title='bbox 1819 3011 1841 3042; x_wconf 90' lang='lat'><strong>,</strong></span> <span class='ocrx_word' id='word_1_189' title='bbox 1881 2964 2053 3046; x_wconf 89' lang='lat' dir='ltr'><strong>quod</strong></span> <span class='ocrx_word' id='word_1_190' title='bbox 2090 2963 2325 3046; x_wconf 77' lang='lat' dir='ltr'><strong>virtuS,</strong></span> 
     </span>
     <span class='ocr_line' id='line_1_26' title="bbox 782 3069 2326 3154; baseline 0.001 -19"><span class='ocrx_word' id='word_1_191' title='bbox 782 3073 1021 3152; x_wconf 87' lang='lat' dir='ltr'><strong>quanto</strong></span> <span class='ocrx_word' id='word_1_192' title='bbox 1048 3070 1257 3154; x_wconf 86' lang='lat' dir='ltr'><strong>magis</strong></span> <span class='ocrx_word' id='word_1_193' title='bbox 1290 3069 1511 3152; x_wconf 88' lang='lat' dir='ltr'><strong>unita,</strong></span> <span class='ocrx_word' id='word_1_194' title='bbox 1553 3072 1732 3136; x_wconf 83' lang='lat' dir='ltr'><strong>tanto</strong></span> <span class='ocrx_word' id='word_1_195' title='bbox 1776 3070 1987 3153; x_wconf 89' lang='lat' dir='ltr'><strong>magis</strong></span> <span class='ocrx_word' id='word_1_196' title='bbox 2010 3070 2261 3137; x_wconf 85' lang='lat' dir='ltr'><strong>infinita</strong></span> <span class='ocrx_word' id='word_1_197' title='bbox 2306 3090 2326 3137; x_wconf 72' lang='grc' dir='ltr'><strong><em>ε</em></strong></span> 
     </span>
     <span class='ocr_line' id='line_1_27' title="bbox 782 3173 2325 3263; baseline 0.003 -22"><span class='ocrx_word' id='word_1_198' title='bbox 782 3195 932 3242; x_wconf 89' lang='lat' dir='ltr'><strong>cum</strong></span> <span class='ocrx_word' id='word_1_199' title='bbox 958 3196 1116 3262; x_wconf 87' lang='lat' dir='ltr'><strong>ergo</strong></span> <span class='ocrx_word' id='word_1_200' title='bbox 1156 3179 1375 3244; x_wconf 85' lang='lat' dir='ltr'><strong>divina</strong></span> <span class='ocrx_word' id='word_1_201' title='bbox 1416 3179 1696 3262; x_wconf 87' lang='lat' dir='ltr'><strong>potentia</strong></span> <span class='ocrx_word' id='word_1_202' title='bbox 1735 3178 1818 3243; x_wconf 88' lang='lat' dir='ltr'><strong>sit</strong></span> <span class='ocrx_word' id='word_1_203' title='bbox 1858 3173 2288 3245; x_wconf 81' lang='lat' dir='ltr'><strong>infinitissima</strong></span> <span class='ocrx_word' id='word_1_204' title='bbox 2304 3229 2325 3263; x_wconf 91' lang='lat'><strong>,</strong></span> 
     </span>
     <span class='ocr_line' id='line_1_28' title="bbox 782 3286 2330 3369; baseline 0.002 -19"><span class='ocrx_word' id='word_1_205' title='bbox 782 3286 934 3369; x_wconf 88' lang='lat' dir='ltr'><strong>quia</strong></span> <span class='ocrx_word' id='word_1_206' title='bbox 959 3292 1053 3351; x_wconf 86' lang='lat' dir='ltr'><strong>est</strong></span> <span class='ocrx_word' id='word_1_207' title='bbox 1070 3286 1335 3351; x_wconf 84' lang='lat' dir='ltr'><strong>omnino</strong></span> <span class='ocrx_word' id='word_1_208' title='bbox 1362 3286 1536 3350; x_wconf 89' lang='lat' dir='ltr'><strong>idem</strong></span> <span class='ocrx_word' id='word_1_209' title='bbox 1559 3305 1712 3351; x_wconf 89' lang='lat' dir='ltr'><strong>cum</strong></span> <span class='ocrx_word' id='word_1_210' title='bbox 1740 3305 1859 3351; x_wconf 85' lang='lat' dir='ltr'><strong>sua</strong></span> <span class='ocrx_word' id='word_1_211' title='bbox 1880 3287 2154 3369; x_wconf 84' lang='lat' dir='ltr'><strong>origine,</strong></span> <span class='ocrx_word' id='word_1_212' title='bbox 2187 3290 2330 3353; x_wconf 90' lang='lat' dir='ltr'><strong>ubi-</strong></span> 
     </span>
     <span class='ocr_line' id='line_1_29' title="bbox 783 3394 2327 3479; baseline 0.003 -21"><span class='ocrx_word' id='word_1_213' title='bbox 783 3410 909 3474; x_wconf 86' lang='lat' dir='ltr'><strong>que</strong></span> <span class='ocrx_word' id='word_1_214' title='bbox 952 3397 1157 3476; x_wconf 90' lang='lat' dir='ltr'><strong>potest</strong></span> <span class='ocrx_word' id='word_1_215' title='bbox 1192 3398 1506 3476; x_wconf 87' lang='lat' dir='ltr'><strong>tanquam</strong></span> <span class='ocrx_word' id='word_1_216' title='bbox 1544 3394 1618 3466; x_wconf 59' lang='lat' dir='ltr'><strong>in,</strong></span> <span class='ocrx_word' id='word_1_217' title='bbox 1651 3412 1771 3458; x_wconf 89' lang='lat' dir='ltr'><strong>sua</strong></span> <span class='ocrx_word' id='word_1_218' title='bbox 1808 3394 2060 3476; x_wconf 90' lang='lat' dir='ltr'><strong>origine</strong></span> <span class='ocrx_word' id='word_1_219' title='bbox 2106 3411 2127 3460; x_wconf 79' lang='lat' dir='ltr'><strong>t</strong></span> <span class='ocrx_word' id='word_1_220' title='bbox 2169 3414 2327 3479; x_wconf 89' lang='lat' dir='ltr'><strong>ergo</strong></span> 
     </span>
     <span class='ocr_line' id='line_1_30' title="bbox 782 3502 1783 3586; baseline 0.004 -23"><span class='ocrx_word' id='word_1_221' title='bbox 782 3517 1120 3584; x_wconf 86' lang='lat' dir='ltr'><strong>nunquam</strong></span> <span class='ocrx_word' id='word_1_222' title='bbox 1143 3502 1390 3569; x_wconf 76' lang='lat' dir='ltr'><strong>invenit</strong></span> <span class='ocrx_word' id='word_1_223' title='bbox 1419 3520 1553 3567; x_wconf 92' lang='lat' dir='ltr'><strong>non</strong></span> <span class='ocrx_word' id='word_1_224' title='bbox 1577 3519 1783 3586; x_wconf 88' lang='lat' dir='ltr'><strong>posse.</strong></span> 
     </span>
    </p>
   </div>
   <div class='ocr_carea' id='block_1_7' title="bbox 674 3608 2328 3693">
    <p class='ocr_par' dir='ltr' id='par_1_8' title="bbox 674 3608 2328 3693">
     <span class='ocr_line' id='line_1_31' title="bbox 674 3608 2328 3693; baseline 0.002 -20"><span class='ocrx_word' id='word_1_225' title='bbox 674 3662 701 3693; x_wconf 64' lang='grc' dir='ltr'><strong>ο</strong></span> <span class='ocrx_word' id='word_1_226' title='bbox 733 3671 756 3684; x_wconf 82' lang='lat'><strong>,</strong></span> <span class='ocrx_word' id='word_1_227' title='bbox 866 3608 1128 3675; x_wconf 84' lang='lat' dir='ltr'><strong>Contra:</strong></span> <span class='ocrx_word' id='word_1_228' title='bbox 1160 3611 1220 3674; x_wconf 90' lang='lat'><strong>1.</strong></span> <span class='ocrx_word' id='word_1_229' title='bbox 1265 3608 1467 3675; x_wconf 89' lang='lat' dir='ltr'><strong>Omne</strong></span> <span class='ocrx_word' id='word_1_230' title='bbox 1496 3610 1652 3674; x_wconf 88' lang='lat' dir='ltr'><strong>illud</strong></span> <span class='ocrx_word' id='word_1_231' title='bbox 1677 3614 1774 3675; x_wconf 90' lang='lat' dir='ltr'><strong>est</strong></span> <span class='ocrx_word' id='word_1_232' title='bbox 1798 3609 2076 3687; x_wconf 86' lang='lat' dir='ltr'><strong>finitum,</strong></span> <span class='ocrx_word' id='word_1_233' title='bbox 2103 3610 2174 3675; x_wconf 93' lang='lat' dir='ltr'><strong>in</strong></span> <span class='ocrx_word' id='word_1_234' title='bbox 2198 3629 2328 3693; x_wconf 91' lang='lat' dir='ltr'><strong>quo</strong></span> 
     </span>
    </p>
   </div>
   <div class='ocr_carea' id='block_1_8' title="bbox 782 3719 2335 5204">
    <p class='ocr_par' dir='ltr' id='par_1_9' title="bbox 782 3719 2331 4216">
     <span class='ocr_line' id='line_1_32' title="bbox 784 3719 2331 3803; baseline 0.002 -20"><span class='ocrx_word' id='word_1_235' title='bbox 784 3722 880 3783; x_wconf 88' lang='lat' dir='ltr'><strong>est</strong></span> <span class='ocrx_word' id='word_1_236' title='bbox 891 3721 1168 3803; x_wconf 88' lang='lat' dir='ltr'><strong>reperire</strong></span> <span class='ocrx_word' id='word_1_237' title='bbox 1183 3724 1420 3784; x_wconf 86' lang='lat' dir='ltr'><strong>statum</strong></span> <span class='ocrx_word' id='word_1_238' title='bbox 1442 3742 1458 3785; x_wconf 73' lang='grc' dir='ltr'>ι</span> <span class='ocrx_word' id='word_1_239' title='bbox 1482 3721 1592 3786; x_wconf 87' lang='lat' dir='ltr'><strong>sed</strong></span> <span class='ocrx_word' id='word_1_240' title='bbox 1606 3719 1677 3783; x_wconf 90' lang='lat' dir='ltr'><strong>in</strong></span> <span class='ocrx_word' id='word_1_241' title='bbox 1700 3719 1917 3785; x_wconf 90' lang='lat' dir='ltr'><strong>divina</strong></span> <span class='ocrx_word' id='word_1_242' title='bbox 1933 3722 2214 3802; x_wconf 89' lang='lat' dir='ltr'><strong>potentia</strong></span> <span class='ocrx_word' id='word_1_243' title='bbox 2236 3725 2331 3786; x_wconf 89' lang='lat' dir='ltr'><strong>est</strong></span> 
     </span>
     <span class='ocr_line' id='line_1_33' title="bbox 783 3828 2331 3912; baseline 0.001 -21"><span class='ocrx_word' id='word_1_244' title='bbox 783 3828 1062 3910; x_wconf 87' lang='lat' dir='ltr'><strong>reperire</strong></span> <span class='ocrx_word' id='word_1_245' title='bbox 1102 3832 1338 3894; x_wconf 88' lang='lat' dir='ltr'><strong>statum</strong></span> <span class='ocrx_word' id='word_1_246' title='bbox 1354 3877 1374 3909; x_wconf 92' lang='lat'><strong>,</strong></span> <span class='ocrx_word' id='word_1_247' title='bbox 1409 3829 1566 3911; x_wconf 90' lang='lat' dir='ltr'><strong>quia</strong></span> <span class='ocrx_word' id='word_1_248' title='bbox 1600 3832 1694 3892; x_wconf 88' lang='lat' dir='ltr'><strong>est</strong></span> <span class='ocrx_word' id='word_1_249' title='bbox 1726 3828 2054 3910; x_wconf 83' lang='lat' dir='ltr'><strong>assignare</strong></span> <span class='ocrx_word' id='word_1_250' title='bbox 2090 3828 2331 3912; x_wconf 88' lang='lat' dir='ltr'><strong>aliquid</strong></span> 
     </span>
     <span class='ocr_line' id='line_1_34' title="bbox 782 3924 2327 4021; baseline 0.001 -21"><span class='ocrx_word' id='word_1_251' title='bbox 782 3935 955 4017; x_wconf 88' lang='lat' dir='ltr'><strong>quod</strong></span> <span class='ocrx_word' id='word_1_252' title='bbox 986 3924 1351 4020; x_wconf 55' lang='lat' dir='ltr'><strong>non‘potest</strong></span> <span class='ocrx_word' id='word_1_253' title='bbox 1388 3936 1572 4020; x_wconf 81' lang='lat' dir='ltr'><strong>(sicut</strong></span> <span class='ocrx_word' id='word_1_254' title='bbox 1602 3953 1797 4018; x_wconf 87' lang='lat' dir='ltr'><strong>supra</strong></span> <span class='ocrx_word' id='word_1_255' title='bbox 1821 3940 2147 4000; x_wconf 89' lang='lat' dir='ltr'><strong>ostensum</strong></span> <span class='ocrx_word' id='word_1_256' title='bbox 2186 3937 2327 4021; x_wconf 85' lang='lat' dir='ltr'><strong>est),</strong></span> 
     </span>
     <span class='ocr_line' id='line_1_35' title="bbox 786 4040 2328 4128; baseline 0.002 -22"><span class='ocrx_word' id='word_1_257' title='bbox 786 4046 862 4106; x_wconf 90' lang='lat' dir='ltr'><strong>ut</strong></span> <span class='ocrx_word' id='word_1_258' title='bbox 885 4046 1065 4108; x_wconf 87' lang='lat' dir='ltr'><strong>actus</strong></span> <span class='ocrx_word' id='word_1_259' title='bbox 1078 4040 1461 4127; x_wconf 78' lang='lat' dir='ltr'><strong>corporales,</strong></span> <span class='ocrx_word' id='word_1_260' title='bbox 1489 4048 1554 4110; x_wconf 90' lang='lat' dir='ltr'><strong>et</strong></span> <span class='ocrx_word' id='word_1_261' title='bbox 1578 4047 1758 4109; x_wconf 81' lang='lat' dir='ltr'><strong>actus</strong></span> <span class='ocrx_word' id='word_1_262' title='bbox 1775 4043 2124 4110; x_wconf 78' lang='lat' dir='ltr'><strong>deformes:</strong></span> <span class='ocrx_word' id='word_1_263' title='bbox 2147 4062 2328 4128; x_wconf 88' lang='lat' dir='ltr'><strong>ergo,</strong></span> 
     </span>
     <span class='ocr_line' id='line_1_36' title="bbox 786 4154 909 4216; baseline 0.016 -2"><span class='ocrx_word' id='word_1_264' title='bbox 786 4154 909 4216; x_wconf 87' lang='lat' dir='ltr'><strong>etc.</strong></span> 
     </span>
    </p>

    <p class='ocr_par' dir='ltr' id='par_1_10' title="bbox 782 4257 2335 4860">
     <span class='ocr_line' id='line_1_37' title="bbox 867 4257 2335 4342; baseline 0.001 -19"><span class='ocrx_word' id='word_1_265' title='bbox 867 4262 931 4323; x_wconf 75' lang='lat'><strong>2.</strong></span> <span class='ocrx_word' id='word_1_266' title='bbox 955 4257 1138 4340; x_wconf 88' lang='lat' dir='ltr'><strong>Item,</strong></span> <span class='ocrx_word' id='word_1_267' title='bbox 1167 4259 1342 4342; x_wconf 87' lang='lat' dir='ltr'><strong>quod</strong></span> <span class='ocrx_word' id='word_1_268' title='bbox 1369 4260 1695 4325; x_wconf 83' lang='lat' dir='ltr'><strong>exceditur</strong></span> <span class='ocrx_word' id='word_1_269' title='bbox 1716 4260 1797 4324; x_wconf 88' lang='lat' dir='ltr'><strong>ab</strong></span> <span class='ocrx_word' id='word_1_270' title='bbox 1815 4258 2052 4342; x_wconf 87' lang='lat' dir='ltr'><strong>aliquo,</strong></span> <span class='ocrx_word' id='word_1_271' title='bbox 2079 4264 2174 4324; x_wconf 91' lang='lat' dir='ltr'><strong>est</strong></span> <span class='ocrx_word' id='word_1_272' title='bbox 2193 4261 2335 4324; x_wconf 87' lang='lat' dir='ltr'><strong>fini·</strong></span> 
     </span>
     <span class='ocr_line' id='line_1_38' title="bbox 786 4352 2332 4448; baseline 0 -20"><span class='ocrx_word' id='word_1_273' title='bbox 786 4369 949 4441; x_wconf 86' lang='lat' dir='ltr'><strong>tum,</strong></span> <span class='ocrx_word' id='word_1_274' title='bbox 979 4365 1131 4448; x_wconf 85' lang='lat' dir='ltr'><strong>quia</strong></span> <span class='ocrx_word' id='word_1_275' title='bbox 1169 4352 1499 4430; x_wconf 84' lang='lat' dir='ltr'><strong>infinitum</strong></span> <span class='ocrx_word' id='word_1_276' title='bbox 1535 4365 1714 4429; x_wconf 91' lang='lat' dir='ltr'><strong>nullo</strong></span> <span class='ocrx_word' id='word_1_277' title='bbox 1741 4366 1933 4430; x_wconf 92' lang='lat' dir='ltr'><strong>modo</strong></span> <span class='ocrx_word' id='word_1_278' title='bbox 1967 4365 2332 4430; x_wconf 82' lang='lat' dir='ltr'><strong>exceditur:</strong></span> 
     </span>
     <span class='ocr_line' id='line_1_39' title="bbox 786 4472 2334 4555; baseline 0 -19"><span class='ocrx_word' id='word_1_279' title='bbox 786 4472 898 4536; x_wconf 87' lang='lat' dir='ltr'><strong>sed</strong></span> <span class='ocrx_word' id='word_1_280' title='bbox 925 4472 1186 4537; x_wconf 90' lang='lat' dir='ltr'><strong>scientia</strong></span> <span class='ocrx_word' id='word_1_281' title='bbox 1214 4473 1462 4538; x_wconf 83' lang='lat' dir='ltr'><strong>excedit</strong></span> <span class='ocrx_word' id='word_1_282' title='bbox 1477 4473 1823 4555; x_wconf 89' lang='lat' dir='ltr'><strong>potentiam</strong></span> <span class='ocrx_word' id='word_1_283' title='bbox 1843 4475 2135 4555; x_wconf 87' lang='lat' dir='ltr'><strong>respectu</strong></span> <span class='ocrx_word' id='word_1_284' title='bbox 2153 4472 2334 4536; x_wconf 87' lang='lat' dir='ltr'><strong>scibi-</strong></span> 
     </span>
     <span class='ocr_line' id='line_1_40' title="bbox 783 4577 2332 4664; baseline 0.002 -22"><span class='ocrx_word' id='word_1_285' title='bbox 783 4577 978 4659; x_wconf 89' lang='lat' dir='ltr'><strong>lium;</strong></span> <span class='ocrx_word' id='word_1_286' title='bbox 1019 4580 1306 4664; x_wconf 90' lang='lat' dir='ltr'><strong>plurium</strong></span> <span class='ocrx_word' id='word_1_287' title='bbox 1334 4580 1510 4645; x_wconf 89' lang='lat' dir='ltr'><strong>enim</strong></span> <span class='ocrx_word' id='word_1_288' title='bbox 1541 4584 1638 4645; x_wconf 89' lang='lat' dir='ltr'><strong>est</strong></span> <span class='ocrx_word' id='word_1_289' title='bbox 1662 4581 1953 4659; x_wconf 89' lang='lat' dir='ltr'><strong>scientia,</strong></span> <span class='ocrx_word' id='word_1_290' title='bbox 1984 4598 2180 4662; x_wconf 88' lang='lat' dir='ltr'><strong>quam</strong></span> <span class='ocrx_word' id='word_1_291' title='bbox 2210 4598 2332 4664; x_wconf 92' lang='lat' dir='ltr'><strong>po-</strong></span> 
     </span>
     <span class='ocr_line' id='line_1_41' title="bbox 782 4687 2328 4770; baseline 0 -19"><span class='ocrx_word' id='word_1_292' title='bbox 782 4687 1018 4767; x_wconf 86' lang='lat' dir='ltr'><strong>tentia;</strong></span> <span class='ocrx_word' id='word_1_293' title='bbox 1050 4687 1169 4752; x_wconf 90' lang='lat' dir='ltr'><strong>scit</strong></span> <span class='ocrx_word' id='word_1_294' title='bbox 1189 4688 1366 4752; x_wconf 89' lang='lat' dir='ltr'><strong>enim</strong></span> <span class='ocrx_word' id='word_1_295' title='bbox 1390 4687 1583 4770; x_wconf 88' lang='lat' dir='ltr'><strong>mala,</strong></span> <span class='ocrx_word' id='word_1_296' title='bbox 1611 4692 1675 4752; x_wconf 88' lang='lat' dir='ltr'><strong>et</strong></span> <span class='ocrx_word' id='word_1_297' title='bbox 1704 4705 1838 4753; x_wconf 91' lang='lat' dir='ltr'><strong>non</strong></span> <span class='ocrx_word' id='word_1_298' title='bbox 1867 4691 2109 4770; x_wconf 70' lang='lat' dir='ltr'><strong>potesta</strong></span> <span class='ocrx_word' id='word_1_299' title='bbox 2146 4705 2328 4769; x_wconf 85' lang='lat' dir='ltr'><strong>erg0,</strong></span> 
     </span>
     <span class='ocr_line' id='line_1_42' title="bbox 782 4798 902 4860; baseline -0.008 0"><span class='ocrx_word' id='word_1_300' title='bbox 782 4798 902 4860; x_wconf 89' lang='lat' dir='ltr'><strong>etc.</strong></span> 
     </span>
    </p>

    <p class='ocr_par' dir='ltr' id='par_1_11' title="bbox 784 4902 2331 5204">
     <span class='ocr_line' id='line_1_43' title="bbox 865 4902 2331 4987; baseline 0 -20"><span class='ocrx_word' id='word_1_301' title='bbox 865 4908 925 4968; x_wconf 87' lang='lat'><strong>3.</strong></span> <span class='ocrx_word' id='word_1_302' title='bbox 958 4903 1141 4985; x_wconf 84' lang='lat' dir='ltr'><strong>Item,</strong></span> <span class='ocrx_word' id='word_1_303' title='bbox 1164 4903 1458 4971; x_wconf 86' lang='lat' dir='ltr'><strong>videmus</strong></span> <span class='ocrx_word' id='word_1_304' title='bbox 1482 4903 1550 4967; x_wconf 93' lang='lat' dir='ltr'><strong>in</strong></span> <span class='ocrx_word' id='word_1_305' title='bbox 1568 4903 1867 4987; x_wconf 87' lang='lat' dir='ltr'><strong>potentiis</strong></span> <span class='ocrx_word' id='word_1_306' title='bbox 1887 4902 2138 4981; x_wconf 88' lang='lat' dir='ltr'><strong>creatis,</strong></span> <span class='ocrx_word' id='word_1_307' title='bbox 2157 4902 2331 4985; x_wconf 88' lang='lat' dir='ltr'><strong>quod</strong></span> 
     </span>
     <span class='ocr_line' id='line_1_44' title="bbox 784 5010 2324 5091; baseline -0.001 -17"><span class='ocrx_word' id='word_1_308' title='bbox 784 5010 1066 5076; x_wconf 82' lang='lat' dir='ltr'><strong>infinitas</strong></span> <span class='ocrx_word' id='word_1_309' title='bbox 1083 5015 1177 5076; x_wconf 90' lang='lat' dir='ltr'><strong>est</strong></span> <span class='ocrx_word' id='word_1_310' title='bbox 1198 5030 1237 5076; x_wconf 87' lang='lat' dir='ltr'><strong>a</strong></span> <span class='ocrx_word' id='word_1_311' title='bbox 1253 5011 1541 5091; x_wconf 85' lang='lat' dir='ltr'><strong>materia,</strong></span> <span class='ocrx_word' id='word_1_312' title='bbox 1563 5010 1897 5076; x_wconf 86' lang='lat' dir='ltr'><strong>sedflnitas</strong></span> <span class='ocrx_word' id='word_1_313' title='bbox 1915 5015 2008 5075; x_wconf 88' lang='lat' dir='ltr'><strong>est</strong></span> <span class='ocrx_word' id='word_1_314' title='bbox 2028 5030 2068 5074; x_wconf 88' lang='lat' dir='ltr'><strong>a</strong></span> <span class='ocrx_word' id='word_1_315' title='bbox 2084 5010 2292 5074; x_wconf 87' lang='lat' dir='ltr'><strong>forma</strong></span> <span class='ocrx_word' id='word_1_316' title='bbox 2307 5030 2324 5072; x_wconf 78' lang='lat' dir='ltr'><strong>t</strong></span> 
     </span>
     <span class='ocr_line' id='line_1_45' title="bbox 787 5118 2326 5204; baseline 0 -20"><span class='ocrx_word' id='word_1_317' title='bbox 787 5136 946 5203; x_wconf 88' lang='lat' dir='ltr'><strong>ergo</strong></span> <span class='ocrx_word' id='word_1_318' title='bbox 982 5137 1130 5184; x_wconf 90' lang='lat' dir='ltr'><strong>cum</strong></span> <span class='ocrx_word' id='word_1_319' title='bbox 1171 5119 1454 5204; x_wconf 86' lang='lat' dir='ltr'><strong>potentia</strong></span> <span class='ocrx_word' id='word_1_320' title='bbox 1497 5118 1607 5184; x_wconf 90' lang='lat' dir='ltr'><strong>Dei</strong></span> <span class='ocrx_word' id='word_1_321' title='bbox 1646 5118 1729 5183; x_wconf 90' lang='lat' dir='ltr'><strong>sit</strong></span> <span class='ocrx_word' id='word_1_322' title='bbox 1764 5118 2029 5182; x_wconf 90' lang='lat' dir='ltr'><strong>omnino</strong></span> <span class='ocrx_word' id='word_1_323' title='bbox 2083 5119 2290 5184; x_wconf 88' lang='lat' dir='ltr'><strong>forma</strong></span> <span class='ocrx_word' id='word_1_324' title='bbox 2304 5163 2326 5195; x_wconf 82' lang='grc'><em>,</em></span> 
     </span>
    </p>
   </div>
   <div class='ocr_carea' id='block_1_9' title="bbox 789 5278 2326 5420">
    <p class='ocr_par' dir='ltr' id='par_1_12' title="bbox 789 5278 2326 5420">
     <span class='ocr_line' id='line_1_46' title="bbox 854 5278 2326 5347; baseline 0 -14"><span class='ocrx_word' id='word_1_325' title='bbox 854 5283 877 5319; x_wconf 84' lang='lat'>¹</span> <span class='ocrx_word' id='word_1_326' title='bbox 895 5282 1086 5334; x_wconf 81' lang='lat' dir='ltr'><strong>Auctor</strong></span> <span class='ocrx_word' id='word_1_327' title='bbox 1109 5282 1201 5334; x_wconf 90' lang='lat' dir='ltr'><strong>lib.</strong></span> <span class='ocrx_word' id='word_1_328' title='bbox 1228 5282 1292 5332; x_wconf 84' lang='lat' dir='ltr'><strong>de</strong></span> <span class='ocrx_word' id='word_1_329' title='bbox 1317 5283 1517 5344; x_wconf 65' lang='lat' dir='ltr'><strong>Cauris,</strong></span> <span class='ocrx_word' id='word_1_330' title='bbox 1541 5294 1695 5346; x_wconf 86' lang='lat' dir='ltr'><strong>prop.</strong></span> <span class='ocrx_word' id='word_1_331' title='bbox 1716 5284 1795 5333; x_wconf 79' lang='lat'><strong>18.</strong></span> <span class='ocrx_word' id='word_1_332' title='bbox 1813 5306 1868 5318; x_wconf 92' lang='lat'><strong>--</strong></span> <span class='ocrx_word' id='word_1_333' title='bbox 1885 5281 1910 5316; x_wconf 79' lang='lat'>²</span> <span class='ocrx_word' id='word_1_334' title='bbox 1924 5278 2105 5345; x_wconf 60' lang='lat' dir='ltr'><strong>nist„</strong></span> <span class='ocrx_word' id='word_1_335' title='bbox 2127 5281 2326 5347; x_wconf 72' lang='lat' dir='ltr'><strong>Physic.</strong></span> 
     </span>
     <span class='ocr_line' id='line_1_47' title="bbox 789 5349 1271 5420; baseline 0.004 -15"><span class='ocrx_word' id='word_1_336' title='bbox 789 5349 881 5405; x_wconf 82' lang='lat' dir='ltr'><strong>lib.</strong></span> <span class='ocrx_word' id='word_1_337' title='bbox 903 5357 1002 5420; x_wconf 87' lang='lat'><strong>111,</strong></span> <span class='ocrx_word' id='word_1_338' title='bbox 1031 5361 1171 5408; x_wconf 85' lang='lat' dir='ltr'><strong>cont.</strong></span> <span class='ocrx_word' id='word_1_339' title='bbox 1189 5358 1271 5407; x_wconf 72' lang='lat'><strong>49.</strong></span> 
     </span>
    </p>
   </div>
   <div class='ocr_carea' id='block_1_10' title="bbox 1924 356 2835 424">
    <p class='ocr_par' dir='ltr' id='par_1_13' title="bbox 1924 356 2835 424">
     <span class='ocr_line' id='line_1_48' title="bbox 1924 356 2835 424; baseline 0.001 -1"><span class='ocrx_word' id='word_1_340' title='bbox 1924 356 2552 424; x_wconf 86' lang='lat' dir='ltr'><strong>SENTENTIARUM</strong></span> <span class='ocrx_word' id='word_1_341' title='bbox 2589 358 2738 424; x_wconf 88' lang='lat' dir='ltr'><strong>LlB.</strong></span> <span class='ocrx_word' id='word_1_342' title='bbox 2784 360 2835 424; x_wconf 88' lang='lat'><strong>1.</strong></span> 
     </span>
    </p>
   </div>
   <div class='ocr_carea' id='block_1_11' title="bbox 2434 472 4055 1651">
    <p class='ocr_par' dir='ltr' id='par_1_14' title="bbox 2435 472 4055 773">
     <span class='ocr_line' id='line_1_49' title="bbox 2435 472 4055 573; baseline 0.003 -18"><span class='ocrx_word' id='word_1_343' title='bbox 2435 495 2572 557; x_wconf 87' lang='lat' dir='ltr'><strong>sive</strong></span> <span class='ocrx_word' id='word_1_344' title='bbox 2592 495 2898 573; x_wconf 88' lang='lat' dir='ltr'><strong>formalis,</strong></span> <span class='ocrx_word' id='word_1_345' title='bbox 2928 494 3088 557; x_wconf 90' lang='lat' dir='ltr'><strong>nihil</strong></span> <span class='ocrx_word' id='word_1_346' title='bbox 3117 494 3378 559; x_wconf 89' lang='lat' dir='ltr'><strong>omnino</strong></span> <span class='ocrx_word' id='word_1_347' title='bbox 3403 493 3643 558; x_wconf 86' lang='lat' dir='ltr'><strong>habens</strong></span> <span class='ocrx_word' id='word_1_348' title='bbox 3665 497 3931 560; x_wconf 88' lang='lat' dir='ltr'><strong>materia·</strong></span> <span class='ocrx_word' id='word_1_349' title='bbox 4054 472 4055 509; x_wconf 60' lang='lat'>³</span> 
     </span>
     <span class='ocr_line' id='line_1_50' title="bbox 2435 600 3931 684; baseline 0.003 -21"><span class='ocrx_word' id='word_1_350' title='bbox 2435 600 2658 677; x_wconf 81' lang='lat' dir='ltr'><strong>litatis,</strong></span> <span class='ocrx_word' id='word_1_351' title='bbox 2696 621 2853 684; x_wconf 85' lang='lat' dir='ltr'><strong>ergo</strong></span> <span class='ocrx_word' id='word_1_352' title='bbox 2896 601 3262 684; x_wconf 89' lang='lat' dir='ltr'><strong>simpliciter</strong></span> <span class='ocrx_word' id='word_1_353' title='bbox 3302 607 3397 666; x_wconf 89' lang='lat' dir='ltr'><strong>est</strong></span> <span class='ocrx_word' id='word_1_354' title='bbox 3430 602 3642 682; x_wconf 84' lang='lat' dir='ltr'><strong>finita,</strong></span> <span class='ocrx_word' id='word_1_355' title='bbox 3685 608 3743 666; x_wconf 89' lang='lat' dir='ltr'><strong>et</strong></span> <span class='ocrx_word' id='word_1_356' title='bbox 3778 604 3931 668; x_wconf 81' lang='lat' dir='ltr'><strong>nullo</strong></span> 
     </span>
     <span class='ocr_line' id='line_1_51' title="bbox 2438 709 2924 773; baseline 0.004 -2"><span class='ocrx_word' id='word_1_357' title='bbox 2438 709 2626 772; x_wconf 92' lang='lat' dir='ltr'><strong>modo</strong></span> <span class='ocrx_word' id='word_1_358' title='bbox 2654 710 2924 773; x_wconf 85' lang='lat' dir='ltr'><strong>infinita.</strong></span> 
     </span>
    </p>

    <p class='ocr_par' dir='ltr' id='par_1_15' title="bbox 2435 814 4055 1222">
     <span class='ocr_line' id='line_1_52' title="bbox 2517 814 3936 899; baseline 0.004 -22"><span class='ocrx_word' id='word_1_359' title='bbox 2517 820 2578 879; x_wconf 73' lang='lat'><strong>4.</strong></span> <span class='ocrx_word' id='word_1_360' title='bbox 2623 814 2803 894; x_wconf 87' lang='lat' dir='ltr'><strong>Item,</strong></span> <span class='ocrx_word' id='word_1_361' title='bbox 2835 817 3001 880; x_wconf 89' lang='lat' dir='ltr'><strong>inter</strong></span> <span class='ocrx_word' id='word_1_362' title='bbox 3035 817 3512 882; x_wconf 79' lang='lat' dir='ltr'><strong>contradictorie</strong></span> <span class='ocrx_word' id='word_1_363' title='bbox 3555 817 3825 899; x_wconf 83' lang='lat' dir='ltr'><strong>opposita</strong></span> <span class='ocrx_word' id='word_1_364' title='bbox 3856 822 3936 882; x_wconf 87' lang='lat' dir='ltr'><strong>est</strong></span> 
     </span>
     <span class='ocr_line' id='line_1_53' title="bbox 2437 923 4055 989; baseline 0.001 -2"><span class='ocrx_word' id='word_1_365' title='bbox 2437 923 2729 987; x_wconf 86' lang='lat' dir='ltr'><strong>distantia</strong></span> <span class='ocrx_word' id='word_1_366' title='bbox 2745 924 2995 989; x_wconf 80' lang='lat' dir='ltr'><strong>infinita</strong></span> <span class='ocrx_word' id='word_1_367' title='bbox 3012 931 3069 989; x_wconf 79' lang='lat'><strong>²:</strong></span> <span class='ocrx_word' id='word_1_368' title='bbox 3097 924 3205 989; x_wconf 90' lang='lat' dir='ltr'><strong>sed</strong></span> <span class='ocrx_word' id='word_1_369' title='bbox 3225 928 3528 989; x_wconf 87' lang='lat' dir='ltr'><strong>creaturae</strong></span> <span class='ocrx_word' id='word_1_370' title='bbox 3548 924 3745 988; x_wconf 82' lang='lat' dir='ltr'><strong>virtus</strong></span> <span class='ocrx_word' id='word_1_371' title='bbox 3759 944 3937 989; x_wconf 90' lang='lat' dir='ltr'><strong>uuum</strong></span> <span class='ocrx_word' id='word_1_372' title='bbox 4054 942 4055 945; x_wconf 71' lang='grc'>’</span> 
     </span>
     <span class='ocr_line' id='line_1_54' title="bbox 2435 1031 3939 1113; baseline 0 -18"><span class='ocrx_word' id='word_1_373' title='bbox 2435 1031 2680 1096; x_wconf 84' lang='lat' dir='ltr'><strong>reducit</strong></span> <span class='ocrx_word' id='word_1_374' title='bbox 2705 1031 2785 1095; x_wconf 90' lang='lat' dir='ltr'><strong>ad</strong></span> <span class='ocrx_word' id='word_1_375' title='bbox 2820 1032 3113 1113; x_wconf 90' lang='lat' dir='ltr'><strong>alterum,</strong></span> <span class='ocrx_word' id='word_1_376' title='bbox 3150 1038 3224 1097; x_wconf 87' lang='lat' dir='ltr'><strong>ut</strong></span> <span class='ocrx_word' id='word_1_377' title='bbox 3258 1051 3390 1098; x_wconf 91' lang='lat' dir='ltr'><strong>non</strong></span> <span class='ocrx_word' id='word_1_378' title='bbox 3427 1037 3777 1097; x_wconf 89' lang='lat' dir='ltr'><strong>currentem</strong></span> <span class='ocrx_word' id='word_1_379' title='bbox 3811 1031 3939 1096; x_wconf 83' lang='lat' dir='ltr'><strong>facit</strong></span> 
     </span>
     <span class='ocr_line' id='line_1_55' title="bbox 2436 1143 3615 1222; baseline 0.002 -21"><span class='ocrx_word' id='word_1_380' title='bbox 2436 1157 2713 1219; x_wconf 91' lang='lat' dir='ltr'><strong>currere,</strong></span> <span class='ocrx_word' id='word_1_381' title='bbox 2744 1143 2808 1204; x_wconf 91' lang='lat' dir='ltr'><strong>et</strong></span> <span class='ocrx_word' id='word_1_382' title='bbox 2829 1143 3043 1205; x_wconf 88' lang='lat' dir='ltr'><strong>tamen</strong></span> <span class='ocrx_word' id='word_1_383' title='bbox 3069 1145 3162 1206; x_wconf 91' lang='lat' dir='ltr'><strong>est</strong></span> <span class='ocrx_word' id='word_1_384' title='bbox 3185 1143 3405 1205; x_wconf 82' lang='lat' dir='ltr'><strong>finita:</strong></span> <span class='ocrx_word' id='word_1_385' title='bbox 3435 1159 3615 1222; x_wconf 85' lang='lat' dir='ltr'><strong>erg0.</strong></span> 
     </span>
    </p>

    <p class='ocr_par' dir='ltr' id='par_1_16' title="bbox 2434 1245 3946 1651">
     <span class='ocr_line' id='line_1_56' title="bbox 2515 1245 3941 1333; baseline 0.003 -23"><span class='ocrx_word' id='word_1_386' title='bbox 2515 1252 2575 1310; x_wconf 77' lang='lat'><strong>5.</strong></span> <span class='ocrx_word' id='word_1_387' title='bbox 2595 1245 2776 1328; x_wconf 87' lang='lat' dir='ltr'><strong>Item,</strong></span> <span class='ocrx_word' id='word_1_388' title='bbox 2797 1248 2983 1313; x_wconf 84' lang='lat' dir='ltr'><strong>video</strong></span> <span class='ocrx_word' id='word_1_389' title='bbox 3002 1251 3172 1333; x_wconf 89' lang='lat' dir='ltr'><strong>quod</strong></span> <span class='ocrx_word' id='word_1_390' title='bbox 3190 1251 3407 1315; x_wconf 89' lang='lat' dir='ltr'><strong>anima</strong></span> <span class='ocrx_word' id='word_1_391' title='bbox 3421 1251 3615 1314; x_wconf 90' lang='lat' dir='ltr'><strong>habet</strong></span> <span class='ocrx_word' id='word_1_392' title='bbox 3630 1250 3941 1332; x_wconf 87' lang='lat' dir='ltr'><strong>potentiam</strong></span> 
     </span>
     <span class='ocr_line' id='line_1_57' title="bbox 2434 1353 3941 1439; baseline 0.001 -21"><span class='ocrx_word' id='word_1_393' title='bbox 2434 1353 2698 1419; x_wconf 92' lang='lat' dir='ltr'><strong>omnino</strong></span> <span class='ocrx_word' id='word_1_394' title='bbox 2730 1356 3195 1421; x_wconf 86' lang='lat' dir='ltr'><strong>indifferentem</strong></span> <span class='ocrx_word' id='word_1_395' title='bbox 3231 1359 3311 1422; x_wconf 84' lang='lat' dir='ltr'><strong>ab</strong></span> <span class='ocrx_word' id='word_1_396' title='bbox 3353 1358 3645 1436; x_wconf 86' lang='lat' dir='ltr'><strong>essentia,</strong></span> <span class='ocrx_word' id='word_1_397' title='bbox 3673 1358 3824 1420; x_wconf 90' lang='lat' dir='ltr'><strong>sicut</strong></span> <span class='ocrx_word' id='word_1_398' title='bbox 3843 1375 3941 1439; x_wconf 88' lang='lat' dir='ltr'><strong>po-</strong></span> 
     </span>
     <span class='ocr_line' id='line_1_58' title="bbox 2436 1462 3944 1547; baseline 0.001 -23"><span class='ocrx_word' id='word_1_399' title='bbox 2436 1462 2699 1526; x_wconf 88' lang='lat' dir='ltr'><strong>tentiam</strong></span> <span class='ocrx_word' id='word_1_400' title='bbox 2740 1463 2818 1545; x_wconf 84' lang='lat' dir='ltr'><strong>(a)</strong></span> <span class='ocrx_word' id='word_1_401' title='bbox 2864 1463 3229 1529; x_wconf 83' lang='lat' dir='ltr'><strong>vivificandi</strong></span> <span class='ocrx_word' id='word_1_402' title='bbox 3260 1483 3518 1547; x_wconf 81' lang='lat' dir='ltr'><strong>corpus;</strong></span> <span class='ocrx_word' id='word_1_403' title='bbox 3564 1463 3752 1528; x_wconf 88' lang='lat' dir='ltr'><strong>habet</strong></span> <span class='ocrx_word' id='word_1_404' title='bbox 3777 1464 3944 1527; x_wconf 88' lang='lat' dir='ltr'><strong>etiam</strong></span> 
     </span>
     <span class='ocr_line' id='line_1_59' title="bbox 2434 1570 3946 1651; baseline 0.002 -20"><span class='ocrx_word' id='word_1_405' title='bbox 2434 1570 2782 1650; x_wconf 86' lang='lat' dir='ltr'><strong>potentiam</strong></span> <span class='ocrx_word' id='word_1_406' title='bbox 2810 1571 2889 1635; x_wconf 88' lang='lat' dir='ltr'><strong>ad</strong></span> <span class='ocrx_word' id='word_1_407' title='bbox 2920 1576 3136 1634; x_wconf 89' lang='lat' dir='ltr'><strong>actum</strong></span> <span class='ocrx_word' id='word_1_408' title='bbox 3167 1571 3516 1651; x_wconf 80' lang='lat' dir='ltr'><strong>infinitum,</strong></span> <span class='ocrx_word' id='word_1_409' title='bbox 3559 1572 3722 1634; x_wconf 86' lang='lat' dir='ltr'><strong>sicut</strong></span> <span class='ocrx_word' id='word_1_410' title='bbox 3749 1572 3822 1634; x_wconf 87' lang='lat' dir='ltr'><strong>ad</strong></span> <span class='ocrx_word' id='word_1_411' title='bbox 3841 1570 3946 1634; x_wconf 90' lang='lat' dir='ltr'><strong>du-</strong></span> 
     </span>
    </p>
   </div>
   <div class='ocr_carea' id='block_1_12' title="bbox 2434 1676 3942 1862">
    <p class='ocr_par' dir='ltr' id='par_1_17' title="bbox 2434 1676 3942 1862">
     <span class='ocr_line' id='line_1_60' title="bbox 2434 1676 3942 1767; baseline 0.001 -29"><span class='ocrx_word' id='word_1_412' title='bbox 2434 1676 2712 1741; x_wconf 89' lang='lat' dir='ltr'><strong>randum</strong></span> <span class='ocrx_word' id='word_1_413' title='bbox 2764 1679 2897 1741; x_wconf 91' lang='lat' dir='ltr'><strong>sive</strong></span> <span class='ocrx_word' id='word_1_414' title='bbox 2943 1678 3447 1767; x_wconf 79' lang='lat' dir='ltr'><strong>permanendum</strong></span> <span class='ocrx_word' id='word_1_415' title='bbox 3488 1679 3559 1741; x_wconf 90' lang='lat' dir='ltr'><strong>in</strong></span> <span class='ocrx_word' id='word_1_416' title='bbox 3611 1676 3942 1757; x_wconf 81' lang='lat' dir='ltr'><strong>infinitum3</strong></span> 
     </span>
     <span class='ocr_line' id='line_1_61' title="bbox 2435 1777 3942 1862; baseline 0.001 -21"><span class='ocrx_word' id='word_1_417' title='bbox 2435 1777 2627 1843; x_wconf 87' lang='lat' dir='ltr'><strong>hahet</strong></span> <span class='ocrx_word' id='word_1_418' title='bbox 2660 1781 3007 1862; x_wconf 87' lang='lat' dir='ltr'><strong>potentiam</strong></span> <span class='ocrx_word' id='word_1_419' title='bbox 3048 1781 3463 1845; x_wconf 87' lang='lat' dir='ltr'><strong>nihilomiuus</strong></span> <span class='ocrx_word' id='word_1_420' title='bbox 3500 1781 3584 1845; x_wconf 89' lang='lat' dir='ltr'><strong>ad</strong></span> <span class='ocrx_word' id='word_1_421' title='bbox 3617 1784 3790 1844; x_wconf 87' lang='lat' dir='ltr'><strong>actus</strong></span> <span class='ocrx_word' id='word_1_422' title='bbox 3814 1780 3942 1843; x_wconf 87' lang='lat' dir='ltr'><strong>infi-</strong></span> 
     </span>
    </p>
   </div>
   <div class='ocr_carea' id='block_1_13' title="bbox 2434 1886 3948 2294">
    <p class='ocr_par' dir='ltr' id='par_1_18' title="bbox 2434 1886 3948 2294">
     <span class='ocr_line' id='line_1_62' title="bbox 2434 1886 3944 1971; baseline 0.001 -22"><span class='ocrx_word' id='word_1_423' title='bbox 2434 1886 2624 1965; x_wconf 50' lang='lat' dir='ltr'><strong>nito&amp;</strong></span> <span class='ocrx_word' id='word_1_424' title='bbox 2654 1892 2717 1951; x_wconf 90' lang='lat' dir='ltr'><strong>et</strong></span> <span class='ocrx_word' id='word_1_425' title='bbox 2747 1893 2963 1952; x_wconf 89' lang='lat' dir='ltr'><strong>tamen</strong></span> <span class='ocrx_word' id='word_1_426' title='bbox 2989 1889 3127 1971; x_wconf 90' lang='lat' dir='ltr'><strong>ipsa</strong></span> <span class='ocrx_word' id='word_1_427' title='bbox 3156 1889 3433 1971; x_wconf 90' lang='lat' dir='ltr'><strong>potentia</strong></span> <span class='ocrx_word' id='word_1_428' title='bbox 3459 1892 3552 1952; x_wconf 85' lang='lat' dir='ltr'><strong>est</strong></span> <span class='ocrx_word' id='word_1_429' title='bbox 3576 1888 3756 1951; x_wconf 87' lang='lat' dir='ltr'><strong>finita</strong></span> <span class='ocrx_word' id='word_1_430' title='bbox 3773 1886 3836 1950; x_wconf 90' lang='lat' dir='ltr'><strong>in</strong></span> <span class='ocrx_word' id='word_1_431' title='bbox 3856 1906 3944 1951; x_wconf 85' lang='lat' dir='ltr'><strong>se:</strong></span> 
     </span>
     <span class='ocr_line' id='line_1_63' title="bbox 2436 1994 3945 2078; baseline -0.001 -20"><span class='ocrx_word' id='word_1_432' title='bbox 2436 2011 2593 2074; x_wconf 89' lang='lat' dir='ltr'><strong>ergo</strong></span> <span class='ocrx_word' id='word_1_433' title='bbox 2614 1994 2868 2060; x_wconf 83' lang='lat' dir='ltr'><strong>videtur</strong></span> <span class='ocrx_word' id='word_1_434' title='bbox 2888 1996 3027 2078; x_wconf 88' lang='lat' dir='ltr'><strong>pari</strong></span> <span class='ocrx_word' id='word_1_435' title='bbox 3056 1996 3298 2060; x_wconf 90' lang='lat' dir='ltr'><strong>ratione</strong></span> <span class='ocrx_word' id='word_1_436' title='bbox 3325 1996 3403 2061; x_wconf 89' lang='lat' dir='ltr'><strong>de</strong></span> <span class='ocrx_word' id='word_1_437' title='bbox 3430 1995 3648 2060; x_wconf 86' lang='lat' dir='ltr'><strong>divina</strong></span> <span class='ocrx_word' id='word_1_438' title='bbox 3672 1994 3945 2078; x_wconf 88' lang='lat' dir='ltr'><strong>potentia,</strong></span> 
     </span>
     <span class='ocr_line' id='line_1_64' title="bbox 2438 2101 3948 2186; baseline 0.001 -23"><span class='ocrx_word' id='word_1_439' title='bbox 2438 2120 2586 2165; x_wconf 92' lang='lat' dir='ltr'><strong>cum</strong></span> <span class='ocrx_word' id='word_1_440' title='bbox 2620 2104 2836 2166; x_wconf 89' lang='lat' dir='ltr'><strong>anima</strong></span> <span class='ocrx_word' id='word_1_441' title='bbox 2856 2103 2937 2166; x_wconf 87' lang='lat' dir='ltr'><strong>sit</strong></span> <span class='ocrx_word' id='word_1_442' title='bbox 2957 2120 3253 2186; x_wconf 85' lang='lat' dir='ltr'><strong>expressa</strong></span> <span class='ocrx_word' id='word_1_443' title='bbox 3281 2104 3496 2185; x_wconf 82' lang='lat' dir='ltr'><strong>imago</strong></span> <span class='ocrx_word' id='word_1_444' title='bbox 3515 2102 3649 2166; x_wconf 91' lang='lat' dir='ltr'><strong>Dei.</strong></span> <span class='ocrx_word' id='word_1_445' title='bbox 3678 2101 3845 2167; x_wconf 91' lang='lat' dir='ltr'><strong>Unde</strong></span> <span class='ocrx_word' id='word_1_446' title='bbox 3864 2103 3948 2165; x_wconf 88' lang='lat' dir='ltr'><strong>vi-</strong></span> 
     </span>
     <span class='ocr_line' id='line_1_65' title="bbox 2437 2210 3759 2294; baseline 0.001 -20"><span class='ocrx_word' id='word_1_447' title='bbox 2437 2210 2668 2274; x_wconf 87' lang='lat' dir='ltr'><strong>dentur</strong></span> <span class='ocrx_word' id='word_1_448' title='bbox 2692 2210 2967 2275; x_wconf 89' lang='lat' dir='ltr'><strong>rationes</strong></span> <span class='ocrx_word' id='word_1_449' title='bbox 2992 2211 3309 2294; x_wconf 82' lang='lat' dir='ltr'><strong>praedictae</strong></span> <span class='ocrx_word' id='word_1_450' title='bbox 3340 2211 3499 2276; x_wconf 89' lang='lat' dir='ltr'><strong>nihil</strong></span> <span class='ocrx_word' id='word_1_451' title='bbox 3525 2211 3759 2277; x_wconf 89' lang='lat' dir='ltr'><strong>valere.</strong></span> 
     </span>
    </p>
   </div>
   <div class='ocr_carea' id='block_1_14' title="bbox 2998 2440 3527 2519">
    <p class='ocr_par' dir='ltr' id='par_1_19' title="bbox 2998 2440 3527 2519">
     <span class='ocr_line' id='line_1_66' title="bbox 2998 2440 3527 2519; baseline -0.002 0"><span class='ocrx_word' id='word_1_452' title='bbox 2998 2450 3455 2519; x_wconf 88' lang='lat' dir='ltr'><strong>CONCLUSIO.</strong></span> <span class='ocrx_word' id='word_1_453' title='bbox 3518 2440 3527 2453; x_wconf 76' lang='grc'><strong>’</strong></span> 
     </span>
    </p>
   </div>
   <div class='ocr_carea' id='block_1_15' title="bbox 2465 2612 3952 2763">
    <p class='ocr_par' dir='ltr' id='par_1_20' title="bbox 2465 2612 3952 2763">
     <span class='ocr_line' id='line_1_67' title="bbox 2465 2612 3952 2688; baseline -0.001 -19"><span class='ocrx_word' id='word_1_454' title='bbox 2465 2613 2716 2669; x_wconf 79' lang='lat' dir='ltr'><strong>Potentia</strong></span> <span class='ocrx_word' id='word_1_455' title='bbox 2737 2612 2941 2670; x_wconf 80' lang='lat' dir='ltr'><strong>divina</strong></span> <span class='ocrx_word' id='word_1_456' title='bbox 2970 2618 3047 2671; x_wconf 82' lang='lat' dir='ltr'><strong>est</strong></span> <span class='ocrx_word' id='word_1_457' title='bbox 3071 2616 3301 2688; x_wconf 78' lang='lat' dir='ltr'><strong>infinita</strong></span> <span class='ocrx_word' id='word_1_458' title='bbox 3327 2618 3389 2671; x_wconf 80' lang='lat' dir='ltr'><strong>in</strong></span> <span class='ocrx_word' id='word_1_459' title='bbox 3418 2617 3649 2684; x_wconf 79' lang='lat' dir='ltr'><strong>virtute,</strong></span> <span class='ocrx_word' id='word_1_460' title='bbox 3680 2617 3741 2670; x_wconf 80' lang='lat' dir='ltr'><strong>in</strong></span> <span class='ocrx_word' id='word_1_461' title='bbox 3762 2618 3881 2671; x_wconf 78' lang='lat' dir='ltr'><strong>actu</strong></span> <span class='ocrx_word' id='word_1_462' title='bbox 3906 2618 3952 2671; x_wconf 79' lang='lat' dir='ltr'><strong>et</strong></span> 
     </span>
     <span class='ocr_line' id='line_1_68' title="bbox 3055 2705 3356 2763; baseline 0.007 -2"><span class='ocrx_word' id='word_1_463' title='bbox 3055 2709 3119 2762; x_wconf 84' lang='lat' dir='ltr'><strong>in</strong></span> <span class='ocrx_word' id='word_1_464' title='bbox 3144 2705 3356 2763; x_wconf 80' lang='lat' dir='ltr'><strong>habitu.</strong></span> 
     </span>
    </p>
   </div>
   <div class='ocr_carea' id='block_1_16' title="bbox 2434 2854 4055 4554">
    <p class='ocr_par' dir='ltr' id='par_1_21' title="bbox 2434 2854 4055 4554">
     <span class='ocr_line' id='line_1_69' title="bbox 2520 2854 3956 2940; baseline 0 -20"><span class='ocrx_word' id='word_1_465' title='bbox 2520 2854 2704 2939; x_wconf 86' lang='lat' dir='ltr'><strong>Resp.</strong></span> <span class='ocrx_word' id='word_1_466' title='bbox 2720 2856 2802 2922; x_wconf 89' lang='lat' dir='ltr'><strong>ad</strong></span> <span class='ocrx_word' id='word_1_467' title='bbox 2826 2857 3102 2940; x_wconf 84' lang='lat' dir='ltr'><strong>Argum.</strong></span> <span class='ocrx_word' id='word_1_468' title='bbox 3126 2857 3476 2923; x_wconf 86' lang='lat' dir='ltr'><strong>Dicendum</strong></span> <span class='ocrx_word' id='word_1_469' title='bbox 3496 2858 3672 2940; x_wconf 87' lang='lat' dir='ltr'><strong>quod</strong></span> <span class='ocrx_word' id='word_1_470' title='bbox 3695 2856 3956 2923; x_wconf 86' lang='lat' dir='ltr'><strong>divinam</strong></span> 
     </span>
     <span class='ocr_line' id='line_1_70' title="bbox 2435 2962 3952 3046; baseline 0 -21"><span class='ocrx_word' id='word_1_471' title='bbox 2435 2963 2779 3043; x_wconf 86' lang='lat' dir='ltr'><strong>potentiam</strong></span> <span class='ocrx_word' id='word_1_472' title='bbox 2815 2967 2910 3027; x_wconf 87' lang='lat' dir='ltr'><strong>est</strong></span> <span class='ocrx_word' id='word_1_473' title='bbox 2945 2982 3182 3046; x_wconf 90' lang='lat' dir='ltr'><strong>ponere</strong></span> <span class='ocrx_word' id='word_1_474' title='bbox 3219 2967 3483 3030; x_wconf 89' lang='lat' dir='ltr'><strong>omnino</strong></span> <span class='ocrx_word' id='word_1_475' title='bbox 3517 2965 3588 3029; x_wconf 90' lang='lat' dir='ltr'><strong>in</strong></span> <span class='ocrx_word' id='word_1_476' title='bbox 3621 2968 3765 3029; x_wconf 84' lang='lat' dir='ltr'><strong>actu</strong></span> <span class='ocrx_word' id='word_1_477' title='bbox 3801 2968 3860 3027; x_wconf 90' lang='lat' dir='ltr'><strong>et</strong></span> <span class='ocrx_word' id='word_1_478' title='bbox 3894 2962 3952 3025; x_wconf 90' lang='lat' dir='ltr'><strong>in</strong></span> 
     </span>
     <span class='ocr_line' id='line_1_71' title="bbox 2435 3068 3954 3158; baseline 0 -25"><span class='ocrx_word' id='word_1_479' title='bbox 2435 3068 2660 3135; x_wconf 88' lang='lat' dir='ltr'><strong>habitu</strong></span> <span class='ocrx_word' id='word_1_480' title='bbox 2695 3071 3037 3153; x_wconf 81' lang='lat' dir='ltr'><strong>infinitam,</strong></span> <span class='ocrx_word' id='word_1_481' title='bbox 3067 3073 3230 3138; x_wconf 88' lang='lat' dir='ltr'><strong>sicut</strong></span> <span class='ocrx_word' id='word_1_482' title='bbox 3259 3073 3602 3158; x_wconf 87' lang='lat' dir='ltr'><strong>probatum</strong></span> <span class='ocrx_word' id='word_1_483' title='bbox 3626 3077 3723 3137; x_wconf 88' lang='lat' dir='ltr'><strong>est</strong></span> <span class='ocrx_word' id='word_1_484' title='bbox 3747 3089 3854 3155; x_wconf 87' lang='lat' dir='ltr'><strong>per</strong></span> <span class='ocrx_word' id='word_1_485' title='bbox 3871 3070 3954 3134; x_wconf 83' lang='lat' dir='ltr'><strong>ef-</strong></span> 
     </span>
     <span class='ocr_line' id='line_1_72' title="bbox 2435 3175 3957 3263; baseline 0.001 -25"><span class='ocrx_word' id='word_1_486' title='bbox 2435 3175 2673 3242; x_wconf 83' lang='lat' dir='ltr'><strong>fectum</strong></span> <span class='ocrx_word' id='word_1_487' title='bbox 2723 3197 2764 3242; x_wconf 90' lang='lat' dir='ltr'><strong>a</strong></span> <span class='ocrx_word' id='word_1_488' title='bbox 2813 3181 3175 3261; x_wconf 86' lang='lat' dir='ltr'><strong>posteriori,</strong></span> <span class='ocrx_word' id='word_1_489' title='bbox 3231 3181 3383 3263; x_wconf 90' lang='lat' dir='ltr'><strong>quia</strong></span> <span class='ocrx_word' id='word_1_490' title='bbox 3438 3180 3631 3245; x_wconf 90' lang='lat' dir='ltr'><strong>habet</strong></span> <span class='ocrx_word' id='word_1_491' title='bbox 3683 3178 3957 3243; x_wconf 82' lang='lat' dir='ltr'><strong>effectum</strong></span> 
     </span>
     <span class='ocr_line' id='line_1_73' title="bbox 2434 3283 3953 3370; baseline 0 -22"><span class='ocrx_word' id='word_1_492' title='bbox 2434 3283 2763 3349; x_wconf 86' lang='lat' dir='ltr'><strong>infinitum</strong></span> <span class='ocrx_word' id='word_1_493' title='bbox 2780 3285 3136 3366; x_wconf 89' lang='lat' dir='ltr'><strong>duratione,</strong></span> <span class='ocrx_word' id='word_1_494' title='bbox 3158 3291 3223 3352; x_wconf 89' lang='lat' dir='ltr'><strong>et</strong></span> <span class='ocrx_word' id='word_1_495' title='bbox 3247 3288 3533 3352; x_wconf 81' lang='lat' dir='ltr'><strong>infinitos</strong></span> <span class='ocrx_word' id='word_1_496' title='bbox 3560 3285 3953 3370; x_wconf 87' lang='lat' dir='ltr'><strong>appositione,</strong></span> 
     </span>
     <span class='ocr_line' id='line_1_74' title="bbox 2434 3391 3960 3479; baseline 0 -24"><span class='ocrx_word' id='word_1_497' title='bbox 2434 3391 2515 3455; x_wconf 90' lang='lat' dir='ltr'><strong>ad</strong></span> <span class='ocrx_word' id='word_1_498' title='bbox 2545 3410 2706 3475; x_wconf 88' lang='lat' dir='ltr'><strong>quos</strong></span> <span class='ocrx_word' id='word_1_499' title='bbox 2749 3400 3155 3477; x_wconf 88' lang='lat' dir='ltr'><strong>comparatur</strong></span> <span class='ocrx_word' id='word_1_500' title='bbox 3191 3399 3267 3460; x_wconf 91' lang='lat' dir='ltr'><strong>ut</strong></span> <span class='ocrx_word' id='word_1_501' title='bbox 3311 3400 3491 3460; x_wconf 89' lang='lat' dir='ltr'><strong>actus</strong></span> <span class='ocrx_word' id='word_1_502' title='bbox 3524 3411 3763 3479; x_wconf 89' lang='lat' dir='ltr'><strong>purus,</strong></span> <span class='ocrx_word' id='word_1_503' title='bbox 3811 3398 3870 3457; x_wconf 88' lang='lat' dir='ltr'><strong>et</strong></span> <span class='ocrx_word' id='word_1_504' title='bbox 3896 3395 3960 3456; x_wconf 87' lang='lat' dir='ltr'><strong>ut</strong></span> 
     </span>
     <span class='ocr_line' id='line_1_75' title="bbox 2435 3501 3961 3585; baseline -0.001 -21"><span class='ocrx_word' id='word_1_505' title='bbox 2435 3503 2567 3564; x_wconf 87' lang='lat' dir='ltr'><strong>tota</strong></span> <span class='ocrx_word' id='word_1_506' title='bbox 2613 3518 2805 3566; x_wconf 85' lang='lat' dir='ltr'><strong>causa</strong></span> <span class='ocrx_word' id='word_1_507' title='bbox 2836 3506 2901 3566; x_wconf 88' lang='lat' dir='ltr'><strong>et</strong></span> <span class='ocrx_word' id='word_1_508' title='bbox 2937 3502 3100 3567; x_wconf 87' lang='lat' dir='ltr'><strong>ratio</strong></span> <span class='ocrx_word' id='word_1_509' title='bbox 3127 3501 3370 3567; x_wconf 89' lang='lat' dir='ltr'><strong>hahens</strong></span> <span class='ocrx_word' id='word_1_510' title='bbox 3409 3504 3480 3566; x_wconf 91' lang='lat' dir='ltr'><strong>in</strong></span> <span class='ocrx_word' id='word_1_511' title='bbox 3520 3521 3586 3567; x_wconf 88' lang='lat' dir='ltr'><strong>se</strong></span> <span class='ocrx_word' id='word_1_512' title='bbox 3625 3503 3875 3585; x_wconf 90' lang='lat' dir='ltr'><strong>plenam</strong></span> <span class='ocrx_word' id='word_1_513' title='bbox 3907 3504 3961 3563; x_wconf 88' lang='lat' dir='ltr'><strong>et</strong></span> 
     </span>
     <span class='ocr_line' id='line_1_76' title="bbox 2436 3609 4055 3693; baseline -0.001 -21"><span class='ocrx_word' id='word_1_514' title='bbox 2436 3609 2777 3691; x_wconf 80' lang='lat' dir='ltr'><strong>perfectam</strong></span> <span class='ocrx_word' id='word_1_515' title='bbox 2792 3610 3217 3675; x_wconf 84' lang='lat' dir='ltr'><strong>actualitatem</strong></span> <span class='ocrx_word' id='word_1_516' title='bbox 3237 3613 3527 3693; x_wconf 82' lang='lat' dir='ltr'><strong>respectu</strong></span> <span class='ocrx_word' id='word_1_517' title='bbox 3546 3610 3955 3674; x_wconf 86' lang='lat' dir='ltr'><strong>infinitorum:</strong></span> <span class='ocrx_word' id='word_1_518' title='bbox 4054 3675 4055 3684; x_wconf 10' lang='grc' dir='ltr'><strong>ἶ</strong></span> 
     </span>
     <span class='ocr_line' id='line_1_77' title="bbox 2439 3717 3964 3800; baseline 0 -22"><span class='ocrx_word' id='word_1_519' title='bbox 2439 3718 2504 3779; x_wconf 91' lang='lat' dir='ltr'><strong>et</strong></span> <span class='ocrx_word' id='word_1_520' title='bbox 2541 3734 2793 3781; x_wconf 90' lang='lat' dir='ltr'><strong>necesse</strong></span> <span class='ocrx_word' id='word_1_521' title='bbox 2820 3721 2936 3795; x_wconf 91' lang='lat' dir='ltr'><strong>est,</strong></span> <span class='ocrx_word' id='word_1_522' title='bbox 2964 3736 3114 3781; x_wconf 91' lang='lat' dir='ltr'><strong>cum</strong></span> <span class='ocrx_word' id='word_1_523' title='bbox 3140 3717 3371 3782; x_wconf 87' lang='lat' dir='ltr'><strong>haheat</strong></span> <span class='ocrx_word' id='word_1_524' title='bbox 3398 3721 3604 3781; x_wconf 84' lang='lat' dir='ltr'><strong>totum</strong></span> <span class='ocrx_word' id='word_1_525' title='bbox 3635 3717 3807 3800; x_wconf 90' lang='lat' dir='ltr'><strong>quod</strong></span> <span class='ocrx_word' id='word_1_526' title='bbox 3844 3735 3964 3779; x_wconf 89' lang='lat' dir='ltr'><strong>un-</strong></span> 
     </span>
     <span class='ocr_line' id='line_1_78' title="bbox 2439 3823 3965 3908; baseline -0.001 -21"><span class='ocrx_word' id='word_1_527' title='bbox 2439 3841 2634 3906; x_wconf 89' lang='lat' dir='ltr'><strong>quam</strong></span> <span class='ocrx_word' id='word_1_528' title='bbox 2662 3824 2964 3889; x_wconf 88' lang='lat' dir='ltr'><strong>habitura</strong></span> <span class='ocrx_word' id='word_1_529' title='bbox 2980 3829 3097 3904; x_wconf 87' lang='lat' dir='ltr'><strong>est,</strong></span> <span class='ocrx_word' id='word_1_530' title='bbox 3119 3829 3182 3889; x_wconf 90' lang='lat' dir='ltr'><strong>et</strong></span> <span class='ocrx_word' id='word_1_531' title='bbox 3206 3843 3288 3888; x_wconf 92' lang='lat' dir='ltr'><strong>ex</strong></span> <span class='ocrx_word' id='word_1_532' title='bbox 3310 3843 3377 3889; x_wconf 89' lang='lat' dir='ltr'><strong>se</strong></span> <span class='ocrx_word' id='word_1_533' title='bbox 3398 3824 3628 3889; x_wconf 88' lang='lat' dir='ltr'><strong>habeat</strong></span> <span class='ocrx_word' id='word_1_534' title='bbox 3648 3825 3815 3908; x_wconf 91' lang='lat' dir='ltr'><strong>quod</strong></span> <span class='ocrx_word' id='word_1_535' title='bbox 3844 3823 3965 3906; x_wconf 87' lang='lat' dir='ltr'><strong>ipsa</strong></span> 
     </span>
     <span class='ocr_line' id='line_1_79' title="bbox 2438 3931 3966 3997; baseline -0.003 -1"><span class='ocrx_word' id='word_1_536' title='bbox 2438 3931 2695 3996; x_wconf 84' lang='lat' dir='ltr'><strong>infinita</strong></span> <span class='ocrx_word' id='word_1_537' title='bbox 2738 3933 2842 3996; x_wconf 87' lang='lat' dir='ltr'><strong>sit.</strong></span> <span class='ocrx_word' id='word_1_538' title='bbox 2890 3932 3034 3996; x_wconf 88' lang='lat' dir='ltr'><strong>Alia</strong></span> <span class='ocrx_word' id='word_1_539' title='bbox 3084 3932 3329 3997; x_wconf 88' lang='lat' dir='ltr'><strong>ratione</strong></span> <span class='ocrx_word' id='word_1_540' title='bbox 3370 3932 3724 3997; x_wconf 89' lang='lat' dir='ltr'><strong>ostenditur</strong></span> <span class='ocrx_word' id='word_1_541' title='bbox 3767 3932 3884 3994; x_wconf 89' lang='lat' dir='ltr'><strong>hoc</strong></span> <span class='ocrx_word' id='word_1_542' title='bbox 3930 3948 3966 3991; x_wconf 88' lang='lat' dir='ltr'><strong>a</strong></span> 
     </span>
     <span class='ocr_line' id='line_1_80' title="bbox 2441 4037 4055 4123; baseline -0.002 -20"><span class='ocrx_word' id='word_1_543' title='bbox 2441 4040 2660 4122; x_wconf 88' lang='lat' dir='ltr'><strong>priori.</strong></span> <span class='ocrx_word' id='word_1_544' title='bbox 2685 4037 2950 4123; x_wconf 90' lang='lat' dir='ltr'><strong>Propter</strong></span> <span class='ocrx_word' id='word_1_545' title='bbox 2978 4059 3301 4103; x_wconf 87' lang='lat' dir='ltr'><strong>summam</strong></span> <span class='ocrx_word' id='word_1_546' title='bbox 3328 4041 3501 4106; x_wconf 93' lang='lat' dir='ltr'><strong>enim</strong></span> <span class='ocrx_word' id='word_1_547' title='bbox 3532 4038 3967 4104; x_wconf 83' lang='lat' dir='ltr'><strong>indivisionem</strong></span> <span class='ocrx_word' id='word_1_548' title='bbox 4054 4081 4055 4092; x_wconf 27' lang='lat'>¹</span> 
     </span>
     <span class='ocr_line' id='line_1_81' title="bbox 2440 4147 3966 4232; baseline -0.003 -20"><span class='ocrx_word' id='word_1_549' title='bbox 2440 4147 2698 4212; x_wconf 80' lang='lat' dir='ltr'><strong>virtutis</strong></span> <span class='ocrx_word' id='word_1_550' title='bbox 2731 4165 2883 4212; x_wconf 90' lang='lat' dir='ltr'><strong>cum</strong></span> <span class='ocrx_word' id='word_1_551' title='bbox 2917 4148 3221 4229; x_wconf 87' lang='lat' dir='ltr'><strong>essentia,</strong></span> <span class='ocrx_word' id='word_1_552' title='bbox 3267 4152 3331 4213; x_wconf 92' lang='lat' dir='ltr'><strong>et</strong></span> <span class='ocrx_word' id='word_1_553' title='bbox 3362 4152 3621 4232; x_wconf 86' lang='lat' dir='ltr'><strong>propter</strong></span> <span class='ocrx_word' id='word_1_554' title='bbox 3656 4163 3966 4212; x_wconf 87' lang='lat' dir='ltr'><strong>summam</strong></span> 
     </span>
     <span class='ocr_line' id='line_1_82' title="bbox 2441 4254 4055 4338; baseline -0.001 -19"><span class='ocrx_word' id='word_1_555' title='bbox 2441 4255 2754 4319; x_wconf 81' lang='lat' dir='ltr'><strong>unitatem</strong></span> <span class='ocrx_word' id='word_1_556' title='bbox 2781 4255 2981 4337; x_wconf 89' lang='lat' dir='ltr'><strong>ipsius</strong></span> <span class='ocrx_word' id='word_1_557' title='bbox 3013 4254 3290 4334; x_wconf 80' lang='lat' dir='ltr'><strong>virtutis,</strong></span> <span class='ocrx_word' id='word_1_558' title='bbox 3324 4254 3715 4338; x_wconf 86' lang='lat' dir='ltr'><strong>ubicumque</strong></span> <span class='ocrx_word' id='word_1_559' title='bbox 3755 4256 3963 4337; x_wconf 85' lang='lat' dir='ltr'><strong>potest,</strong></span> <span class='ocrx_word' id='word_1_560' title='bbox 4054 4283 4055 4292; x_wconf 20' lang='grc' dir='ltr'><strong>κ</strong></span> 
     </span>
     <span class='ocr_line' id='line_1_83' title="bbox 2442 4359 3962 4445; baseline -0.002 -20"><span class='ocrx_word' id='word_1_561' title='bbox 2442 4365 2576 4426; x_wconf 84' lang='lat' dir='ltr'><strong>tota</strong></span> <span class='ocrx_word' id='word_1_562' title='bbox 2610 4366 2840 4445; x_wconf 81' lang='lat' dir='ltr'><strong>potest3</strong></span> <span class='ocrx_word' id='word_1_563' title='bbox 2876 4365 2940 4425; x_wconf 91' lang='lat' dir='ltr'><strong>et</strong></span> <span class='ocrx_word' id='word_1_564' title='bbox 2969 4364 3220 4425; x_wconf 87' lang='lat' dir='ltr'><strong>tantum</strong></span> <span class='ocrx_word' id='word_1_565' title='bbox 3248 4362 3318 4425; x_wconf 91' lang='lat' dir='ltr'><strong>in</strong></span> <span class='ocrx_word' id='word_1_566' title='bbox 3342 4367 3703 4427; x_wconf 88' lang='lat' dir='ltr'><strong>extremum</strong></span> <span class='ocrx_word' id='word_1_567' title='bbox 3732 4359 3962 4433; x_wconf 82' lang='lat' dir='ltr'><strong>mundi,</strong></span> 
     </span>
     <span class='ocr_line' id='line_1_84' title="bbox 2443 4469 4055 4554; baseline -0.001 -20"><span class='ocrx_word' id='word_1_568' title='bbox 2443 4476 2760 4554; x_wconf 90' lang='lat' dir='ltr'><strong>quantum</strong></span> <span class='ocrx_word' id='word_1_569' title='bbox 2798 4470 2867 4534; x_wconf 90' lang='lat' dir='ltr'><strong>in</strong></span> <span class='ocrx_word' id='word_1_570' title='bbox 2908 4469 3154 4548; x_wconf 88' lang='lat' dir='ltr'><strong>medio;</strong></span> <span class='ocrx_word' id='word_1_571' title='bbox 3198 4474 3262 4535; x_wconf 89' lang='lat' dir='ltr'><strong>et</strong></span> <span class='ocrx_word' id='word_1_572' title='bbox 3299 4474 3549 4535; x_wconf 87' lang='lat' dir='ltr'><strong>tantum</strong></span> <span class='ocrx_word' id='word_1_573' title='bbox 3583 4470 3656 4534; x_wconf 93' lang='lat' dir='ltr'><strong>in</strong></span> <span class='ocrx_word' id='word_1_574' title='bbox 3694 4483 3963 4544; x_wconf 77' lang='lat' dir='ltr'><strong>summe,</strong></span> <span class='ocrx_word' id='word_1_575' title='bbox 4054 4501 4055 4506; x_wconf 15' lang='grc' dir='ltr'><strong>κ</strong></span> 
     </span>
    </p>
   </div>
   <div class='ocr_carea' id='block_1_17' title="bbox 2440 4577 3964 4765">
    <p class='ocr_par' dir='ltr' id='par_1_22' title="bbox 2440 4577 3964 4765">
     <span class='ocr_line' id='line_1_85' title="bbox 2440 4577 3964 4661; baseline -0.003 -19"><span class='ocrx_word' id='word_1_576' title='bbox 2440 4582 2758 4661; x_wconf 87' lang='lat' dir='ltr'><strong>quantum</strong></span> <span class='ocrx_word' id='word_1_577' title='bbox 2793 4578 2865 4641; x_wconf 93' lang='lat' dir='ltr'><strong>in</strong></span> <span class='ocrx_word' id='word_1_578' title='bbox 2893 4578 3080 4658; x_wconf 74' lang='lat' dir='ltr'><strong>latuS,</strong></span> <span class='ocrx_word' id='word_1_579' title='bbox 3110 4582 3175 4642; x_wconf 89' lang='lat' dir='ltr'><strong>et</strong></span> <span class='ocrx_word' id='word_1_580' title='bbox 3196 4580 3373 4643; x_wconf 91' lang='lat' dir='ltr'><strong>omni</strong></span> <span class='ocrx_word' id='word_1_581' title='bbox 3405 4579 3592 4644; x_wconf 91' lang='lat' dir='ltr'><strong>modo</strong></span> <span class='ocrx_word' id='word_1_582' title='bbox 3627 4577 3964 4642; x_wconf 81' lang='lat' dir='ltr'><strong>infinitatis.</strong></span> 
     </span>
     <span class='ocr_line' id='line_1_86' title="bbox 2442 4679 3738 4765; baseline 0 -19"><span class='ocrx_word' id='word_1_583' title='bbox 2442 4679 2573 4746; x_wconf 90' lang='lat' dir='ltr'><strong>Nec</strong></span> <span class='ocrx_word' id='word_1_584' title='bbox 2611 4686 2705 4746; x_wconf 87' lang='lat' dir='ltr'><strong>est</strong></span> <span class='ocrx_word' id='word_1_585' title='bbox 2735 4681 3079 4746; x_wconf 89' lang='lat' dir='ltr'><strong>consimilis</strong></span> <span class='ocrx_word' id='word_1_586' title='bbox 3116 4683 3278 4746; x_wconf 87' lang='lat' dir='ltr'><strong>ratio</strong></span> <span class='ocrx_word' id='word_1_587' title='bbox 3316 4682 3385 4745; x_wconf 90' lang='lat' dir='ltr'><strong>in</strong></span> <span class='ocrx_word' id='word_1_588' title='bbox 3421 4683 3639 4765; x_wconf 88' lang='lat' dir='ltr'><strong>aliqua</strong></span> <span class='ocrx_word' id='word_1_589' title='bbox 3668 4699 3738 4746; x_wconf 79' lang='lat' dir='ltr'><strong>cr</strong></span> 
     </span>
    </p>
   </div>
   <div class='ocr_carea' id='block_1_18' title="bbox 2440 4788 3701 4979">
    <p class='ocr_par' dir='ltr' id='par_1_23' title="bbox 2440 4788 3701 4979">
     <span class='ocr_line' id='line_1_87' title="bbox 2440 4788 3701 4873; baseline -0.002 -19"><span class='ocrx_word' id='word_1_590' title='bbox 2440 4808 2560 4854; x_wconf 90' lang='lat' dir='ltr'><strong>nec</strong></span> <span class='ocrx_word' id='word_1_591' title='bbox 2595 4793 2911 4873; x_wconf 88' lang='lat' dir='ltr'><strong>quantum</strong></span> <span class='ocrx_word' id='word_1_592' title='bbox 2952 4789 3033 4853; x_wconf 87' lang='lat' dir='ltr'><strong>ad</strong></span> <span class='ocrx_word' id='word_1_593' title='bbox 3072 4788 3503 4854; x_wconf 85' lang='lat' dir='ltr'><strong>causalitatem</strong></span> <span class='ocrx_word' id='word_1_594' title='bbox 3540 4789 3701 4853; x_wconf 78' lang='lat' dir='ltr'><strong>effec</strong></span> 
     </span>
     <span class='ocr_line' id='line_1_88' title="bbox 2440 4893 3602 4979; baseline -0.002 -19"><span class='ocrx_word' id='word_1_595' title='bbox 2440 4900 2758 4978; x_wconf 88' lang='lat' dir='ltr'><strong>quantum</strong></span> <span class='ocrx_word' id='word_1_596' title='bbox 2778 4895 2860 4961; x_wconf 88' lang='lat' dir='ltr'><strong>ad</strong></span> <span class='ocrx_word' id='word_1_597' title='bbox 2887 4895 3219 4960; x_wconf 82' lang='lat' dir='ltr'><strong>unitatem.</strong></span> <span class='ocrx_word' id='word_1_598' title='bbox 3242 4893 3382 4959; x_wconf 89' lang='lat' dir='ltr'><strong>Non</strong></span> <span class='ocrx_word' id='word_1_599' title='bbox 3402 4899 3602 4979; x_wconf 88' lang='lat' dir='ltr'><strong>quant</strong></span> 
     </span>
    </p>
   </div>
   <div class='ocr_carea' id='block_1_19' title="bbox 2437 5007 3574 5421">
    <p class='ocr_par' dir='ltr' id='par_1_24' title="bbox 2437 5007 3574 5313">
     <span class='ocr_line' id='line_1_89' title="bbox 2440 5007 3574 5090; baseline -0.001 -18"><span class='ocrx_word' id='word_1_600' title='bbox 2440 5007 2751 5072; x_wconf 81' lang='lat' dir='ltr'><strong>salitatem</strong></span> <span class='ocrx_word' id='word_1_601' title='bbox 2768 5007 3049 5088; x_wconf 77' lang='lat' dir='ltr'><strong>effectUS,</strong></span> <span class='ocrx_word' id='word_1_602' title='bbox 3069 5007 3223 5090; x_wconf 80' lang='lat' dir='ltr'><strong>q&#39;uia</strong></span> <span class='ocrx_word' id='word_1_603' title='bbox 3243 5008 3421 5072; x_wconf 90' lang='lat' dir='ltr'><strong>nulla</strong></span> <span class='ocrx_word' id='word_1_604' title='bbox 3444 5008 3574 5071; x_wconf 85' lang='lat' dir='ltr'><strong>virt</strong></span> 
     </span>
     <span class='ocr_line' id='line_1_90' title="bbox 2437 5117 3408 5205; baseline -0.003 -20"><span class='ocrx_word' id='word_1_605' title='bbox 2437 5125 2727 5205; x_wconf 89' lang='lat' dir='ltr'><strong>respectu</strong></span> <span class='ocrx_word' id='word_1_606' title='bbox 2756 5119 3106 5186; x_wconf 87' lang='lat' dir='ltr'><strong>durationis</strong></span> <span class='ocrx_word' id='word_1_607' title='bbox 3136 5117 3408 5186; x_wconf 69' lang='lat' dir='ltr'><strong>infinitae</strong></span> 
     </span>
     <span class='ocr_line' id='line_1_91' title="bbox 2437 5223 3376 5313; baseline -0.002 -18"><span class='ocrx_word' id='word_1_608' title='bbox 2437 5227 2573 5295; x_wconf 87' lang='lat' dir='ltr'><strong>imo</strong></span> <span class='ocrx_word' id='word_1_609' title='bbox 2627 5247 2878 5293; x_wconf 86' lang='lat' dir='ltr'><strong>necesse</strong></span> <span class='ocrx_word' id='word_1_610' title='bbox 2932 5230 3029 5293; x_wconf 87' lang='lat' dir='ltr'><strong>est</strong></span> <span class='ocrx_word' id='word_1_611' title='bbox 3073 5245 3189 5313; x_wconf 88' lang='lat' dir='ltr'><strong>per</strong></span> <span class='ocrx_word' id='word_1_612' title='bbox 3243 5223 3376 5293; x_wconf 85' lang='lat' dir='ltr'><strong>divi</strong></span> 
     </span>
    </p>

    <p class='ocr_par' dir='ltr' id='par_1_25' title="bbox 2502 5353 3151 5421">
     <span class='ocr_line' id='line_1_92' title="bbox 2502 5353 3151 5421; baseline -0.002 -15"><span class='ocrx_word' id='word_1_613' title='bbox 2502 5355 2573 5421; x_wconf 84' lang='lat' dir='ltr'><strong>(a)</strong></span> <span class='ocrx_word' id='word_1_614' title='bbox 2603 5355 2723 5408; x_wconf 70' lang='lat' dir='ltr'><strong>eat,</strong></span> <span class='ocrx_word' id='word_1_615' title='bbox 2748 5354 2873 5407; x_wconf 71' lang='lat' dir='ltr'><strong>edit.</strong></span> <span class='ocrx_word' id='word_1_616' title='bbox 2901 5353 3151 5419; x_wconf 77' lang='lat' dir='ltr'><strong>potentia.</strong></span> 
     </span>
    </p>
   </div>
   <div class='ocr_carea' id='block_1_20' title="bbox 3072 5797 3768 6093">
    <p class='ocr_par' dir='ltr' id='par_1_26' title="bbox 3072 5797 3768 6093">
     <span class='ocr_line' id='line_1_93' title="bbox 3072 5797 3768 6093; baseline -0.001 0"><span class='ocrx_word' id='word_1_617' title='bbox 3072 5797 3768 6093; x_wconf 36' lang='lat' dir='ltr'><strong>*Ab</strong></span> 
     </span>
    </p>
   </div>
   <div class='ocr_carea' id='block_1_21' title="bbox 3298 4703 4060 5508">
    <p class='ocr_par' dir='ltr' id='par_1_27' title="bbox 3298 4703 4060 5508">
     <span class='ocr_line' id='line_1_94' title="bbox 3602 4703 4060 5022; baseline 0 -56"><span class='ocrx_word' id='word_1_618' title='bbox 3602 4703 4060 5022; x_wconf 95' lang='lat' dir='ltr'><strong>    </strong></span> 
     </span>
     <span class='ocr_line' id='line_1_95' title="bbox 3376 5022 4060 5358; baseline 0 0"><span class='ocrx_word' id='word_1_619' title='bbox 3376 5022 4060 5358; x_wconf 95' lang='lat' dir='ltr'><strong>   </strong></span> 
     </span>
     <span class='ocr_line' id='line_1_96' title="bbox 3298 5358 3420 5508; baseline 0 717"><span class='ocrx_word' id='word_1_620' title='bbox 3298 5358 3420 5508; x_wconf 95' lang='lat' dir='ltr'><strong> </strong></span> 
     </span>
    </p>
   </div>
   <div class='ocr_carea' id='block_1_22' title="bbox 3863 5465 4056 6092">
    <p class='ocr_par' dir='ltr' id='par_1_28' title="bbox 3863 5387 4056 6092">
     <span class='ocr_line' id='line_1_97' title="bbox 3863 5465 4056 6092; textangle 90"><span class='ocrx_word' id='word_1_621' title='bbox 3863 5465 4056 6092; x_wconf 31' lang='grc' dir='ltr'><strong>[ᾖ</strong></span> 
     </span>
    </p>
   </div>
  </div>
 </body>
</html>
