4125 6225
1678 438 2056 510 DISTINCT.
2099 440 2234 508 XII.

302 589 450 651 tuor
501 585 845 668 particulas
890 604 910 649 ι
956 585 1028 649 111
1089 586 1302 667 prima
1354 581 1524 647 dicta
1568 579 1849 645 dicendis

300 694 665 771 contiuuat3
710 692 781 758 in
817 692 1093 757 secunda
1138 690 1424 756 diversas
1464 687 1847 754 Sanctorum

302 800 637 884 opiniones
661 800 828 864 circa
864 799 1353 884 productionem
1389 795 1675 861 materiae
1700 812 1850 859 cor-

301 907 628 991 poralium
681 907 996 989 explicat,
1054 904 1144 968 ibi
1179 927 1195 968 z
1246 902 1525 978 Quidam
1572 918 1847 983 namque

304 1013 685 1081 Sanctorum
703 1062 724 1093 ,
770 1017 926 1092 etc.;
958 1013 1028 1076 in
1066 1013 1254 1077 tertia
1294 1012 1560 1077 alteram
1605 1027 1689 1074 ex
1727 1008 1852 1073 illis

301 1121 671 1204 opinionem
702 1121 884 1202 eligit
910 1124 975 1184 et
990 1119 1311 1204 explanat,
1333 1119 1457 1183 ibi:
1484 1116 1850 1185 Secundum

300 1228 469 1295 hanc
498 1230 719 1310 itaque
747 1227 1205 1305 traditionem,
1235 1231 1392 1305 etc.;
1424 1227 1492 1289 in
1519 1230 1748 1308 quarta
1787 1226 1851 1288 et

304 1336 534 1402 ultima
553 1383 570 1413 ,
601 1336 923 1418 quoddam
956 1333 1227 1400 dubium
1254 1333 1665 1410 determinat,
1703 1331 1795 1394 ibi
1829 1353 1844 1395 ε

303 1442 573 1510 Attende
588 1492 609 1522 ,
658 1444 818 1525 quia
869 1441 973 1507 hic
1021 1441 1190 1507 dicit
1229 1442 1639 1523 Augustinus
1658 1485 1680 1517 ,
1726 1443 1846 1503 etc.

306 1548 608 1616 Similiter
632 1549 910 1614 secunda
930 1567 1077 1631 pars
1100 1548 1490 1632 principalia,
1519 1548 1591 1612 in
1613 1566 1743 1629 qua
1771 1548 1851 1613 de

302 1659 442 1741 ipsa
468 1657 735 1721 materia
752 1655 1107 1720 secundnm
1128 1655 1501 1737 opinionem
1528 1655 1672 1738 plus
1694 1653 1851 1719 elec-

304 1769 437 1829 tam
454 1764 741 1847 inquirit,
767 1767 1045 1845 quatuor
1070 1762 1267 1826 habet
1286 1765 1496 1844 partes
1518 1784 1533 1825 z
1557 1761 1625 1825 in
1642 1761 1852 1844 prima

304 1873 685 1938 determinat
720 1871 991 1955 qualiter
1027 1870 1221 1934 fuerit
1261 1870 1551 1934 informis
1595 1874 1658 1933 et
1692 1888 1849 1934 con-

303 1981 480 2057 fusa3
519 1979 588 2043 111
629 1978 907 2043 secunda
946 1977 1328 2042 determinat
1368 1976 1483 2040 ubi
1521 1977 1714 2041 fuerit
1749 1977 1850 2041 lo-

305 2092 467 2164 cata,
494 2086 586 2150 ibi
616 2103 635 2149 ε
663 2085 849 2151 Nunc
874 2089 1161 2166 superest
1185 2082 1358 2167 quod
1389 2082 1668 2150 secundo
1696 2100 1852 2165 pro-

300 2193 691 2276 ponebatur;
740 2193 811 2257 in
857 2192 1045 2257 tertia
1095 2209 1248 2257 vero
1288 2191 1691 2274 anticipando
1736 2191 1855 2255 de-

305 2301 608 2365 terminat
638 2300 875 2384 quibus
914 2300 1173 2380 diebus,
1208 2300 1310 2365 vel
1351 2300 1420 2363 in
1463 2303 1623 2382 quot
1662 2298 1856 2363 fuerit

306 2407 636 2486 distincta,
668 2408 758 2473 ibi
789 2430 806 2473 z
836 2408 1023 2474 Nunc
1055 2413 1336 2490 superest
1364 2413 1440 2474 ut
1471 2406 1853 2474 distinctio-

306 2532 475 2594 nem,
501 2519 657 2594 etc.;
688 2519 919 2598 quarto
947 2532 1105 2579 vero
1127 2563 1145 2593 ,
1175 2518 1241 2579 et
1273 2514 1504 2579 ultimo
1522 2563 1539 2594 ,
1570 2514 1853 2579 auctori-

306 2628 435 2687 tate
472 2622 729 2687 Alcuini
765 2623 1100 2687 confirmat
1119 2669 1138 2699 ,
1179 2622 1267 2685 ibi
1311 2643 1328 2686 ε
1363 2624 1645 2700 Quatuor
1681 2623 1854 2687 enim

308 2729 544 2811 modis,
565 2735 641 2798 ut
663 2729 831 2797 dicit
852 2728 1192 2796 alcuinus.

964 2964 1103 3014 DUB·
1150 2964 1196 3011 1.

308 3103 453 3156 Illam
480 3101 747 3154 confusam
772 3099 1044 3152 materiam
1062 3103 1280 3165 quatuor
1301 3099 1673 3152 elementorum
1700 3116 1856 3166 quam

370 3176 584 3228 nomine
614 3179 779 3236 terrm,
812 3178 869 3224 ut
895 3172 1206 3239 Augustinus
1228 3173 1302 3224 ait
1324 3176 1497 3224 contra
1524 3172 1854 3235 Manichoeos,

370 3249 489 3300 ideo
512 3246 802 3313 appellavit,
825 3249 926 3296 etc.

391 3378 621 3442 Contra
646 3376 769 3441 1100
790 3376 1046 3442 videtur
1074 3391 1212 3439 esse
1232 3374 1405 3456 quod
1431 3374 1583 3438 dicit
1610 3373 1803 3456 Hngo
1834 3394 1851 3439 ε

318 3511 349 3549 α
376 3485 498 3550 Per
522 3489 763 3549 terram
798 3483 921 3547 hoc
960 3482 1351 3546 elementum
1381 3487 1571 3546 terrae
1613 3482 1857 3563 signari

310 3596 470 3677 puto
485 3642 505 3673 ‚
535 3611 684 3656 cum
727 3590 960 3656 dicitur
999 3595 1019 3631 ²
1055 3611 1070 3653 :
1116 3590 1200 3653 In
1240 3592 1569 3671 principio
1611 3592 1857 3657 creavit

311 3701 485 3767 Deus
511 3700 731 3767 coelum
748 3746 768 3778 ‚
817 3703 877 3764 et
922 3704 1185 3765 terram.
1230 3695 1404 3778 Ergo
1429 3714 1562 3761 non
1601 3698 1858 3763 videtur

312 3807 568 3889 signare
614 3806 790 3869 illam
837 3783 1177 3868 materiam
1227 3804 1569 3868 informem
1618 3805 1688 3867 in
1738 3823 1857 3870 sua

310 3915 746 3998 generalitate.
784 3913 946 3977 Item
965 3960 983 3989 ,
1023 3912 1081 3975 si
1123 3929 1238 3995 per
1271 3917 1510 3977 terram
1564 3912 1859 3994 signatur

310 4024 582 4088 materia
609 4021 934 4100 informis;
961 4021 1205 4086 cumin
1233 4020 1343 4086 illa
1367 4021 1702 4085 conveniat
1728 4040 1856 4086 coe-

310 4132 451 4196 lum
474 4135 538 4194 et
560 4134 752 4208 terra,
787 4128 1041 4195 videtur
1069 4127 1241 4211 quod
1280 4145 1412 4191 non
1439 4128 1604 4192 bene
1634 4128 1855 4194 distin-

312 4241 603 4321 guantur
652 4237 760 4300 illa
804 4235 956 4301 duo.
999 4235 1195 4300 Juxta
1241 4235 1365 4300 1100
1413 4239 1507 4300 est
1549 4237 1816 4318 quaestio
1837 4285 1855 4317 ,

311 4352 573 4432 propter
599 4345 755 4428 quid
792 4345 935 4410 istis
973 4344 1179 4410 tribus
1215 4343 1588 4409 nominibus
1618 4344 1726 4409 1110
1751 4347 1860 4411 111-

313 4453 540 4519 formis
577 4450 846 4516 materia
890 4450 1244 4534 appellatur
1260 4498 1278 4529 ,
1325 4451 1562 4515 scilicet
1600 4452 1861 4517 nomine

312 4565 527 4638 terrae,
557 4559 792 4641 abyssi,
823 4561 886 4623 et
912 4575 1124 4642 aquae,
1144 4575 1295 4622 cum
1314 4575 1445 4622 non
1463 4560 1675 4641 magis
1700 4563 1862 4625 esset

314 4669 406 4734 ibi
456 4668 536 4733 de
578 4667 827 4732 ratione
862 4669 1051 4731 terrae
1088 4668 1153 4731 et
1191 4684 1380 4749 aquae
1396 4714 1414 4746 ,
1445 4685 1643 4749 quam
1686 4668 1861 4750 ignis

317 4776 421 4840 vel
445 4774 633 4839 aeris.

398 4882 586 4965 Resp.
647 4881 999 4947 Dicendum
1041 4881 1214 4963 quod
1233 4930 1252 4961 ,
1303 4881 1416 4946 etsi
1465 4882 1689 4948 multae
1734 4883 1860 4948 sint

319 4991 747 5074 expositiones
773 4989 971 5073 hujus
1001 4989 1219 5054 verbi:
1249 4990 1331 5054 In
1346 4991 1672 5074 principio
1688 5008 1861 5060 crea-

317 5100 419 5164 vit
465 5100 628 5165 Deus
667 5097 890 5165 coelum
934 5103 991 5164 et
1030 5103 1299 5167 terram.-
1326 5102 1603 5180 quatuor
1643 5104 1859 5165 tamen

318 5211 469 5271 sunt
494 5206 893 5290 principales,
915 5209 978 5269 et
994 5204 1345 5269 secundum
1362 5205 1481 5271 has
1497 5205 1861 5274 differenter

319 5314 667 5396 exponitur
690 5330 933 5379 nomen
956 5318 1168 5378 terrae.
1201 5311 1339 5377 Una
1380 5315 1691 5396 expositio
1729 5321 1855 5397 est,

385 5438 564 5502 ¹Gen.,
594 5449 647 5502 1,
671 5441 719 5488 1.

3385 452 3504 515 52³

1958 577 2131 659 quod
2183 577 2419 644 coelum
2472 586 2536 646 et
2578 586 2817 647 terram
2857 601 3059 648 unam
3103 587 3170 647 et
3210 582 3501 648 eamdem

1958 684 2295 749 materiam
2330 689 2710 768 nominant,
2743 689 2976 755 scilicet
3019 690 3352 754 materiam
3397 690 3499 753 in-

1955 791 2229 857 formem
2253 795 2547 861 omnium
2574 797 3003 880 corporalium
3022 846 3041 877 ‚
3070 801 3265 880 prout
3282 802 3502 861 tamen

1958 900 2036 965 de
2081 902 2221 983 ipsa
2270 903 2582 969 debebant
2633 907 2777 969 fleri
2829 906 3108 970 duorum
3158 923 3500 986 corporum

1956 1026 2229 1090 genera,
2259 1011 2493 1076 scilicet
2514 1013 2791 1078 coelestia
2809 1062 2826 1093 ,
2857 1018 2922 1077 et
2941 1014 3350 1079 elementaria
3384 1036 3399 1077 ε
3430 1018 3503 1079 ut

1958 1117 2040 1181 sit
2056 1134 2279 1183 sensus
2295 1140 2309 1182 :
2328 1120 2412 1184 In
2418 1121 2751 1203 principio
2769 1124 3014 1188 creavit
3034 1122 3196 1188 Deus
3213 1121 3435 1188 coelum
3445 1126 3501 1188 et

1958 1230 2217 1305 terram,
2244 1226 2310 1290 id
2339 1231 2454 1307 est,
2480 1228 2811 1294 materiam
2832 1248 2917 1293 ex
2929 1249 3057 1312 qua
3081 1229 3394 1294 debebant
3417 1230 3494 1312 (α)

1957 1332 2101 1395 fieri
2127 1332 2362 1397 coelum
2387 1338 2452 1398 et
2475 1336 2694 1400 omnia
2732 1336 3065 1402 elementa.
3098 1337 3175 1402 Et
3214 1338 3337 1402 ista
3380 1356 3502 1402 ex-

1958 1440 2188 1522 positio
2222 1442 2636 1506 conflrmatur
2672 1461 2786 1525 per
2811 1444 3306 1527 subsequentem
3331 1444 3503 1509 litte-

1958 1564 2100 1611 ram
2133 1566 2152 1611 :
2180 1548 2635 1631 subsequenter
2671 1553 2847 1616 enim
2881 1553 3265 1635 exprimitur
3293 1551 3499 1635 quali·

1958 1658 2056 1718 ter
2093 1656 2329 1721 factum
2370 1662 2464 1722 est
2493 1659 2730 1724 coelum
2755 1708 2773 1738 ,
2819 1665 2882 1724 et
2916 1661 3186 1743 qualiter
3215 1661 3379 1724 facta
3408 1662 3503 1724 est

1958 1766 2153 1828 terra.
3225 1836 3234 1849 ,

2037 1871 2180 1935 Alia
2206 1890 2359 1938 vero
2385 1875 2694 1957 expositio
2721 1878 2815 1940 est
2839 1876 2920 1940 ab
2952 1876 3076 1940 1100
3106 1875 3502 1958 expositione

1960 1979 2144 2043 valde
2171 1979 2561 2063 longinqua,
2593 1983 2745 2065 quia
2770 1983 3033 2047 nomine
3060 1983 3200 2048 coeli
3228 1984 3371 2048 vult
3401 1984 3501 2046 in-

1958 2088 2245 2171 telligere
2272 2095 2570 2155 naturam
2590 2091 2984 2174 spiritualem
3001 2113 3018 2170 ;
3037 2092 3299 2156 nomine
3313 2095 3502 2156 terrae

1959 2200 2259 2260 naturam
2281 2198 2695 2280 corporalem,
2718 2203 2791 2263 ut
2819 2200 2902 2263 sit
2924 2217 3151 2263 sensus
3178 2221 3193 2262 z
3217 2202 3300 2264 In
3319 2201 3505 2281 prin·

1960 2304 2132 2384 cipio
2159 2307 2406 2373 creavit
2436 2306 2605 2373 Deus
2632 2306 2855 2373 coelum
2883 2312 2945 2373 et
2970 2312 3206 2373 terram
3223 2355 3244 2386 ,
3273 2306 3341 2371 id
3368 2312 3500 2387 est,

1960 2411 2318 2493 angelicam
2345 2417 2648 2479 naturam
2668 2463 2685 2492 ‚
2717 2419 2779 2479 et
2807 2414 3143 2479 materiam
3168 2415 3445 2498 primam
3483 2437 3499 2480 ε

1961 2524 2025 2583 et
2061 2520 2205 2584 haec
2248 2522 2558 2604 expositio
2611 2525 3027 2588 confirmatur
3070 2541 3186 2606 per
3228 2524 3503 2588 litteram

1960 2632 2333 2710 sequentem
2363 2646 2381 2692 ε
2412 2631 2567 2711 quia
2605 2630 2673 2694 in
2713 2631 2989 2695 secundo
3029 2632 3132 2695 die
3174 2631 3504 2713 productio

1962 2733 2105 2798 coeli
2133 2736 2417 2817 corporei
2444 2737 2829 2820 exprimitur
2859 2755 2876 2799 :
2906 2755 3065 2817 ergo
3092 2737 3163 2801 in
3195 2738 3506 2820 principio

1960 2841 2269 2923 temporis
2284 2891 2303 2922 ‚
2340 2844 2395 2906 si
2442 2860 2574 2925 qua
2616 2843 2738 2908 fuit
2783 2843 3114 2926 productio
3156 2843 3298 2909 coeli
3316 2894 3335 2921 ,
3373 2863 3507 2910 non

1961 2948 2086 3013 fuit
2110 2948 2252 3014 coeli
2279 2950 2651 3032 corporalis,
2682 2949 2792 3015 sed
2818 2951 3190 3033 spiritualis.
3309 3008 3314 3025 ,

2042 3056 2255 3122 Tertia
2304 3058 2614 3141 expositio
2630 3106 2649 3138 ‚
2699 3058 2886 3140 quasi
2928 3059 3142 3125 media
3184 3058 3350 3123 inter
3393 3060 3510 3125 has

1963 3165 2155 3241 duaS‚
2194 3169 2290 3230 est
2331 3165 2641 3249 expositio
2686 3164 3009 3248 Hugonis,
3051 3167 3166 3248 qui
3202 3167 3354 3231 dicit
3397 3185 3512 3249 per

1962 3275 2203 3337 terram
2225 3273 2499 3355 intelligi
2522 3278 2854 3337 terrenum
2877 3272 3291 3352 elementum,
3314 3278 3376 3338 et
3399 3292 3514 3356 per

1964 3378 2200 3444 coelum
2225 3380 2352 3444 tria
2379 3380 2506 3443 alia
2532 3379 2846 3444 elementa
2859 3427 2876 3459 ,
2908 3397 3056 3461 quae
3087 3380 3376 3444 similiter
3400 3399 3512 3445 su-

1962 3504 2079 3567 per
2096 3490 2331 3551 terram
2355 3487 2857 3570 circumquaque
2879 3487 2950 3551 in
2973 3488 3239 3552 modum
3261 3487 3511 3552 nebulae

1963 3598 2148 3658 erant
2188 3613 2470 3677 expansa
2487 3643 2504 3673 ,
2545 3599 2609 3658 et
2653 3596 2721 3657 in
2767 3613 2901 3659 una
2946 3596 3316 3660 confusione
3359 3614 3511 3679 per-

1965 3700 2201 3771 mixta,
2231 3701 2366 3765 sive
2393 3701 2607 3783 potius
2633 3701 2700 3764 in
2731 3720 2864 3764 una
2896 3702 3322 3783 permixtione
3354 3719 3505 3765 con-

1964 3808 2107 3870 fusa
2143 3808 2640 3890 circumquaque
2672 3825 3010 3889 suspensa,
3051 3825 3201 3889 quae
3229 3826 3512 3891 eousque

1964 3915 2034 3977 in
2098 3914 2301 3978 altum
2359 3915 2884 3998 protendebatur,
2938 3931 3278 3996 quousque
3338 3932 3513 3978 nunc

1964 4023 2303 4086 summitas
2354 4040 2674 4104 corporeae
2725 4026 2975 4087 naturae
3029 4022 3336 4104 pertingit
3385 4041 3402 4085 ε
3451 4025 3516 4087 et

1964 4127 2126 4192 illud
2156 4129 2415 4193 videtur
2450 4129 2743 4193 similiter
2779 4146 2894 4210 per
2926 4128 3201 4193 litteram
3235 4145 3507 4212 sequen-

1964 4237 2097 4299 tem
2130 4235 2518 4299 confirmari.

2048 4343 2284 4418 Quarta
2338 4341 2647 4424 expositio
2666 4389 2684 4418 ,
2734 4358 2885 4423 quae
2934 4341 3338 4406 communior
3383 4345 3511 4421 est,

1966 4451 2031 4512 et
2071 4448 2149 4529 (b)
2190 4449 2543 4514 secundum
2594 4449 2984 4532 expositores
3029 4448 3309 4531 planior,
3354 4453 3449 4513 est
3492 4468 3509 4513 ε

1965 4555 2139 4639 quod
2175 4573 2287 4638 per
2320 4556 2556 4620 coelum
2591 4555 2989 4637 intelligatur
3019 4555 3251 4619 ooelum
3287 4574 3514 4638 empy-

1966 4681 2185 4740 reum,
2216 4663 2388 4744 quod
2413 4666 2509 4727 est
2534 4663 2916 4744 angelorum
2944 4662 3411 4742 habitaculum,
3445 4663 3512 4727 in

1966 4789 2097 4854 quo
2123 4770 2338 4852 angeli
2365 4773 2518 4835 sunt
2542 4773 2768 4850 creati3
2799 4788 2915 4853 per
2941 4774 3179 4834 terram
3202 4788 3358 4835 vero
3383 4789 3516 4835 ma-

1969 4879 2126 4944 teria
2165 4879 2457 4942 omnium
2505 4895 2846 4960 corporum
2893 4878 3067 4940 intra
3107 4879 3322 4959 ipsum
3368 4897 3514 4943 0011-

1966 4988 2322 5062 tentorum,
2350 4987 2485 5049 sive
2507 4984 2860 5050 coelestium
2876 5034 2894 5064 ,
2923 4985 3062 5050 sive
3087 4987 3509 5051 terrestrium.

1966 5091 2120 5156 Haec
2164 5092 2475 5174 expositio
2522 5092 2813 5174 sequenti
2858 5092 3085 5157 litterae
3134 5093 3508 5172 concordat,

1966 5217 2098 5282 qua
2123 5199 2425 5281 exprimit
2461 5199 2540 5263 de
2578 5198 2687 5262 illa
2713 5200 2978 5262 materia
3016 5199 3177 5263 facta
3204 5218 3340 5265 esse
3369 5218 3514 5264 cor-

1966 5324 2126 5389 pora
2161 5305 2440 5370 coelestia
2464 5308 2529 5369 et
2565 5304 2999 5369 elementaria.
3030 5305 3108 5370 Et
3136 5306 3192 5369 si
3228 5309 3301 5371 tu
3328 5325 3513 5390 quae-

2034 5441 2098 5508 (a)
2127 5440 2214 5495 At.
2239 5440 2475 5494 debebat.
2503 5465 2564 5478 -
2594 5439 2659 5505 (ὁ)
2690 5439 2814 5496 caet.
2833 5439 2959 5492 aaa.
2982 5439 3117 5493 deest
3142 5444 3212 5496 et.
