4125 6225
1179 684 1588 765 QUAESTIO
1625 685 1676 751 I.

697 840 793 899 An
821 839 1006 912 anqeli
1035 838 1365 898 diversorum
1396 839 1647 896 ordinum
1679 840 1794 895 sint
1831 837 2167 896 divmarum

1252 932 1544 1002 specierum
1573 930 1615 985 ¹.

446 1101 516 1146 Ad
533 1114 635 1159 opr-
743 1092 831 1159 De
856 1092 1188 1158 ordinibus
1224 1092 1607 1175 angelorum
1637 1091 1708 1155 in
1737 1092 2207 1175 comparatione

665 1202 746 1268 ad
780 1205 1080 1266 naturam
1110 1201 1525 1282 substratam,
1557 1204 1780 1266 utrum
1818 1201 2056 1266 scilicet
2088 1221 2208 1267 an·

666 1308 798 1391 geli
839 1308 1241 1373 diversorum
1291 1308 1592 1374 ordinum
1635 1308 1763 1372 sint
1804 1308 2209 1374 diversarum

666 1416 1023 1501 specierum
1060 1434 1174 1499 per
1200 1420 1534 1496 naturam3
1565 1419 1630 1482 et
1657 1416 1830 1499 quod
1868 1417 1962 1482 sic
1977 1466 1996 1498 ,
2026 1418 2209 1483 vide-

666 1530 794 1591 tur.
823 1523 1257 1608 Multiplicatio
1281 1524 1664 1606 angelorum
1691 1525 1972 1590 maxime
1998 1526 2211 1591 mani·

665 1634 848 1698 festat
869 1633 1157 1699 divinam
1193 1632 1543 1716 potentiam
1556 1683 1574 1712 ,
1608 1640 1673 1697 et
1709 1634 2086 1718 sapientiam
2100 1683 2119 1715 ,
2148 1638 2212 1700 et

668 1742 1015 1807 bonitatem
1037 1789 1054 1818 ,
1080 1745 1146 1806 et
1168 1744 1378 1824 major
1400 1741 1841 1825 multiplicatio
1866 1746 2108 1826 spectat
2130 1741 2214 1810 ad

665 1852 979 1933 majorem
1029 1850 1603 1915 manifestationem
1647 1869 1664 1914 ε
1719 1851 1828 1916 sed
1872 1854 2080 1934 major
2119 1854 2215 1917 est

665 1958 1112 2042 multiplicatio
1141 1977 1290 2042 quae
1334 1961 1431 2022 est
1469 1958 1827 2023 secundum
1864 1978 2214 2024 numerum

666 2071 729 2132 et
754 2068 1051 2151 speciem,
1086 2086 1283 2149 quam
1309 2084 1457 2149 quae
1497 2071 1590 2131 est
1625 2066 1833 2132 solum
1860 2069 2215 2134 secundum

666 2194 1047 2241 numerum:
1071 2175 1265 2239 sedin
1299 2173 1545 2255 angelis
1572 2175 1887 2257 reperitur
1904 2182 2212 2260 utraque:

669 2303 827 2367 ergo
880 2284 1151 2367 angelus
1199 2282 1409 2348 differt
1456 2282 1538 2347 ab
1585 2284 1815 2365 angelo
1862 2287 2218 2350 secundum

670 2393 989 2476 speciem:
1043 2391 1153 2456 sed
1192 2390 1494 2457 differunt
1533 2391 1815 2456 maxime
1850 2394 2066 2476 angeli
2116 2395 2222 2458 di-

671 2519 1010 2570 versorum
1062 2498 1365 2564 ordinum
1424 2520 1440 2563 :
1511 2516 1669 2580 ergo
1732 2500 1985 2566 videtur
2047 2502 2220 2586 quod

672 2609 1154 2691 distinguantur
1183 2605 1537 2670 secundum
1559 2606 1856 2689 speciem.

754 2721 816 2783 2.
835 2716 995 2781 Item
1014 2714 1230 2796 angeli
1254 2714 1658 2780 diversorum
1680 2717 1981 2797 ordinum
2005 2720 2214 2802 magis

678 2825 1012 2903 differunt,
1043 2840 1243 2906 quam
1268 2821 1485 2904 angeli
1516 2824 1571 2903 ej
1581 2822 1803 2887 usdem
1828 2825 2105 2905 ordiniS,
2148 2827 2219 2891 in

679 2931 1079 3016 simplicitate
1094 2978 1113 3009 ,
1143 2929 1315 3013 quod
1341 2932 1438 2993 est
1472 2929 1758 3012 primum
1783 2932 2170 2998 attributum
2202 2957 2218 2999 ε

681 3059 838 3123 ergo
865 3040 1004 3125 pari
1026 3039 1275 3104 ratione
1297 3041 1364 3102 et
1386 3038 1456 3101 in
1484 3038 1944 3122 personalitatis
1968 3041 2223 3107 distinc-

683 3150 855 3216 tione
893 3171 908 3213 ε
934 3166 1094 3230 ergo
1116 3166 1269 3212 cum
1295 3147 1513 3228 angeli
1534 3148 1820 3231 ejusdem
1841 3149 2081 3215 ordinis
2105 3151 2226 3217 sal-

685 3262 818 3323 tem
862 3256 1160 3321 differant
1205 3272 1481 3320 numero
1497 3302 1515 3335 ,
1562 3256 1781 3336 angeli
1826 3256 2227 3325 diversorum

687 3366 990 3431 ordinum
1034 3364 1341 3429 differunt
1377 3363 1721 3447 plusquam
1752 3383 2027 3432 numero
2069 3388 2086 3432 z
2117 3370 2228 3435 sed

687 3477 895 3558 major
921 3471 1277 3538 differentia
1309 3490 1509 3554 quam
1543 3490 1621 3536 ea
1661 3491 1810 3557 quae
1855 3479 1952 3539 est
1992 3494 2229 3542 secum

689 3583 848 3648 dum
871 3597 1219 3644 numerum
1239 3627 1257 3659 ,
1290 3596 1426 3643 non
1450 3582 1544 3642 est
1570 3579 1693 3643 nisi
1718 3598 1795 3645 ea
1824 3601 1972 3665 quae
2008 3589 2103 3650 est
2127 3603 2227 3649 se-

691 3688 978 3754 cundum
999 3687 1274 3772 speciem
1299 3708 1315 3752 ε
1345 3705 1527 3769 erg0,
1547 3690 1666 3752 etc.
1692 3686 1759 3752 Si
1779 3691 1854 3753 tu
1867 3690 2036 3754 dicas
2053 3692 2229 3774 quod

692 3795 996 3861 differunt
1033 3795 1245 3877 magis
1289 3794 1505 3877 aliqua
1555 3794 1909 3861 differentia
1944 3799 2235 3864 acciden-

692 3903 805 3967 tali
819 3953 835 3983 ,
866 3902 1030 3966 sicut
1074 3920 1242 3984 aqua
1283 3900 1683 3967 diversorum
1710 3903 1988 3969 fontium
2024 3907 2237 3989 magis

694 4028 892 4094 quam
918 4025 1087 4093 aqua
1111 4007 1398 4092 ejusdem
1425 4008 1616 4074 fontis
1635 4057 1652 4088 ,
1688 4011 1990 4094 objicitur
2015 4020 2236 4080 contra

695 4116 818 4182 hoc
840 4135 857 4181 ε
885 4116 1042 4201 quia
1060 4117 1269 4199 magis
1286 4116 1594 4182 differunt
1614 4117 1685 4182 in
1709 4118 2111 4203 simplicitate
2139 4139 2238 4187 es-

697 4224 919 4290 sentiae
952 4224 1108 4290 :sed
1132 4224 1500 4308 simplicitas
1534 4227 1825 4293 essentiae
1849 4246 1982 4294 non
2011 4232 2108 4295 est
2129 4249 2240 4295 ac-

698 4336 913 4403 cidens
927 4337 1182 4420 angelo,
1204 4354 1354 4402 cum
1371 4337 1551 4404 nullo
1572 4340 1763 4405 modo
1785 4341 1980 4424 possit
1992 4341 2239 4407 intendi

700 4452 764 4513 et
801 4448 1038 4512 remitti
1064 4448 1138 4512 in
1176 4446 1402 4513 eodem
1435 4447 1668 4529 angelo
1686 4496 1705 4530 ,
1747 4450 1858 4515 sed
1893 4451 2244 4516 essentialis

701 4556 1056 4640 proprietas
1087 4578 1102 4621 ε
1128 4572 1286 4637 ergo
1311 4554 1459 4619 facit
1490 4555 1904 4624 essentialiter
1921 4543 2188 4626 'differre
2220 4581 2239 4625 ε

705 4680 865 4746 ergo
891 4663 1063 4729 idem
1099 4662 1271 4746 quod
1298 4662 1502 4746 prius.

785 4772 847 4835 3.
870 4767 1031 4834 Item
1047 4769 1170 4840 hoc
1190 4768 1445 4835 videtur
1472 4788 1513 4834 a
1532 4769 1726 4852 simili
1753 4793 1769 4836 z
1794 4771 1956 4838 Cum
1973 4774 2103 4839 sint
2123 4775 2250 4841 tria

707 4896 950 4960 genera
964 4876 1349 4958 viventium,
1365 4877 1600 4942 scilicet
1610 4880 2091 4964 vegetabilium,
2109 4901 2252 4948 sen-

706 4986 1015 5069 sibilium,
1051 4986 1601 5064 intellectualium,
1632 4987 1704 5052 in
1743 5008 1982 5071 genere
2019 5010 2250 5058 eorum

710 5112 860 5180 quae
886 5095 1124 5161 vivunt
1145 5095 1279 5160 vita
1304 5094 1650 5178 vegetabili
1669 5101 1764 5161 est
1779 5116 2016 5180 ponere
2041 5099 2250 5166 diver-

708 5202 959 5268 sitatem
983 5221 1116 5268 non
1135 5203 1345 5268 solum
1369 5203 1722 5269 secundum
1741 5225 2117 5289 numerum,
2143 5208 2255 5275 sed

776 5364 797 5399 ¹
816 5362 900 5428 Cf.
929 5362 1108 5427 Steph.
1136 5363 1344 5428 Brulet„
1388 5365 1432 5416 11
1470 5367 1630 5432 Seni„
1675 5367 1794 5419 dist.
1824 5380 1913 5435 11,
1953 5384 2005 5436 q.
2037 5384 2091 5436 13
2121 5371 2254 5425 Guil.

714 5433 970 5499 Vorilon„
999 5434 1044 5485 11
1072 5434 1233 5493 Seni..
1254 5434 1372 5490 diet.
1390 5447 1466 5502 ιι,
1496 5450 1603 5502 q.1.

1775 413 2402 507 εΕΝΤΕΝΤιᾼΒυΜ
2441 413 2593 480 Lm.
2641 413 2718 478 11.

2305 552 2503 617 etiam
2544 549 2898 616 secundum
2931 549 3207 633 speciem
3225 597 3242 629 ,
3278 549 3442 614 sicut
3470 549 3542 612 in
3569 547 3804 631 plantis
3820 595 3840 629 ,

2307 663 2373 725 et
2386 659 2675 724 similiter
2691 659 2761 723 in
2779 675 3016 740 genere
3042 675 3268 724 eorum
3287 675 3435 740 quae
3463 655 3848 739 participant

2309 769 2510 834 vitam
2529 766 2893 833 sensibilem
2907 816 2925 848 ,
2951 766 3117 831 sicut
3139 765 3209 829 in
3230 764 3615 831 animalibus
3642 786 3658 828 :
3686 780 3846 845 ergo

2310 876 2450 961 pari
2473 878 2719 941 ratione
2742 876 2812 939 in
2834 875 2936 938 his
2961 892 3107 958 quae
3133 873 3512 958 participant
3535 873 3738 937 vitam
3754 871 3853 934 in-

2310 983 2732 1048 tellectualem
2751 1032 2767 1062 ,
2803 983 2971 1047 sicut
3000 983 3070 1046 in
3114 981 3419 1064 angelicis
3457 980 3785 1064 spiritibus
3831 1000 3850 1044 ε

2313 1091 2366 1154 si
2384 1110 2540 1174 ergo
2559 1096 2653 1155 est
2678 1091 2770 1155 ibi
2796 1091 3153 1156 differentia
3173 1091 3407 1155 secund
3415 1109 3527 1154 um
3550 1090 3849 1172 speciem,

2313 1217 2465 1263 cum
2506 1200 2791 1264 maxime
2832 1200 3194 1264 attendatur
3238 1198 3622 1280 angelorum
3665 1196 3856 1261 diffe-

2314 1308 2520 1373 rentia
2543 1308 2613 1371 in
2647 1307 2919 1374 diversis
2952 1307 3313 1388 ordinibuS,
3343 1308 3538 1389 patet,
3569 1309 3690 1369 etc.

2396 1421 2459 1480 4.
2490 1415 2678 1497 Item,
2717 1418 2882 1481 sicut
2921 1434 3187 1515 corpora
3224 1415 3547 1479 luminosa
3585 1431 3704 1477 sua
3731 1430 3857 1479 va-

2315 1524 2536 1619 rietate
2563 1524 2864 1589 decorant
2890 1524 3126 1589 coelum
3143 1571 3160 1601 ‚
3191 1526 3255 1587 et
3282 1526 3501 1587 tamen
3536 1524 3692 1585 sunt
3717 1538 3858 1585 om-

2316 1633 2426 1697 nia
2448 1632 2798 1713 luminosa,
2830 1632 2921 1697 ita
2947 1632 3163 1714 angeli
3188 1649 3306 1696 suo
3334 1629 3525 1695 modo
3553 1628 3859 1694 decorant

2319 1759 2728 1824 empyreum,
2753 1741 2925 1805 unde
2953 1741 3257 1811 dicuntur
3280 1744 3461 1807 astra
3488 1740 3816 1805 matutina
3837 1757 3859 1798 .·

2319 1849 2428 1913 sed
2455 1849 2596 1914 coeli
2620 1850 2967 1915 luminaria
2982 1850 3284 1914 differunt
3300 1848 3540 1931 specie,
3572 1866 3708 1913 non
3732 1866 3859 1911 nu—

2322 1976 2500 2022 mero
2537 1957 2700 2038 solo,
2732 1958 2888 2040 quia
2919 1957 3157 2021 habent
3193 1955 3595 2039 operationes
3627 1957 3692 2018 et
3732 1953 3858 2016 im·

2321 2067 2677 2150 pressiones
2690 2065 2957 2130 omnino
2970 2066 3252 2131 diversas
3270 2069 3333 2129 et
3346 2064 3650 2146 speciales
3672 2085 3689 2128 ε
3707 2079 3861 2143 ergo

2322 2176 2460 2259 pari
2489 2175 2730 2240 ratione
2758 2179 2821 2239 et
2846 2174 3093 2256 angeli,
3124 2174 3413 2257 quisunt
3437 2176 3706 2237 ornatus
3732 2188 3861 2235 em-

2323 2284 2527 2366 pyrei.

2407 2394 2636 2459 Contra
2666 2416 2680 2458 :
2713 2391 2913 2460 Omne
2930 2392 3103 2475 quod
3124 2395 3218 2457 est
3242 2391 3563 2475 proculab
3588 2389 3856 2471 origine,
3884 2402 4087 2448 rud-n.

2326 2498 2750 2583 dispergitur3
2784 2503 2848 2563 et
2873 2497 3046 2580 quod
3078 2499 3564 2582 approximatur
3601 2496 3858 2579 origini,

2328 2607 2650 2690 colligitur
2678 2611 2741 2671 et
2766 2608 3012 2685 unitur,
3039 2607 3202 2670 sicut
3242 2611 3414 2689 patet
3446 2605 3518 2669 in
3541 2603 3857 2682 numeris,

2328 2720 2502 2801 patet
2526 2715 2719 2781 etiam
2736 2716 2807 2779 in
2828 2715 3096 2792 lumine,
3128 2719 3191 2779 et
3212 2714 3283 2778 in
3301 2714 3442 2777 aliis
3475 2737 3489 2777 ε
3521 2714 3632 2778 sed
3654 2710 3863 2794 angeli

2329 2829 2480 2889 sunt
2506 2823 2785 2907 proximi
2813 2840 3021 2887 causae
3056 2821 3356 2903 originali
3382 2820 3680 2884 omnium
3697 2867 3716 2900 ,
3742 2818 3863 2882 sci-

2328 2932 2477 2997 licet
2493 2931 2621 2997 Deo
2653 2955 2667 2996 :
2697 2949 2855 3012 ergo
2881 2930 3112 2995 debent
3134 2928 3368 2993 habere
3386 2928 3705 2992 unitatem
3726 2949 3741 2991 :
3762 2926 3869 2991 sed

2331 3058 2465 3105 non
2492 3043 2761 3123 possunt
2780 3037 2952 3105 uniri
2972 3037 3326 3102 secundum
3351 3054 3744 3101 numerum:
3772 3054 3874 3100 er-

2332 3167 2421 3231 go
2453 3147 2683 3213 debent
2705 3147 3058 3212 secundum
3078 3147 3352 3229 speciem
3381 3143 3764 3228 completam
3779 3192 3794 3208 .

2416 3255 2573 3321 Item
2617 3254 2929 3337 contingit
2974 3254 3258 3338 reperire
3302 3252 3702 3337 spiritualem
3737 3252 3875 3317 sive

2335 3363 2722 3430 rationalem‘
2748 3368 3050 3429 naturam
3083 3364 3493 3444 conjunctam
3528 3364 3595 3424 et
3621 3379 3874 3443 separa—

2335 3479 2469 3539 tam
2501 3473 2651 3540 :sed
2685 3474 3029 3555 conjuncta
3053 3489 3186 3536 non
3221 3474 3317 3535 est
3350 3468 3479 3534 nisi
3503 3469 3706 3533 unius
3738 3488 3880 3551 spe-

2338 3584 2459 3650 ciei
2500 3601 2519 3646 :
2556 3602 2715 3666 ergo
2752 3601 2872 3647 nec
2917 3585 3228 3665 separata.
3276 3579 3342 3646 Si
3384 3584 3460 3644 tu
3505 3579 3683 3643 dicas
3709 3578 3875 3661 quod

2340 3693 2461 3760 hoc
2488 3692 2669 3762 venit
2706 3709 2790 3755 ex
2821 3693 2999 3774 parte
3027 3689 3335 3773 corporis,
3380 3688 3511 3752 hoc
3552 3686 3721 3750 nihil
3750 3688 3846 3749 aet
3861 3734 3878 3763 ,

2340 3802 2494 3886 quia
2515 3819 2648 3865 non
2676 3798 2896 3865 anima
2923 3800 3179 3882 propter
3206 3814 3438 3879 corpus
3460 3843 3481 3875 ,
3516 3794 3628 3860 sed
3657 3810 3885 3877 corpus

2342 3913 2598 3994 propter
2624 3908 2931 3972 animam.
2954 3905 3033 3970 Et
3060 3904 3328 3984 iterum,
3358 3903 3521 3987 quid
3549 3903 3888 3986 impediret

2343 4035 2609 4101 corpora
2653 4014 3010 4080 secundum
3062 4011 3339 4096 speciem
3382 4010 3641 4076 diversa
3692 4009 3884 4072 {uisse

2344 4126 2506 4192 facta
2530 4124 2612 4189 ab
2636 4122 2850 4203 initio,
2879 4121 2934 4186 si
2973 4123 3357 4201 congrueret
3391 4117 3654 4201 spiritus
3681 4116 3887 4181 ratio-

2346 4232 2525 4300 nales
2547 4249 2683 4296 esse
2707 4229 3063 4296 secundum
3091 4227 3329 4310 species
3360 4225 3681 4294 diversas?

2432 4344 2590 4408 Item
2619 4340 3002 4424 angelorum
3026 4336 3368 4402 multitudo
3394 4335 3559 4400 facta
3582 4332 3783 4399 estad
3806 4332 3888 4396 il-

2349 4453 2475 4518 lius
2499 4449 2774 4519 civitatis
2804 4447 3289 4532 plenitudinem,
3320 4448 3385 4508 et
3407 4442 3702 4508 decorem
3729 4461 3747 4505 2
3778 4439 3889 4506 sed

2351 4562 2423 4628 in
2447 4559 2558 4624 illa
2581 4557 2832 4626 civitate
2867 4556 3147 4621 maxime
3173 4551 3522 4620 attenditur
3549 4550 3797 4629 unitas,
3830 4549 3894 4613 et

2353 4686 2561 4736 nexus
2574 4716 2593 4746 ,
2620 4672 2685 4732 et
2708 4665 3115 4731 conformitas
3146 4686 3163 4730 z
3197 4680 3355 4745 ergo
3382 4679 3534 4725 cum
3555 4656 3892 4724 conformi·

2354 4781 2453 4842 tas
2516 4775 2715 4841 unius
2770 4779 3023 4840 naturae
3070 4771 3260 4837 faciat
3309 4767 3776 4834 connexionem
3823 4766 3895 4828 in

2358 4884 2695 4964 charitate,
2734 4887 2801 4948 et
2842 4882 3048 4966 ipsam
3085 4880 3378 4963 adjuvet,
3420 4877 3683 4960 propter
3722 4871 3893 4956 quod

2359 4993 2552 5060 etiam
2569 5040 2588 5074 ,
2633 4994 2711 5056 ut
2755 4990 2956 5058 sancti
2998 4989 3250 5067 dicunt,
3300 4985 3469 5050 Deus
3512 4982 3717 5050 voluit
3756 4997 3891 5045 non

2358 5103 2612 5167 tantum
2653 5099 2946 5165 homines
2986 5098 3190 5162 facere
3230 5093 3497 5173 similes,
3546 5091 3657 5156 sed
3695 5090 3885 5155 etiam

2361 5227 2585 5277 omnes
2607 5208 2902 5273 homines
2922 5224 3006 5272 ex
3030 5222 3162 5271 uno
3189 5202 3495 5282 homine;
3530 5218 3688 5282 ergo
3713 5196 3901 5266 vide-

2363 5325 2494 5396 tur,
2521 5323 2643 5383 etc.

2441 5425 2604 5491 Item
2630 5422 2920 5506 angelica
2944 5423 3177 5489 natura
3206 5423 3302 5485 est
3332 5420 3524 5502 caput
3551 5412 3831 5483 universi
3867 5432 3891 5477 ε
