4125 6225
1299 366 1490 433 DIST.
1530 368 1764 435 XLVII.
1808 368 1990 436 ART.
2033 368 2084 433 Ι.
2130 370 2428 446 QUAEST.
2473 374 2524 438 Ι.

848 608 1297 678 CONCLUSIO.

295 789 403 858 Dei
426 790 677 846 voluntas
712 787 1021 844 antecedens
1050 793 1231 860 potest
1258 793 1488 868 cassari:
1529 806 1839 864 consequens

540 883 719 935 autem
748 882 909 949 atque
936 879 1206 944 absoluta,
1239 896 1595 952 nequaquam.

378 1036 564 1119 Resp.
608 1038 686 1101 ad
725 1038 883 1119 Arg.
918 1037 1014 1102 Ad
1043 1038 1536 1121 intelligentiam
1565 1040 1836 1123 praedic-

293 1146 534 1222 torum,
553 1145 907 1208 notandum
923 1145 1118 1226 quod,
1148 1146 1501 1210 secundum
1524 1146 1835 1213 Joannem

296 1250 759 1314 Damascenum
786 1252 828 1327 ¹,
865 1251 1161 1316 voluntas
1187 1252 1559 1335 beneplaciti
1585 1261 1679 1317 est
1709 1254 1836 1318 du-

292 1359 464 1441 plex,
504 1359 736 1423 scilicet
782 1361 1151 1424 antecedens
1192 1361 1326 1425 sive
1372 1362 1830 1443 conditionalis,

294 1483 424 1547 qua
450 1466 618 1545 vult,
644 1470 959 1548 quantum
989 1467 1054 1530 in
1087 1487 1154 1531 se
1185 1473 1313 1548 est,
1341 1471 1633 1533 omnium
1661 1470 1830 1534 salu-

292 1574 423 1636 tem
445 1594 462 1650 ;
491 1576 553 1635 et
575 1573 862 1637 absoluta
883 1574 1019 1638 sive
1047 1593 1459 1657 consequenS,
1484 1595 1611 1657 qua
1633 1577 1834 1642 deter-

292 1680 533 1744 minate
565 1680 703 1744 vult
735 1682 972 1763 aliquid
1010 1682 1180 1765 quod
1211 1685 1392 1747 novit
1418 1684 1833 1748 certitudina-

291 1786 435 1849 liter
475 1790 754 1852 evenire.
802 1785 1293 1871 Intelligendum
1329 1794 1422 1854 est
1456 1809 1613 1871 ergo
1659 1793 1831 1873 quod

291 1892 533 1957 nullam
551 1893 659 1957 Dei
679 1896 1067 1959 voluntatem
1090 1897 1381 1978 possibile
1402 1903 1494 1961 est
1515 1900 1826 1980 superari,

290 2000 534 2064 nullam
559 2003 849 2084 possibile
868 2008 962 2067 est
978 2005 1204 2067 cassari
1231 2026 1245 2067 ε
1269 2005 1552 2087 aliquam
1586 2013 1825 2085 tamen,

289 2111 364 2171 ut
393 2110 890 2187 antecedentem,
921 2112 1215 2193 possibile
1247 2117 1339 2175 est
1371 2131 1500 2176 non
1533 2114 1821 2195 impleri3

286 2215 591 2296 aliquam,
632 2221 707 2280 ut
734 2224 1221 2299 consequentem
1243 2267 1259 2295 ,
1293 2237 1547 2283 necesse
1573 2226 1667 2282 est
1697 2221 1826 2284 im-

286 2323 478 2404 pleri,
524 2328 587 2387 et
628 2324 1011 2405 impossibile
1061 2330 1155 2389 est
1203 2326 1517 2407 impediri.
1567 2326 1825 2393 Nullam

291 2427 594 2511 (inquam)
623 2436 717 2494 est
738 2433 1025 2513 possibile
1046 2434 1333 2514 superari
1354 2456 1368 2496 t
1391 2452 1540 2497 nam
1559 2435 1611 2496 si
1631 2435 1825 2500 homo

287 2553 420 2599 non
458 2538 640 2601 faciat
681 2539 851 2619 quod
893 2537 1057 2603 Deus
1091 2541 1254 2616 vult,
1299 2542 1714 2622 quantumin
1756 2561 1824 2607 se

284 2645 399 2719 est,
421 2645 749 2710 voluntate
768 2647 1194 2720 antecedente,
1220 2647 1383 2712 Deus
1410 2648 1557 2711 facit
1579 2649 1655 2712 de
1683 2649 1822 2730 ipso

281 2751 453 2831 quod
474 2751 617 2814 vult
638 2752 964 2816 voluntate
983 2758 1433 2835 consequente3
1460 2759 1521 2817 et
1549 2756 1636 2818 ita
1659 2774 1822 2819 sem-

280 2873 395 2937 per
412 2858 735 2940 impletur,
755 2859 857 2922 vel
875 2858 953 2923 de
971 2860 1252 2938 homine,
1276 2860 1379 2923 vel
1394 2861 1474 2923 ab
1492 2860 1814 2926 homine²:

280 2966 343 3026 et
384 2966 477 3028 sic
525 2984 862 3047 nunquam
905 2968 1218 3045 vincitur,
1268 2967 1372 3031 vel
1408 2973 1746 3049 superatur
1770 2975 1813 3032 ⁸.

279 3068 421 3135 Non
450 3072 640 3137 etiam
670 3074 960 3157 possibile
987 3077 1081 3138 est
1102 3074 1499 3140 voluntatem
1534 3075 1644 3140 Dei
1675 3095 1816 3142 cas-

277 3176 445 3239 sari:
476 3197 626 3242 nam
669 3199 920 3244 cassum
947 3181 1179 3245 dicitur
1203 3181 1465 3262 aliquid,
1497 3182 1655 3246 dum
1678 3185 1816 3266 pri-

276 3287 467 3347 vatur
489 3287 718 3350 effectu
744 3288 999 3370 proprio
1024 3289 1103 3351 ad
1131 3306 1327 3370 quem
1354 3292 1485 3352 est:
1515 3289 1814 3354 voluntas

275 3396 491 3455 autem
521 3394 599 3476 (a)
631 3396 810 3459 nullo
832 3396 1122 3478 privatur
1146 3397 1373 3459 effectu
1396 3396 1477 3459 ad
1503 3414 1696 3478 quem
1719 3403 1814 3462 est

272 3500 563 3580 proprie:
596 3521 745 3564 nam
774 3503 943 3585 quod
984 3503 1247 3580 dicitur,
1279 3504 1451 3585 quod
1480 3503 1644 3568 Deus
1670 3506 1813 3568 vult

273 3623 494 3671 omnes
532 3609 825 3673 homines
855 3611 1064 3674 salvos
1104 3611 1239 3673 fleri
1284 3616 1597 3692 quantum
1633 3612 1701 3675 in
1742 3631 1808 3676 se

273 3718 385 3791 est,
404 3705 555 3779 ‘baec
583 3717 877 3781 voluntas
900 3736 1031 3781 non
1056 3723 1355 3782 connotat
1372 3720 1664 3797 salutem,
1690 3738 1806 3783 nec

271 3828 521 3907 proprie
545 3834 637 3891 est
665 3831 741 3893 ad
774 3831 1069 3894 effectum
1095 3830 1349 3895 salutis:
1381 3832 1486 3894 sed
1509 3837 1807 3896 connotat

269 3934 725 4000 ordinationem
756 3943 1028 4016 naturae,
1059 3939 1192 4001 sive
1222 3944 1518 4002 naturam
1546 3940 1802 4003 ordina-

266 4038 455 4103 bilem
482 4044 559 4105 ad
586 4046 876 4107 salutem.
904 4045 1080 4109 Unde
1104 4045 1261 4108 nihil
1282 4046 1424 4128 plus
1442 4052 1537 4109 est
1557 4036 1797 4112 dicere:

273 4168 303 4205 α
324 4146 485 4210 Deus
501 4152 642 4214 vult
656 4153 847 4215 istum
863 4153 1113 4215 salvum
1145 4154 1307 4232 fieri,
1326 4155 1717 4235 quantumin
1733 4174 1799 4218 se

263 4257 422 4333 est,»
452 4275 687 4337 quam:
723 4283 753 4319 (ι
776 4259 900 4324 Deo
928 4260 1168 4342 placuit
1185 4261 1334 4324 dare
1353 4262 1451 4323 isti
1474 4268 1794 4341 naturam,

260 4379 375 4443 per
403 4383 599 4446 quam
626 4373 832 4448 posset
862 4368 1192 4449 pervenire
1220 4368 1298 4430 ad
1327 4369 1637 4447 salutem3
1672 4391 1703 4428 n
1735 4374 1798 4434 et

260 4472 429 4551 quod
473 4472 638 4538 Deus
682 4478 941 4557 paratus
982 4479 1143 4538 esset
1174 4478 1441 4557 juvare,
1486 4476 1573 4539 ita
1623 4477 1795 4558 quod

257 4578 427 4642 salus
469 4600 597 4645 non
633 4582 843 4645 deficit
878 4587 1135 4665 propter
1178 4583 1493 4648 desectum
1534 4601 1575 4647 a
1616 4589 1794 4665 parte

256 4682 386 4749 Dei.
404 4684 581 4751 Unde
600 4706 729 4781 non
752 4694 1057 4767 cassatur,
1081 4691 1231 4772 quia
1248 4691 1438 4754 habet
1458 4692 1792 4772 proprium

255 4792 571 4858 effectum.
604 4795 691 4861 De
728 4798 1058 4861 voluntate
1096 4801 1312 4862 autem
1338 4798 1626 4862 absoluta
1654 4800 1791 4882 pla-

253 4918 412 4964 num
443 4909 560 4980 est,
589 4906 759 4986 quod
795 4923 929 4969 non
961 4906 1158 4988 possit
1186 4906 1438 4979 cassari,
1468 4907 1620 4987 quia
1647 4926 1787 4972 om-

252 5023 400 5071 nem
450 5010 750 5074 effectum
806 5031 999 5075 suum
1053 5014 1267 5095 ponit,
1328 5032 1445 5077 nec
1496 5033 1786 5095 unquam

253 5122 534 5181 remanet
579 5119 918 5201 inexpleta.
963 5121 1124 5185 Cum
1171 5122 1384 5203 itaque
1431 5139 1661 5188 verum
1704 5125 1787 5190 sit

319 5258 336 5292 ¹
369 5260 696 5325 Damascen.,
719 5261 781 5311 de
818 5262 943 5312 Fide
985 5262 1199 5325 orthod„
1238 5263 1327 5316 lib.
1374 5264 1451 5329 11,
1480 5279 1593 5330 cap.
1632 5278 1779 5319 xxxx.

312 5348 378 5412 (a)
407 5350 583 5417 Suppl.
613 5351 725 5402 Dei.

3372 374 3491 435 213

1949 504 2348 570 voluntatem
2387 507 2499 572 Dei
2535 484 2712 572 nullo
2749 508 2940 572 modo
2967 525 3149 589 posse
3175 505 3489 589 superari,

1948 629 2067 675 nec
2110 614 2340 676 cassari
2360 662 2378 692 ,
2426 618 2644 680 tamen
2687 614 3084 680 voluntatem
3134 612 3490 676 absolutam

1947 735 2204 782 necesse
2227 724 2322 782 est
2347 721 2629 802 impleri,
2662 720 3150 785 conditionalem
3177 736 3333 783 vero
3362 718 3490 782 mi-

1945 825 2144 889 nime.
2174 824 2294 889 Sed
2328 827 2806 905 attendendum,
2836 827 3006 909 quod
3037 825 3492 890 est-necessitas

1945 932 2438 1014 consequentias,
2495 933 2658 997 sicut
2716 951 2913 1015 supra
2968 932 3213 996 dictum
3265 935 3363 995 est
3412 932 3490 996 de

1944 1039 2344 1121 praescientia
2362 1088 2381 1116 ,
2435 1039 2576 1121 ipsa
2620 1058 2753 1103 non
2807 1039 2997 1104 habet
3048 1039 3489 1103 necessitatem

1943 1146 2409 1228 consequentis,
2438 1146 2547 1209 sed
2575 1145 3064 1228 consequentiae,
3091 1145 3244 1227 quia
3267 1163 3489 1210 neces-

1942 1251 2109 1314 sario
2140 1252 2346 1330 infert,
2370 1257 2434 1315 et
2451 1254 2778 1334 sequitur:
2811 1276 2841 1310 «
2861 1252 3028 1316 Deus
3051 1252 3303 1334 praescit
3323 1252 3481 1317 hoc:

1941 1375 2099 1439 ergo
2135 1359 2255 1422 hoc
2290 1361 2446 1422 erit:
2481 1380 2512 1416 ι)
2555 1360 2664 1423 sed
2709 1364 2924 1423 tamen
2962 1378 3090 1424 non
3131 1362 3486 1426 necessario

1940 1467 2212 1546 praescit,
2243 1467 2395 1547 quia
2426 1466 2497 1529 in
2524 1470 2671 1531 actu
2706 1466 3077 1549 praesciendi
3115 1467 3485 1550 frequenter

1937 1576 2199 1635 notatur
2225 1573 2482 1636 effectus
2508 1575 2916 1654 contingens:
2939 1574 3028 1636 sic
3054 1574 3125 1636 in
3151 1574 3484 1639 voluntate

1937 1678 2427 1760 intelligendum
2462 1682 2576 1758 est,
2607 1680 2779 1761 quod
2815 1681 3115 1744 voluntas
3157 1679 3266 1744 Dei
3294 1682 3476 1745 abso·

1937 1786 2076 1850 luta
2116 1792 2410 1851 connotat
2451 1793 2756 1850 eventum
2795 1787 2931 1866 rei,
2977 1781 3040 1851 et
3069 1787 3211 1851 ideo
3254 1793 3348 1852 est
3391 1789 3482 1853 ibi

1937 1895 2276 1958 necessitas
2326 1896 2827 1976 consequentiae,
2890 1896 2999 1958 sed
3054 1913 3185 1958 non
3248 1914 3477 1961 conse-

1936 2001 2221 2081 quenliS,
2252 2002 2406 2084 quia
2437 2021 2565 2065 non
2600 2006 2808 2066 mutat
2839 2007 3142 2084 eventum
3182 2003 3306 2079 rei,
3345 2005 3478 2068 imo

1935 2108 2080 2172 vult
2125 2108 2320 2183 DeuS,
2367 2109 2538 2190 quod
2586 2109 2839 2172 eveniat
2882 2128 3274 2190 consequens
3319 2129 3476 2175 con-

1935 2215 2213 2296 tingens,
2243 2216 2418 2280 Unde
2446 2218 2608 2279 sicut
2635 2218 3053 2298 praescientia,
3076 2220 3234 2300 quia
3259 2238 3478 2283 neces-

1933 2325 2101 2388 sario
2148 2325 2337 2388 insert
2374 2326 2707 2400 effectum,
2753 2344 2886 2389 non
2925 2331 3126 2407 potest
3165 2326 3331 2404 falli;
3386 2328 3477 2391 sic

1932 2433 2230 2496 voluntas
2273 2432 2595 2511 absoluta,
2648 2431 2800 2513 quia
2839 2433 3193 2497 necessario
3240 2433 3470 2514 infert,

1930 2556 2061 2602 non
2096 2544 2300 2622 potest
2334 2538 2652 2617 impediri,
2692 2538 2824 2602 imo
2867 2557 3011 2602 eam
3045 2540 3474 2606 necessarium

1930 2650 2025 2710 est
2055 2646 2349 2729 impleri:
2393 2646 2789 2709 voluntatem
2836 2649 3054 2709 autem
3098 2646 3470 2711 anteceden-

1927 2756 2091 2832 tem,
2146 2754 2251 2817 vel
2304 2752 2830 2832 conditionatam,
2885 2771 3016 2816 non
3066 2755 3161 2817 est
3217 2772 3473 2820 necesse

1926 2861 2179 2943 impleri
2197 2909 2215 2939 ,
2255 2878 2372 2924 nec
2412 2860 2779 2924 necessitate
2827 2860 3305 2942 consequentiS,
3353 2879 3472 2927 nec

1925 2968 2291 3030 necessitate
2315 2966 2812 3047 consequentiae,
2842 2966 2995 3048 quia
3018 2984 3149 3029 non
3173 2971 3470 3033 connotat

1925 3074 2223 3140 eflectum
2275 3074 2399 3153 rei3
2451 3074 2562 3138 sed
2606 3075 2904 3138 connotat
2948 3072 3110 3137 illud
3155 3072 3329 3156 quod
3371 3078 3467 3140 est

1924 3183 2270 3248 ordinabile
2315 3183 2395 3247 ad
2431 3185 2760 3261 eventum,
2806 3185 2883 3245 ut
2925 3180 3302 3263 praedictum
3344 3186 3460 3245 est.

1923 3290 2102 3355 Unde
2139 3291 2302 3355 bene
2337 3289 2664 3371 sequitur:
2717 3311 2749 3349 α
2791 3286 2943 3351 Vult
2988 3288 3183 3352 istum
3231 3287 3465 3353 salvari

1921 3399 2248 3467 voluntate
2286 3398 2607 3462 absoluta:
2650 3415 2806 3478 ergo
2840 3397 2957 3460 iste
3000 3395 3390 3463 salvabitur:
3421 3418 3454 3457 n

1918 3524 2256 3587 nunquam
2287 3505 2461 3569 enim
2483 3505 2695 3583 vellet,
2722 3503 2846 3567 nisi
2873 3502 3107 3585 pariter
3133 3502 3463 3584 praesciret

1917 3630 2070 3676 eum
2095 3631 2230 3677 esse
2248 3611 2650 3676 salvandum.
2674 3610 2761 3674 De
2781 3610 3110 3673 voluntate
3130 3626 3286 3673 vero
3314 3626 3461 3673 con-

1915 3719 2246 3794 ditionata,
2273 3723 2350 3783 ut
2388 3719 2607 3782 visum
2653 3721 2746 3781 est
2768 3764 2785 3795 ‚
2828 3734 2963 3797 non
2995 3716 3284 3799 sequitur
3311 3716 3355 3779 ”.
3390 3716 3459 3781 Si

1913 3844 2071 3907 ergo
2099 3826 2394 3907 obiicitur
2428 3825 2601 3907 quod
2635 3824 2933 3889 voluntas
2966 3823 3075 3886 Dei
3110 3826 3205 3885 est
3230 3840 3456 3885 neces-

1910 3935 2112 4010 saria,
2170 3937 2234 3996 et
2279 3932 2630 3997 necessario
2679 3932 2867 3993 infert
2907 3930 3243 4003 escotum,
3292 3947 3451 4009 ergo

1909 4040 2345 4105 omnimodam
2361 4041 2540 4122 ponit
2553 4039 2716 4102 circa
2734 4039 2949 4120 ipsum
2977 4056 2988 4098 ι
3021 4038 3408 4101 ccessimtem
3428 4056 3448 4117 ;

1908 4147 2268 4226 dicendum,
2300 4147 2469 4228 quod
2497 4147 2791 4228 quamvis
2831 4162 3087 4207 neces:
3126 4144 3210 4207 sit
3247 4143 3448 4207 Deum

1906 4256 2093 4334 velle,
2119 4259 2182 4319 et
2209 4257 2600 4320 voluntatem
2627 4255 2770 4335 ejus
2790 4270 2925 4315 esse
2948 4252 3016 4315 in
3037 4254 3205 4330 actu,
3227 4254 3449 4316 tamen

1905 4364 2293 4446 comparatio
2324 4366 2464 4444 ejus
2491 4362 2571 4425 ad
2606 4361 2898 4424 futurum
2925 4364 3019 4422 est
3044 4359 3443 4440 contingenS,

1903 4478 1968 4539 et
1992 4475 2133 4539 ideo
2159 4472 2418 4537 effectus
2444 4471 2659 4535 evenit
2684 4470 3151 4550 contingenter.

1984 4586 2013 4645 1
2027 4630 2041 4646 .
2075 4581 2173 4646 Ad
2199 4580 2354 4644 illud
2378 4579 2551 4662 quod
2571 4577 2874 4660 objicitur
2894 4575 3072 4659 quod
3093 4579 3300 4658 potest
3325 4576 3444 4640 im·

1900 4691 2127 4774 pediri,
2155 4707 2303 4753 cum
2327 4688 2408 4752 sit
2430 4705 2623 4751 causa
2652 4686 3063 4766 contingens3
3098 4683 3441 4749 dicendum

1902 4798 2104 4881 quod,
2132 4797 2296 4859 sicut
2329 4799 2569 4858 tactum
2594 4797 2719 4872 est,
2748 4810 2899 4856 cum
2925 4790 3309 4873 comparatio
3333 4790 3439 4855 di-

1898 4907 2072 4969 vinae
2101 4903 2445 4970 voluntatis
2471 4901 2551 4965 ad
2582 4901 2885 4978 volitum,
2929 4903 2994 4963 et
3019 4901 3288 4962 eventus
3313 4916 3438 4963 vo-

1895 5013 2014 5092 liti,
2036 5031 2102 5076 se
2119 5010 2469 5076 necessario
2488 5009 3017 5086 concomitentur,
3044 5006 3207 5070 sicut
3223 5023 3434 5070 unum

1896 5126 1992 5186 est
2013 5119 2392 5200 contingens
2407 5166 2425 5198 ,
2458 5120 2549 5180 ita
2573 5120 2636 5180 et
2656 5113 2830 5179 alind
2847 5160 2865 5192 ,
2895 5117 2955 5177 et
2983 5113 3125 5177 ideo
3151 5131 3285 5177 non
3318 5131 3437 5195 po-

1952 5285 1975 5319 ²
1994 5285 2146 5347 Aug„
2172 5282 2458 5344 Enchiricl„
2486 5296 2534 5332 c.
2574 5291 2700 5332 eva.
2721 5304 2784 5316 -
2816 5277 2838 5312 ⁸
2872 5278 3022 5343 Aug„
3072 5275 3135 5327 de
3160 5275 3345 5341 spirit.
3389 5291 3441 5340 ef

1890 5356 2017 5418 titt„
2047 5370 2095 5407 c.
2116 5367 2309 5419 xxxin,
2330 5369 2386 5407 n.
2406 5357 2483 5407 58.
2508 5381 2563 5391 —
2591 5353 2615 5391 δ
2632 5353 2689 5405 S.
2709 5350 2894 5403 Thom.
2918 5352 2971 5414 l,
3001 5364 3055 5416 q.
3082 5361 3210 5412 xxx,
3249 5353 3345 5401 art.
3377 5351 3427 5401 8.
