4125 6225
433 2796 645 2844 Fundam.

660 400 785 463 ³2⁸

658 556 785 595 :aii
812 548 829 575 ¹
864 552 881 593 ε
914 552 1103 612 ergo,
1152 533 1211 593 si
1250 532 1539 595 eonftffl‘o
1582 536 1905 613 repugnat
1949 530 2199 595 ordim-

660 642 851 713 tioul,
894 642 1149 703 videtur
1188 640 1361 721 quod
1404 638 1572 703 Deus
1618 637 1782 701 nihil
1826 637 2201 721 produxerit

656 768 805 809 cum
842 748 1247 823 mnfusione,
1286 765 1438 810 enm
1477 746 1561 809 sit
1595 746 1863 828 perfecte
1898 746 2150 826 sapiens
2180 765 2195 807 ε

658 856 959 933 produxit
994 854 1195 933 igitur
1232 854 1355 916 sub
1389 852 1610 917 ordine
1643 874 1659 917 :
1690 852 1797 915 sed
1832 852 1989 916 ordo
2024 869 2199 933 prae-

656 964 957 1044 supponit
984 961 1449 1024 distinctionem
1483 982 1499 1023 ε
1529 978 1709 1041 erg0,
1740 965 1860 1024 etc.

738 1076 798 1133 6.
848 1070 1005 1131 Item
1042 1068 1339 1151 perfectio
1380 1066 1642 1130 effectus
1678 1070 2011 1131 attestatur
2048 1084 2201 1149 per-

659 1177 839 1243 feetae
869 1176 1137 1241 bonitati
1164 1177 1231 1238 in
1257 1176 1565 1239 efficiente
1597 1197 1611 1238 ε
1641 1175 1696 1238 si
1722 1192 1885 1257 ergo
1915 1174 2082 1239 Deus
2109 1177 2206 1237 aet

660 1286 961 1349 bonitatis
985 1283 1478 1367 perfectissimae,
1506 1281 1761 1345 videtur
1786 1281 1960 1365 quod
1985 1282 2200 1345 statim

659 1412 811 1457 cum
834 1392 1138 1476 produxit
1160 1391 1506 1465 materiam,
1531 1388 1822 1454 debuerit
1840 1391 2046 1471 ipsam
2071 1389 2202 1454 for-

659 1501 783 1565 mis
818 1502 1000 1584 plene
1028 1501 1357 1582 perficere,
1389 1497 1701 1581 cumipse
1726 1497 1848 1561 hoc
1873 1501 2111 1579 posset,
2142 1499 2207 1561 et

659 1608 927 1672 materia
950 1606 1139 1671 etiam
1166 1606 1476 1687 exigeret.
1506 1604 1573 1669 Si
1598 1611 1672 1669 tu
1692 1604 1860 1668 dicas
1881 1605 2051 1688 quod
2081 1604 2203 1669 hoc

660 1731 790 1777 non
827 1710 1146 1776 concludit
1170 1711 1342 1794 quod
1377 1711 1594 1773 statim
1619 1710 1840 1775 debuit
1866 1712 2169 1793 perficere
2183 1758 2201 1786 ,

661 1820 771 1883 sed
797 1819 972 1902 quod
1010 1837 1094 1882 ex
1121 1818 1479 1883 rationabili
1509 1836 1732 1897 causa,
1764 1823 1829 1881 et
1867 1818 2110 1900 potuit,
2143 1822 2207 1883 et

662 1927 882 1992 debuit
920 1926 1209 2005 differre3
1253 1927 1554 2008 objicitur
1589 1930 1811 1989 contra
1848 1925 2008 2005 hoc,
2050 1927 2207 2009 quia

664 2040 897 2099 natura
935 2039 998 2099 et
1036 2052 1141 2097 ars
1173 2036 1472 2116 operatur
1501 2051 1699 2116 quam
1734 2033 1921 2096 citius
1961 2037 2204 2115 potest,

665 2145 729 2206 et
751 2142 826 2206 de
850 2140 1218 2205 excellentia
1238 2141 1494 2204 virtutis
1516 2146 1580 2204 et
1604 2140 1900 2204 bonitatis
1921 2142 2208 2223 estquod

666 2249 961 2314 effectum
1005 2268 1199 2313 suum
1237 2248 1546 2331 compleat
1580 2248 1897 2312 velociter.
1943 2248 2009 2313 Si
2051 2267 2209 2331 ergo

670 2362 800 2418 tam
827 2360 1086 2431 natura,
1118 2373 1317 2438 quam
1343 2373 1477 2434 arS,
1508 2359 1601 2419 est
1630 2354 1940 2419 imitatrix
1968 2355 2208 2420 divinae

669 2461 822 2525 artis
863 2464 926 2525 et
964 2461 1258 2540 virtutis,
1301 2461 1555 2526 videtur
1597 2462 1769 2544 quod
1814 2462 2010 2539 Dens,
2058 2480 2209 2526 cum

671 2569 884 2632 statim
915 2567 1232 2650 complere
1271 2570 1582 2651 potuerit,
1612 2568 1785 2651 quod
1818 2569 2000 2633 nulla
2039 2574 2206 2633 tem-

672 2675 846 2757 poris
871 2693 1054 2740 mora
1080 2676 1183 2740 vel
1207 2674 1561 2740 durationis
1586 2675 1919 2741 distulerit.

752 2782 874 2849 Sed
915 2787 1134 2848 contra
1176 2806 1191 2847 ε
1240 2782 1455 2848 Primo
1500 2803 1615 2867 per
1660 2788 1911 2850 textum
1956 2784 2214 2850 Genesis

671 2891 990 2972 arguitur,
1029 2891 1142 2955 ubi
1182 2891 1412 2956 dicitur
1446 2892 1619 2975 quod
1658 2910 1774 2975 per
1807 2910 1921 2957 sex
1959 2894 2212 2958 dierum

669 2997 945 3080 spatium
981 2997 1320 3080 complevit
1358 2998 1664 3063 Dominus
1702 3017 1863 3082 opus
1900 3000 2071 3082 quod
2105 2999 2214 3064 in-

669 3103 1011 3169 choaverat
1052 3128 1066 3169 :
1110 3124 1268 3188 ergo
1310 3105 1565 3171 videtur
1607 3106 1782 3190 quod
1824 3125 1958 3172 non
2000 3098 2214 3172 subito

672 3212 938 3276 materia
965 3213 1047 3275 sit
1083 3213 1151 3275 in
1183 3212 1457 3295 perfecta
1483 3213 1841 3278 actualitate
1876 3215 2210 3297 producta,

673 3318 1027 3383 secundum
1070 3336 1266 3383 sacrae
1310 3317 1657 3402 Scripturas
1700 3323 2100 3388 sententiam.
2146 3323 2214 3388 Si

672 3426 875 3506 igitur
903 3427 1109 3508 major
1133 3430 1228 3490 est
1252 3426 1452 3509 hujus
1478 3426 1823 3511 Scripturae
1849 3433 2212 3512 auctoritas,

672 3552 871 3616 quam
905 3535 1116 3599 omnis
1150 3535 1418 3600 humani
1452 3536 1701 3619 ingenii
1742 3540 2213 3622 perspicacitas,

675 3646 750 3706 ut
793 3641 945 3704 dicit
982 3642 1389 3722 Augustinus
1409 3645 1466 3723 ²,
1518 3645 1728 3727 magis
1775 3649 2075 3712 standum
2124 3652 2219 3713 est

675 3747 827 3811 huic
853 3749 1207 3824 sententiae,
1238 3767 1437 3830 quam
1462 3753 1641 3816 omni
1669 3755 2067 3836 persuasioni
2089 3756 2217 3820 hu-

676 3872 908 3919 manae.
944 3853 1011 3919 Si
1040 3859 1113 3918 tu
1140 3855 1311 3919 dieas
1334 3858 1509 3938 quod
1536 3858 1808 3924 rudibus
1838 3861 2220 3944 loquebatur

675 3962 1024 4044 legislator,
1056 3980 1176 4026 nee
1205 3964 1415 4046 potuit
1444 3965 1638 4030 simul
1665 3966 1896 4046 dicere,
1927 3970 2099 4052 quod
2131 3970 2219 4033 si-

676 4071 814 4134 mul
842 4071 1051 4154 potuit
1076 4070 1240 4135 Deus
1265 4072 1502 4152 facere3
1531 4078 1761 4140 neutra
1786 4077 2056 4141 istarum
2085 4096 2222 4143 res-

675 4178 1066 4263 ponsionum
1093 4178 1348 4244 videtur
1380 4181 1744 4248 sufficiens:
1776 4184 1930 4266 quia
1962 4192 2220 4269 propter

674 4287 1020 4351 ruditatem
1056 4286 1364 4351 auditoris
1406 4306 1536 4354 non
1577 4289 1762 4355 debet
1806 4292 1866 4356 ei
1901 4293 2052 4357 dare
2096 4295 2220 4358 ali-

676 4394 825 4477 quis
852 4393 1248 4459 occasionem
1272 4393 1657 4479 deceptionis
1685 4416 1703 4462 :
1731 4397 1977 4483 Moyses
2000 4405 2218 4466 autem

677 4503 841 4566 bene
878 4506 1149 4566 noverat
1180 4502 1351 4583 quod
1389 4502 1511 4585 ipsi
1534 4505 1736 4569 verba
1759 4510 1901 4589 ejus
1927 4508 2008 4574 ad
2046 4508 2220 4575 litte-

677 4626 820 4672 ram
850 4607 1281 4690 intelligerent
1305 4630 1320 4672 :
1347 4627 1506 4690 ergo
1531 4611 1801 4677 scienter
1826 4614 2089 4681 docebat
2112 4635 2222 4683 eos

679 4715 775 4797 id,
807 4716 977 4781 unde
1003 4720 1255 4799 possent
1279 4715 1485 4800 decipi
1513 4720 1579 4781 et
1602 4737 1837 4786 errare.

760 4823 920 4890 item
939 4874 956 4905 ,
987 4824 1287 4908 quamvis
1311 4825 1504 4889 simul
1535 4845 1667 4892 non
1694 4830 1976 4911 potuerit
2003 4832 2222 4897 omnia

679 4932 908 5014 dicere,
935 4938 998 4999 et
1023 4952 1217 5017 opera
1236 4934 1346 4998 illa
1370 4935 1753 5019 exprimere,
1778 4942 1993 5004 tamen
2018 4941 2227 5024 potuit

680 5042 1038 5125 exprimere
1063 5042 1257 5124 simul
1282 5044 1500 5109 omnia
1525 5044 1690 5110 facta
1714 5063 1872 5111 esse.

762 5149 921 5215 item
944 5150 1451 5234 chrysostomus,
1478 5169 1671 5236 super
1690 5156 2028 5238 loannem,
2053 5158 2147 5223 ait
2161 5158 2219 5223 ⁸:

745 5309 765 5345 ¹
784 5309 935 5360 Arist.
940 5345 959 5374 ,
975 5308 1252 5375 metaphys·
1262 5309 1353 5362 lib.
1378 5311 1418 5376 1,
1434 5310 1489 5362 in
1511 5313 1804 5366 Prooem.—
1819 5316 1842 5352 ¹
1856 5317 2006 5382 Aug„
2021 5317 2083 5368 de
2102 5318 2226 5369 Gen.

683 5380 756 5431 ad
781 5381 910 5446 titt,
950 5381 1046 5432 lib.
1085 5382 1164 5446 11,
1192 5397 1237 5434 c.
1261 5395 1314 5449 v,
1353 5398 1409 5436 n.
1448 5388 1496 5437 9.
1526 5411 1591 5425 -
1615 5387 1639 5423 ⁸
1660 5387 1941 5453 Chrysost„
1985 5390 2039 5440 in
2075 5392 2224 5443 loen.

1788 391 2412 461 SENTENTIARUM
2451 390 2602 456 ΠΒ.
2647 390 2729 455 n.

2318 552 2349 588 α
2382 527 2564 605 Quod
2597 526 2796 591 simul
2829 526 3039 591 extitit
3069 542 3187 609 per
3209 526 3628 604 substantiam
3652 528 3854 590 mate·

2311 637 2454 713 riae,
2473 654 2606 701 non
2624 635 2820 700 simul
2835 636 3135 718 apparuit
3151 653 3265 718 per
3277 635 3552 718 speciem
3567 636 3848 700 formae.»

2312 744 2486 825 Ergo
2525 763 2657 808 non
2695 744 2954 808 videtur
2991 743 3165 827 quod
3207 743 3400 808 simul
3438 744 3743 827 producta
3779 744 3862 807 sit

2312 851 2435 916 sub
2465 851 2709 916 formis.

2385 961 2482 1024 Ad
2501 962 2625 1025 hoc
2644 964 2800 1024 sunt
2815 961 3221 1026 auctoritates
3238 960 3660 1025 communiter
3673 958 3860 1023 Sanc-

2313 1071 2529 1131 torum
2572 1069 2638 1130 et
2681 1066 3061 1145 Doctorum,
3107 1070 3181 1130 ut
3213 1065 3534 1131 Ambrosii
3561 1070 3606 1141 ⁸,
3646 1064 3862 1129 Hiero-

2312 1174 2520 1255 nymi,
2547 1173 2862 1255 Gregorii,
2893 1172 3130 1252 Basilii,
3163 1173 3470 1255 Dionysii,
3499 1176 3564 1237 et
3587 1172 3860 1237 aliorum

2316 1280 2602 1363 plurium
2631 1284 2767 1344 tam
2795 1299 3162 1362 graecorum
3175 1330 3194 1359 ,
3220 1299 3417 1363 quam
3443 1280 3808 1345 latinorum.

2397 1386 2555 1453 Item
2610 1407 2726 1471 per
2775 1390 3096 1453 rationem
3145 1388 3403 1453 videtur
3451 1388 3572 1457 hoc
3622 1387 3856 1470 ipsum.

2317 1494 2624 1573 Quamvis
2675 1496 2843 1561 Deus
2891 1501 3101 1579 posset
3153 1496 3364 1561 statim
3414 1493 3743 1559 hominem
3791 1493 3862 1556 in

2316 1603 2711 1668 beatitudine
2754 1604 3096 1684 collocare,
3138 1608 3204 1668 et
3246 1603 3624 1667 universum
3677 1601 3745 1664 in
3787 1618 3864 1664 ea

2315 1711 2729 1795 perfectione,
2772 1712 2842 1774 in
2883 1731 3014 1794 qua
3052 1712 3174 1776 erit
3209 1716 3351 1795 post
3378 1710 3728 1794 Judicium,
3769 1710 3863 1773 fa-

2318 1838 2492 1898 cere;
2523 1819 2755 1884 maluit
2780 1823 2997 1883 tamen
3021 1821 3311 1885 ordinem
3337 1837 3591 1883 servare
3613 1836 3746 1883 non
3768 1835 3863 1880 so·

2316 1926 2456 1991 lum
2494 1927 2568 1990 in
2606 1927 2832 1991 mundi
2874 1927 3239 2006 existentia,
3271 1927 3380 1990 sed
3414 1925 3609 1991 etiam
3647 1926 3718 1988 in
3755 1924 3861 1987 de·

2318 2053 2545 2112 cursu,
2579 2035 2735 2116 quia
2768 2035 3091 2099 efficacius
3125 2035 3217 2098 sic
3250 2033 3690 2099 manifestatur
3724 2033 3864 2112 ejus

2319 2142 2631 2224 sapientia
2676 2163 2692 2206 t
2738 2159 2898 2224 ergo
2945 2142 3237 2205 similiter
3280 2142 3536 2205 videtur
3582 2139 3752 2223 quod
3797 2140 3863 2203 in

2321 2250 2628 2332 primario
2654 2268 2875 2314 rerum
2905 2250 3085 2314 exitu
3111 2268 3243 2314 non
3267 2249 3710 2314 tantummodo
3735 2265 3862 2312 ser-

2321 2358 2568 2421 vaverit
2612 2357 2904 2422 ordinem
2949 2361 3268 2440 quantum
3311 2356 3392 2421 ad
3433 2356 3645 2440 ipsum
3689 2373 3821 2419 esse
3840 2403 3857 2435 ,

2319 2463 2429 2527 sed
2479 2463 2672 2528 etiam
2721 2468 3042 2547 quantum
3087 2464 3167 2529 ad
3217 2466 3434 2547 ipsum
3482 2463 3859 2546 producere,

2321 2569 2461 2635 sive
2500 2573 2706 2636 facere
2740 2596 2754 2635 ε
2786 2590 2945 2654 ergo
2983 2590 3115 2636 non
3152 2571 3408 2638 videtur
3445 2569 3617 2653 quod
3649 2569 3864 2633 omnia

2322 2677 2520 2743 simul
2548 2680 2954 2761 produxerit,
2985 2680 3094 2745 sed
3121 2680 3497 2744 successive.

2408 2784 2565 2849 Item
2609 2784 2831 2850 divina
2867 2786 3148 2869 potentia
3187 2803 3320 2851 non
3365 2790 3618 2849 tantum
3662 2783 3863 2849 mani·

2323 2891 2588 2957 testatur
2628 2894 2701 2957 in
2748 2894 3162 2977 productione
3204 2893 3430 2958 formae
3445 2942 3464 2973 ,
3516 2892 3626 2956 sed
3679 2891 3866 2955 etiam

2325 3004 2578 3065 tantum
2600 3005 2664 3065 et
2686 3002 2964 3084 amplius
2991 3001 3428 3066 manifestatur
3450 3001 3522 3064 in
3541 3001 3870 3065 eductione

2326 3110 2612 3175 materiae
2644 3129 2661 3173 ε
2693 3110 2960 3176 materia
2998 3112 3216 3175 autem
3261 3109 3615 3175 secundum
3661 3109 3871 3192 majo-

2325 3235 2466 3281 rem
2489 3218 2593 3282 sui
2622 3219 3030 3301 capacitatem
3054 3219 3266 3300 magis
3286 3218 3563 3283 declarat
3587 3216 3876 3281 efficien-.

2328 3325 2409 3388 tis
2432 3329 2827 3408 potestatem.
2856 3324 2978 3391 Sed
3007 3330 3184 3390 tanto
3212 3327 3421 3408 major
3445 3328 3542 3388 est
3565 3324 3871 3406 capacitas

2328 3431 2397 3494 in
2428 3434 2722 3510 materia,
2752 3437 2993 3516 quanto
3018 3436 3225 3516 major
3249 3433 3441 3498 estin
3467 3452 3544 3497 ea
3577 3431 3868 3497 informi-

2326 3543 2425 3603 tas
2455 3558 2472 3604 :
2503 3541 2558 3604 si
2584 3560 2743 3625 ergo
2771 3542 2853 3606 ad
2881 3541 3460 3606 manifestationem
3489 3540 3729 3605 divinae
3758 3558 3874 3622 po—

2327 3648 2545 3732 teffiitiae
2572 3650 2793 3715 debuit
2824 3650 3091 3714 materia
3119 3649 3381 3732 produci
3414 3667 3617 3731 capax
3649 3667 3874 3712 secun-

2330 3756 2489 3822 dum
2515 3758 2686 3841 quod
2711 3762 2848 3822 erat
2872 3757 3198 3841 possibile,
3231 3757 3484 3823 videtur
3510 3756 3683 3839 quod
3709 3754 3872 3820 Deus

2328 3863 2550 3929 debuit
2580 3884 2723 3929 eam
2757 3866 3108 3948 producere
3144 3866 3214 3929 in
3246 3869 3425 3930 tanta
3455 3865 3869 3943 informitate,

2326 3971 2397 4035 in
2431 3977 2674 4054 quanta
2703 3974 2970 4038 materia
3004 3978 3213 4057 posset
3244 3973 3461 4056 aliquo
3501 3972 3691 4038 modo
3718 3972 3872 4036 sub-

2327 4077 2549 4143 sistere
2589 4103 2604 4144 :
2650 4098 2810 4163 ergo
2851 4099 2988 4145 non
3036 4082 3157 4145 sub
3203 4082 3480 4163 perfecta
3521 4081 3872 4145 formarum

2329 4185 2760 4252 distinctione.

2411 4291 2571 4358 item
2600 4295 2989 4378 impossibile
3015 4301 3110 4361 est
3136 4295 3270 4361 dies
3296 4296 3653 4361 materiales
3685 4294 3872 4360 simul

2331 4418 2466 4465 esse
2494 4420 2694 4485 :ergo
2737 4404 3126 4487 impossibile
3169 4410 3265 4469 est
3309 4405 3434 4469 hoc
3481 4404 3868 4486 intelligere,

2330 4512 2503 4593 quod
2520 4511 2688 4577 Deus
2708 4514 2900 4577 simul
2922 4514 3140 4579 omnia
3160 4514 3553 4598 produxerit,
3574 4518 3640 4579 et
3661 4519 3872 4578 tamen

2333 4635 2409 4681 ea
2435 4618 2810 4700 produxerit
2837 4620 2916 4702 (a)
2949 4639 3062 4703 per
3087 4639 3203 4686 sex
3226 4621 3381 4686 dies.
3408 4621 3670 4703 Oportet
3693 4638 3869 4702 erg0,

2332 4726 2684 4790 secundum
2720 4727 3100 4810 positionem
3134 4746 3285 4811 quae
3320 4729 3501 4811 ponit
3535 4728 3756 4792 omnia
3772 4726 3874 4816 *si-

2334 4832 2472 4896 mul
2499 4851 2634 4898 esse
2673 4836 2980 4917 producta
2996 4885 3014 4916 ,
3045 4836 3371 4900 senarium
3407 4835 3594 4899 illum
3621 4835 3870 4900 dierum

2332 4938 2690 5022 intelligere
2730 4942 3161 5024 spiritualiter,
3193 4947 3258 5007 et
3294 4943 3384 5008 ita
3425 4942 3639 5008 lucem
3679 4942 3873 5025 spiri-

2333 5047 2604 5128 tualem,
2635 5053 2699 5112 et
2722 5053 2975 5114 noctem
3001 5051 3415 5134 spiritualem.
3444 5051 3620 5133 Ergo
3647 5051 3705 5114 si
3737 5051 3873 5114 haec

2333 5155 2554 5220 omnia
2594 5156 2788 5223 simul
2832 5160 3138 5241 producta
3175 5163 3359 5240 sunt,
3408 5160 3476 5224 in
3514 5161 3725 5244 primo
3765 5160 3867 5222 in·

2334 5302 2476 5354 hom.
2523 5316 2668 5370 xxu,
2710 5306 2776 5356 al.
2816 5319 2940 5371 m,
2978 5321 3032 5357 n.
3065 5312 3112 5359 1.
3139 5335 3201 5348 —
3228 5311 3250 5346 δ
3276 5308 3530 5372 Ambros‚
3560 5308 3774 5360 Hmm.

2403 5394 2471 5458 (α)
2499 5393 2624 5446 Goet.
2646 5393 2766 5445 edit.
2791 5396 3056 5460 produxit.
