4125 6225
1286 427 1481 494 DIST.
1521 426 1598 492 V.
1644 424 1836 492 ART.
1882 422 1934 489 1.
1978 418 2276 501 QUAEST.
2327 421 2375 486 Ι.

240 587 419 634 mum
465 571 790 651 peccatum
819 587 833 629 :
876 582 1031 628 nam
1073 562 1369 646 superbia
1413 578 1770 646 praesump-

236 675 424 740 tionis
463 680 526 738 et
565 672 835 738 tumoris
860 671 1143 754 primum
1179 669 1300 734 fuit
1339 668 1771 750 generatione,

236 782 535 865 superbia
570 779 939 844 ambitionis
978 777 1268 860 primum
1304 776 1425 840 fuit
1465 793 1772 839 consum-

237 888 535 952 matione.

314 999 375 1059 1.
419 993 517 1058 Ad
545 992 698 1056 illud
732 991 904 1074 quod
944 990 1241 1073 objicitur
1277 989 1356 1053 de
1393 987 1769 1067 omissione3

236 1099 589 1164 notandum
621 1098 793 1180 quod
821 1096 1079 1161 omissio
1106 1114 1224 1159 nec
1250 1096 1393 1174 suit,
1426 1114 1544 1158 nec
1569 1094 1775 1176 potuit

236 1224 367 1270 esse
389 1203 739 1288 principale
764 1207 1116 1286 peccatum,
1138 1202 1273 1266 sive
1294 1201 1599 1284 primum,
1623 1200 1775 1283 quia

235 1312 516 1377 dimissio
558 1310 711 1375 boni
751 1311 931 1374 venit
967 1328 1052 1374 ex
1092 1309 1321 1374 timore
1358 1307 1524 1372 male
1554 1308 1771 1371 humi-

235 1417 448 1496 liante,
491 1423 555 1483 et
581 1417 792 1482 omnis
824 1417 968 1481 talis
1007 1417 1198 1481 timor
1224 1416 1403 1482 venit
1435 1434 1519 1479 ex
1554 1433 1772 1480 amore

236 1525 398 1590 male
462 1525 921 1589 inflammante.
986 1521 1167 1587 Unde
1229 1521 1449 1587 nullus
1514 1522 1775 1587 dimittit

238 1630 475 1714 aliquid
506 1633 711 1695 facere
737 1629 909 1713 quod
935 1630 1154 1707 debet,
1183 1629 1306 1692 nisi
1332 1628 1571 1711 aliquid
1603 1634 1774 1694 amet

237 1737 403 1818 quod
455 1755 592 1802 non
655 1736 841 1801 debet
862 1783 881 1814 ,
933 1737 1098 1802 sicut
1140 1735 1369 1817 aliquis
1411 1735 1645 1798 omittit
1678 1734 1772 1798 ire

238 1844 313 1908 ad
338 1845 754 1923 matutinum,
783 1843 938 1926 quia
968 1847 1143 1909 amat
1171 1860 1472 1907 somnum
1500 1845 1564 1907 et
1589 1842 1774 1924 quie-

237 1956 361 2015 tem
425 1954 496 2016 in
544 1940 773 2018 lectulo
804 1973 819 2017 :
878 1951 1000 2016 hac
1053 1949 1277 2014 eadem
1334 1948 1578 2013 ratione
1638 1965 1773 2013 non

238 2058 439 2140 potuit
476 2061 807 2142 peccatum
850 2057 1138 2140 primum
1178 2074 1311 2121 esse
1350 2055 1767 2138 ingratitudO,

238 2180 350 2228 nec
373 2165 570 2229 etiam
595 2165 861 2230 invidia.
884 2163 1233 2229 Dicendum
1252 2169 1347 2229 est
1370 2164 1575 2244 igitur
1598 2161 1769 2245 quod

238 2290 363 2335 non
388 2290 823 2355 quaecumque
860 2271 1145 2336 dimissio
1172 2269 1418 2334 inducit
1440 2274 1771 2353 peccatum

238 2379 628 2444 omissionis:
659 2378 973 2460 contingit
998 2379 1169 2443 enim
1184 2377 1474 2441 omittere
1499 2376 1773 2441 circum·

235 2486 553 2564 stantiam,
582 2489 646 2550 et
670 2489 824 2548 tunc
848 2502 983 2549 non
1007 2490 1103 2549 est
1125 2488 1456 2567 peccatum
1481 2483 1770 2548 omissio-

236 2592 331 2656 nis
349 2640 370 2671 ‚
433 2592 547 2659 sed
606 2593 1002 2675 negligentia
1057 2593 1379 2676 quaedam.
1448 2592 1772 2674 Contingit

233 2702 521 2768 omittere
546 2706 785 2781 actum,
808 2706 869 2766 et
896 2703 1018 2767 hoc
1041 2701 1418 2785 dupliciter:
1448 2700 1553 2767 vel
1579 2719 1771 2784 gene-

233 2807 461 2889 raliter,
506 2810 612 2876 vel
660 2809 1045 2893 specialiter:
1085 2807 1489 2892 generaliter,
1538 2826 1771 2875 secun-

234 2913 385 2979 dum
441 2916 620 2999 quod
673 2915 1090 2999 apprehendit
1147 2919 1537 2998 praeceptum
1588 2915 1770 2979 affir-

234 3022 545 3088 mativum
595 3026 659 3087 et
697 3022 1106 3103 negativum:
1156 3021 1504 3104 specialiter
1550 3026 1769 3088 contra

233 3130 711 3209 affirmativum,
745 3129 911 3196 sicut
939 3130 1363 3210 transgressio
1402 3133 1624 3196 contra
1651 3149 1767 3196 ne·

232 3238 563 3318 gativum:
602 3237 774 3302 unde
814 3254 947 3302 non
981 3236 1246 3316 omittit,
1282 3236 1400 3319 qui
1432 3255 1567 3302 non
1604 3237 1769 3303 vitat

230 3342 733 3423 fornicationem,
748 3343 857 3407 sed
875 3342 987 3425 qui
1003 3361 1135 3407 non
1154 3344 1424 3408 honorat
1439 3347 1761 3427 parentes:

231 3448 290 3507 et
324 3445 680 3511 secundum
708 3445 881 3528 quod
902 3448 998 3509 est
1016 3449 1195 3511 actus
1222 3446 1534 3529 specialiS,
1562 3450 1768 3530 potest

230 3566 357 3616 esse
394 3556 577 3617 actus
617 3551 1017 3636 principalis,
1061 3552 1167 3619 vel
1206 3571 1338 3618 non
1374 3553 1761 3636 principalis.

229 3651 303 3721 Et
323 3675 454 3722 non
479 3662 577 3722 est
601 3658 858 3722 omissio
884 3663 1217 3741 peccatum
1241 3658 1610 3743 principale,
1640 3660 1764 3723 nisi

230 3769 479 3848 propter
523 3771 737 3831 actum
777 3766 1230 3849 principalem3
1275 3766 1440 3830 sicut
1478 3767 1653 3848 patet
1685 3765 1766 3830 de

230 3887 302 3936 eo
327 3873 437 3955 qui
467 3876 723 3939 tenetur
757 3874 852 3938 ire
886 3874 966 3937 ad
1004 3874 1381 3954 matutinas,
1411 3876 1668 3940 tenetur
1696 3891 1765 3940 se

230 3973 491 4045 induere
505 4027 525 4059 ,
555 3984 619 4044 et
648 3998 915 4062 surgere
941 3979 1021 4045 de
1046 3981 1209 4045 lecto
1223 4030 1242 4061 ,
1274 3984 1338 4044 et
1362 3980 1455 4044 sic
1490 3981 1569 4047 de
1592 3980 1760 4060 aliis;

230 4089 289 4150 et
312 4090 611 4171 quamvis
636 4088 763 4152 sint
791 4088 977 4153 multi
999 4092 1201 4168 actus,
1217 4107 1349 4153 una
1370 4093 1464 4153 est
1482 4089 1759 4153 omissiO.

230 4191 322 4257 Ad
388 4195 514 4260 hoc
581 4200 798 4260 autem
853 4196 1025 4278 quod
1101 4198 1437 4279 peccatum
1503 4194 1764 4278 aliquod

230 4302 611 4367 censendum
660 4301 741 4366 sit
774 4307 1111 4386 peccatum
1134 4302 1517 4381 omissionis,
1574 4320 1764 4385 opor·

230 4408 314 4470 tet
337 4408 508 4492 quod
533 4409 616 4473 sit
638 4409 897 4474 omissio
931 4414 1131 4490 actus,
1170 4428 1302 4474 non
1341 4410 1762 4475 circumstan-

229 4511 361 4593 tiae3
399 4515 766 4581 affirmativi
783 4562 799 4592 ‚
823 4495 967 4580 'non
1006 4516 1324 4598 negativi:
1353 4515 1724 4600 principalis
1740 4565 1760 4597 ,

232 4637 357 4685 non
390 4623 649 4689 annexi.
691 4621 870 4688 Sicut
901 4628 1117 4689 autem
1156 4628 1358 4707 patet,
1387 4643 1520 4690 non
1553 4631 1648 4689 est
1675 4625 1767 4690 sic

230 4725 295 4789 in
338 4730 690 4813 proposito,
736 4729 894 4813 quia
936 4731 1227 4794 diabolus
1272 4735 1490 4795 actum
1525 4731 1764 4814 princi·

233 4834 435 4916 palem
478 4838 789 4921 aliquem,
843 4838 923 4903 ad
968 4857 1167 4921 quem
1219 4842 1571 4918 teneretur,
1630 4859 1764 4908 non

236 4942 493 5025 dimisit:
521 4947 632 5012 sed
655 4947 722 5014 id
748 4948 1030 5030 appetiit,
1064 4948 1236 5031 quod
1261 4967 1393 5014 non
1415 4948 1676 5015 debuit:
1702 4954 1767 5016 et

237 5051 323 5117 sic
347 5057 519 5138 patet
530 5056 814 5121 breviter
840 5055 920 5118 de
941 5055 1306 5122 omissione.

314 5165 352 5225 2
378 5168 441 5229 et
464 5167 525 5231 3.
558 5161 658 5229 Ad
684 5162 842 5228 illud
867 5164 1039 5245 quod
1066 5163 1367 5246 objicitur
1388 5164 1467 5231 de
1491 5164 1765 5248 ingrati-

240 5268 454 5335 tudine
467 5318 486 5347 ,
530 5270 869 5337 dicendum
909 5270 1077 5354 quod
1122 5271 1517 5354 ingratitudo
1560 5277 1767 5356 potest

243 5371 361 5437 dici
396 5375 727 5460 dupliciter
743 5423 762 5453 ,
796 5375 1034 5442 scilicet
1055 5378 1377 5459 negative,
1423 5380 1525 5444 vel
1548 5380 1765 5462 priva-

3310 430 3427 492 365

1889 559 2054 622 tive:
2103 558 2425 639 negative,
2454 557 2710 639 quando
2749 559 2896 640 quis
2922 578 3053 624 non
3079 563 3174 625 est
3204 567 3429 644 gratus

1882 664 2009 729 Deo
2041 670 2116 730 ut
2154 665 2366 744 debet,
2410 666 2472 727 et
2509 666 2602 728 est
2644 666 2735 729 sic
2778 666 3248 733 circumstantia
3284 688 3430 734 om-

1881 773 2066 836 nium
2111 774 2552 853 peccatorum:
2600 772 2914 854 privative
2933 822 2949 849 ,
2997 776 3253 857 quando
3294 795 3429 841 non

1880 885 2132 946 tantum
2160 898 2292 945 non
2317 884 2413 943 est
2438 883 2682 961 gratuS,
2709 882 2842 945 imo
2870 884 3182 947 contrarie
3210 903 3429 951 move-

1879 992 2018 1069 tur,
2050 992 2280 1071 utputa
2311 986 2566 1069 quando
2601 988 2836 1068 cogitat
2868 989 2945 1053 de
2981 990 3320 1072 beneficio,
3353 997 3427 1059 ut

1879 1100 1976 1161 est
2003 1095 2418 1172 beneficium,
2458 1096 2522 1158 et
2545 1096 2727 1177 parvi
2759 1098 2991 1179 pendet
3014 1099 3420 1184 beneficium,

1879 1203 1983 1268 vel
2010 1204 2474 1268 benefactorem
2507 1224 2524 1266 :
2561 1205 2623 1266 et
2656 1203 2745 1266 sic
2778 1207 2873 1269 est
2908 1207 3174 1288 speciale
3202 1228 3427 1290 pecca-

1878 1310 2042 1374 tum.
2077 1308 2180 1375 Sic
2201 1312 2418 1374 autem
2445 1327 2577 1373 non
2607 1310 2892 1392 peccavit
2918 1311 3239 1395 diaboluS,
3272 1316 3427 1397 quia

1878 1434 2013 1480 non
2049 1418 2356 1499 cogitavit
2395 1416 2474 1480 de
2515 1415 2836 1479 beneflciis
2872 1415 2983 1480 Dei
3007 1417 3074 1480 in
3105 1425 3426 1501 quantum

1880 1526 2060 1587 erant
2090 1522 2222 1600 Dei,
2252 1523 2360 1587 sed
2388 1523 2457 1585 in
2500 1526 2813 1604 quantum
2847 1527 3032 1588 erant
3064 1524 3235 1590 bona
3274 1546 3427 1611 pro-

1878 1631 2040 1712 pria,
2066 1634 2129 1694 et
2157 1631 2299 1695 ideo
2321 1629 2525 1693 elatus
2546 1632 2663 1693 est.

1957 1740 2018 1799 4.
2059 1735 2158 1799 Ad
2187 1737 2342 1801 illud
2371 1734 2546 1818 quod
2583 1734 2885 1817 objicitur
2923 1736 3001 1802 de
3030 1737 3420 1821 infidelitate,

1877 1839 2219 1907 dicendum
2262 1843 2433 1925 quod
2477 1861 2595 1906 nec
2645 1848 2974 1925 peccatum
3013 1845 3420 1928 infidelitatiS,

1878 1967 1998 2013 nec
2015 1950 2422 2030 curiositatiS,
2440 1951 2565 2014 fuit
2584 1952 2866 2034 primum
2886 1955 3217 2035 peccatum
3235 1973 3254 2033 3
3273 1954 3426 2036 quia

1878 2056 2102 2121 oculus
2128 2076 2345 2135 sanus,
2376 2060 2441 2121 et
2458 2058 2668 2123 clarus
2690 2044 2892 2141 ipsius
2922 2059 3274 2125 intellectus
3291 2079 3423 2125 non

1876 2165 2262 2248 pervertitur
2304 2164 2375 2228 in
2412 2165 2761 2248 judicando
2783 2214 2801 2245 ,
2846 2166 2949 2231 vel
2999 2167 3381 2250 inquirendo
3400 2215 3420 2247 ,

1877 2270 2002 2334 nisi
2022 2272 2206 2354 prius
2232 2273 2447 2354 aliqua
2479 2272 2753 2338 elatione
2779 2273 3142 2339 inclinetur.

1958 2382 2020 2442 5.
2050 2379 2150 2443 Ad
2171 2379 2330 2443 illud
2358 2397 2517 2461 ergo
2540 2381 2716 2462 quod
2740 2381 3060 2463 objicitur,
3090 2382 3260 2465 quod
3290 2401 3424 2447 non

1876 2485 2096 2563 credit,
2124 2489 2290 2565 etc.;
2333 2485 2676 2551 dicendum
2705 2488 2878 2570 quod
2914 2488 2994 2553 ad
3033 2489 3423 2555 infidelitatis

1875 2596 2205 2676 peccatum
2254 2593 2384 2658 duo
2450 2591 2864 2659 concurrunt.
2928 2595 3184 2679 Oportet
3245 2600 3422 2664 enim
3501 2638 3508 2647 -

1876 2699 2049 2782 quod
2079 2701 2162 2763 sit
2185 2717 2531 2765 consensus
2547 2701 2812 2765 rationis
2838 2720 2989 2768 cum
3009 2703 3252 2786 judicio
3271 2706 3423 2769 uni-

1874 2805 2129 2873 versali.
2163 2805 2228 2870 Si
2269 2806 2444 2870 enim
2478 2806 2710 2889 aliquis
2741 2807 2978 2888 cogitat
3013 2809 3185 2891 quod
3213 2812 3423 2875 forni-

1875 2913 2007 2978 cari
2033 2916 2129 2979 est
2150 2913 2271 2976 sibi
2302 2913 2574 2990 bonum,
2600 2913 2701 2978 vel
2728 2913 2964 2994 cogitat
2979 2914 3046 2977 in
3072 2916 3419 2981 universali

1874 3020 2048 3102 quod
2087 3023 2185 3083 est
2232 3020 2474 3085 bonum
2495 3066 2512 3098 ,
2559 3024 2625 3084 et
2662 3039 2794 3085 non
2835 3021 3146 3086 consentit
3179 3023 3422 3105 Judicio

1873 3126 2171 3207 rationiS,
2215 3145 2349 3191 non
2391 3130 2485 3192 est
2527 3127 2833 3207 infideliS,
2863 3131 2940 3191 ut
2978 3132 3184 3210 patet:
3235 3134 3300 3196 et
3343 3131 3423 3195 de

1873 3235 2124 3301 diabolo
2166 3237 2338 3317 dicO,
2395 3237 2568 3321 quod
2626 3255 2756 3303 non
2810 3237 3127 3303 consensit
3176 3239 3422 3322 judicio

1873 3343 2160 3424 rationiS,
2190 3345 2299 3409 sed
2332 3344 2676 3410 aestimavit
2697 3343 2821 3407 sibi
2845 3344 3115 3411 bonum.

1953 3456 1995 3515 6
2023 3456 2089 3516 et
2115 3456 2178 3515 7.
2205 3451 2305 3516 Ad
2342 3452 2503 3516 illud
2538 3451 2714 3535 quod
2750 3451 3045 3534 objicitur
3083 3452 3164 3517 de
3202 3454 3424 3519 curio-

1873 3558 2078 3640 sitate,
2117 3558 2460 3624 dicendum
2488 3560 2663 3642 quod
2689 3559 2817 3624 duo
2858 3559 3098 3624 faciunt
3127 3560 3423 3626 conside-

1874 3667 2185 3732 rationem
2220 3667 2341 3731 dici
2369 3668 2711 3747 curiosam,
2742 3667 2978 3731 scilicet
3006 3686 3180 3733 curae
3208 3672 3422 3733 atten-

1873 3776 1984 3853 tio,
2005 3779 2071 3839 et
2089 3774 2383 3840 utilitatis
2401 3774 2699 3857 privatio.
2724 3773 2905 3840 Unde
2919 3774 2975 3838 si
2996 3774 3285 3840 diabolus
3297 3826 3316 3857 ,
3338 3796 3422 3844 ex

1874 3883 2177 3948 omnibus
2197 3901 2347 3966 quae
2370 3882 2670 3967 respexit,
2695 3901 2891 3948 suum
2913 3883 3156 3948 bonum
3177 3885 3422 3949 elicuis-

1859 3993 1989 4069 set,
2028 3991 2357 4056 reterendo
2395 3989 2503 4054 illa
2532 3990 2603 4053 in
2634 3988 2907 4071 gloriam
2948 3989 3089 4069 Dei,
3119 3992 3230 4055 illa
3262 4011 3419 4057 con-

1872 4094 2170 4161 sideratio
2227 4115 2348 4161 nec
2394 4099 2557 4161 esset
2607 4096 2922 4180 culpanda
2935 4145 2953 4177 ,
2999 4114 3118 4162 nec
3169 4098 3421 4164 curiosa

1874 4201 2159 4268 dicenda.
2184 4200 2364 4280 Quod
2385 4220 2544 4284 ergo
2570 4203 2691 4268 fuit
2715 4205 2989 4286 curiosa,
3016 4223 3100 4270 ex
3125 4203 3248 4270 hoc
3272 4207 3415 4287 fuit,

1873 4310 2046 4391 quod
2095 4327 2229 4375 non
2274 4327 2469 4374 suum
2518 4310 2766 4376 bonum
2815 4311 2963 4376 inde
3014 4312 3256 4389 elicuit,
3310 4314 3421 4379 sed

1873 4416 2120 4480 malum
2147 4417 2664 4500 praesumptionis
2693 4420 2756 4483 et
2792 4418 3159 4484 ambitionis
3199 4419 3420 4486 incur-

1873 4522 1995 4587 rit:
2023 4523 2204 4587 etita
2225 4523 2351 4588 fuit
2374 4525 2583 4606 prima
2608 4526 2770 4590 ratio
2792 4526 3052 4608 peccati,
3082 4527 3235 4593 etin
3259 4545 3422 4611 prae·

1872 4629 2260 4711 sumptione,
2293 4632 2357 4693 et
2385 4630 2453 4694 in
2481 4631 3001 4698 consideratione.
3027 4633 3106 4699 Et
3130 4635 3220 4697 sic
3250 4639 3423 4717 patet

1873 4736 2070 4820 quod,
2110 4737 2410 4818 quamvis
2450 4737 2516 4800 in
2559 4737 2809 4803 diabolo
2836 4739 3028 4803 fuerit
3060 4740 3417 4823 curiositas,

1873 4861 2007 4907 non
2034 4847 2254 4907 tamen
2278 4842 2403 4909 fuit
2435 4843 2623 4927 culpa
2659 4845 3032 4910 antecedens
3058 4865 3419 4933 praesump-

1873 4950 2140 5030 tionem,
2165 4967 2286 5014 nec
2310 4949 2436 5016 alia
2459 4972 2477 5029 3
2508 4951 2619 5016 sed
2647 4952 2924 5018 conditio
2941 4951 3032 5017 illi
3059 4971 3335 5019 annexa.

1954 5059 1994 5120 8
2022 5060 2088 5122 et
2111 5061 2172 5122 9.
2209 5057 2307 5122 Ad
2337 5057 2496 5123 illud
2530 5058 2703 5141 quod
2746 5058 2974 5124 ultimo
3011 5059 3315 5143 objicitur
3340 5061 3420 5127 de

1874 5162 2119 5228 invidia
2139 5184 2159 5242 3
2186 5167 2359 5247 patet
2380 5166 2707 5246 responsio
2728 5183 2843 5248 per
2867 5165 3143 5233 verbum
3159 5167 3418 5249 Augus-

1873 5270 2024 5351 tini,
2056 5271 2228 5351 quod
2255 5287 2387 5336 non
2412 5270 2533 5333 fuit
2557 5270 2842 5353 primum
2866 5277 3218 5355 peccatum.
3253 5273 3419 5340 Nam

1877 5377 2286 5459 Augustinus
2308 5377 2462 5442 dicit
2491 5378 2666 5461 quod
2692 5384 2788 5443 est
2815 5378 3024 5461 proles
3062 5382 3378 5466 superbiae
3391 5430 3414 5464 ,
