4125 6225
1357 445 1551 525 DIST.
1593 445 1698 517 xl.
1741 439 1925 515 ΔΜ.
1969 439 2019 505 1.
2071 438 2369 517 QUAEST.
2414 439 2464 506 1.

867 714 1314 784 CONCLUSIO.

325 875 425 930 Dei
427 874 749 945 potentiam,
765 873 1114 944 sapientiam,
1128 875 1179 928 et
1193 872 1615 941 misericordiam
1625 871 1861 941 decebat,

395 968 447 1020 et
469 964 677 1020 homini
701 964 852 1035 lapso
881 966 943 1018 in
957 969 1232 1036 peccatum
1254 963 1331 1036 (a)
1352 964 1645 1036 plurimum
1670 961 1865 1018 condu-

395 1054 566 1119 cebat,
597 1054 856 1124 anaclicoe
882 1053 1130 1111 custodire
1148 1056 1326 1128 ipsum
1351 1053 1624 1126 deputari.

404 1212 588 1297 Resp.
620 1214 701 1279 ad
729 1214 1006 1295 Argum.
1037 1213 1389 1277 Dicendum
1415 1210 1587 1295 quod
1627 1228 1864 1275 conve-

323 1322 508 1386 niens
546 1324 640 1385 est
673 1320 1005 1387 hominem
1042 1321 1293 1403 lapsum
1337 1318 1629 1402 deputari
1655 1335 1864 1400 ange-

322 1429 463 1493 licae
492 1428 795 1493 custodiae
812 1477 830 1506 ‚
866 1433 929 1492 et
949 1428 1258 1510 angelum
1296 1426 1586 1510 deputari
1607 1426 1688 1490 ad
1713 1441 1864 1489 cus-

324 1536 631 1601 diendum
669 1535 999 1600 hominem
1032 1559 1047 1600 ε
1079 1530 1221 1599 tum
1252 1536 1406 1618 quia
1432 1535 1609 1599 decet
1638 1533 1864 1597 altitu-

326 1644 542 1707 dinem
569 1642 806 1707 divinae
840 1643 1172 1726 potentiae;
1204 1646 1344 1705 tum
1377 1641 1530 1724 quia
1555 1640 1732 1704 decet
1763 1658 1864 1703 or-

325 1751 542 1815 dinem
564 1751 923 1832 sapientiae3
957 1755 1095 1814 tum
1124 1749 1275 1832 quia
1297 1749 1492 1813 etiam
1522 1748 1699 1813 decet
1726 1746 1864 1810 dul-

325 1857 613 1922 cedinem
643 1856 1110 1921 misericordiae.
1137 1855 1554 1920 Altitudinem
1580 1873 1864 1938 namque

325 1967 502 2031 decet
544 1966 778 2031 divinae
826 1966 1129 2049 potentiae
1178 1964 1418 2049 duplici
1466 1983 1550 2028 ex
1598 1982 1789 2027 causa
1843 1986 1859 2027 ε

326 2092 458 2138 una
502 2078 629 2153 est,
676 2074 833 2157 quia
882 2074 1048 2138 Deus
1098 2092 1231 2138 non
1280 2072 1682 2137 solummodo
1725 2071 1867 2137 vult

324 2181 631 2245 honorari
679 2183 749 2244 in
793 2200 889 2257 se,
942 2181 1051 2245 sed
1097 2182 1290 2245 etiam
1332 2181 1403 2245 in
1452 2180 1586 2247 suis
1639 2174 1860 2244 servis

328 2287 505 2365 Unde
531 2307 661 2354 non
689 2289 925 2354 sufficit
941 2288 1259 2352 altitudini
1278 2288 1515 2352 divinae
1539 2285 1861 2369 potentiae,

327 2396 500 2479 quod
545 2398 759 2480 angeli
808 2397 1167 2462 ministrent
1207 2397 1359 2475 sibi;
1405 2397 1513 2460 sed
1555 2396 1745 2459 etiam
1785 2394 1867 2460 ad

328 2504 754 2569 ostensionem
777 2504 1141 2568 excellentis
1162 2521 1299 2568 suae
1323 2504 1621 2586 potentiae
1646 2503 1768 2567 hoc
1785 2501 1867 2566 ab

330 2612 421 2676 eis
440 2611 663 2693 exigit,
685 2616 758 2676 ut
781 2612 1142 2676 ministrent
1159 2612 1352 2675 etiam
1369 2616 1679 2675 creaturae
1705 2628 1860 2675 suae.

328 2718 473 2787 Alia
502 2725 597 2783 est
621 2719 813 2799 ratiO,
840 2719 994 2802 quia
1022 2736 1173 2782 cum
1200 2717 1367 2782 Deus
1396 2717 1627 2783 habeat
1653 2717 1866 2781 diabo-

328 2827 469 2891 lum
493 2829 555 2890 et
585 2828 640 2907 ej
653 2844 727 2888 us
747 2826 1071 2891 daemones
1090 2824 1505 2902 adversariOS‚
1533 2824 1741 2905 magis
1762 2824 1866 2889 de-

331 2952 482 2999 cens
520 2936 615 2998 est
643 2932 812 3016 quod
857 2934 993 3014 ipse
1026 2950 1135 2997 eos
1163 2932 1378 2997 vincat
1417 2950 1533 3015 per
1552 2950 1711 3015 ⁶suos
1736 2932 1866 2996 mi-

331 3044 567 3106 nistros
584 3090 602 3122 ,
631 3046 704 3106 ut
733 3059 845 3125 per
872 3042 993 3106 hoc
1013 3041 1381 3105 ostendatur
1407 3041 1687 3125 potentia
1724 3058 1869 3104 ma-

331 3171 459 3217 nus
483 3153 612 3232 Dei,
636 3170 764 3235 qua
790 3170 922 3217 non
951 3152 1162 3216 solum
1194 3156 1415 3234 potens
1438 3152 1621 3217 estin
1647 3170 1738 3228 se,
1760 3151 1871 3217 sed

332 3260 526 3325 etiam
557 3260 626 3322 in
650 3258 848 3323 servis
873 3259 1038 3338 suia,
1084 3263 1147 3323 et
1176 3263 1250 3323 ut
1277 3277 1408 3322 non
1432 3258 1708 3323 indebite
1732 3276 1872 3341 pos-

333 3366 413 3429 sit
444 3365 750 3429 Dominus
778 3349 1183 3430 exercituum
1217 3365 1542 3450 appellari.
1574 3365 1871 3430 Ordinem

331 3492 487 3540 vero
532 3474 862 3556 sapientise
899 3473 1191 3538 similiter
1223 3474 1421 3538 decet.
1463 3471 1619 3538 Nam
1647 3473 1753 3538 hic
1778 3477 1874 3537 est

334 3582 489 3647 ordo
515 3601 709 3664 quem
744 3582 962 3650 divina
990 3582 1097 3646 lex
1130 3581 1197 3645 in
1235 3582 1369 3646 suis
1396 3582 1696 3664 operibus
1719 3599 1873 3646 exe-

333 3689 575 3773 quitur,
613 3696 676 3754 et
721 3696 1090 3770 conservat,
1126 3695 1202 3754 ut
1244 3694 1563 3773 postrema
1596 3708 1707 3773 per
1736 3707 1874 3754 me-

334 3797 438 3860 dia
463 3797 733 3864 deducat
761 3797 842 3861 ad
883 3817 1161 3862 summa.
1194 3796 1498 3874 Quoniam
1526 3797 1725 3879 igitur
1752 3815 1874 3860 an-

333 3905 552 3987 geluS,
593 3908 735 3969 tum
768 3905 1012 3972 ratione
1046 3906 1542 3974 immortalitatis
1584 3909 1870 3983 naturas,

336 4014 477 4075 tum
505 4011 696 4075 etiam
725 4012 969 4076 ratione
995 4013 1222 4094 gratiae
1249 4015 1733 4091 consummatae,
1757 4030 1877 4077 me-

337 4119 518 4184 dium
537 4123 706 4183 tenet
722 4120 889 4184 inter
907 4119 1124 4197 Deum,
1152 4125 1215 4185 et
1236 4120 1567 4185 hominem
1588 4121 1871 4202 lapsum;

336 4228 565 4293 decens
610 4228 734 4292 fuit
772 4233 844 4291 ut
876 4228 1043 4292 Deus
1076 4228 1407 4293 hominem
1452 4229 1787 4311 adjuvaret
1813 4234 1878 4295 et

337 4335 680 4400 custodiret
706 4353 818 4418 per
861 4336 1189 4417 angelum.
1229 4321 1641 4401 Dulcedinem
1684 4338 1877 4402 etiam

337 4443 518 4508 decet
542 4443 782 4507 divinae
808 4442 1255 4508 misericordiae
1275 4490 1292 4520 ‚
1322 4461 1469 4526 quae
1496 4446 1746 4527 aperuit
1782 4445 1871 4508 si·-

336 4569 498 4616 num
527 4550 769 4615 homini
793 4550 970 4634 lapso
988 4598 1006 4627 ‚
1040 4569 1158 4615 nec
1192 4552 1265 4614 in
1284 4550 1501 4633 aliquo
1531 4550 1590 4615 ei
1619 4552 1872 4632 defecit,

338 4657 512 4740 quod
554 4661 792 4740 spectat
819 4658 899 4722 ad
940 4657 1160 4721 salutis
1201 4674 1340 4721 suae
1380 4658 1873 4740 promotionem.

340 4764 417 4830 Et
441 4765 584 4829 ideo
600 4813 618 4844 ‚
650 4783 800 4830 cum
821 4766 1019 4832 homo
1045 4764 1262 4848 lapsus
1289 4770 1450 4830 esset
1474 4766 1879 4832 venundatus

341 4876 413 4936 ut
457 4872 689 4938 faceret
737 4874 1018 4950 malum,
1070 4872 1128 4936 ei
1172 4872 1557 4938 ministravit
1600 4874 1878 4957 pretium

340 4979 679 5060 sanguinis
705 4978 849 5044 Filii
880 4981 978 5044 sui
995 5028 1014 5060 ,
1045 4999 1159 5063 per
1186 4998 1371 5063 quem
1395 4985 1490 5044 est
1515 4981 1880 5063 redemptus

340 5089 417 5149 ut
441 5085 630 5149 faciat
653 5087 918 5151 bonum.
953 5087 1028 5151 Et
1054 5088 1206 5170 quia
1230 5088 1421 5151 habet
1445 5088 1879 5154 adversarium

343 5192 852 5275 impugnantem,
871 5193 1042 5260 dedit
1058 5194 1118 5258 ei
1138 5193 1503 5259 ministrum
1526 5197 1880 5262 custodien-

344 5302 506 5379 tem,
538 5298 643 5362 vel
690 5300 1020 5365 custodem
1059 5301 1507 5379 auxiliantem,
1548 5308 1623 5368 ut
1660 5303 1751 5370 sic
1794 5322 1879 5368 ex

345 5405 525 5470 nulla
558 5408 736 5489 parte
765 5406 1021 5473 miseria
1042 5411 1401 5475 remaneret
1424 5409 1715 5480 humana
1739 5412 1875 5481 sine

3381 447 3506 508 307

1973 574 2211 645 divinae
2250 577 2701 658 misericordiae
2741 576 3023 643 subsidio
3066 581 3130 642 et
3173 576 3504 644 beneflcio.

1973 682 2375 766 Competebat
2400 684 2600 767 igitur
2624 683 2870 747 homini
2903 683 3080 766 lapso
3114 683 3253 748 dari
3280 701 3361 748 ex
3386 683 3510 748 hac

1973 790 2202 874 triplici
2231 792 2477 855 rationu
2520 791 2877 871 angelicam
2924 790 3298 854 custodiam.
3345 789 3510 854 Sunt

1974 898 2168 963 etiam
2192 898 2334 963 aliae
2352 898 2659 977 rationes,
2687 915 2835 981 quae
2854 899 2922 961 in
2940 896 3298 980 objiciendo
3324 900 3509 961 tactae

1972 1009 2145 1070 sunt.
2177 1003 2469 1096 Rationes
2487 1023 2645 1087 ergo
2665 1004 2745 1070 ad
2763 1006 2929 1069 hanc
2955 1009 3200 1087 partem
3227 1003 3508 1069 inductae

1974 1113 2391 1178 concedendae
2417 1118 2589 1179 sunt.

2054 1228 2116 1285 1.
2167 1221 2264 1286 Ad
2286 1222 2464 1287 illud
2503 1221 2674 1305 quod
2723 1221 2932 1304 primo
2982 1219 3305 1302 objicitur,
3340 1219 3512 1302 quod

1972 1330 2222 1394 homini
2245 1347 2379 1394 non
2402 1332 2607 1411 potest
2631 1328 2771 1391 fleri
2797 1327 3134 1407 violentia3
3173 1325 3512 1391 dicendum

1975 1440 2168 1523 quod,
2189 1439 2307 1503 etsi
2323 1456 2458 1502 non
2487 1437 2682 1519 possit
2707 1437 2846 1500 sieri
2875 1435 3175 1499 violentia
3195 1438 3512 1517 quantum

1974 1549 2070 1612 est
2091 1565 2174 1611 ex
2192 1548 2370 1628 parte
2390 1544 2572 1608 liberi
2602 1543 2870 1622 arbitrii,
2902 1546 3111 1624 posset
3132 1546 3348 1605 tamen
3370 1541 3512 1604 fleri

1973 1660 2292 1740 quantum
2319 1657 2512 1718 estex
2530 1658 2708 1736 parte
2729 1651 2850 1717 sui.
2882 1650 2962 1715 Et
2986 1652 3255 1729 iterum,
3289 1668 3514 1732 quam-

1971 1762 2075 1825 vis
2105 1761 2374 1842 angelus
2411 1768 2552 1824 non·
2581 1758 2778 1841 possit
2818 1757 3203 1847 sufficienter
3235 1756 3511 1819 liberum

1974 1869 2316 1933 arbitrium
2361 1867 2743 1943 violentam,
2787 1869 3004 1928 tamen
3021 1911 3038 1940 ‚
3085 1862 3210 1927 nisi
3251 1862 3513 1926 haberet

1974 1975 2358 2039 contrariam
2387 1977 2754 2056 potestatem
2781 1974 3104 2035 arcentem
3119 2018 3137 2049 ,
3180 1969 3341 2034 adeo
3367 1986 3515 2051 pos-

1973 2086 2069 2146 set
2106 2082 2408 2147 inducere
2447 2086 2511 2145 et
2551 2077 3056 2155 circumvenire,
3104 2076 3279 2159 quod
3330 2075 3516 2140 valde

1973 2188 2165 2272 pauci
2186 2191 2396 2252 essent
2421 2205 2586 2270 quos
2608 2204 2740 2250 non
2761 2184 3061 2267 dejiceret
3085 2204 3100 2246 ε
3124 2186 3187 2246 et
3206 2181 3349 2246 ideo
3376 2199 3513 2265 per-

1973 2299 2326 2364 necessaria
2352 2301 2446 2362 est
2484 2296 2767 2362 custodia
2795 2294 3115 2376 angelica,
3151 2310 3300 2375 quae
3329 2309 3515 2356 com·-

1972 2407 2211 2491 primat
2236 2407 2608 2488 potestatem
2630 2402 3029 2467 diabolicam.

2054 2521 2116 2580 2.
2151 2516 2249 2581 Ad
2273 2513 2433 2579 illud
2459 2512 2632 2596 quod
2659 2512 2985 2594 objicitur,
3019 2508 3194 2592 quod
3237 2507 3518 2571 carentia

1973 2622 2246 2705 angelici
2293 2620 2571 2704 praesidii
2619 2623 2817 2700 auget
2858 2617 3138 2700 gloriam
3183 2617 3252 2678 et
3285 2615 3516 2678 trium-

1972 2731 2215 2813 phum;
2256 2729 2601 2794 dicendum
2632 2727 2804 2810 quod
2847 2743 3077 2790 verum
3114 2727 3309 2798 esset,
3347 2722 3401 2784 si
3429 2721 3519 2786 ita

1973 2841 2138 2904 bene
2165 2837 2587 2919 triumpharet
2628 2835 2816 2900 homo
2835 2834 3080 2915 absque
3117 2829 3349 2912 angelo
3370 2878 3387 2905 ,
3424 2829 3517 2893 si-

1976 2950 2086 3010 cut
2128 2963 2280 3009 cum
2327 2941 2643 3025 adiutorio
2686 2939 2976 3021 angelico
3008 2960 3025 3002 z
3073 2953 3253 3001 nunc
3300 2938 3518 3000 autem

1979 3072 2113 3119 non
2152 3055 2245 3117 est
2279 3052 2401 3130 ita;
2447 3050 2502 3114 si
2545 3048 2722 3114 enim
2771 3048 2831 3112 ei
2868 3047 3111 3111 deesset
3151 3044 3518 3127 angelicum

1976 3161 2335 3228 subsidium
2355 3209 2374 3239 ,
2431 3159 2633 3222 multo
2681 3155 3080 3239 frequentius
3129 3153 3514 3231 vinceretur,

1978 3288 2176 3354 quam
2193 3269 2511 3331 vinceret:
2543 3268 2610 3329 et
2632 3264 2835 3328 multo
2857 3261 3084 3326 melius
3102 3263 3198 3324 est
3225 3276 3376 3322 cum
3401 3275 3521 3320 an-

1979 3378 2184 3460 gelico
2226 3374 2522 3458 praesidio
2563 3373 2819 3437 vincere
2842 3417 2859 3446 ,
2891 3386 3089 3451 quam
3124 3367 3262 3429 sine
3292 3363 3520 3447 praesi-

1979 3487 2088 3551 dio
2115 3503 2250 3549 sese
2286 3483 2362 3564 (b)
2401 3482 2683 3565 perdere.
2726 3478 2805 3542 Et
2835 3478 3104 3554 iteruin,
3143 3472 3521 3556 praesidium

1980 3594 2198 3677 angeli
2225 3611 2360 3656 non
2389 3589 2671 3655 excludit
2690 3588 2967 3651 liberum
2995 3582 3338 3648 arbitrium
3357 3629 3375 3660 ,
3402 3598 3523 3644 nec

1980 3701 2218 3766 minuit
2255 3698 2334 3763 de
2389 3694 2742 3760 substantia
2784 3691 3027 3767 meriti,
3079 3689 3184 3754 vel
3234 3687 3519 3772 praemii,

1980 3804 2086 3869 vel
2121 3804 2200 3869 de
2234 3801 2561 3866 nobilitate
2601 3795 2946 3879 triumphi,
2992 3797 3310 3877 quantum
3336 3792 3416 3856 ad
3446 3790 3515 3855 id

1981 3911 2155 3995 quod
2181 3915 2276 3974 est
2296 3905 2722 3972 substantiale.

2064 4022 2126 4082 3.
2157 4016 2256 4080 Ad
2283 4013 2438 4078 illud
2465 4011 2640 4095 quod
2664 4009 2982 4092 objicitur,
3009 4006 3180 4091 quod
3209 4023 3343 4070 non
3368 4023 3521 4069 con-

1981 4124 2162 4191 venit
2207 4141 2290 4187 ex
2325 4125 2502 4204 parte
2537 4119 2787 4200 angeli,
2832 4117 2988 4200 quia
3030 4117 3236 4199 major
3283 4118 3378 4178 est
3414 4112 3527 4195 qui

1983 4230 2334 4309 recumbit,
2382 4245 2578 4312 quam
2625 4226 2740 4309 qui
2786 4224 3134 4303 ministrat,
3184 4222 3526 4286 dicendum

1985 4340 2157 4424 quod
2193 4354 2425 4403 verum
2469 4340 2564 4400 est
2581 4382 2599 4411 ,
2643 4332 2901 4416 quando
2942 4331 3236 4395 minister
3274 4346 3530 4392 recum-

1988 4448 2165 4514 benti
2189 4446 2510 4511 ministrat
2528 4447 2783 4526 propter
2803 4441 3099 4522 seipsum,
3123 4438 3288 4502 sicut
3305 4453 3531 4500 servus

1985 4554 2163 4638 regis
2190 4552 2507 4616 ministrat
2534 4547 2675 4628 regi
2698 4549 2954 4629 propter
2980 4546 3123 4625 ejus
3148 4541 3528 4623 dignitatem

1987 4668 2052 4728 et
2106 4658 2485 4742 imperium;
2552 4653 2663 4718 sed
2713 4671 2849 4716 non
2909 4650 3104 4716 habet
3155 4649 3527 4728 veritatem,

1988 4768 2243 4855 quando
2287 4763 2518 4847 aliquis
2565 4758 2885 4828 ministrat
2947 4755 3174 4835 alicui,
3238 4755 3530 4820 habendo

1987 4878 2337 4959 respectum
2372 4869 2450 4934 ad
2478 4867 2708 4946 alium,
2759 4866 2922 4930 sicut
2958 4863 3301 4946 aliquando
3338 4880 3532 4943 mag-

1988 5003 2114 5050 nus
2163 4980 2337 5044 miles
2381 4975 2658 5041 deservit
2711 4989 2843 5036 non
2886 4976 3136 5035 tantum
3182 4969 3360 5051 regi,
3421 4968 3533 5033 sed

1986 5086 2182 5152 etiam
2204 5082 2318 5147 toti
2349 5079 2637 5154 familiae3
2679 5092 2798 5138 nec
2823 5074 3105 5156 aliquem
3127 5072 3374 5154 abjicit,
3411 5088 3531 5138 nec

1988 5187 2281 5272 despicit,
2305 5188 2381 5250 ut
2411 5183 2471 5247 ei
2499 5198 2629 5246 non
2661 5178 2976 5243 ministret
3006 5181 3264 5261 propter
3290 5175 3533 5240 utilita-

1985 5302 2118 5368 tem
2141 5309 2433 5381 personae
2463 5309 2483 5360 z
2507 5306 2643 5354 non
2668 5286 2842 5352 enim
2858 5284 3211 5351 considerat
3237 5284 3388 5368 quis
3407 5286 3525 5363 est,

2053 5423 2123 5492 (a)
2149 5420 2231 5473 At.
2258 5421 2566 5486 poeonia-
2591 5411 2656 5480 (ιι)
2679 5410 2944 5468 concedit.
2970 5379 3105 5474 dein
3130 5423 3263 5466 κιο.
