4125 6225
754 451 871 513 162

752 599 977 666 capere
999 629 1016 660 ,
1059 594 1217 660 ergo
1259 574 1468 659 potuit
1504 573 1654 638 dare
1698 572 1815 635 toti
1859 569 2141 634 materiae
2158 616 2175 647 ,
2223 570 2287 631 et

752 689 1051 752 omnibus
1092 683 1410 768 partibuS,
1439 679 1886 764 perfectionem
1913 679 2137 741 formae
2164 692 2287 737 no-

750 798 1074 861 bilissimae
1097 846 1114 874 ‚
1146 797 1377 875 utputa
1423 789 1744 854 rationalis
1785 791 2033 850 naturae
2067 807 2082 848 ε
2127 799 2285 863 ergo

749 901 955 983 potuit
974 900 1180 963 facere
1208 895 1523 960 mundum
1543 942 1561 973 ‚
1590 892 1703 974 qui
1733 892 2044 954 constaret
2070 905 2152 950 ex
2175 902 2282 949 so-

747 1006 824 1070 lis
860 1005 1229 1070 substantiis
1261 1000 1672 1067 rationalibus
1699 1020 1713 1060 :
1746 1000 1808 1061 et
1844 995 1896 1059 si
1946 995 2068 1058 hoc
2086 1041 2102 1071 ‚
2131 997 2285 1057 tunc

748 1116 1031 1180 mundus
1082 1113 1346 1178 haberet
1391 1125 1614 1175 omnes
1670 1109 1878 1190 partes
1930 1102 2284 1168 secundum

747 1221 1163 1286 substantiam
1188 1218 1480 1284 meliores
1509 1238 1525 1280 t
1553 1230 1733 1295 ergo,
1763 1214 1882 1275 etc.

512 1333 582 1376 Ad
613 1345 717 1389 01³1>-
828 1329 1057 1393 Contra
1087 1346 1104 1389 ε
1137 1334 1196 1392 1.
1227 1322 1631 1407 Augustinus
1657 1321 1723 1384 in
1753 1319 1917 1383 libro
1952 1316 2033 1382 de
2059 1316 2284 1383 Libero

747 1436 1028 1503 Arbitrio
1066 1438 1083 1472 ¹
1122 1453 1140 1499 ε
1178 1457 1209 1495 α
1241 1431 1558 1515 Quidquid
1590 1447 1746 1495 vera
1771 1426 2016 1491 ratione
2052 1425 2283 1490 melius

743 1544 857 1607 tibi
886 1542 1252 1619 occurrerit,
1279 1541 1438 1605 scias
1471 1537 1686 1602 fecisse
1726 1536 1927 1599 Deum
1964 1534 2284 1598 bonorum

744 1651 1036 1716 omnium
1056 1668 1190 1713 non
1210 1648 1687 1724 Conditorem..;
1718 1661 1852 1707 esse
1870 1646 2087 1706 autem
2109 1641 2282 1724 quod

742 1779 899 1826 vera
947 1758 1193 1822 ratione
1248 1754 1494 1836 cogitas
1520 1802 1538 1833 ‚
1598 1768 1730 1814 non
1782 1752 2003 1832 potest.
2066 1747 2283 1830 Neque

745 1867 919 1932 enim
943 1868 1017 1929 tu
1043 1867 1222 1947 potes
1245 1860 1482 1943 aliquid
1506 1858 1734 1922 melius
1757 1856 1826 1919 in
1857 1859 2148 1920 creatura
2175 1873 2284 1919 co-

744 1974 950 2055 gitare
974 2019 992 2051 ‚
1035 1969 1206 2052 quod
1240 1972 1551 2031 creaturae
1599 1964 1905 2028 artificem
1950 1963 2211 2043 fugerit.
2243 1984 2273 2021 ι»

744 2079 919 2161 Ergo
957 2094 1088 2141 non
1128 2077 1331 2158 potest
1356 2073 1570 2155 aliqua
1588 2075 1878 2135 creatura
1920 2070 2150 2134 nobilis
2185 2088 2284 2134 co—

743 2185 960 2267 gitari,
990 2200 1136 2264 quae
1161 2198 1291 2244 non
1316 2180 1395 2242 sit
1422 2179 1498 2242 de
1519 2176 1965 2241 constitutione
1990 2175 2238 2240 mundi.

820 2297 882 2356 2.
905 2291 1066 2355 ltem
1089 2287 1518 2369 Augustinus,
1545 2283 1655 2349 XII
1688 2284 2005 2364 confess!
2036 2305 2060 2347 .·
2097 2307 2128 2345 ιι
2145 2284 2283 2347 Duo

740 2400 964 2478 fecisti,
998 2397 1287 2474 Domine,
1309 2413 1519 2459 unum
1545 2410 1741 2476 prope
1761 2396 1822 2456 te
1835 2441 1854 2471 ‚
1886 2390 2060 2456 aliud
2087 2409 2282 2474 prope

740 2509 902 2575 nihil
921 2557 939 2588 ,
965 2507 1204 2572 scilicet
1229 2502 1584 2584 angelicam
1621 2505 1979 2565 creaturam
2001 2549 2018 2579 ‚
2051 2505 2115 2564 et
2143 2517 2285 2562 ma-

738 2617 964 2682 teriam
1024 2614 1327 2697 primam.
1374 2632 1405 2669 »
1460 2607 1583 2672 Sed
1644 2625 1778 2671 non
1821 2610 2026 2689 potest
2076 2608 2284 2688 major

649 2738 652 2741 “
739 2724 1017 2790 ambitus
1043 2717 1312 2801 cogitari
1333 2764 1350 2796 ‚
1381 2732 1581 2799 quam
1611 2732 1650 2777 a
1675 2712 2150 2796 propinquitate
2172 2712 2285 2777 Dei

739 2834 818 2898 ad
851 2830 1014 2895 nihil
1043 2850 1059 2892 :
1102 2844 1261 2908 ergo
1302 2841 1437 2889 non
1463 2820 1671 2905 potuit
1695 2821 1833 2885 fleri
1860 2820 2145 2885 mundus
2170 2821 2285 2904 qui

738 2944 929 3006 natus
956 2937 1036 3003 sit
1059 2936 1139 3019 (α)
1175 2931 1466 3016 amplecti
1494 2930 1711 3013 plures
1735 2933 2000 2994 naturas
2017 2947 2281 2994 rerum:

739 3065 896 3131 ergo
922 3062 1057 3110 non
1083 3040 1294 3126 potuit
1321 3037 1606 3103 mundus
1640 3036 1780 3100 fieri
1818 3036 2043 3101 melior
2069 3056 2276 3118 quan-

739 3163 885 3223 tum
901 3155 982 3220 ad
1004 3151 1440 3235 capacitatem.
1462 3144 1585 3210 Sed
1602 3148 1845 3208 constat
1869 3145 2282 3228 capacitatem

740 3267 917 3332 illam
938 3280 1069 3327 non
1095 3277 1230 3324 esse
1255 3272 1530 3322 vacuam
1553 3255 1870 3335 quantum
1896 3252 1977 3317 ad
2005 3254 2285 3337 aliquem

743 3371 1022 3457 gradum
1054 3390 1073 3447 ;
1117 3363 1401 3448 alioquin
1454 3378 1571 3425 nec
1631 3359 1915 3424 mundus
1973 3362 2289 3442 perfectus

744 3485 927 3561 esset,
951 3496 1072 3543 nec
1095 3475 1476 3541 universum
1502 3468 1856 3553 perfectum
1875 3468 2000 3532 dici
2025 3474 2234 3552 posset
2264 3494 2280 3537 :

744 3608 904 3672 ergo
920 3605 1041 3651 nec
1057 3584 1174 3648 iste
1201 3580 1346 3664 plus
1371 3595 1597 3661 capere
1621 3623 1640 3656 ‚
1673 3593 1794 3639 nec
1817 3574 1982 3641 alius
2001 3580 2287 3661 capacior

744 3695 952 3781 potuit
975 3691 1136 3757 fleri.

827 3808 888 3869 3.
914 3802 1075 3866 Item
1096 3794 1360 3862 materia
1385 3792 1595 3876 prima
1621 3794 1716 3855 est
1740 3795 1952 3856 creata
1975 3791 2046 3857 in
2077 3794 2290 3857 omni-

749 3911 940 3978 moda
966 3903 1402 3991 possibilitate,
1445 3903 1511 3963 et
1544 3898 1615 3962 in
1634 3899 1907 3981 perfecta
1932 3900 2290 3967 obedientia

750 4022 1040 4105 respectu
1078 4010 1390 4080 Creator-is
1421 4033 1436 4075 ε
1479 4027 1638 4090 ergo
1673 4008 1726 4071 si
1754 4009 2063 4092 capacitas
2089 4010 2292 4094 ipsius

752 4128 1039 4195 materiae
1066 4120 1411 4188 attenditur
1439 4115 1790 4182 secundum
1813 4136 1998 4181 suam
2024 4120 2295 4201 possibi-

750 4241 993 4304 litatem
1007 4236 1071 4298 et
1082 4225 1507 4296 obedientiam
1519 4240 1716 4306 quam
1730 4221 1955 4289 habuit
1965 4226 2044 4290 ad
2062 4224 2288 4310 Deum,

752 4352 817 4414 et
843 4348 912 4410 in
937 4357 1194 4408 summa
1218 4331 1649 4420 possibilitate,
1679 4334 1743 4395 et
1767 4331 1837 4395 in
1857 4351 2115 4400 summa
2134 4338 2292 4401 obe-

754 4453 991 4522 dientia
1031 4451 1127 4514 est
1161 4446 1411 4510 creata:
1456 4456 1614 4520 ergo
1655 4439 1941 4504 mundus
1975 4448 2293 4525 quantum

755 4565 836 4630 ad
869 4558 1281 4645 capacitatem
1323 4566 1456 4613 non
1491 4546 1698 4629 potuit
1741 4547 1885 4612 fieri
1930 4551 2156 4617 melior
2183 4573 2202 4618 ε
2239 4556 2294 4619 si

755 4688 915 4753 ergo
952 4664 1123 4730 dedit
1161 4659 1327 4748 Betis
1351 4652 1705 4736 unicuique
1749 4661 2067 4737 quantum
2093 4680 2294 4746 capax

755 4781 914 4859 erat,
944 4789 1104 4856 ergo
1124 4767 1305 4833 nullo
1339 4761 1528 4828 modo
1554 4761 1762 4844 potuit
1788 4763 1930 4829 fieri
1963 4768 2209 4837 melior.

837 4892 898 4952 4.
940 4883 1100 4948 Item
1123 4927 1141 4958 ‚
1193 4875 1791 4960 quantumcumque
1850 4880 2141 4943 creatura
2185 4881 2296 4948 flat

757 4998 949 5073 bona,
965 5003 1216 5056 necesse
1223 4986 1319 5049 est
1328 4999 1464 5046 esse
1476 4979 1724 5043 finitam
1744 4980 1817 5064 (b)
1836 5000 1854 5045 ε
1870 5001 2027 5066 ergo
2044 5005 2296 5057 necesse

759 5109 855 5171 est
880 5094 1223 5182 aliquando
1252 5106 1489 5175 ponere
1518 5089 1776 5168 statum,
1807 5087 1896 5153 ita
1925 5095 2096 5174 quod
2120 5116 2298 5164 crea.

758 5217 906 5277 tura
929 5206 1111 5273 nullo
1140 5198 1327 5267 modo
1352 5194 1548 5281 possit
1571 5194 1711 5258 fieri
1736 5197 1980 5279 melior,
2012 5201 2082 5266 in
2118 5206 2298 5272 nullo

761 5312 1127 5401 derogando
1149 5306 1385 5379 divinae
1403 5302 1704 5387 potentiae
1727 5321 1744 5369 2
1765 5301 1876 5365 sed
1897 5323 2027 5390 qua
2049 5312 2298 5385 ratione

833 5446 852 5479 ¹
881 5446 1032 5507 Aug„
1052 5441 1114 5491 de
1139 5440 1232 5490 zib.
1256 5438 1448 5500 arbit„
1483 5439 1573 5489 nb.
1605 5440 1694 5502 m,
1723 5451 1769 5487 e.
1804 5448 1856 5501 v,
1875 5450 1932 5488 n.
1963 5441 2041 5490 13.
2072 5462 2135 5476 -
2158 5440 2299 5504 tid„

1884 429 2505 501 SENTENTIARUM
2546 430 2695 495 LIB.
2740 430 2790 495 Ι.

2394 570 2596 629 statur
2634 567 2703 629 iu
2749 564 2965 646 aliqua
3001 561 3206 644 specie
3239 562 3546 623 creaturae
3566 607 3584 639 ‚
3630 563 3826 622 statur
3849 557 3914 622 iu

2394 692 2698 756 suprema
2737 672 2942 755 specie
2986 673 3292 734 creaturae
3326 666 3668 750 spiritualis
3700 682 3717 726 ε
3747 665 3917 730 nulla

2395 800 2554 863 ergo
2581 785 2869 846 creatura
2895 778 2999 843 vel
3026 776 3264 860 species
3287 777 3486 857 potest
3514 773 3622 836 illa
3646 772 3781 836 fieri
3806 790 3919 836 no-

2393 889 2582 954 bilior
2609 911 2624 953 :
2653 893 2715 953 et
2738 889 2791 952 si
2814 890 3127 970 optimum
3158 885 3225 948 in
3252 902 3384 947 uno
3413 898 3646 963 genere
3674 885 3766 943 est
3789 898 3921 944 me-

2392 996 2522 1061 lius
2543 997 2787 1080 optimo
2807 996 2877 1059 in
2899 994 3046 1072 alio,
3069 996 3162 1057 est
3185 994 3256 1074 (c)
3285 988 3655 1072 simpliciter
3676 986 3794 1052 hoc
3819 988 3921 1052 illo

2394 1106 2661 1185 melius;
2705 1123 2866 1187 ergo
2908 1105 2961 1166 si
3001 1102 3322 1185 optimum
3371 1100 3443 1164 in
3486 1098 3784 1163 universo
3835 1099 3924 1159 ost

2394 1211 2711 1294 optimum
2754 1207 2965 1273 omnis
3007 1211 3313 1270 creaturae
3340 1251 3358 1283 ‚
3393 1219 3541 1284 quae
3576 1201 3769 1284 possit
3796 1218 3924 1264 esse

2394 1319 2687 1379 creatura
2707 1362 2726 1393 ,
2769 1316 2835 1377 et
2874 1308 3242 1393 simpliciter
3267 1306 3553 1370 mundus
3585 1305 3702 1367 iste
3728 1306 3820 1367 est
3842 1302 3925 1366 ita

2393 1422 2624 1501 bonus,
2654 1420 2826 1503 quod
2851 1437 2928 1484 eo
2960 1436 3090 1482 non
3116 1415 3257 1480 fleri
3276 1417 3482 1497 potest
3503 1411 3752 1477 melior.

2932 1670 3380 1741 CONCLUSIO.

2393 1837 2534 1893 Deus
2562 1835 2750 1907 potuit
2787 1834 2964 1903 tacere
3002 1831 3139 1886 hunc
3170 1826 3426 1884 mundum
3448 1826 3719 1881 meliorem
3759 1821 3929 1894 quoad

2464 1925 2806 1994 auqmentum
2833 1921 3153 1976 substantiae
3171 1958 3185 1986 ,
3214 1933 3322 1972 non
3350 1920 3530 1973 autem
3568 1914 3823 1984 quantum
3859 1911 3930 1967 ad

2461 2013 2764 2087 specificam
2790 2009 2991 2082 aradus
3018 2008 3388 2064 nobilitatem.

2470 2186 2655 2270 Resp.
2696 2185 2775 2250 ad
2816 2186 2975 2266 Arg.
3023 2180 3377 2247 Dicendum
3426 2177 3605 2261 quod
3645 2194 3928 2240 excessus

2392 2294 2691 2358 bonitatis
2718 2289 3147 2356 substantialis
3163 2288 3230 2351 in
3250 2287 3442 2350 rebus
3471 2287 3679 2367 potest
3699 2282 3928 2348 attendi

2394 2400 2727 2483 dupliciter
2751 2418 2768 2463 t
2798 2402 2912 2463 aut
2927 2400 3246 2479 quantum
3269 2394 3348 2457 ad
3377 2390 3799 2456 essentiarum
3823 2407 3930 2452 no-

2392 2507 2700 2572 bilitatem
2727 2511 2790 2571 et
2816 2505 3057 2588 gradus
3080 2553 3098 2581 ‚
3125 2503 3311 2567 etsie
3337 2500 3568 2564 dicitur
3596 2497 3767 2581 quod
3792 2515 3927 2579 spe-

2393 2615 2521 2679 cies
2563 2614 2842 2678 hominis
2885 2612 3113 2677 melior
3156 2615 3250 2674 est
3310 2613 3373 2672 et
3410 2607 3689 2671 nobilior
3732 2605 3927 2687 specie

2393 2723 2595 2803 asini;
2625 2726 2739 2787 aut
2763 2726 3086 2804 quantum
3131 2719 3211 2783 ad
3250 2735 3386 2781 esse
3408 2765 3425 2794 ‚
3459 2719 3655 2799 prout
3680 2731 3929 2777 concer—

2393 2831 2492 2894 nit
2506 2831 2893 2895 additionem
2916 2828 3052 2895 sive
3077 2828 3501 2908 augmentum
3544 2823 3676 2888 :sic
3708 2821 3931 2886 dicitur

2394 2938 2566 3020 quod
2593 2956 2807 3002 marca
2833 2936 2977 3002 auri
3004 2934 3228 2999 melior
3255 2935 3349 2997 est
3370 2930 3595 3011 uncia,
3626 2947 3756 2993 non
3784 2926 3931 3010 quia

2392 3046 2770 3112 nobiliorem
2807 3045 3001 3109 habet
3041 3044 3319 3107 formam
3338 3088 3355 3120 ‚
3403 3038 3508 3102 vel
3554 3036 3887 3102 essentiam
3910 3081 3926 3111 ‚

2394 3157 2505 3222 sed
2529 3157 2682 3240 quia
2719 3156 2866 3239 plus
2900 3153 3093 3217 habet
3124 3151 3203 3215 de
3250 3146 3391 3213 auri
3438 3146 3793 3210 substantia
3815 3192 3830 3221 ,
3863 3162 3932 3208 ac

2394 3282 2510 3346 per
2538 3262 2662 3328 hoc
2685 3263 2764 3328 de
2803 3259 3085 3325 bonitate
3114 3262 3178 3321 et
3206 3255 3446 3321 valore.
3478 3251 3747 3329 Quando
3780 3266 3928 3330 ergo

2395 3371 2709 3454 quaeritur
2732 3372 2954 3434 ntrum
2971 3366 3147 3431 -Deus
3172 3362 3448 3447 potuerit
3486 3359 3807 3424 mundum
3837 3357 3931 3419 fa-

2396 3497 2538 3543 cere
2591 3478 2923 3543 meliorem
2989 3476 3304 3557 quantum
3367 3470 3448 3534 ad
3517 3463 3929 3532 substantiam

2396 3586 2676 3669 partium
2699 3634 2718 3665 ,
2748 3584 2802 3649 si
2846 3588 2921 3648 tu
2952 3580 3278 3661 intelligas
3317 3578 3395 3642 de
3432 3593 3701 3641 excessu
3735 3589 3929 3656 quan-

2396 3697 2539 3759 tum
2564 3693 2645 3758 ad
2671 3693 2954 3776 primum
2983 3689 3270 3766 modum,
3295 3685 3466 3769 quod
3487 3682 3771 3748 mundus
3787 3696 3931 3743 oon·-

2399 3803 2593 3867 staret
2643 3820 2727 3865 ex
2768 3798 3188 3865 nobilioribus
3231 3792 3519 3859 essentiis
3537 3841 3555 3873 ,
3602 3790 3741 3856 dico
3770 3785 3930 3870 quod
3962 3852 3971 3863 ,

2400 3910 2571 3975 idem
2597 3908 2905 3987 mundus,
2930 3907 3045 3989 qui
3068 3909 3164 3970 est
3186 3921 3380 3981 nunc,
3409 3919 3544 3965 non
3572 3896 3774 3982 potuit
3799 3891 3930 3958 fieri

2401 4017 2656 4097 melior,
2686 4016 2839 4098 quia
2861 4033 2993 4078 non
3021 4015 3182 4078 esset
3209 4012 3350 4090 iste,
3381 4007 3490 4072 sed
3531 4007 3697 4071 alius
3727 4023 3745 4068 ε
3776 4002 3932 4066 sicut

2403 4126 2457 4190 si
2482 4125 2597 4188 iste
2623 4122 2737 4207 qui
2764 4123 2968 4185 factus
2988 4123 3081 4184 est
3105 4119 3324 4198 homo,
3357 4115 3579 4179 fuisset
3606 4113 3805 4176 factus
3820 4125 3931 4171 an-

2401 4232 2586 4315 gelus
2607 4279 2624 4307 ,
2661 4248 2794 4294 non
2832 4232 2995 4293 esset
3039 4226 3145 4291 ille
3189 4224 3300 4309 qui
3348 4228 3444 4288 est
3473 4244 3488 4287 ε
3527 4222 3682 4305 quia
3725 4222 3930 4281 tamen

2403 4358 2584 4423 posse
2603 4340 2744 4421 ejus
2766 4355 2900 4402 non
2922 4338 3017 4401 est
3041 4337 3354 4398 arctatum
3368 4378 3385 4409 ‚
3414 4348 3533 4394 nec
3566 4328 3926 4401 limitatum,

2405 4465 2538 4511 non
2561 4445 2748 4512 video
2789 4462 2989 4528 quare
3027 4460 3158 4507 non
3190 4438 3500 4524 potuisset
3524 4437 3724 4501 alium
3756 4448 3932 4498 mun-

2404 4555 2561 4619 dum
2584 4554 2916 4619 meliorem
2941 4551 3146 4614 facere
3166 4549 3291 4613 hoc
3328 4563 3565 4629 genere
3594 4540 3929 4607 meliorita-

2404 4662 2507 4727 tis.
2541 4659 2609 4726 Si
2647 4664 2862 4724 autem
2908 4657 3228 4739 intelligas
3249 4657 3566 4737 quantum
3605 4649 3684 4714 ad
3716 4663 3929 4712 secun-

2402 4770 2561 4835 dum
2609 4767 2876 4833 modum
2902 4813 2920 4844 ‚
2957 4764 3046 4827 sic
3099 4762 3240 4826 dico
3257 4809 3280 4845 2
3321 4759 3494 4842 quod
3547 4775 3678 4822 non
3733 4753 3928 4818 solum

2407 4880 2629 4958 alium,
2657 4894 2889 4941 verum
2915 4873 3112 4938 etiam
3138 4872 3313 4935 hunc
3338 4868 3548 4953 potuit
3567 4867 3771 4931 facere
3796 4879 3928 4926 me·-

2405 4987 2635 5051 liorem
2665 4983 2827 5048 sicut
2852 4985 2916 5045 et
2942 4982 3252 5063 majorem
3288 4999 3303 5042 ε
3336 4982 3400 5041 et
3422 4977 3477 5039 si
3502 4975 3779 5049 fecisset,
3806 4983 3928 5030 non
3966 4981 3974 4991 ·

2408 5097 2571 5159 esset
2611 5092 2775 5155 alius
2821 5113 2836 5154 ε
2888 5089 3053 5153 sicut
3095 5091 3305 5170 posset
3355 5085 3559 5148 facere
3610 5078 3778 5164 quod
3820 5076 3927 5138 iste

2408 5222 2572 5289 puer
2596 5205 2759 5268 esset
2793 5202 2883 5266 ita
2907 5217 3188 5281 magnus
3212 5201 3287 5262 ut
3312 5195 3504 5277 gigas
3524 5241 3541 5272 ‚
3574 5195 3636 5257 et
3662 5189 3803 5273 plus
3824 5185 3929 5249 ha-

2413 5339 2556 5403 Conf.
2574 5336 2665 5387 lib.
2696 5335 2806 5399 xli,
2831 5349 2878 5385 c.
2905 5346 2997 5396 vn,
3016 5347 3071 5384 n.
3108 5336 3187 5391 15.
3212 5330 3383 5396 quoad
3410 5341 3633 5379 sensum.

2476 5430 2542 5492 (a)
2571 5427 2694 5478 coet.
2721 5424 2826 5476 edit
2847 5427 2943 5475 est.
2960 5448 3026 5460 —
3043 5422 3111 5488 (ὁ)
3140 5421 3267 5472 Item
3281 5419 3519 5472 finim.—
3542 5417 3601 5482 (c)
3621 5416 3743 5466 Item
3762 5414 3813 5461 et
