4125 6225
1237 381 1615 450 DISTINGT.
1649 382 1727 451 V.
1770 381 1952 449 ΛΒΤ.
1996 382 2105 448 ΙΙΙ.
2146 382 2444 461 QUAEST.
2483 385 2561 451 11.

313 538 463 585 cum
490 520 702 585 omnis
732 535 1143 604 perseverans
1168 519 1238 582 in
1275 520 1485 601 gratia
1518 522 1680 585 bene
1706 524 1852 584 uta-

315 631 421 691 tur
456 644 532 691 ea
551 674 568 704 ,
608 626 722 709 qni
766 628 1127 708 perseverat
1170 625 1242 688 in
1290 627 1496 707 gratia
1512 675 1530 706 ,
1568 630 1852 691 meretur

311 752 454 798 eam
484 752 501 798 z
533 733 639 798 sed
684 733 854 816 quod
894 735 989 797 est
1031 751 1115 798 ex
1152 733 1395 797 meritis
1412 780 1429 810 ,
1465 751 1598 798 non
1639 738 1733 798 est
1769 751 1852 797 ex

312 840 523 922 gratia
566 859 582 903 ε
630 858 788 921 3133
832 839 1135 904 merendo
1180 840 1453 921 gratiam
1470 888 1488 919 ,
1540 840 1854 905 desineret

311 966 446 1012 esse
478 947 704 1029 gratia.

392 1053 552 1118 Item
574 1102 592 1133 ,
649 1054 703 1116 si
759 1052 1099 1135 praemium
1155 1052 1453 1136 praecedit
1504 1053 1807 1118 meritum
1830 1102 1846 1131 ,

208 1202 213 1206 ·
313 1178 538 1244 quaero
564 1161 736 1243 quod
752 1164 847 1223 est
862 1159 1019 1224 illud
1038 1160 1360 1238 meritum,
1390 1163 1503 1224 aut
1529 1164 1853 1242 quantum

312 1269 392 1333 ad
437 1272 651 1332 actum
694 1266 1243 1349 contemplationis
1261 1312 1279 1343 ,
1315 1270 1429 1330 aut
1466 1266 1802 1330 ministerii
1832 1289 1847 1330 ε

313 1392 446 1439 non
473 1376 789 1456 quantum
816 1372 894 1437 ad
923 1376 1136 1436 actum
1164 1373 1739 1456 contemplationiS,
1763 1375 1852 1439 sic

314 1482 489 1547 enim
519 1498 741 1555 omnes
775 1479 942 1543 beati
973 1483 1369 1543 mererentur
1399 1501 1414 1543 ε
1448 1480 1504 1542 31
1539 1485 1850 1563 quantum

315 1587 398 1651 ad
432 1591 647 1651 actum
692 1585 1061 1662 ministerii,
1107 1603 1265 1666 ergo
1300 1586 1554 1651 videtur
1587 1588 1757 1668 quod
1798 1588 1852 1650 si

316 1713 453 1759 non
474 1699 638 1760 esset
661 1694 878 1774 homo,
904 1694 1174 1776 angelus
1197 1711 1331 1758 non
1351 1697 1561 1776 posset
1581 1695 1846 1759 mereri:

316 1818 476 1882 ergo
510 1819 630 1866 nec
652 1802 890 1883 dignus
917 1804 1080 1864 esset
1105 1800 1449 1865 beatificari
1481 1825 1497 1866 t
1529 1803 1697 1886 quod
1728 1802 1851 1867 fal-

316 1927 465 1973 sum
493 1912 587 1972 est
613 1908 820 1991 plane.

74 2012 153 2057 Ad
172 2024 288 2070 ⁰1²1)-
400 2017 630 2081 Contra
654 2017 778 2080 hoc
808 2020 901 2080 est
934 2038 947 2080 :
983 2022 1042 2079 1.
1077 2015 1250 2097 quod
1281 2014 1580 2097 Magister
1605 2017 1756 2081 dicit
1781 2018 1852 2083 in

316 2127 526 2190 littera
558 2146 574 2188 ι
604 2148 634 2185 α
663 2123 842 2202 Quod
883 2124 1093 2205 magis
1130 2124 1363 2206 placet,
1412 2124 1642 2189 scilicet
1681 2128 1851 2209 quod

317 2237 648 2296 merentur
668 2233 807 2313 jam
835 2229 1147 2294 habitum.
1179 2251 1211 2289 11

399 2344 461 2403 2.
506 2340 662 2402 Item
691 2339 935 2402 ratione
962 2360 976 2402 ε
1004 2337 1269 2418 Α113311,
1300 2338 1458 2402 dum
1493 2339 1853 2404 ministrant

316 2448 526 2526 1131113,
548 2446 787 2529 aliquid
811 2448 1156 2522 merentur,
1178 2464 1325 2509 cum
1349 2464 1428 2510 ex
1451 2463 1688 2528 magna
1706 2447 1850 2510 cha-

315 2554 504 2617 ritate
529 2558 593 2618 et
620 2553 990 2617 liberalitate
1023 2553 1205 2616 nobis
1233 2554 1759 2634 condescendant,
1787 2561 1851 2619 et

315 2661 745 2726 ministerium
782 2678 915 2724 11311
952 2661 1035 2724 311
1070 2665 1247 2724 33133
1280 2661 1845 2742 331311131131133113,

314 2768 426 2832 sed
469 2768 725 2831 viatoris
753 2768 965 2849 potius
996 2789 1010 2831 ε
1042 2771 1154 2831 331
1188 2785 1344 2849 3133
1375 2772 1702 2832 1113133131
1729 2768 1849 2832 113-

313 2875 523 2939 1111313
541 2925 558 2955 ,
593 2881 707 2939 aut
745 2875 1108 2940 habendum
1142 2898 1157 2939 :
1188 2876 1240 2939 si
1283 2876 1575 2940 habitum
1595 2925 1612 2955 ,
1644 2876 1848 2941 habeo

312 2984 711 3065 propositum
730 3033 748 3064 ,
796 2984 965 3067 quod
1011 2984 1310 3048 meritum
1356 2985 1640 3066 sequitur
1682 3002 1848 3067 prae-

314 3092 560 3171 mium3
604 3091 659 3156 si
696 3092 1098 3170 habendum,
1137 3109 1294 3173 ergo
1332 3094 1487 3157 tunc
1525 3110 1676 3156 cum
1710 3111 1849 3159 me·

313 3203 579 3263 reantur
626 3201 1079 3265 beatitudinem
1095 3248 1114 3277 ,
1162 3217 1295 3264 non
1344 3204 1494 3264 sunt
1542 3200 1730 3266 beati.
1782 3200 1850 3266 Si

312 3306 491 3371 aliud
516 3326 709 3388 quam
736 3307 1222 3384 beatitudinem,
1253 3326 1410 3389 ergo
1436 3326 1567 3371 non
1592 3313 1684 3373 est
1710 3326 1849 3372 me-

312 3414 516 3478 ritum
555 3433 780 3480 eorum
822 3416 1203 3497 perfectum,
1240 3433 1358 3479 nec
1397 3415 1844 3480 necessarium.

314 3520 631 3586 Praeterea
648 3571 666 3602 ,
721 3521 1025 3605 quidquid
1074 3526 1460 3600 mereantur,
1509 3542 1657 3588 cum
1706 3540 1849 3607 spes

312 3645 457 3711 quse
500 3628 834 3712 differtur,
880 3629 1140 3711 affligat
1189 3630 1511 3695 animam·
1530 3680 1549 3710 ,
1597 3632 1850 3696 videtur

312 3736 485 3818 quod
529 3737 653 3800 tale
705 3736 1008 3800 meritum
1063 3740 1353 3818 respectu
1396 3738 1487 3800 rei
1543 3738 1849 3803 habendae

310 3863 444 3908 non
470 3845 665 3927 possit
692 3849 858 3908 stare
885 3862 1034 3908 cum
1061 3847 1231 3907 statu
1260 3844 1687 3909 beatitudinis,

396 3955 454 4015 3.
501 3951 661 4015 Item
696 3970 935 4032 magna
979 3951 1243 4034 praemia
1279 3970 1408 4014 non
1446 3951 1674 4016 debent
1713 3952 1849 4016 dari

311 4060 450 4123 3133
488 4061 742 4141 1333313
771 4059 1013 4123 meritis
1044 4077 1062 4122 ε
1096 4062 1158 4123 31
1192 4076 1429 4139 313333
1463 4059 1688 4122 merita
1716 4077 1849 4124 non

310 4171 467 4231 sunt
503 4167 636 4231 sine
673 4168 928 4248 magnis
963 4167 1278 4248 obsequiis
1308 4188 1323 4230 ε
1356 4184 1511 4247 3133
1547 4185 1697 4230 3313
1732 4186 1848 4230 an-

308 4274 443 4357 geli
470 4293 707 4356 magna
737 4275 1003 4357 praemia
1034 4273 1338 4349 habeant,
1370 4276 1434 4336 et
1463 4291 1705 4355 magna
1733 4274 1849 4338 311-

308 4383 529 4464 333313
563 4399 694 4445 non
739 4381 1173 4463 praecesserint
1211 4381 1279 4443 in
1323 4380 1558 4463 quibus
1596 4398 1849 4444 merue-

308 4489 474 4564 rint,
502 4506 658 4569 ergo
683 4488 913 4552 debent
937 4489 1137 4569 sequi.

390 4598 452 4657 4.
502 4593 661 4657 Item
706 4593 1057 4657 secundum
1102 4593 1272 4675 quod
1318 4593 1461 4676 plus
1501 4593 1607 4657 dat
1644 4594 1809 4659 Deus
1826 4643 1844 4672 ,

311 4701 459 4784 plus
493 4701 697 4781 exigit
728 4702 894 4765 Deus
919 4719 960 4764 a
988 4705 1319 4764 creatura:
1346 4700 1401 4763 si
1440 4718 1597 4781 ergo
1638 4704 1850 4783 majus

308 4807 510 4871 robur
548 4807 806 4872 virtutis
847 4807 1017 4872 dedit
1053 4807 1283 4887 angelo
1322 4823 1516 4888 quam
1557 4805 1844 4886 homini,

313 4931 472 4996 ergo
498 4918 560 4980 et
586 4919 828 4998 majora
854 4915 1160 4996 obsequia
1184 4913 1452 4996 requirit
1467 4936 1484 4991 ;
1516 4914 1622 4977 sed
1652 4914 1847 4978 homo

311 5039 445 5086 11311
477 5021 893 5102 glorificatur,
927 5021 1054 5085 nisi
1092 5039 1206 5103 per
1237 5021 1485 5085 labores
1517 5020 1754 5084 multos
1786 5025 1850 5084 et

312 5146 583 5209 magnos
627 5151 641 5192 :
689 5148 845 5209 ergo
892 5147 1011 5192 nec
1055 5128 1325 5209 angelus
1368 5128 1505 5192 sine
1551 5128 1848 5210 operibus

314 5235 499 5300 debet
538 5235 878 5317 glorificari
910 5257 926 5298 ε
956 5234 1065 5298 sed
1103 5239 1296 5317 opera
1333 5252 1463 5298 non
1503 5251 1847 5317 1113133333-

312 5364 395 5426 ·,-;,,·
418 5360 946 5424 Prov.,1111,12.—2
968 5360 1224 5424 Richard„
1252 5362 1417 5423 ms,
1441 5373 1493 5426 q.
1515 5371 1574 5410 11.

1960 522 2135 599 runt,
2160 520 2269 585 sed
2291 519 2463 585 solus
2486 524 2700 586 motus
2721 520 3071 587 affectionis
3094 538 3295 603 :ergo
3318 536 3504 604 31131-

1934 630 2047 691 tet
2077 628 2280 710 sequi.

2523 779 2975 848 CONCLUSIO.

1959 935 2290 1006 Angelorum
2325 938 2612 1007 praemium
2651 939 2920 1009 proecessit
2954 939 3235 1004 meritwn,
3285 937 3500 992 tametsi

2029 1027 2293 1096 Maqister
2317 1040 2457 1082 secus
2484 1028 2740 1097 opinatus
2761 1029 2951 1096 merit,
2980 1030 3113 1097 quia
3139 1028 3387 1082 mer-itinn
3410 1040 3498 1082 re-

2031 1118 2206 1185 quirit
2231 1115 2641 1185 mndamentum
2667 1119 2729 1171 in
2745 1116 3077 1189 perfectione
3092 1116 3418 1180 voluntatis,
3447 1117 3500 1170 et
3574 1159 3577 1162 .

2032 1220 2140 1261 non
2166 1208 2228 1260 in
2254 1205 2606 1262 multitudine
2632 1208 3026 1277 operationum.

2040 1380 2224 1464 Resp.
2255 1380 2334 1445 ad
2364 1381 2523 1462 Arg.
2558 1380 2907 1446 Dicendum
2937 1381 3108 1464 quod
3145 1380 3310 1445 circa
3343 1381 3495 1458 hoc,
3527 1400 3741 1460 ophini.
3774 1441 3777 1444 ,

1959 1488 2122 1552 31331
2147 1487 2297 1552 dicit
2322 1487 2647 1569 Magister,
2675 1488 2912 1571 duplex
2937 1489 3058 1553 fuit
3078 1487 3316 1569 opinio.
3342 1486 3500 1569 Qui-

1960 1595 2109 1659 dam
2146 1594 2319 1660 331111
2352 1595 2686 1670 dixerunt,
2729 1595 2901 1678 quod
2940 1596 3011 1659 in
3046 1595 3294 1676 angelis
3331 1612 3500 1678 11133-

1961 1703 2168 1767 mium
2193 1703 2487 1785 praecedit
2509 1702 2836 1779 meritum,
2862 1704 2924 1766 et
2949 1702 3146 1784 hujus
3171 1701 3501 1783 positionis

1959 1810 2080 1875 fuit
2128 1809 2426 1890 Magister
2468 1827 2485 1873 z
2529 1813 2590 1873 et
2633 1808 2714 1872 ad
2759 1808 2883 1872 hoc
2924 1808 3293 1890 ponendum
3342 1810 3501 1874 moti

1959 1920 2115 1981 sunt
2136 1916 2609 1992 rationabiliter,
2631 1920 2696 1980 et
2716 1917 3031 1997 quantum
3050 1915 3131 1979 ad
3154 1914 3495 1996 motivum,

1960 2027 2023 2089 et
2062 2026 2378 2106 quantum
2403 2022 2482 2086 ad
2520 2022 2803 2087 modum.
2840 2021 3161 2099 Quantum
3200 2022 3283 2087 ad
3312 2024 3499 2088 moti-

1958 2150 2123 2197 vum
2150 2150 2167 2195 :
2194 2131 2345 2213 quia
2372 2129 2546 2193 enim
2575 2128 3024 2194 intellexerunt
3050 2129 3219 2211 quod
3248 2147 3381 2193 non
3408 2135 3503 2195 est

1938 2238 2263 2303 meritum
2289 2237 2427 2301 sine
2451 2237 2681 2317 gratia,
2707 2255 2825 2300 nec
2853 2253 3168 2317 magnum
3196 2238 3498 2302 meritum

1957 2345 2074 2409 ubi
2101 2363 2235 2408 non
2260 2347 2354 2408 est
2393 2361 2709 2425 magnum
2737 2342 3144 2425 obsequium,
3183 2347 3246 2408 et
3275 2344 3345 2407 in
3383 2362 3501 2409 an-
3569 2365 3576 2372 ’

1958 2452 2141 2532 33113,
2172 2453 2428 2534 propter
2452 2454 2703 2515 naturae
2731 2449 3127 2515 velocitatem
3162 2454 3226 2516 et
3252 2451 3501 2517 idonei-

1956 2562 2150 2623 tatem
2164 2607 2182 2638 ,
2213 2557 2406 2621 simul
2442 2558 2773 2623 duratione
2804 2557 2991 2622 datur
3020 2559 3229 2640 gratia
3260 2563 3324 2624 et
3354 2562 3500 2642 glo—

1955 2666 2085 2744 ria;
2115 2666 2415 2729 dixerunt
2448 2665 2617 2747 quod
2651 2666 2722 2728 in
2749 2665 2995 2746 angelis
3028 2667 3334 2730 meritum
3362 2685 3497 2733 non

1955 2774 2165 2856 potuit
2203 2772 2557 2856 praecedere
2601 2771 2944 2854 praemium
2963 2819 2979 2850 ,
3015 2772 3320 2838 meritum
3336 2823 3354 2853 ,
3392 2775 3499 2839 in-

1955 2898 2175 2963 quam,
2207 2879 2508 2960 condigni
2535 2901 2550 2943 1
2579 2879 2688 2944 sed
2716 2879 2948 2959 solum,
2978 2879 3033 2943 si
3059 2880 3296 2962 aliquid
3328 2900 3495 2964 11131-

1955 2986 2152 3063 cedit,
2189 2986 2312 3050 hoc
2340 2990 2436 3050 est
2468 2986 2769 3050 meritum
2797 2986 3102 3068 congrui;
3147 2987 3256 3051 sed
3282 2988 3497 3070 sequi-

1954 3096 2062 3158 tur
2106 3093 2408 3158 meritum
2457 3094 2780 3176 condigni.
2829 3092 2959 3158 Hos
3006 3094 3196 3158 etiam
3244 3095 3326 3160 ad
3377 3096 3501 3161 hoc

1954 3202 2325 3284 ponendum
2352 3202 2703 3282 instigavit,
2736 3202 2907 3284 quod
2937 3202 3241 3265 meritum
3267 3203 3359 3266 rei
3387 3203 3500 3268 113-

1955 3309 2182 3373 bendae
2208 3311 2391 3372 sonat
2426 3308 2875 3390 indigentiam,
2906 3326 3054 3390 quae
3086 3326 3215 3372 non
3245 3310 3498 3375 videtur

1955 3433 2136 3499 posse
2159 3420 2321 3480 stare
2344 3434 2493 3480 cum
2520 3416 2748 3498 gloria.
2778 3415 3038 3479 Modum
3060 3420 3276 3481 autem
3298 3416 3497 3498 hujus

1955 3524 2169 3586 meriti
2211 3523 2361 3586 satis
2404 3523 2729 3587 advertere
2776 3540 3115 3604 possumus
3165 3524 3233 3586 in
3276 3524 3494 3588 militi-

1955 3631 2077 3694 bus
2094 3679 2111 3708 ,
2148 3630 2262 3713 qui
2303 3630 2461 3694 bene
2502 3629 2851 3712 pugnando
2889 3633 3217 3694 merentur
3251 3651 3495 3714 equum

1955 3740 2105 3800 ante
2166 3736 2391 3799 merita
2445 3735 2689 3800 datum.
2751 3734 2902 3799 Haec
2961 3741 3179 3802 autem
3234 3739 3451 3820 opinio
3473 3788 3491 3817 ,
3560 3775 3736 3833 mm.

1956 3843 2252 3927 quamvis
2293 3843 2375 3907 sit
2413 3843 2755 3926 probabilis
2773 3892 2789 3920 ,
2828 3848 3043 3907 tamen
3084 3844 3269 3928 plura
3307 3846 3498 3910 habet
3524 3841 3733 3960 3233&

1956 3950 2078 4014 sibi
2123 3950 2520 4013 adversantia
2536 3999 2554 4029 ,
2601 3968 2746 4033 quae
2793 3950 2864 4014 in
2910 3951 3285 4034 opponendo
3331 3955 3498 4016 tacta

1956 4061 2127 4121 sunt.
2160 4056 2422 4138 Propter
2448 4058 2619 4140 quod
2648 4058 2772 4121 fuit
2798 4056 2922 4121 alia
2949 4057 3195 4140 positi0,
3226 4058 3398 4140 quod
3428 4059 3498 4122 in

1956 4163 2200 4245 angelis
2252 4164 2551 4229 meritum
2604 4165 2924 4246 praecessit
2974 4165 3314 4247 praemium
3367 4183 3498 4228 non

1953 4275 2269 4352 tempore,
2300 4271 2408 4334 sed
2434 4275 2684 4335 natura.
2720 4270 2798 4334 Et
2824 4271 3138 4334 rationem
3169 4270 3368 4352 hujus
3393 4289 3497 4335 as-

1955 4378 2254 4458 signant,
2306 4378 2457 4460 3313
2512 4378 2719 4459 313113
2774 4377 3145 4441 naturaliter
3195 4376 3496 4460 praecedit

1955 4484 2263 4566 gloriam3
2295 4486 2358 4546 et
2393 4483 2600 4564 gratia
2619 4532 2635 4562 ,
2667 4501 2817 4547 cum
2854 4484 3100 4547 invenit
3139 4486 3389 4547 motum
3425 4483 3497 4547 in

1951 4591 2152 4654 libero
2178 4590 2438 4654 arbitrio
2465 4590 2852 4669 ordinatum,
2879 4590 3028 4653 facit
3052 4588 3489 4654 meritorium:

1955 4702 2017 4761 et
2039 4701 2342 4780 pensatur
2364 4698 2667 4761 meritum
2693 4697 3047 4760 secundum
3070 4695 3491 4778 quantitatem

1955 4806 2183 4887 gratiae
2202 4853 2219 4883 ,
2259 4823 2391 4869 non
2426 4804 2779 4871 secundum
2823 4803 3300 4867 multitudinem
3341 4820 3493 4884 ope-

1954 4932 2141 4978 rum:
2164 4913 2306 4977 ideo
2329 4931 2479 4976 cum
2499 4911 2748 4992 angelis
2769 4910 2915 4975 data
2936 4911 3016 4975 sit
3043 4910 3317 4993 perfecta
3339 4926 3491 4990 gra-

1953 5020 2067 5098 tia,
2085 5023 2149 5084 et
2163 5021 2435 5084 liberum
2453 5018 2788 5083 arbitrium
2807 5017 3071 5081 omnino
3090 5017 3172 5081 sit
3190 5033 3490 5099 coopera-

1953 5131 2093 5191 tum
2121 5126 2345 5207 gratiae
2360 5173 2376 5202 ,
2406 5126 2622 5189 dicunt
2647 5123 2817 5207 quod
2844 5124 2912 5186 in
2940 5141 3057 5188 sua
3080 5122 3493 5188 conversione

1954 5233 2338 5297 sufficienter
2373 5233 2746 5297 meruerunt
2780 5230 3306 5312 glorificationem
3330 5229 3376 5295 ³.
3414 5228 3494 5293 Et

1952 5339 2094 5403 haec
2120 5340 2346 5423 positio
2366 5336 2801 5404 rationabilior
2821 5341 2938 5422 est,
2965 5341 3028 5404 et
3049 5338 3279 5404 melius
3299 5336 3493 5407 habet
3627 5358 3632 5364 ·

3377 387 3498 449 375
3592 429 3596 433 .
