4125 6225
1079 412 1274 479 DIST.
1318 414 1483 481 vm.
1529 413 1758 478 PART.
1807 414 1853 479 1.
1898 412 2080 481 ΛΒΤ.
2129 417 2233 482 ΙΙΙ.
2275 416 2570 496 QUAEST.
2616 418 2697 482 II.

303 550 406 611 tus
446 548 511 611 et
548 564 806 627 sensus;
842 549 1179 613 dicendum
1216 550 1386 632 quod
1418 548 1838 632 Philosophus

301 652 587 735 loquitur
621 654 700 718 de
748 657 831 735 (a)
869 656 1272 735 animalibuS,
1317 656 1388 721 in
1423 657 1659 740 quibus
1696 657 1838 723 vult

303 761 472 844 quod
523 780 630 827 cor
671 763 750 825 sit
797 763 1184 846 principium
1245 782 1467 829 sensus
1487 813 1505 844 ,
1565 765 1727 829 sicut
1777 768 1842 828 et

301 869 686 952 principium
714 873 948 935 motuS.

379 980 441 1040 2.
489 976 588 1039 Ad
627 977 784 1041 illud
825 978 995 1061 quod
1035 979 1353 1060 oincitur,
1396 981 1566 1062 quod
1609 998 1841 1063 corpus

301 1082 456 1145 illud
490 1083 680 1147 habet
705 1103 950 1166 organa
981 1090 1126 1169 apta
1151 1087 1231 1151 ad
1258 1087 1698 1167 sentiendum3
1739 1089 1838 1152 di-

302 1189 572 1254 cendum
603 1191 774 1272 quod
813 1192 1085 1272 angelus
1124 1212 1256 1258 non
1292 1197 1545 1260 tantum
1576 1194 1843 1259 assumit

303 1314 530 1379 corpus
557 1297 918 1362 humanum
948 1303 1021 1363 ut
1046 1299 1546 1367 instrumentum
1570 1302 1650 1367 ad
1681 1320 1837 1385 ope-

301 1404 573 1467 randum
591 1452 608 1483 ,
652 1405 759 1469 sed
801 1405 994 1470 etiam
1035 1410 1111 1470 ut
1149 1408 1413 1489 signum
1457 1411 1842 1476 conveniens

301 1515 380 1578 ad
418 1533 486 1578 se
523 1516 984 1580 ostendendum
1014 1540 1028 1580 :
1059 1520 1124 1582 et
1160 1520 1312 1601 quia
1351 1538 1582 1604 corpus
1622 1541 1842 1587 carens

302 1622 561 1702 organis
609 1623 833 1687 debitis
881 1622 1131 1688 homini
1150 1673 1168 1703 ,
1216 1644 1350 1690 non
1393 1633 1555 1692 esset
1604 1647 1842 1696 conve-

301 1728 547 1792 nienter
590 1729 865 1812 angelici
912 1731 1171 1813 spiritus
1215 1734 1607 1800 ostensivum
1635 1783 1652 1814 ,
1699 1737 1842 1802 ideo

301 1854 532 1920 eorpus
562 1837 803 1902 habens
840 1839 1059 1903 omnia
1090 1858 1337 1921 organa
1376 1843 1675 1922 assumit,
1708 1861 1843 1907 non

301 1945 376 2008 ad
407 1945 696 2028 ipsorum
719 1948 1671 2027 organorumsensifleationem
1686 1999 1705 2031 ,
1733 1951 1843 2016 sed

300 2053 511 2134 potius
539 2054 618 2117 ad
647 2054 749 2118 sui
777 2055 975 2136 ipsius
1002 2056 1451 2121 ostensionem.

381 2167 443 2227 3.
465 2164 563 2228 Ad
581 2164 737 2228 illud
759 2164 931 2246 quod
950 2163 1246 2245 objicitur
1273 2187 1287 2229 ε
1320 2165 1543 2242 «Quod
1563 2184 1846 2233 commu·

300 2270 474 2335 nicat
490 2271 739 2354 corpori
757 2271 1186 2354 operationem
1207 2276 1694 2355 consequentem
1713 2292 1846 2356 spe-

302 2378 538 2453 ciem,»
579 2381 733 2455 etc.;
764 2376 1103 2441 dicendum
1142 2379 1313 2460 quod
1345 2379 1552 2443 ridere
1578 2398 1709 2444 non
1752 2384 1847 2444 est

302 2490 484 2549 actus
532 2503 923 2567 consequens
969 2487 1246 2569 speciem
1289 2486 1566 2551 hominis
1590 2534 1607 2564 ,
1658 2476 1849 2570 prout

301 2592 456 2656 dicit
500 2588 750 2656 motum
795 2593 1004 2656 solum
1057 2612 1375 2675 genarum
1417 2594 1808 2658 exteriorum
1825 2642 1844 2673 ,

303 2699 458 2782 quia
490 2700 582 2764 sic
623 2701 1034 2783 consequitur
1065 2701 1351 2765 animam
1391 2705 1467 2764 ut
1495 2706 1841 2780 motorem;

302 2808 408 2873 sed
466 2814 658 2891 prout
724 2829 873 2875 cum
918 2811 1042 2875 hoc
1092 2810 1244 2875 dicit
1299 2811 1581 2893 aliquem
1632 2816 1849 2875 actum

302 2915 675 2980 interiorem
703 2917 816 2999 qui
848 2917 1257 3000 consequitur
1283 2918 1689 2982 existentiam
1715 2918 1850 2981 ani-

305 3039 432 3087 mae
478 3022 552 3086 in
594 3041 857 3107 corpore
877 3072 895 3102 ‚
943 3028 1018 3089 ut
1061 3028 1156 3088 est
1201 3025 1499 3107 perfectio
1530 3046 1545 3089 ε
1576 3024 1697 3088 hoc
1739 3044 1852 3089 au·

302 3130 435 3193 tem
461 3130 654 3196 modo
689 3149 822 3196 non
848 3131 1149 3214 competit
1188 3131 1452 3215 angelo,
1495 3132 1605 3197 sed
1640 3132 1850 3198 solum

302 3239 538 3319 primo.

184 3421 192 3433 ι
383 3352 447 3411 4.
486 3347 587 3412 Ad
623 3347 782 3413 illud
814 3349 989 3431 quod
1026 3349 1341 3432 objicitur,
1373 3350 1546 3432 quod
1583 3348 1854 3430 angelus

304 3451 501 3519 habet
541 3472 801 3519 sensum
821 3504 839 3533 ,
885 3455 1039 3537 quia
1086 3455 1414 3536 cognoscit
1456 3455 1847 3537 singularia3

304 3559 649 3627 dicendum
662 3563 833 3646 quod
855 3565 1100 3631 sentire
1125 3567 1332 3646 potest
1347 3564 1544 3646 accipi
1570 3581 1855 3629 commu-

305 3668 498 3746 niter,
530 3671 785 3753 proprie
802 3720 821 3752 ,
853 3675 916 3735 et
942 3670 1152 3752 magis
1178 3665 1453 3753 proprie.
1488 3671 1856 3736 Communi-

306 3777 403 3839 ter
426 3777 682 3858 sentire,
709 3778 881 3842 idem
906 3782 1001 3842 est
1021 3778 1192 3860 quod
1214 3796 1353 3842 rem
1377 3786 1449 3842 ut
1475 3783 1852 3862 praesentem

305 3898 715 3963 cognoscere,
741 3886 1093 3950 secundum
1117 3903 1313 3967 quem
1335 3885 1596 3950 modum
1622 3887 1850 3970 accipit

304 3990 749 4073 Augustinus,
782 3993 872 4060 ad
903 3995 1283 4074 Paulinam,
1322 3995 1392 4059 in
1430 3995 1594 4059 libro
1632 3995 1710 4062 de
1741 3998 1845 4062 υἱ-

308 4096 526 4166 dendo
549 4104 678 4167 Deo
699 4108 744 4166 ².
790 4099 1083 4166 Secundo
1125 4102 1321 4166 modo
1369 4102 1602 4166 sentire
1623 4150 1642 4182 ,
1687 4103 1858 4167 idem

306 4207 607 4290 estquod
641 4226 779 4272 rem
806 4212 882 4272 ut
915 4208 1021 4272 hic
1047 4213 1110 4273 et
1144 4227 1318 4272 nunc
1355 4227 1765 4290 cognoscere;
1797 4214 1861 4275 et

307 4313 402 4378 sic
441 4315 667 4397 accipit
701 4313 958 4380 Boetius
976 4365 994 4396 ,
1027 4334 1177 4381 cum
1213 4316 1400 4381 dicit¹
1428 4317 1602 4400 quod
1636 4336 1860 4382 sensus

309 4425 405 4485 est
449 4423 930 4505 particularium
954 4472 972 4502 ‚
1018 4428 1080 4489 et
1123 4424 1480 4490 intellectus
1505 4411 1858 4491 'universa-

308 4527 501 4593 lium.
535 4527 745 4595 Tertio
785 4532 975 4598 modo
1022 4532 1253 4597 sentire
1273 4581 1291 4613 ,
1335 4533 1505 4597 idem
1550 4540 1645 4597 est
1688 4535 1863 4617 quod

310 4636 595 4718 speciem
631 4638 1006 4703 existentem
1046 4638 1112 4703 in
1147 4640 1417 4703 materia
1454 4645 1685 4724 praeter
1721 4660 1863 4706 ma-

311 4745 547 4808 teriam
564 4793 582 4823 ,
626 4746 944 4811 mediante
982 4764 1228 4828 organo
1273 4765 1574 4831 corporeo
1593 4796 1610 4826 ,
1655 4750 1862 4813 susci-

312 4868 502 4932 pere3
542 4856 607 4917 et
641 4853 733 4918 sic
767 4854 994 4937 accipit
1025 4853 1446 4936 Philosophus
1480 4855 1550 4918 in
1587 4856 1863 4922 secundo

314 4957 398 5023 de
428 4960 700 5040 Anima,
735 4979 884 5025 cum
912 4961 1062 5026 dicit
1076 4961 1120 5038 ⁸,
1151 4961 1322 5044 quod
1350 4981 1573 5029 sensus
1599 4967 1692 5026 est
1719 4983 1865 5029 sus-

315 5069 612 5150 ceptivus
637 5071 990 5153 specierum
1018 5072 1088 5136 in
1113 5072 1380 5136 materia
1403 5078 1634 5155 praeter
1661 5079 1865 5139 mate-

311 5174 511 5241 riam.
543 5175 773 5245 Primis
800 5178 1053 5245 duobus
1083 5179 1288 5243 modis
1310 5197 1444 5244 non
1471 5181 1683 5246 differt
1716 5199 1864 5247 sen-

380 5338 398 5371 ¹
421 5339 577 5403 Aug„
613 5338 683 5390 ad
714 5340 940 5404 Paulin„
969 5338 1133 5404 Epist.
1161 5351 1268 5391 exn
1281 5375 1300 5404 ,
1326 5340 1393 5392 al.
1416 5354 1622 5407 cxzvn,
1651 5357 1707 5393 n.
1730 5345 1778 5394 4.
1803 5367 1868 5384 --

314 5432 382 5445 -
398 5407 425 5444 ²
444 5410 612 5476 Boct.,
631 5410 847 5476 Phycic„
864 5411 952 5464 lib.
976 5412 1016 5476 1,
1037 5413 1174 5463 cont.
1189 5412 1369 5463 42.—⁸
1388 5413 1538 5466 Arist.
1544 5414 1636 5478 ,de
1656 5416 1865 5479 Anima,

3367 422 3487 482 445

1946 570 2058 639 sus
2089 553 2168 616 ab
2194 552 2518 618 intellectu
2543 571 2614 617 re
2630 600 2649 632 ,
2690 552 2798 616 sed
2826 551 3070 616 ratione
3094 554 3348 617 tantum
3377 572 3393 616 :
3424 558 3490 618 et

1946 658 2071 723 hoc
2103 661 2291 725 modo
2327 660 2489 725 bene
2527 659 2784 743 ponitur
2812 659 2881 724 in
2913 660 3143 741 angelo
3176 683 3193 724 z
3223 660 3492 749 angelus

1949 767 2123 830 enim
2150 787 2265 851 per
2285 787 2470 832 suam
2499 768 2849 850 potentiam
2871 767 3321 833 intellectivam
3343 786 3491 850 eog-

1947 876 2153 938 noscit
2177 894 2315 939 rem
2342 880 2415 939 ut
2440 880 2850 959 praesentem,
2878 878 2941 939 et
2966 879 3039 939 ut
3066 875 3169 939 hic
3194 880 3258 940 et
3292 895 3488 955 nunc,

1948 982 2285 1062 dirigendo
2305 987 2633 1066 aspectum
2654 1002 2848 1066 super
2866 983 3091 1065 ipsam.
3105 982 3317 1047 Tertio
3336 1001 3491 1048 vero

1931 1089 2142 1153 'modo
2181 1090 2392 1154 differt
2430 1090 2713 1173 potentia
2753 1091 3055 1155 sensitiva
3088 1092 3169 1155 ab
3209 1091 3493 1156 intellec-

1950 1197 2105 1275 tiva,
2133 1215 2205 1261 re
2225 1201 2289 1267 et
2312 1199 2557 1262 ratione
2584 1220 2598 1262 ε
2628 1201 2690 1262 et
2714 1197 2821 1262 illo
2844 1199 3031 1262 tertio
3056 1197 3247 1263 modo
3271 1214 3495 1263 sensus
3578 1232 3583 1241 .

1952 1310 2046 1368 est
2086 1305 2368 1387 potentia
2405 1305 2664 1386 alligata
2703 1306 2973 1388 corpori,
3028 1308 3093 1369 et
3135 1304 3259 1368 hoc
3302 1305 3495 1370 modo

1951 1412 2203 1495 spiritui
2233 1412 2521 1493 angelico
2547 1431 2677 1477 non
2702 1413 3020 1477 convenit.

2036 1523 2096 1584 5.
2120 1521 2214 1584 Ad
2236 1522 2398 1587 illud
2418 1520 2585 1604 quod
2603 1522 2921 1603 objicitur,
2949 1522 3121 1605 quod
3149 1521 3200 1585 si
3220 1540 3496 1603 cognos—

1951 1630 2052 1690 cat
2085 1628 2365 1710 potentia
2389 1628 2825 1706 immateriali,
2859 1634 3015 1693 tunc
3042 1629 3204 1697 nihil
3239 1629 3388 1694 facit
3415 1630 3495 1695 ad

1952 1735 2075 1798 hoc
2102 1735 2423 1815 distantia3
2457 1736 2802 1801 dicendum
2831 1738 3002 1819 quod
3029 1737 3187 1801 dum
3214 1726 3497 1818 singula-

1954 1844 2052 1907 ria
2079 1844 2402 1924 cognoscit
2431 1850 2494 1907 et
2526 1845 2746 1921 sentit,
2781 1844 3061 1927 potentia
3093 1844 3496 1909 immateriali
3534 1836 3539 1845 '

1953 1952 2279 2031 cognoscit
2299 1951 2342 2028 ⁴,
2374 1957 2700 2035 aspectum
2725 1957 2941 2017 tamen
2968 1970 3158 2035 super
3182 1972 3322 2016 rem
3349 1970 3499 2032 cog-

1953 2058 2159 2122 nitam
2194 2060 2414 2142 dirigit
2446 2083 2461 2125 :
2494 2064 2558 2124 et
2593 2061 2735 2125 ideo
2774 2062 2826 2124 si
2863 2079 2966 2125 res
2998 2062 3106 2125 illa
3136 2079 3270 2126 non
3306 2064 3400 2125 est
3434 2059 3496 2124 ei

1953 2184 2262 2248 praesenS,
2292 2167 2426 2231 sive
2454 2167 2819 2232 immediate
2846 2170 3216 2250 conjuncta,
3246 2186 3498 2231 necesse

1955 2277 2048 2337 est
2067 2321 2084 2351 ,
2130 2274 2234 2340 vel
2278 2274 2584 2338 virtutem
2636 2275 2850 2355 angeli
2895 2275 3125 2339 deferri
3172 2292 3377 2356 usque
3421 2274 3500 2338 ad

1954 2379 2189 2462 ipsam,
2217 2381 2321 2445 vel
2348 2399 2384 2445 e
2409 2399 2715 2446 converso
2743 2402 2759 2446 ε
2786 2387 2849 2446 et
2874 2381 3182 2465 quoniam
3210 2386 3343 2446 tam
3365 2382 3502 2446 vir-

1954 2491 2061 2551 tus
2109 2488 2321 2569 angeli
2368 2507 2566 2571 quam
2616 2489 2845 2571 objecti
2895 2495 2988 2555 est
3033 2491 3240 2555 virtus
3281 2489 3498 2569 finita,

1954 2593 2097 2659 ideo
2139 2614 2256 2659 nec
2301 2596 2665 2677 cognoscit,
2711 2615 2829 2660 nec
2873 2601 3076 2679 potest
3107 2614 3501 2678 ‚cognoscere

1955 2701 2025 2764 in
2053 2705 2571 2785 quantacumque
2601 2702 2897 2767 distantia
2926 2723 2944 2768 z
2974 2703 3097 2767 hoc
3122 2707 3339 2768 autem
3370 2721 3503 2767 non

1956 2811 2051 2871 est
2079 2812 2334 2890 propter
2360 2808 2616 2875 virtutis
2644 2808 3153 2874 materialitatem
3167 2856 3184 2887 ,
3216 2809 3379 2873 sicut
3407 2811 3504 2873 est

1956 2914 2026 2978 in
2057 2933 2252 2980 sensu
2286 2916 2600 3000 corporis;
2641 2916 2751 2981 sed
2786 2918 3042 2999 propter
3067 2915 3321 2983 virtutis
3347 2914 3501 2979 ssni-

1956 3025 2177 3088 tatem.

2037 3134 2099 3194 6.
2131 3130 2231 3194 Ad
2255 3130 2414 3196 illud
2434 3130 2605 3214 quod
2633 3129 2927 3213 objicitur
2957 3151 2974 3194 t
3009 3151 3040 3192 α
3053 3128 3235 3208 Quod
3263 3128 3503 3211 patitur

1959 3238 2041 3302 ab
2058 3238 2236 3320 igne,
2252 3259 2283 3298 n
2315 3243 2459 3317 etc.;
2482 3238 2824 3303 dicendum
2836 3238 3009 3320 quod
3027 3237 3185 3302 illud
3201 3256 3334 3302 non
3351 3255 3504 3303 con-

1960 3345 2191 3426 cludit,
2240 3346 2404 3412 sicut
2450 3347 2679 3411 melius
2720 3346 3069 3410 ostenditur
3111 3345 3184 3410 in
3226 3349 3455 3429 quarto
3482 3364 3505 3410 z

1960 3471 2185 3518 sensus
2210 3455 2384 3518 enim
2409 3458 2474 3519 et
2497 3455 2761 3519 affectus
2786 3453 3131 3537 spiritualis
3164 3452 3397 3517 suffieit
3423 3451 3505 3518 ad

1960 3560 2366 3627 sentiendum
2383 3579 2615 3628 verum
2636 3560 2941 3642 dolorem,
2965 3560 3131 3637 sicut
3151 3559 3505 3625 ostenditur

1960 3667 2222 3732 ibidem.

2043 3782 2105 3840 7.
2144 3776 2244 3842 Ad
2283 3777 2442 3841 illud
2476 3778 2648 3859 quod
2685 3777 3003 3860 oincitur‚
3039 3774 3211 3858 quod
3247 3773 3503 3857 recipit,

1965 3887 2027 3948 et
2040 3885 2308 3966 judicat,
2334 3888 2480 3963 etc.;
2508 3884 2847 3948 dicendum
2870 3883 3042 3966 quod
3063 3900 3214 3946 cum
3238 3882 3355 3944 ista
3379 3881 3506 3944 duo

1965 3991 2096 4055 sint
2119 3991 2188 4055 in
2209 4010 2423 4072 sensu,
2446 3991 2738 4056 videlicet
2760 3991 3056 4074 receptio,
3083 3993 3146 4054 et
3160 3988 3503 4071 judicium,

1964 4101 2240 4183 receptio
2266 4106 2361 4165 est
2385 4100 2816 4183 principaliter
2839 4100 3086 4164 ratione
3112 4097 3372 4180 organi,
3398 4097 3509 4161 sed

1947 4208 2281 4291 -J'udicium
2323 4207 2571 4272 ratione
2616 4207 2891 4272 virtutis.
2941 4206 3014 4270 In
3060 4223 3252 4270 sensu
3289 4208 3508 4269 autem

1966 4333 2271 4398 corporeo
2298 4316 2388 4378 sic
2411 4319 2504 4378 est
2528 4313 2803 4397 receptio
2829 4313 2897 4377 in
2922 4331 3192 4395 organ0,
3221 4312 3391 4394 quod
3416 4315 3511 4375 est

1966 4423 2240 4504 receptio
2274 4421 2510 4505 pariter
2544 4426 2607 4485 et
2642 4422 2713 4485 in
2742 4423 2977 4489 virtute
3005 4442 3021 4486 ε
3048 4425 3112 4486 et
3146 4421 3236 4484 sie
3269 4423 3364 4484 est
3391 4421 3508 4501 Ju-

1967 4529 2208 4594 dicium
2243 4529 2499 4595 virtutis
2539 4528 2712 4593 illius
2748 4528 2820 4591 in
2862 4545 3127 4610 organo,
3164 4525 3338 4609 quod
3378 4544 3511 4590 non

1968 4641 2201 4719 praeter
2218 4653 2539 4717 organum
2563 4654 2580 4699 z
2600 4639 2664 4699 et
2685 4634 2826 4699 ideo
2847 4637 2981 4698 tam
2998 4633 3296 4717 receptio,
3314 4651 3510 4716 quam

1964 4743 2305 4826 judicium,
2336 4746 2430 4807 est
2455 4742 2649 4806 totius
2675 4742 2815 4823 conj
2825 4741 3021 4805 uncti.
3049 4739 3123 4804 In
3146 4740 3332 4805 oculo
3359 4757 3511 4804 vero

1970 4850 2188 4932 angeli
2223 4850 2312 4913 sic
2339 4851 2436 4914 est
2470 4849 2745 4931 receptio
2772 4848 2840 4911 in
2874 4865 3141 4929 ergene,
3170 4847 3344 4931 quod
3379 4865 3513 4911 non

1970 4964 2064 5024 est
2089 4960 2361 5043 receptio
2389 4959 2460 5022 in
2485 4959 2724 5023 virtute
2747 4957 2960 5040 aliqua
2987 4957 3079 5020 illi
3105 4973 3351 5038 organo
3378 4955 3514 5020 alli-

1971 5070 2125 5149 gata
2148 5089 2163 5131 t
2189 5072 2255 5131 et
2273 5067 2363 5131 sic
2384 5070 2478 5131 est
2497 5065 2811 5150 judicium
2830 5084 2872 5129 a
2887 5065 3125 5131 virtute
3145 5066 3216 5128 in
3239 5082 3508 5145 organo,

1970 5175 2148 5259 quod
2172 5175 2363 5240 etiam
2403 5178 2635 5261 praeter
2660 5192 3003 5256 organum.
3030 5172 3207 5239 Unde
3241 5174 3513 5257 angelus

1973 5343 2061 5393 lih.
2096 5344 2169 5406 ll,
2204 5346 2342 5395 cont.
2370 5345 2478 5394 121.
2503 5367 2563 5379 —
2587 5340 2606 5377 ⁸
2632 5342 2816 5392 Scotus
2850 5339 3017 5405 inquit
3042 5340 3366 5406 cognitiones
3400 5340 3514 5392 inas

1973 5427 2089 5466 esse
2111 5414 2501 5466 intellectiones.
2521 5440 2581 5452 -
2611 5414 2678 5478 (α)
2702 5411 2787 5465 Ac.
2817 5412 2896 5466 in.
