4125 6225
1157 376 1348 442 DIST.
1400 377 1448 441 l.
1495 376 1725 442 PART.
1769 378 1821 444 I.
1866 378 2049 444 ART.
2096 379 2146 444 Ι.
2189 376 2490 456 QUAEST.
2539 377 2618 442 ΙΙ.

306 509 638 592 dupliciter
664 510 989 593 assignare
1025 516 1340 595 punctum
1358 558 1376 587 ,
1405 516 1519 577 aut
1548 530 1698 576 cum
1725 513 1798 577 flt
1814 559 1831 590 ,
1883 490 1896 503 ⁸

301 620 413 680 aut
436 620 777 699 postquam
810 619 1011 682 factus
1050 623 1178 695 est,
1212 622 1275 683 et
1301 619 1496 698 sicut,
1540 619 1694 682 dum
1722 620 1829 699 flt,

299 730 389 788 est
415 744 651 808 ponere
694 731 756 790 et
790 728 1116 809 assignare
1156 729 1443 810 primum
1480 734 1828 812 punctum3

298 834 453 899 dum
488 853 641 899 vero
658 838 796 917 jam
820 841 935 913 est,
968 854 1099 902 non
1120 841 1213 900 est
1238 855 1472 919 ponere
1498 839 1782 919 primum
1812 859 1828 902 ι

299 942 387 1006 sic
419 946 514 1005 est
553 942 833 1026 accipere
860 945 930 1007 in
958 948 1240 1027 tempore
1267 962 1444 1008 nunc
1470 944 1829 1027 dupliciter,

301 1058 361 1116 et
407 1052 476 1115 in
523 1052 662 1136 ipsa
703 1053 1116 1136 productione
1165 1054 1471 1137 temporis
1512 1054 1631 1118 fuit
1657 1072 1833 1119 nunc

301 1159 607 1241 primum,
630 1164 777 1224 ante
805 1162 977 1243 quod
997 1180 1127 1225 non
1148 1162 1269 1226 fuit
1290 1162 1484 1238 aliud,
1513 1161 1685 1242 quod
1716 1162 1835 1226 ruit

299 1268 583 1351 primum
602 1267 990 1351 principium
1016 1269 1322 1352 temporis
1348 1269 1419 1333 in
1460 1286 1589 1350 quo
1618 1270 1835 1334 omnia

301 1376 601 1440 dicuntur
636 1394 773 1440 esse
815 1378 1144 1459 producta.
1192 1375 1258 1441 Si
1297 1380 1512 1441 autem
1541 1376 1619 1440 de
1671 1381 1835 1440 tem-

300 1499 451 1563 pore
471 1485 807 1563 postquam
835 1483 1072 1547 factum
1100 1488 1229 1562 est,
1261 1500 1489 1547 verum
1533 1486 1628 1546 est
1659 1484 1834 1565 quod

301 1592 392 1654 est
402 1589 716 1653 terminus
730 1591 1055 1672 praeteriti,
1076 1594 1139 1655 et
1155 1610 1221 1655 se
1237 1590 1429 1654 habet
1440 1607 1554 1672 per
1568 1589 1832 1654 modum

300 1697 517 1762 circuli
531 1719 547 1774 ;
568 1697 676 1761 sed
689 1697 811 1763 hoc
829 1699 1020 1763 modo
1032 1718 1166 1763 non
1180 1700 1207 1761 f
1209 1702 1440 1763 uerunt
1456 1716 1555 1762 res
1564 1698 1833 1780 produc-

299 1808 380 1867 tae
402 1804 469 1866 in
488 1808 773 1886 tempore
785 1807 922 1888 jam
941 1808 1215 1888 perfecto
1244 1828 1258 1870 :
1287 1808 1352 1868 et
1368 1805 1456 1868 ita
1470 1808 1640 1887 patet
1660 1804 1833 1886 quod

298 1912 575 1976 rationes
612 1911 978 1996 Philosophi
1018 1914 1180 1978 nihil
1220 1913 1434 1978 valent
1463 1912 1726 1976 omnino
1754 1911 1834 1976 ad

297 2018 463 2082 hanc
506 2020 1001 2086 conclusionem.
1051 2021 1130 2085 Et
1174 2021 1345 2103 quod
1385 2020 1617 2084 dicitur
1661 2017 1834 2101 quod

298 2130 442 2191 ante
470 2145 660 2191 omne
704 2132 955 2210 tempus
999 2133 1094 2192 est
1128 2131 1381 2210 tempus
1400 2175 1417 2203 ,
1466 2144 1696 2192 verum
1742 2129 1838 2189 est

298 2234 659 2316 accipiendo
677 2235 853 2300 intus
875 2235 1216 2300 dividendo
1238 2283 1256 2314 ,
1284 2252 1420 2299 non
1448 2238 1630 2298 extra
1656 2235 1836 2298 ante-

297 2341 432 2405 rius
458 2342 879 2423 procedendO.

377 2440 557 2524 Quod
598 2448 895 2532 obJ'icitur
933 2450 1011 2514 de
1053 2454 1340 2531 tempore
1360 2496 1377 2528 ‚
1412 2447 1585 2531 quod
1610 2448 1831 2529 coepit3

299 2554 638 2620 dicendum
696 2558 870 2639 quod
937 2557 1126 2639 coepit
1181 2557 1252 2619 in
1307 2573 1426 2620 suo
1486 2554 1832 2638 principio;

299 2662 690 2745 principium
724 2669 941 2728 autem
970 2664 1274 2745 temporis
1300 2667 1395 2727 est
1419 2663 1702 2741 instanS,
1733 2662 1838 2726 vel

299 2787 473 2832 nunc
509 2791 525 2833 ι
555 2774 619 2834 et
646 2770 735 2834 ita
765 2771 954 2852 coepit
989 2770 1059 2833 in
1089 2770 1383 2848 instanti,
1423 2774 1486 2833 et
1512 2788 1643 2833 non
1668 2770 1839 2833 valet

302 2876 496 2941 illatio
528 2900 544 2940 ε
585 2901 616 2937 α
643 2875 786 2941 Non
815 2878 1022 2940 fuitiu
1052 2877 1347 2955 instanti;
1381 2895 1537 2957 ergo
1562 2896 1694 2941 non
1712 2894 1838 2941 cce·

300 2985 391 3066 pit
431 2986 500 3047 in
540 2985 840 3064 instanti,
887 3007 918 3043 n
968 2985 1273 3067 qnoniam
1317 2985 1670 3049 successiva
1706 3002 1838 3049 non

298 3096 448 3157 sunt
486 3092 554 3156 iu
586 3093 689 3156 sui
723 3092 922 3155 initio.
967 3091 1177 3156 Potest
1204 3098 1420 3156 tamen
1459 3092 1640 3156 aliter
1676 3092 1833 3172 dici,

302 3199 472 3282 quod
501 3198 839 3281 dupliciter
875 3204 967 3262 est
1009 3199 1187 3281 loqui
1232 3200 1308 3264 de
1345 3203 1631 3282 tempore
1664 3218 1682 3263 :
1726 3203 1841 3264 aut

300 3306 655 3370 secundum
676 3305 1013 3370 essentiam
1032 3327 1048 3383 ;
1077 3311 1190 3369 aut
1207 3306 1562 3370 secundum
1578 3325 1734 3371 esse.
1767 3307 1836 3371 Si

298 3413 654 3478 secundum
681 3413 1054 3488 essentiam,
1086 3414 1175 3477 sic
1213 3432 1388 3477 nunc
1425 3421 1521 3479 est
1556 3421 1689 3479 tota
1731 3434 1838 3481 es-

300 3521 498 3584 sentia
529 3520 833 3602 temporis
851 3567 868 3595 ,
901 3525 963 3583 et
991 3519 1145 3583 illud
1172 3538 1347 3585 nunc
1374 3523 1564 3604 coepit
1591 3541 1741 3586 cum
1768 3542 1838 3588 re

300 3628 543 3704 mobili,
569 3646 701 3692 non
727 3628 796 3690 in
820 3627 948 3691 alio
974 3646 1169 3707 nunc,
1199 3629 1306 3692 sed
1334 3629 1404 3692 in
1429 3630 1658 3712 seipse,
1685 3632 1838 3714 quia

299 3739 499 3800 status
524 3739 619 3799 est
646 3736 715 3796 in
744 3733 968 3816 primis
986 3782 1004 3813 ,
1035 3734 1205 3797 unde
1231 3753 1362 3799 non
1393 3736 1617 3800 habuit
1643 3738 1839 3802 aliam

302 3861 697 3907 mensuram.
721 3839 788 3906 Si
814 3841 1165 3906 secuudum
1184 3860 1340 3922 esse,
1360 3843 1449 3906 sic
1474 3844 1662 3926 coepit
1689 3863 1836 3908 cum

300 3955 482 4015 motu
507 3948 878 4013 variationis
895 3997 912 4025 ,
934 3967 1053 4012 nec
1079 3949 1268 4031 coepit
1291 3967 1404 4031 per
1429 3952 1833 4033 creationem,

299 4058 409 4121 sed
443 4057 662 4140 potius
697 4074 811 4138 per
849 4056 1139 4139 ipsorum
1175 4057 1581 4121 mutabilium
1624 4066 1836 4136 muta-

300 4165 569 4244 tionem,
611 4169 673 4228 et
698 4163 983 4227 maxime
1010 4163 1204 4245 primi
1231 4163 1500 4228 mobilis.
1785 4233 1788 4238 ,

379 4278 439 4338 4.
474 4273 656 4350 Quod
696 4271 995 4354 objicitur
1022 4271 1099 4334 de
1133 4289 1340 4335 causae
1367 4272 1743 4336 sufficientia
1776 4279 1839 4339 et

302 4380 691 4455 actualitate,
734 4378 1074 4444 dicendum
1102 4379 1272 4460 quod
1300 4396 1494 4443 causa
1518 4380 1838 4446 sufficiens

303 4486 381 4550 ad
397 4485 636 4569 aliquid
657 4490 757 4550 est
771 4486 1023 4550 duobus
1047 4485 1285 4549 modis:
1310 4490 1423 4550 aut
1440 4505 1710 4570 operans
1726 4507 1841 4572 per

302 4599 632 4671 naturam;
668 4596 781 4657 aut
819 4611 934 4676 per
976 4593 1372 4657 voluntatem
1407 4597 1471 4657 et
1499 4595 1834 4661 rationem.

305 4699 371 4764 Si
396 4719 666 4784 operans
694 4719 808 4782 per
834 4704 1157 4778 naturam,
1183 4700 1272 4763 sic
1298 4701 1513 4789 statim
1539 4721 1689 4766 cum
1719 4708 1835 4782 est,

304 4809 614 4890 producit.
655 4807 722 4872 Si
752 4812 967 4872 autem
987 4825 1258 4891 operans
1283 4825 1396 4890 per
1417 4809 1836 4889 voluntatem,

305 4917 599 4998 quamvis
643 4916 727 4979 sit
755 4915 1106 4995 sufficiens,
1142 4934 1274 4980 non
1313 4918 1595 4998 oportuit
1635 4920 1837 5000 quod,

302 5025 512 5087 statim
559 5041 710 5088 cum
752 5028 846 5087 est
866 5072 884 5103 ,
942 5027 1267 5105 operetur3
1316 5029 1617 5106 operatur
1669 5026 1842 5090 enim

303 5131 658 5196 secundum
709 5130 1082 5213 sapientiam
1138 5135 1201 5194 et
1248 5130 1688 5197 discretionem
1707 5182 1725 5213 ,
1779 5137 1844 5198 et

300 5239 387 5304 ita
404 5237 769 5303 considerat
785 5238 1254 5321 congruitatem
1265 5286 1280 5301 .
1304 5237 1618 5314 Quoniam
1642 5240 1843 5321 igitur

299 5368 431 5415 non
442 5349 1118 5415 conveniebatnaturae
1128 5350 1330 5433 ipsius
1340 5354 1649 5416 creaturae
1659 5355 1840 5418 aeter-

3364 378 3481 439 247

1947 514 2113 579 nitas
2129 561 2147 591 ,
2174 531 2294 579 nec
2310 511 2569 577 decebat
2590 510 2792 575 Deum
2821 509 3011 574 alicui
3036 509 3205 573 hanc
3220 509 3480 574 nobilis-

1943 622 2174 685 simam
2200 620 2629 686 couditiouem
2657 618 2895 682 donare
2912 666 2931 697 ,
2956 617 3099 682 ideo
3127 616 3346 682 divina
3369 634 3482 682 vo·

1941 728 2189 808 luntas,
2247 746 2392 811 quae
2440 731 2739 810 operatur
2792 726 3150 789 secundum
3195 724 3481 789 divinam

1941 835 2322 918 sapientiam
2339 883 2359 915 ,
2386 834 2686 918 produxit
2713 851 2846 898 non
2874 834 2955 896 ab
2986 837 3226 898 aeterno
3243 880 3263 912 ,
3285 833 3393 897 sed
3411 832 3481 895 in

1940 945 2226 1024 tempore
2244 990 2262 1019 ,
2299 942 2452 1025 quia
2482 941 2647 1006 sicut
2672 941 3011 1025 produxit,
3054 939 3146 1003 sic
3171 943 3235 1004 et
3263 940 3480 1022 dispo-

1941 1049 2100 1128 suit,
2141 1054 2205 1113 et
2248 1049 2337 1113 sic
2372 1049 2574 1113 voluit
2606 1071 2622 1112 :
2656 1048 2737 1112 ab
2785 1052 3023 1113 aeterno
3066 1047 3240 1111 enim
3277 1047 3482 1111 voluit

1940 1157 2290 1239 producere
2315 1162 2495 1237 tunc,
2527 1157 2784 1239 quando
2812 1155 3138 1239 produxit,
3168 1153 3332 1219 sicut
3357 1171 3481 1235 ego

1941 1282 2117 1328 nunc
2151 1265 2296 1329 volo
2332 1284 2471 1329 cras
2500 1264 2722 1328 audire
2759 1264 3042 1328 missam.
3077 1261 3158 1326 Et
3182 1261 3270 1325 ita
3310 1266 3482 1344 patet

1942 1377 2115 1458 quod
2179 1377 2556 1441 sufficientia
2612 1394 2743 1440 non
2796 1375 2987 1457 cogit.
3042 1372 3347 1438 Similiter
3402 1374 3481 1437 de

1941 1483 2300 1548 actualitate
2342 1484 2715 1561 dicendum,
2764 1483 2934 1566 quod
2988 1500 3181 1546 causa
3228 1480 3482 1545 duobus

1942 1590 2148 1654 modis
2178 1595 2382 1674 potest
2411 1610 2546 1656 esse
2576 1593 2647 1655 in
2690 1594 2836 1655 actu
2867 1610 2884 1654 ε
2919 1594 3033 1654 aut
3060 1589 3132 1652 in
3175 1606 3277 1667 se,
3323 1592 3398 1652 ut
3427 1587 3481 1651 si

1941 1697 2147 1761 dicam
2181 1721 2197 1763 :
2239 1723 2269 1760 α
2303 1698 2408 1764 Sol
2449 1701 2645 1777 lucet;
2696 1725 2722 1756 a
2755 1702 2869 1762 aut
2898 1698 2966 1760 in
3000 1697 3265 1776 effectu,
3313 1700 3387 1760 ut
3427 1694 3480 1759 si

1942 1805 2148 1870 dicam
2176 1829 2191 1871 z
2228 1832 2258 1869 α
2284 1808 2390 1873 Sol
2413 1808 2756 1872 illuminat.
2787 1827 2817 1864 ι)
2857 1804 3075 1870 Primo
3099 1803 3288 1871 modo
3313 1804 3480 1868 Deus

1942 1932 2194 1997 semper
2213 1916 2342 1979 fuit
2365 1917 2434 1979 in
2468 1919 2649 1995 actu,
2677 1915 2984 1998 quoniam
3022 1915 3155 1997 ipse
3182 1918 3278 1977 est
3299 1917 3480 1978 actus

1941 2040 2181 2104 purus,
2217 2023 2378 2086 nihil
2403 2022 2645 2088 habens
2671 2022 3030 2088 admixtum
3056 2021 3134 2085 de
3169 2019 3476 2104 possibili.

1941 2127 2085 2191 Alio
2125 2128 2315 2193 modo
2361 2147 2494 2194 non
2539 2148 2792 2213 semper
2814 2130 2884 2193 in
2913 2133 3061 2194 actu
3091 2151 3106 2192 :
3144 2147 3277 2193 non
3303 2127 3478 2193 enim

1942 2252 2194 2318 semper
2210 2236 2333 2300 fuit
2357 2237 2733 2319 producenS.

2025 2347 2085 2407 5.
2125 2343 2305 2421 Quod
2342 2343 2640 2427 objicitur
2683 2344 2963 2410 secundo
3005 2366 3020 2407 ι
3063 2367 3094 2405 α
3122 2342 3192 2408 Si
3231 2344 3309 2409 de
3348 2362 3481 2408 non

1943 2451 2331 2534 producente
2374 2452 2577 2516 factus
2621 2454 2717 2515 est
2758 2451 3115 2532 producens
3130 2499 3148 2527 ,
3194 2454 3480 2517 mutatus

1944 2563 2039 2622 est
2062 2558 2144 2622 ab
2161 2560 2289 2624 otio
2309 2560 2373 2622 in
2399 2563 2646 2637 actum;
2667 2580 2698 2617 n
2733 2558 3076 2623 dicendum
3096 2557 3267 2640 quod
3284 2559 3478 2640 quod·

1943 2664 2092 2728 dam
2117 2670 2211 2730 est
2234 2685 2436 2748 agens
2462 2668 2564 2749 cuj
2572 2684 2649 2729 us
2674 2665 2836 2729 actio
2865 2667 2929 2728 et
2949 2663 3280 2745 productio
3305 2664 3480 2728 addit

1943 2772 2185 2855 aliquid
2199 2791 2392 2855 supra
2404 2776 2705 2853 agentem
2741 2776 2802 2835 et
2831 2769 3307 2852 producentem.
3328 2768 3479 2834 Tale

1944 2896 2095 2942 cum
2129 2881 2207 2943 de
2234 2898 2360 2943 non
2396 2884 2626 2961 agente
2652 2880 2726 2942 fit
2755 2895 2992 2959 agens,
3036 2876 3327 2940 variatur
3352 2876 3477 2939 ali-

1944 3004 2073 3067 quo
2104 2987 2322 3065 modo;
2358 2991 2421 3050 et
2451 2987 2518 3049 in
2551 2985 2691 3061 tali,
2730 2988 2875 3048 ante
2907 2984 3341 3067 operationem
3372 3002 3479 3047 ca-

1944 3092 2039 3157 dit
2063 3094 2271 3157 otium
2287 3142 2304 3168 ,
2336 3099 2399 3158 et
2423 3093 2492 3157 in
2518 3093 2884 3176 operatione
2917 3091 3173 3157 additur
3200 3091 3476 3174 comple-

1944 3207 2259 3266 mentum.
2285 3202 2474 3266 Aliud
2496 3205 2590 3265 est
2613 3218 2813 3282 agens
2833 3199 3002 3282 quod
3023 3204 3118 3263 est
3135 3217 3253 3262 sua
3272 3199 3435 3262 actio
3456 3218 3473 3262 :

1943 3312 2008 3371 et
2032 3308 2143 3371 tali
2170 3308 2331 3372 nihil
2371 3310 2637 3373 omnino
2664 3307 2922 3373 advenit
2965 3324 3116 3371 cum
3151 3305 3475 3389 producit,

1945 3433 2062 3479 nec
2104 3416 2295 3479 etiam
2332 3416 2403 3479 in
2434 3435 2510 3480 eo
2536 3416 2611 3478 fit
2649 3414 2888 3497 aliquid
2927 3413 3098 3496 quod
3125 3431 3258 3477 non
3301 3412 3482 3494 prius

1943 3521 2169 3602 infuit3
2201 3527 2264 3586 et
2294 3521 2418 3585 tale
2447 3540 2566 3586 nec
2592 3522 2815 3604 recipit
2846 3519 3382 3602 complementum
3409 3518 3481 3581 in

1944 3630 2264 3711 operando
2282 3678 2300 3709 ,
2326 3647 2445 3692 nec
2469 3629 2539 3692 in
2558 3647 2688 3692 non
2710 3628 3032 3710 operando
3055 3632 3150 3691 est
3169 3627 3475 3705 otiosum;

1943 3755 2062 3801 nec
2082 3786 2100 3817 ,
2133 3755 2280 3800 cum
2306 3736 2382 3800 de
2403 3754 2536 3799 non
2576 3736 2965 3819 producente
2988 3736 3061 3798 fit
3088 3734 3476 3816 producens,

1944 3848 2234 3907 mutatur
2272 3844 2354 3908 ab
2394 3843 2525 3907 otio
2572 3843 2642 3905 in
2674 3847 2911 3906 actum.
2958 3840 3105 3905 Tale
3146 3845 3360 3905 autem
3388 3846 3483 3906 est

1945 3949 2111 4015 Deus
2136 3951 2329 4015 etiam
2353 3950 2708 4014 secundum
2739 3950 3151 4032 philosophos
3170 3998 3187 4029 ,
3229 3950 3338 4031 qui
3368 3967 3480 4033 po-

1945 4064 2215 4122 suerunt
2246 4057 2447 4121 Deum
2488 4055 3033 4139 simplicissimum
3070 4078 3085 4120 ε
3117 4059 3287 4139 patet
3325 4074 3483 4137 ergo

1945 4161 2116 4243 quod
2141 4161 2333 4225 stulta
2357 4165 2451 4224 est
2471 4177 2697 4225 eorum
2717 4159 2878 4222 ratio
2912 4177 2929 4221 :
2956 4159 3203 4223 sienim
3224 4163 3484 4241 propter

1945 4269 2149 4334 otium
2178 4267 2514 4331 vitandum
2537 4284 2638 4329 res
2663 4266 2744 4330 ab
2769 4270 3011 4330 aeterno
3054 4266 3480 4348 produxisset,

1945 4375 2082 4439 sine
2116 4373 2309 4438 rebus
2337 4374 2689 4456 perfectum
2725 4372 2972 4436 bonum
3011 4390 3143 4437 non
3178 4376 3377 4449 esset,
3404 4391 3484 4436 ac

1945 4501 2060 4564 per
2082 4482 2203 4545 hoc
2222 4499 2341 4546 nec
2362 4498 2513 4544 cum
2530 4481 2718 4544 rebus
2735 4528 2752 4559 ,
2784 4480 2941 4561 quia
2956 4479 3481 4562 perfectissimum

1946 4593 2151 4676 seipso
2177 4593 2525 4675 perfectum
2552 4595 2667 4655 est.
2698 4589 2972 4667 Rursus,
2992 4590 3047 4654 si
3074 4594 3332 4674 propter
3356 4591 3483 4654 im-

1946 4701 2367 4765 mutationem
2403 4703 2721 4782 oporteret
2760 4717 2862 4763 res
2904 4699 2985 4762 ab
3025 4702 3264 4763 aeterno
3308 4716 3476 4775 esse,

1947 4808 2108 4872 nihil
2136 4812 2345 4890 posset
2370 4826 2546 4872 nunc
2571 4808 2648 4871 de
2670 4825 2840 4872 novo
2865 4807 3232 4889 producere.
3267 4805 3483 4883 Qualis

1948 4917 2151 4997 igitur
2179 4915 2343 4979 Deus
2363 4919 2555 4991 esset,
2586 4914 2699 4996 qui
2723 4932 2894 4977 nunc
2922 4913 3084 4977 nihil
3103 4931 3215 4995 per
3241 4932 3308 4977 se
3336 4931 3482 4997 pos-

1949 5030 2079 5090 set?
2108 5025 2258 5090 naec
2284 5026 2501 5089 omnia
2534 5024 2921 5089 dementiam
2954 5023 3235 5086 indicant
3273 5024 3484 5105 magis

1950 5151 2147 5216 quam
2175 5132 2639 5216 philosophiam
2658 5179 2676 5208 ,
2713 5130 2814 5196 vel
2838 5131 3150 5195 rationem
3176 5129 3481 5213 aliquam.

1951 5244 2112 5309 Situ
2133 5262 2384 5327 quaeras
2410 5244 2681 5327 qualiter
2709 5242 2905 5326 possit
2922 5241 3094 5326 capi,
3124 5241 3298 5325 quod
3319 5241 3486 5306 Deus

1950 5358 2104 5435 agat
2145 5353 2388 5438 seipso,
2422 5358 2486 5417 et
2522 5357 2740 5417 tamen
2778 5369 2911 5416 non
2950 5349 3214 5436 incipiat
3252 5367 3484 5432 agere3
