<?xml version="1.0" encoding="UTF-8"?>
<!DOCTYPE html PUBLIC "-//W3C//DTD XHTML 1.0 Transitional//EN"
    "http://www.w3.org/TR/xhtml1/DTD/xhtml1-transitional.dtd">
<html xmlns="http://www.w3.org/1999/xhtml" xml:lang="en" lang="en">
 <head>
  <title>
</title>
<meta http-equiv="Content-Type" content="text/html;charset=utf-8" />
  <meta name='ocr-system' content='tesseract 3.04.00' />
  <meta name='ocr-capabilities' content='ocr_page ocr_carea ocr_par ocr_line ocrx_word'/>
</head>
<body>
  <div class='ocr_page' id='page_1' title='image "./srecardinalissb01peltgoog_0088.png"; bbox 0 0 4125 6225; ppageno 0'>
   <div class='ocr_carea' id='block_1_1' title="bbox 737 398 2780 476">
    <p class='ocr_par' dir='ltr' id='par_1_1' title="bbox 737 398 2780 476">
     <span class='ocr_line' id='line_1_1' title="bbox 737 398 2780 476; baseline 0.002 -12"><span class='ocrx_word' id='word_1_1' title='bbox 737 406 817 465; x_wconf 75' lang='lat'><strong>74</strong></span> <span class='ocrx_word' id='word_1_2' title='bbox 1626 442 1641 454; x_wconf 90' lang='lat'><strong>·</strong></span> <span class='ocrx_word' id='word_1_3' title='bbox 1872 398 2684 476; x_wconf 71' lang='lat' dir='ltr'><strong>SENTENTIARUM,L113.</strong></span> <span class='ocrx_word' id='word_1_4' title='bbox 2730 403 2780 468; x_wconf 90' lang='lat' dir='ltr'><strong>l.</strong></span> 
     </span>
    </p>
   </div>
   <div class='ocr_carea' id='block_1_2' title="bbox 739 534 2291 2563">
    <p class='ocr_par' dir='ltr' id='par_1_2' title="bbox 739 534 2291 2563">
     <span class='ocr_line' id='line_1_2' title="bbox 741 534 2278 621; baseline -0.001 -20"><span class='ocrx_word' id='word_1_5' title='bbox 741 535 905 601; x_wconf 88' lang='lat' dir='ltr'><strong>Cum</strong></span> <span class='ocrx_word' id='word_1_6' title='bbox 922 536 1092 600; x_wconf 90' lang='lat' dir='ltr'><strong>enim</strong></span> <span class='ocrx_word' id='word_1_7' title='bbox 1112 534 1379 600; x_wconf 90' lang='lat' dir='ltr'><strong>dicitur:</strong></span> <span class='ocrx_word' id='word_1_8' title='bbox 1417 561 1448 599; x_wconf 78' lang='grc' dir='ltr'><strong>(ι</strong></span> <span class='ocrx_word' id='word_1_9' title='bbox 1472 536 1635 603; x_wconf 89' lang='lat' dir='ltr'><strong>Deus</strong></span> <span class='ocrx_word' id='word_1_10' title='bbox 1663 537 1915 621; x_wconf 82' lang='lat' dir='ltr'><strong>praescit</strong></span> <span class='ocrx_word' id='word_1_11' title='bbox 1938 542 2001 601; x_wconf 89' lang='lat' dir='ltr'><strong>te</strong></span> <span class='ocrx_word' id='word_1_12' title='bbox 2029 537 2278 600; x_wconf 86' lang='lat' dir='ltr'><strong>salvan·</strong></span> 
     </span>
     <span class='ocr_line' id='line_1_3' title="bbox 741 642 2280 726; baseline 0 -19"><span class='ocrx_word' id='word_1_13' title='bbox 741 642 899 707; x_wconf 91' lang='lat' dir='ltr'><strong>dum</strong></span> <span class='ocrx_word' id='word_1_14' title='bbox 936 664 954 723; x_wconf 91' lang='lat'>;</span> <span class='ocrx_word' id='word_1_15' title='bbox 998 664 1031 702; x_wconf 71' lang='lat' dir='ltr'><strong>n</strong></span> <span class='ocrx_word' id='word_1_16' title='bbox 1082 642 1191 706; x_wconf 87' lang='lat' dir='ltr'><strong>hic</strong></span> <span class='ocrx_word' id='word_1_17' title='bbox 1229 643 1466 726; x_wconf 82' lang='lat' dir='ltr'>duplex</span> <span class='ocrx_word' id='word_1_18' title='bbox 1505 645 1855 711; x_wconf 85' lang='lat' dir='ltr'>includitur</span> <span class='ocrx_word' id='word_1_19' title='bbox 1897 649 2078 709; x_wconf 88' lang='lat' dir='ltr'><strong>actus</strong></span> <span class='ocrx_word' id='word_1_20' title='bbox 2121 649 2167 722; x_wconf 84' lang='lat'><strong>²,</strong></span> <span class='ocrx_word' id='word_1_21' title='bbox 2217 647 2280 707; x_wconf 92' lang='lat' dir='ltr'><strong>et</strong></span> 
     </span>
     <span class='ocr_line' id='line_1_4' title="bbox 739 749 2271 833; baseline 0 -19"><span class='ocrx_word' id='word_1_22' title='bbox 739 749 1134 832; x_wconf 83' lang='lat' dir='ltr'><strong>compositio,</strong></span> <span class='ocrx_word' id='word_1_23' title='bbox 1166 750 1456 816; x_wconf 85' lang='lat' dir='ltr'><strong>videlicet</strong></span> <span class='ocrx_word' id='word_1_24' title='bbox 1479 752 1585 815; x_wconf 87' lang='lat' dir='ltr'><strong>hic</strong></span> <span class='ocrx_word' id='word_1_25' title='bbox 1617 776 1631 816; x_wconf 73' lang='grc' dir='ltr'>ε</span> <span class='ocrx_word' id='word_1_26' title='bbox 1672 775 1702 813; x_wconf 78' lang='grc' dir='ltr'>α</span> <span class='ocrx_word' id='word_1_27' title='bbox 1728 751 1825 816; x_wconf 93' lang='lat' dir='ltr'><strong>Tu</strong></span> <span class='ocrx_word' id='word_1_28' title='bbox 1844 750 2214 833; x_wconf 78' lang='lat' dir='ltr'><strong>salvaberiS,</strong></span> <span class='ocrx_word' id='word_1_29' title='bbox 2239 771 2271 808; x_wconf 72' lang='grc' dir='ltr'><strong>ι)</strong></span> 
     </span>
     <span class='ocr_line' id='line_1_5' title="bbox 742 857 2280 941; baseline 0.001 -21"><span class='ocrx_word' id='word_1_30' title='bbox 742 857 976 921; x_wconf 86' lang='lat' dir='ltr'><strong>ethic:</strong></span> <span class='ocrx_word' id='word_1_31' title='bbox 1021 880 1050 918; x_wconf 76' lang='grc' dir='ltr'>α</span> <span class='ocrx_word' id='word_1_32' title='bbox 1076 857 1241 922; x_wconf 90' lang='lat' dir='ltr'><strong>Deus</strong></span> <span class='ocrx_word' id='word_1_33' title='bbox 1274 858 1466 923; x_wconf 90' lang='lat' dir='ltr'><strong>habet</strong></span> <span class='ocrx_word' id='word_1_34' title='bbox 1497 861 1934 941; x_wconf 77' lang='lat' dir='ltr'><strong>cognitionem</strong></span> <span class='ocrx_word' id='word_1_35' title='bbox 1972 860 2051 924; x_wconf 91' lang='lat' dir='ltr'><strong>de</strong></span> <span class='ocrx_word' id='word_1_36' title='bbox 2079 859 2280 923; x_wconf 88' lang='lat' dir='ltr'><strong>salute</strong></span> 
     </span>
     <span class='ocr_line' id='line_1_6' title="bbox 740 963 2283 1047; baseline 0.003 -22"><span class='ocrx_word' id='word_1_37' title='bbox 740 964 884 1042; x_wconf 89' lang='lat' dir='ltr'><strong>tua,</strong></span> <span class='ocrx_word' id='word_1_38' title='bbox 914 968 976 1027; x_wconf 91' lang='lat' dir='ltr'><strong>et</strong></span> <span class='ocrx_word' id='word_1_39' title='bbox 993 963 1220 1028; x_wconf 87' lang='lat' dir='ltr'><strong>habuit</strong></span> <span class='ocrx_word' id='word_1_40' title='bbox 1237 967 1668 1047; x_wconf 86' lang='lat' dir='ltr'><strong>cognitionem</strong></span> <span class='ocrx_word' id='word_1_41' title='bbox 1696 969 1776 1031; x_wconf 87' lang='lat' dir='ltr'><strong>ab</strong></span> <span class='ocrx_word' id='word_1_42' title='bbox 1802 971 2067 1033; x_wconf 62' lang='lat' dir='ltr'><strong>aeterno,</strong></span> <span class='ocrx_word' id='word_1_43' title='bbox 2092 987 2124 1024; x_wconf 72' lang='lat' dir='ltr'><strong>n</strong></span> <span class='ocrx_word' id='word_1_44' title='bbox 2150 965 2283 1029; x_wconf 88' lang='lat' dir='ltr'><strong>Ha-</strong></span> 
     </span>
     <span class='ocr_line' id='line_1_7' title="bbox 743 1070 2282 1155; baseline 0.002 -23"><span class='ocrx_word' id='word_1_45' title='bbox 743 1070 893 1134; x_wconf 92' lang='lat' dir='ltr'><strong>bere</strong></span> <span class='ocrx_word' id='word_1_46' title='bbox 920 1070 1178 1153; x_wconf 91' lang='lat' dir='ltr'><strong>quidem</strong></span> <span class='ocrx_word' id='word_1_47' title='bbox 1214 1074 1646 1155; x_wconf 86' lang='lat' dir='ltr'><strong>cognitionem</strong></span> <span class='ocrx_word' id='word_1_48' title='bbox 1677 1079 1770 1139; x_wconf 89' lang='lat' dir='ltr'><strong>est</strong></span> <span class='ocrx_word' id='word_1_49' title='bbox 1801 1079 1976 1151; x_wconf 82' lang='lat' dir='ltr'><strong>actus</strong></span> <span class='ocrx_word' id='word_1_50' title='bbox 2003 1079 2282 1139; x_wconf 84' lang='lat' dir='ltr'><strong>aeternus</strong></span> 
     </span>
     <span class='ocr_line' id='line_1_8' title="bbox 743 1179 2281 1265; baseline 0.003 -26"><span class='ocrx_word' id='word_1_51' title='bbox 743 1181 806 1240; x_wconf 86' lang='lat' dir='ltr'><strong>et</strong></span> <span class='ocrx_word' id='word_1_52' title='bbox 830 1179 1254 1259; x_wconf 73' lang='lat' dir='ltr'><strong>necessariae,</strong></span> <span class='ocrx_word' id='word_1_53' title='bbox 1289 1181 1443 1263; x_wconf 87' lang='lat' dir='ltr'><strong>quia</strong></span> <span class='ocrx_word' id='word_1_54' title='bbox 1466 1200 1597 1247; x_wconf 90' lang='lat' dir='ltr'><strong>non</strong></span> <span class='ocrx_word' id='word_1_55' title='bbox 1635 1182 1944 1265; x_wconf 83' lang='lat' dir='ltr'>dependet</span> <span class='ocrx_word' id='word_1_56' title='bbox 1965 1201 2005 1245; x_wconf 92' lang='lat' dir='ltr'><strong>a</strong></span> <span class='ocrx_word' id='word_1_57' title='bbox 2034 1199 2137 1259; x_wconf 89' lang='lat' dir='ltr'><strong>re;</strong></span> <span class='ocrx_word' id='word_1_58' title='bbox 2173 1180 2281 1244; x_wconf 90' lang='lat' dir='ltr'><strong>sed</strong></span> 
     </span>
     <span class='ocr_line' id='line_1_9' title="bbox 744 1288 2282 1375; baseline 0.004 -24"><span class='ocrx_word' id='word_1_59' title='bbox 744 1288 976 1353; x_wconf 87' lang='lat' dir='ltr'><strong>salvari</strong></span> <span class='ocrx_word' id='word_1_60' title='bbox 994 1296 1089 1355; x_wconf 91' lang='lat' dir='ltr'><strong>est</strong></span> <span class='ocrx_word' id='word_1_61' title='bbox 1104 1296 1283 1357; x_wconf 88' lang='lat' dir='ltr'><strong>actus</strong></span> <span class='ocrx_word' id='word_1_62' title='bbox 1307 1294 1565 1358; x_wconf 81' lang='lat' dir='ltr'><strong>futurus</strong></span> <span class='ocrx_word' id='word_1_63' title='bbox 1589 1298 1652 1358; x_wconf 89' lang='lat' dir='ltr'><strong>et</strong></span> <span class='ocrx_word' id='word_1_64' title='bbox 1677 1295 2074 1375; x_wconf 87' lang='lat' dir='ltr'><strong>contingens.</strong></span> <span class='ocrx_word' id='word_1_65' title='bbox 2110 1293 2282 1371; x_wconf 87' lang='lat' dir='ltr'><strong>Quo-</strong></span> 
     </span>
     <span class='ocr_line' id='line_1_10' title="bbox 744 1396 2283 1482; baseline 0.005 -24"><span class='ocrx_word' id='word_1_66' title='bbox 744 1396 924 1460; x_wconf 82' lang='lat' dir='ltr'><strong>niam</strong></span> <span class='ocrx_word' id='word_1_67' title='bbox 942 1417 1100 1480; x_wconf 90' lang='lat' dir='ltr'><strong>ergo</strong></span> <span class='ocrx_word' id='word_1_68' title='bbox 1120 1404 1298 1464; x_wconf 85' lang='lat' dir='ltr'><strong>actus</strong></span> <span class='ocrx_word' id='word_1_69' title='bbox 1322 1401 1558 1465; x_wconf 84' lang='lat' dir='ltr'><strong>divinae</strong></span> <span class='ocrx_word' id='word_1_70' title='bbox 1591 1401 1971 1482; x_wconf 80' lang='lat' dir='ltr'><strong>cognitionis</strong></span> <span class='ocrx_word' id='word_1_71' title='bbox 2003 1420 2136 1465; x_wconf 91' lang='lat' dir='ltr'><strong>non</strong></span> <span class='ocrx_word' id='word_1_72' title='bbox 2172 1400 2283 1465; x_wconf 91' lang='lat' dir='ltr'><strong>de-</strong></span> 
     </span>
     <span class='ocr_line' id='line_1_11' title="bbox 744 1505 2283 1592; baseline 0.003 -24"><span class='ocrx_word' id='word_1_73' title='bbox 744 1505 976 1586; x_wconf 80' lang='lat' dir='ltr'>pendet</span> <span class='ocrx_word' id='word_1_74' title='bbox 1001 1526 1037 1569; x_wconf 92' lang='lat' dir='ltr'><strong>a</strong></span> <span class='ocrx_word' id='word_1_75' title='bbox 1063 1507 1349 1589; x_wconf 83' lang='lat' dir='ltr'><strong>cognit03</strong></span> <span class='ocrx_word' id='word_1_76' title='bbox 1391 1509 1532 1573; x_wconf 91' lang='lat' dir='ltr'><strong>ideo</strong></span> <span class='ocrx_word' id='word_1_77' title='bbox 1573 1513 1774 1592; x_wconf 90' lang='lat' dir='ltr'><strong>potest</strong></span> <span class='ocrx_word' id='word_1_78' title='bbox 1810 1527 1945 1573; x_wconf 91' lang='lat' dir='ltr'><strong>esse</strong></span> <span class='ocrx_word' id='word_1_79' title='bbox 1973 1508 2283 1573; x_wconf 81' lang='lat' dir='ltr'><strong>certitudo</strong></span> 
     </span>
     <span class='ocr_line' id='line_1_12' title="bbox 742 1612 2282 1698; baseline 0.003 -23"><span class='ocrx_word' id='word_1_80' title='bbox 742 1612 811 1675; x_wconf 92' lang='lat' dir='ltr'><strong>in</strong></span> <span class='ocrx_word' id='word_1_81' title='bbox 840 1612 996 1694; x_wconf 80' lang='lat' dir='ltr'><strong>ipSO,</strong></span> <span class='ocrx_word' id='word_1_82' title='bbox 1016 1632 1086 1677; x_wconf 88' lang='lat' dir='ltr'><strong>re</strong></span> <span class='ocrx_word' id='word_1_83' title='bbox 1105 1615 1514 1697; x_wconf 79' lang='lat' dir='ltr'><strong>contingente</strong></span> <span class='ocrx_word' id='word_1_84' title='bbox 1532 1617 1860 1680; x_wconf 83' lang='lat' dir='ltr'><strong>existente.</strong></span> <span class='ocrx_word' id='word_1_85' title='bbox 1881 1615 2002 1680; x_wconf 91' lang='lat' dir='ltr'><strong>Sed</strong></span> <span class='ocrx_word' id='word_1_86' title='bbox 2026 1616 2282 1698; x_wconf 88' lang='lat' dir='ltr'><strong>quando</strong></span> 
     </span>
     <span class='ocr_line' id='line_1_13' title="bbox 746 1720 2281 1806; baseline 0.003 -24"><span class='ocrx_word' id='word_1_87' title='bbox 746 1720 1146 1801; x_wconf 82' lang='lat' dir='ltr'><strong>significatur</strong></span> <span class='ocrx_word' id='word_1_88' title='bbox 1178 1742 1293 1806; x_wconf 91' lang='lat' dir='ltr'><strong>per</strong></span> <span class='ocrx_word' id='word_1_89' title='bbox 1322 1723 1585 1787; x_wconf 90' lang='lat' dir='ltr'><strong>modum</strong></span> <span class='ocrx_word' id='word_1_90' title='bbox 1628 1723 2044 1806; x_wconf 85' lang='lat' dir='ltr'><strong>praescientiae</strong></span> <span class='ocrx_word' id='word_1_91' title='bbox 2066 1772 2082 1799; x_wconf 93' lang='lat'><strong>‚</strong></span> <span class='ocrx_word' id='word_1_92' title='bbox 2130 1740 2281 1786; x_wconf 91' lang='lat' dir='ltr'><strong>con-</strong></span> 
     </span>
     <span class='ocr_line' id='line_1_14' title="bbox 747 1825 2284 1909; baseline 0.003 -24"><span class='ocrx_word' id='word_1_93' title='bbox 747 1828 927 1887; x_wconf 86' lang='lat' dir='ltr'><strong>notat</strong></span> <span class='ocrx_word' id='word_1_94' title='bbox 960 1825 1250 1889; x_wconf 83' lang='lat' dir='ltr'><strong>futurum</strong></span> <span class='ocrx_word' id='word_1_95' title='bbox 1281 1828 1658 1909; x_wconf 85' lang='lat' dir='ltr'><strong>contingens</strong></span> <span class='ocrx_word' id='word_1_96' title='bbox 1677 1876 1694 1907; x_wconf 94' lang='lat'><strong>,</strong></span> <span class='ocrx_word' id='word_1_97' title='bbox 1737 1832 1800 1892; x_wconf 93' lang='lat' dir='ltr'><strong>et</strong></span> <span class='ocrx_word' id='word_1_98' title='bbox 1823 1845 2017 1890; x_wconf 90' lang='lat' dir='ltr'><strong>omne</strong></span> <span class='ocrx_word' id='word_1_99' title='bbox 2044 1826 2284 1890; x_wconf 88' lang='lat' dir='ltr'><strong>dictum</strong></span> 
     </span>
     <span class='ocr_line' id='line_1_15' title="bbox 749 1923 2291 2023; baseline 0.002 -24"><span class='ocrx_word' id='word_1_100' title='bbox 749 1937 919 2018; x_wconf 91' lang='lat' dir='ltr'><strong>quod</strong></span> <span class='ocrx_word' id='word_1_101' title='bbox 955 1938 1191 2003; x_wconf 91' lang='lat' dir='ltr'><strong>claudit</strong></span> <span class='ocrx_word' id='word_1_102' title='bbox 1227 1939 1296 2002; x_wconf 93' lang='lat' dir='ltr'><strong>in</strong></span> <span class='ocrx_word' id='word_1_103' title='bbox 1323 1958 1391 2005; x_wconf 91' lang='lat' dir='ltr'><strong>se</strong></span> <span class='ocrx_word' id='word_1_104' title='bbox 1418 1942 1825 2022; x_wconf 78' lang='lat' dir='ltr'><strong>contingenS,</strong></span> <span class='ocrx_word' id='word_1_105' title='bbox 1858 1923 2291 2023; x_wconf 86' lang='lat' dir='ltr'><strong>judicandum·</strong></span> 
     </span>
     <span class='ocr_line' id='line_1_16' title="bbox 750 2045 2284 2130; baseline 0.003 -25"><span class='ocrx_word' id='word_1_106' title='bbox 750 2045 1129 2127; x_wconf 87' lang='lat' dir='ltr'><strong>contingens</strong></span> <span class='ocrx_word' id='word_1_107' title='bbox 1152 2051 1245 2110; x_wconf 91' lang='lat' dir='ltr'><strong>est</strong></span> <span class='ocrx_word' id='word_1_108' title='bbox 1272 2067 1288 2111; x_wconf 75' lang='grc' dir='ltr'>ε</span> <span class='ocrx_word' id='word_1_109' title='bbox 1320 2047 1462 2112; x_wconf 90' lang='lat' dir='ltr'><strong>ideo</strong></span> <span class='ocrx_word' id='word_1_110' title='bbox 1494 2049 1684 2113; x_wconf 89' lang='lat' dir='ltr'><strong>totale</strong></span> <span class='ocrx_word' id='word_1_111' title='bbox 1706 2049 2081 2130; x_wconf 87' lang='lat' dir='ltr'><strong>contingens</strong></span> <span class='ocrx_word' id='word_1_112' title='bbox 2101 2047 2284 2129; x_wconf 84' lang='lat' dir='ltr'><strong>judi-</strong></span> 
     </span>
     <span class='ocr_line' id='line_1_17' title="bbox 750 2152 2281 2236; baseline 0.003 -22"><span class='ocrx_word' id='word_1_113' title='bbox 750 2155 952 2215; x_wconf 87' lang='lat' dir='ltr'><strong>catur.</strong></span> <span class='ocrx_word' id='word_1_114' title='bbox 984 2152 1063 2217; x_wconf 90' lang='lat' dir='ltr'><strong>Et</strong></span> <span class='ocrx_word' id='word_1_115' title='bbox 1097 2154 1217 2217; x_wconf 88' lang='lat' dir='ltr'><strong>ista</strong></span> <span class='ocrx_word' id='word_1_116' title='bbox 1248 2156 1478 2220; x_wconf 89' lang='lat' dir='ltr'><strong>solutio</strong></span> <span class='ocrx_word' id='word_1_117' title='bbox 1509 2160 1604 2220; x_wconf 89' lang='lat' dir='ltr'><strong>est</strong></span> <span class='ocrx_word' id='word_1_118' title='bbox 1628 2174 1813 2235; x_wconf 87' lang='lat' dir='ltr'><strong>vera,</strong></span> <span class='ocrx_word' id='word_1_119' title='bbox 1851 2159 1914 2220; x_wconf 90' lang='lat' dir='ltr'><strong>et</strong></span> <span class='ocrx_word' id='word_1_120' title='bbox 1945 2154 2281 2236; x_wconf 80' lang='lat' dir='ltr'><strong>generaliS.</strong></span> 
     </span>
     <span class='ocr_line' id='line_1_18' title="bbox 748 2259 2281 2347; baseline 0.002 -23"><span class='ocrx_word' id='word_1_121' title='bbox 748 2259 911 2325; x_wconf 89' lang='lat' dir='ltr'><strong>Nam</strong></span> <span class='ocrx_word' id='word_1_122' title='bbox 930 2267 1106 2327; x_wconf 86' lang='lat' dir='ltr'><strong>actus</strong></span> <span class='ocrx_word' id='word_1_123' title='bbox 1123 2264 1527 2342; x_wconf 82' lang='lat' dir='ltr'><strong>credulitatis,</strong></span> <span class='ocrx_word' id='word_1_124' title='bbox 1555 2270 1732 2331; x_wconf 88' lang='lat' dir='ltr'><strong>actus</strong></span> <span class='ocrx_word' id='word_1_125' title='bbox 1758 2264 2281 2347; x_wconf 79' lang='lat' dir='ltr'><strong>prophetationiS,</strong></span> 
     </span>
     <span class='ocr_line' id='line_1_19' title="bbox 748 2371 2287 2457; baseline 0.001 -23"><span class='ocrx_word' id='word_1_126' title='bbox 748 2375 809 2434; x_wconf 92' lang='lat' dir='ltr'><strong>et</strong></span> <span class='ocrx_word' id='word_1_127' title='bbox 827 2371 1065 2436; x_wconf 80' lang='lat' dir='ltr'><strong>divinae</strong></span> <span class='ocrx_word' id='word_1_128' title='bbox 1097 2374 1491 2454; x_wconf 79' lang='lat' dir='ltr'><strong>assertioniS,</strong></span> <span class='ocrx_word' id='word_1_129' title='bbox 1524 2393 1638 2457; x_wconf 89' lang='lat' dir='ltr'><strong>per</strong></span> <span class='ocrx_word' id='word_1_130' title='bbox 1665 2375 1789 2438; x_wconf 93' lang='lat' dir='ltr'><strong>hoc</strong></span> <span class='ocrx_word' id='word_1_131' title='bbox 1812 2373 1984 2456; x_wconf 89' lang='lat' dir='ltr'><strong>quod</strong></span> <span class='ocrx_word' id='word_1_132' title='bbox 2010 2375 2287 2436; x_wconf 87' lang='lat' dir='ltr'><strong>currunt</strong></span> 
     </span>
     <span class='ocr_line' id='line_1_20' title="bbox 748 2478 2283 2563; baseline 0.001 -23"><span class='ocrx_word' id='word_1_133' title='bbox 748 2478 1102 2543; x_wconf 89' lang='lat' dir='ltr'><strong>secundum</strong></span> <span class='ocrx_word' id='word_1_134' title='bbox 1139 2479 1625 2545; x_wconf 80' lang='lat' dir='ltr'><strong>illustrationem</strong></span> <span class='ocrx_word' id='word_1_135' title='bbox 1666 2481 1900 2545; x_wconf 85' lang='lat' dir='ltr'><strong>divinae</strong></span> <span class='ocrx_word' id='word_1_136' title='bbox 1936 2480 2283 2563; x_wconf 73' lang='lat' dir='ltr'><strong>praescien-</strong></span> 
     </span>
    </p>
   </div>
   <div class='ocr_carea' id='block_1_3' title="bbox 720 2588 2310 5269">
    <p class='ocr_par' dir='ltr' id='par_1_3' title="bbox 742 2588 2290 2767">
     <span class='ocr_line' id='line_1_21' title="bbox 742 2588 2290 2677; baseline 0.003 -26"><span class='ocrx_word' id='word_1_137' title='bbox 742 2588 870 2669; x_wconf 85' lang='lat' dir='ltr'><strong>tiae,</strong></span> <span class='ocrx_word' id='word_1_138' title='bbox 887 2590 1028 2656; x_wconf 88' lang='lat' dir='ltr'><strong>ideo</strong></span> <span class='ocrx_word' id='word_1_139' title='bbox 1038 2596 1380 2657; x_wconf 86' lang='lat' dir='ltr'><strong>connotant</strong></span> <span class='ocrx_word' id='word_1_140' title='bbox 1394 2598 1596 2658; x_wconf 89' lang='lat' dir='ltr'><strong>etnon</strong></span> <span class='ocrx_word' id='word_1_141' title='bbox 1608 2594 1961 2677; x_wconf 90' lang='lat' dir='ltr'><strong>dependent</strong></span> <span class='ocrx_word' id='word_1_142' title='bbox 1979 2593 2148 2658; x_wconf 88' lang='lat' dir='ltr'><strong>:ideo</strong></span> <span class='ocrx_word' id='word_1_143' title='bbox 2159 2611 2290 2658; x_wconf 87' lang='lat' dir='ltr'><strong>cer-</strong></span> 
     </span>
     <span class='ocr_line' id='line_1_22' title="bbox 746 2698 2285 2767; baseline 0.003 -7"><span class='ocrx_word' id='word_1_144' title='bbox 746 2698 790 2760; x_wconf 92' lang='lat' dir='ltr'><strong>ti</strong></span> <span class='ocrx_word' id='word_1_145' title='bbox 806 2702 867 2761; x_wconf 91' lang='lat' dir='ltr'><strong>et</strong></span> <span class='ocrx_word' id='word_1_146' title='bbox 895 2699 1251 2765; x_wconf 84' lang='lat' dir='ltr'><strong>infallibiles</strong></span> <span class='ocrx_word' id='word_1_147' title='bbox 1276 2707 1428 2765; x_wconf 91' lang='lat' dir='ltr'><strong>sunt</strong></span> <span class='ocrx_word' id='word_1_148' title='bbox 1448 2703 1525 2767; x_wconf 89' lang='lat' dir='ltr'><strong>de</strong></span> <span class='ocrx_word' id='word_1_149' title='bbox 1542 2703 1736 2766; x_wconf 90' lang='lat' dir='ltr'><strong>rebus</strong></span> <span class='ocrx_word' id='word_1_150' title='bbox 1758 2703 1828 2766; x_wconf 92' lang='lat' dir='ltr'><strong>in</strong></span> <span class='ocrx_word' id='word_1_151' title='bbox 1850 2721 1917 2766; x_wconf 91' lang='lat' dir='ltr'><strong>se</strong></span> <span class='ocrx_word' id='word_1_152' title='bbox 1932 2721 2063 2767; x_wconf 90' lang='lat' dir='ltr'><strong>non</strong></span> <span class='ocrx_word' id='word_1_153' title='bbox 2077 2703 2285 2767; x_wconf 79' lang='lat' dir='ltr'><strong>certis,</strong></span> 
     </span>
    </p>

    <p class='ocr_par' dir='ltr' id='par_1_4' title="bbox 720 2807 2295 3412">
     <span class='ocr_line' id='line_1_23' title="bbox 829 2807 2291 2892; baseline 0.002 -24"><span class='ocrx_word' id='word_1_154' title='bbox 829 2811 887 2868; x_wconf 80' lang='lat'><strong>1.</strong></span> <span class='ocrx_word' id='word_1_155' title='bbox 936 2807 1033 2871; x_wconf 87' lang='lat' dir='ltr'><strong>Ad</strong></span> <span class='ocrx_word' id='word_1_156' title='bbox 1079 2808 1235 2872; x_wconf 83' lang='lat' dir='ltr'><strong>illud</strong></span> <span class='ocrx_word' id='word_1_157' title='bbox 1276 2827 1432 2891; x_wconf 90' lang='lat' dir='ltr'><strong>ergo</strong></span> <span class='ocrx_word' id='word_1_158' title='bbox 1471 2810 1644 2892; x_wconf 90' lang='lat' dir='ltr'><strong>quod</strong></span> <span class='ocrx_word' id='word_1_159' title='bbox 1688 2811 1987 2892; x_wconf 86' lang='lat' dir='ltr'><strong>objicitur</strong></span> <span class='ocrx_word' id='word_1_160' title='bbox 2033 2810 2111 2874; x_wconf 92' lang='lat' dir='ltr'><strong>de</strong></span> <span class='ocrx_word' id='word_1_161' title='bbox 2154 2810 2291 2873; x_wconf 90' lang='lat' dir='ltr'><strong>An-</strong></span> 
     </span>
     <span class='ocr_line' id='line_1_24' title="bbox 746 2912 2291 3000; baseline 0.003 -25"><span class='ocrx_word' id='word_1_162' title='bbox 746 2912 967 2992; x_wconf 85' lang='lat' dir='ltr'><strong>selmo,</strong></span> <span class='ocrx_word' id='word_1_163' title='bbox 998 2916 1166 2997; x_wconf 90' lang='lat' dir='ltr'><strong>quod</strong></span> <span class='ocrx_word' id='word_1_164' title='bbox 1190 2933 1442 2981; x_wconf 89' lang='lat' dir='ltr'><strong>necesse</strong></span> <span class='ocrx_word' id='word_1_165' title='bbox 1468 2921 1562 2980; x_wconf 86' lang='lat' dir='ltr'><strong>est</strong></span> <span class='ocrx_word' id='word_1_166' title='bbox 1587 2918 1882 3000; x_wconf 65' lang='lat' dir='ltr'><strong>praescire</strong></span> <span class='ocrx_word' id='word_1_167' title='bbox 1905 2917 2076 3000; x_wconf 87' lang='lat' dir='ltr'><strong>quod</strong></span> <span class='ocrx_word' id='word_1_168' title='bbox 2099 2933 2291 2999; x_wconf 84' lang='lat' dir='ltr'><strong>praes-</strong></span> 
     </span>
     <span class='ocr_line' id='line_1_25' title="bbox 746 3022 2291 3107; baseline 0.002 -23"><span class='ocrx_word' id='word_1_169' title='bbox 746 3022 868 3101; x_wconf 89' lang='lat' dir='ltr'><strong>cit,</strong></span> <span class='ocrx_word' id='word_1_170' title='bbox 900 3022 1240 3087; x_wconf 90' lang='lat' dir='ltr'><strong>dicendum</strong></span> <span class='ocrx_word' id='word_1_171' title='bbox 1283 3026 1453 3107; x_wconf 90' lang='lat' dir='ltr'><strong>quod</strong></span> <span class='ocrx_word' id='word_1_172' title='bbox 1480 3025 1605 3089; x_wconf 92' lang='lat' dir='ltr'><strong>hoc</strong></span> <span class='ocrx_word' id='word_1_173' title='bbox 1639 3025 1937 3106; x_wconf 85' lang='lat' dir='ltr'><strong>intelligit</strong></span> <span class='ocrx_word' id='word_1_174' title='bbox 1972 3030 2291 3106; x_wconf 89' lang='lat' dir='ltr'><strong>quantum</strong></span> 
     </span>
     <span class='ocr_line' id='line_1_26' title="bbox 720 3130 2295 3216; baseline 0.001 -22"><span class='ocrx_word' id='word_1_175' title='bbox 720 3130 826 3194; x_wconf 75' lang='lat' dir='ltr'><strong>‘ad</strong></span> <span class='ocrx_word' id='word_1_176' title='bbox 863 3134 1075 3196; x_wconf 87' lang='lat' dir='ltr'><strong>actum</strong></span> <span class='ocrx_word' id='word_1_177' title='bbox 1104 3134 1643 3216; x_wconf 74' lang='lat' dir='ltr'><strong>praeoegnitioniS,</strong></span> <span class='ocrx_word' id='word_1_178' title='bbox 1674 3152 1870 3216; x_wconf 89' lang='lat' dir='ltr'><strong>quem</strong></span> <span class='ocrx_word' id='word_1_179' title='bbox 1912 3151 2164 3198; x_wconf 89' lang='lat' dir='ltr'><strong>necesse</strong></span> <span class='ocrx_word' id='word_1_180' title='bbox 2200 3138 2295 3196; x_wconf 89' lang='lat' dir='ltr'><strong>est</strong></span> 
     </span>
     <span class='ocr_line' id='line_1_27' title="bbox 749 3239 2295 3323; baseline 0.003 -22"><span class='ocrx_word' id='word_1_181' title='bbox 749 3239 970 3318; x_wconf 79' lang='lat' dir='ltr'><strong>fuisse3</strong></span> <span class='ocrx_word' id='word_1_182' title='bbox 1002 3239 1111 3303; x_wconf 91' lang='lat' dir='ltr'><strong>sed</strong></span> <span class='ocrx_word' id='word_1_183' title='bbox 1146 3259 1278 3304; x_wconf 91' lang='lat' dir='ltr'><strong>non</strong></span> <span class='ocrx_word' id='word_1_184' title='bbox 1312 3245 1626 3323; x_wconf 89' lang='lat' dir='ltr'><strong>quantum</strong></span> <span class='ocrx_word' id='word_1_185' title='bbox 1662 3241 1742 3305; x_wconf 91' lang='lat' dir='ltr'><strong>ad</strong></span> <span class='ocrx_word' id='word_1_186' title='bbox 1786 3240 2295 3319; x_wconf 81' lang='lat' dir='ltr'><strong>connotationem</strong></span> 
     </span>
     <span class='ocr_line' id='line_1_28' title="bbox 751 3347 1162 3412; baseline 0.005 -2"><span class='ocrx_word' id='word_1_187' title='bbox 751 3347 1162 3412; x_wconf 77' lang='lat' dir='ltr'><strong>futuritioniS.</strong></span> 
     </span>
    </p>

    <p class='ocr_par' dir='ltr' id='par_1_5' title="bbox 751 3457 2306 4293">
     <span class='ocr_line' id='line_1_29' title="bbox 830 3457 2296 3540; baseline 0.003 -23"><span class='ocrx_word' id='word_1_188' title='bbox 830 3458 868 3517; x_wconf 76' lang='lat'>2</span> <span class='ocrx_word' id='word_1_189' title='bbox 894 3461 956 3535; x_wconf 84' lang='lat' dir='ltr'><strong>et</strong></span> <span class='ocrx_word' id='word_1_190' title='bbox 984 3462 1044 3522; x_wconf 88' lang='lat'><strong>3.</strong></span> <span class='ocrx_word' id='word_1_191' title='bbox 1077 3457 1173 3521; x_wconf 84' lang='lat' dir='ltr'><strong>Ad</strong></span> <span class='ocrx_word' id='word_1_192' title='bbox 1201 3457 1357 3521; x_wconf 92' lang='lat' dir='ltr'><strong>illud</strong></span> <span class='ocrx_word' id='word_1_193' title='bbox 1383 3458 1553 3539; x_wconf 87' lang='lat' dir='ltr'><strong>quod</strong></span> <span class='ocrx_word' id='word_1_194' title='bbox 1594 3457 1922 3539; x_wconf 88' lang='lat' dir='ltr'><strong>objicitur,</strong></span> <span class='ocrx_word' id='word_1_195' title='bbox 1952 3458 2123 3540; x_wconf 85' lang='lat' dir='ltr'><strong>quod</strong></span> <span class='ocrx_word' id='word_1_196' title='bbox 2156 3458 2296 3523; x_wconf 90' lang='lat' dir='ltr'><strong>dic-</strong></span> 
     </span>
     <span class='ocr_line' id='line_1_30' title="bbox 751 3565 2299 3649; baseline 0.001 -22"><span class='ocrx_word' id='word_1_197' title='bbox 751 3568 893 3628; x_wconf 90' lang='lat' dir='ltr'><strong>tum</strong></span> <span class='ocrx_word' id='word_1_198' title='bbox 911 3571 1003 3629; x_wconf 93' lang='lat' dir='ltr'><strong>est</strong></span> <span class='ocrx_word' id='word_1_199' title='bbox 1030 3566 1108 3629; x_wconf 93' lang='lat' dir='ltr'><strong>de</strong></span> <span class='ocrx_word' id='word_1_200' title='bbox 1135 3566 1488 3649; x_wconf 83' lang='lat' dir='ltr'><strong>praeterit03</strong></span> <span class='ocrx_word' id='word_1_201' title='bbox 1519 3565 1860 3629; x_wconf 92' lang='lat' dir='ltr'><strong>dicendum</strong></span> <span class='ocrx_word' id='word_1_202' title='bbox 1880 3565 2074 3647; x_wconf 91' lang='lat' dir='ltr'><strong>quod,</strong></span> <span class='ocrx_word' id='word_1_203' title='bbox 2097 3585 2299 3647; x_wconf 89' lang='lat' dir='ltr'><strong>quan-</strong></span> 
     </span>
     <span class='ocr_line' id='line_1_31' title="bbox 752 3673 2295 3755; baseline 0.002 -21"><span class='ocrx_word' id='word_1_204' title='bbox 752 3675 890 3735; x_wconf 91' lang='lat' dir='ltr'><strong>tum</strong></span> <span class='ocrx_word' id='word_1_205' title='bbox 935 3679 1027 3736; x_wconf 90' lang='lat' dir='ltr'><strong>est</strong></span> <span class='ocrx_word' id='word_1_206' title='bbox 1069 3674 1145 3738; x_wconf 91' lang='lat' dir='ltr'><strong>de</strong></span> <span class='ocrx_word' id='word_1_207' title='bbox 1185 3674 1428 3738; x_wconf 88' lang='lat' dir='ltr'><strong>ratione</strong></span> <span class='ocrx_word' id='word_1_208' title='bbox 1470 3673 1953 3755; x_wconf 79' lang='lat' dir='ltr'><strong>praeteritioniS,</strong></span> <span class='ocrx_word' id='word_1_209' title='bbox 2007 3691 2295 3738; x_wconf 87' lang='lat' dir='ltr'><strong>necessa·</strong></span> 
     </span>
     <span class='ocr_line' id='line_1_32' title="bbox 754 3780 2295 3863; baseline -0.001 -19"><span class='ocrx_word' id='word_1_210' title='bbox 754 3781 924 3844; x_wconf 90' lang='lat' dir='ltr'><strong>rium</strong></span> <span class='ocrx_word' id='word_1_211' title='bbox 950 3786 1042 3844; x_wconf 85' lang='lat' dir='ltr'><strong>est</strong></span> <span class='ocrx_word' id='word_1_212' title='bbox 1070 3805 1084 3846; x_wconf 77' lang='lat' dir='ltr'><em>z</em></span> <span class='ocrx_word' id='word_1_213' title='bbox 1112 3782 1221 3846; x_wconf 86' lang='lat' dir='ltr'><strong>scd</strong></span> <span class='ocrx_word' id='word_1_214' title='bbox 1241 3781 1547 3863; x_wconf 87' lang='lat' dir='ltr'><strong>quoniam</strong></span> <span class='ocrx_word' id='word_1_215' title='bbox 1575 3784 1954 3845; x_wconf 80' lang='lat' dir='ltr'><strong>connotatur</strong></span> <span class='ocrx_word' id='word_1_216' title='bbox 1976 3780 2295 3858; x_wconf 84' lang='lat' dir='ltr'><strong>futurum,</strong></span> 
     </span>
     <span class='ocr_line' id='line_1_33' title="bbox 754 3887 2297 3970; baseline -0.001 -19"><span class='ocrx_word' id='word_1_217' title='bbox 754 3887 895 3953; x_wconf 83' lang='lat' dir='ltr'><strong>ideo</strong></span> <span class='ocrx_word' id='word_1_218' title='bbox 922 3894 1015 3952; x_wconf 88' lang='lat' dir='ltr'><strong>est</strong></span> <span class='ocrx_word' id='word_1_219' title='bbox 1041 3889 1439 3970; x_wconf 77' lang='lat' dir='ltr'><strong>contingens,</strong></span> <span class='ocrx_word' id='word_1_220' title='bbox 1460 3887 1537 3952; x_wconf 90' lang='lat' dir='ltr'><strong>Et</strong></span> <span class='ocrx_word' id='word_1_221' title='bbox 1563 3907 1644 3952; x_wconf 84' lang='lat' dir='ltr'><strong>ex</strong></span> <span class='ocrx_word' id='word_1_222' title='bbox 1664 3888 1785 3952; x_wconf 89' lang='lat' dir='ltr'><strong>hoc</strong></span> <span class='ocrx_word' id='word_1_223' title='bbox 1804 3890 1973 3970; x_wconf 87' lang='lat' dir='ltr'><strong>patet</strong></span> <span class='ocrx_word' id='word_1_224' title='bbox 2000 3904 2297 3970; x_wconf 73' lang='lat' dir='ltr'><strong>sequenS,</strong></span> 
     </span>
     <span class='ocr_line' id='line_1_34' title="bbox 754 3994 2302 4079; baseline -0.003 -18"><span class='ocrx_word' id='word_1_225' title='bbox 754 3995 908 4078; x_wconf 87' lang='lat' dir='ltr'><strong>quia</strong></span> <span class='ocrx_word' id='word_1_226' title='bbox 934 4001 1245 4079; x_wconf 91' lang='lat' dir='ltr'><strong>quantum</strong></span> <span class='ocrx_word' id='word_1_227' title='bbox 1274 3997 1352 4061; x_wconf 88' lang='lat' dir='ltr'><strong>ad</strong></span> <span class='ocrx_word' id='word_1_228' title='bbox 1382 3996 1537 4061; x_wconf 87' lang='lat' dir='ltr'><strong>illud</strong></span> <span class='ocrx_word' id='word_1_229' title='bbox 1564 3998 1855 4060; x_wconf 80' lang='lat' dir='ltr'><strong>futurum</strong></span> <span class='ocrx_word' id='word_1_230' title='bbox 1882 4012 2015 4057; x_wconf 90' lang='lat' dir='ltr'><strong>non</strong></span> <span class='ocrx_word' id='word_1_231' title='bbox 2056 3997 2151 4058; x_wconf 85' lang='lat' dir='ltr'><strong>est</strong></span> <span class='ocrx_word' id='word_1_232' title='bbox 2188 3994 2302 4057; x_wconf 90' lang='lat' dir='ltr'><strong>ad-</strong></span> 
     </span>
     <span class='ocr_line' id='line_1_35' title="bbox 754 4099 2306 4187; baseline -0.002 -20"><span class='ocrx_word' id='word_1_233' title='bbox 754 4103 884 4167; x_wconf 87' lang='lat' dir='ltr'><strong>huc</strong></span> <span class='ocrx_word' id='word_1_234' title='bbox 936 4105 1213 4187; x_wconf 84' lang='lat' dir='ltr'><strong>potentia</strong></span> <span class='ocrx_word' id='word_1_235' title='bbox 1273 4105 1344 4168; x_wconf 92' lang='lat' dir='ltr'><strong>in</strong></span> <span class='ocrx_word' id='word_1_236' title='bbox 1405 4109 1552 4168; x_wconf 88' lang='lat' dir='ltr'><strong>actu</strong></span> <span class='ocrx_word' id='word_1_237' title='bbox 1571 4151 1589 4181; x_wconf 94' lang='lat'><strong>,</strong></span> <span class='ocrx_word' id='word_1_238' title='bbox 1654 4103 1787 4167; x_wconf 92' lang='lat' dir='ltr'><strong>imo</strong></span> <span class='ocrx_word' id='word_1_239' title='bbox 1836 4099 2044 4165; x_wconf 87' lang='lat' dir='ltr'><strong>adhuc</strong></span> <span class='ocrx_word' id='word_1_240' title='bbox 2101 4104 2306 4183; x_wconf 87' lang='lat' dir='ltr'><strong>potest</strong></span> 
     </span>
     <span class='ocr_line' id='line_1_36' title="bbox 755 4213 1478 4293; baseline 0.001 -18"><span class='ocrx_word' id='word_1_241' title='bbox 755 4230 885 4276; x_wconf 90' lang='lat' dir='ltr'><strong>non</strong></span> <span class='ocrx_word' id='word_1_242' title='bbox 911 4213 1086 4276; x_wconf 84' lang='lat' dir='ltr'><strong>exire</strong></span> <span class='ocrx_word' id='word_1_243' title='bbox 1117 4230 1134 4276; x_wconf 73' lang='lat' dir='ltr'><em>z</em></span> <span class='ocrx_word' id='word_1_244' title='bbox 1165 4214 1329 4293; x_wconf 90' lang='lat' dir='ltr'><strong>ideo,</strong></span> <span class='ocrx_word' id='word_1_245' title='bbox 1362 4217 1478 4277; x_wconf 89' lang='lat' dir='ltr'><strong>etc.</strong></span> 
     </span>
    </p>

    <p class='ocr_par' dir='ltr' id='par_1_6' title="bbox 757 4320 2310 5269">
     <span class='ocr_line' id='line_1_37' title="bbox 835 4320 2307 4406; baseline 0 -22"><span class='ocrx_word' id='word_1_246' title='bbox 835 4325 875 4384; x_wconf 77' lang='lat'>4</span> <span class='ocrx_word' id='word_1_247' title='bbox 911 4325 977 4385; x_wconf 90' lang='lat' dir='ltr'><strong>et</strong></span> <span class='ocrx_word' id='word_1_248' title='bbox 1013 4325 1072 4385; x_wconf 75' lang='lat'><strong>5.</strong></span> <span class='ocrx_word' id='word_1_249' title='bbox 1120 4322 1218 4386; x_wconf 86' lang='lat' dir='ltr'><strong>Ad</strong></span> <span class='ocrx_word' id='word_1_250' title='bbox 1253 4323 1409 4387; x_wconf 90' lang='lat' dir='ltr'><strong>illud</strong></span> <span class='ocrx_word' id='word_1_251' title='bbox 1448 4323 1619 4405; x_wconf 89' lang='lat' dir='ltr'><strong>quod</strong></span> <span class='ocrx_word' id='word_1_252' title='bbox 1653 4322 1975 4406; x_wconf 85' lang='lat' dir='ltr'><strong>objicitur,</strong></span> <span class='ocrx_word' id='word_1_253' title='bbox 2007 4320 2181 4403; x_wconf 87' lang='lat' dir='ltr'><strong>quod</strong></span> <span class='ocrx_word' id='word_1_254' title='bbox 2210 4322 2307 4384; x_wconf 88' lang='lat' dir='ltr'><strong>est</strong></span> 
     </span>
     <span class='ocr_line' id='line_1_38' title="bbox 757 4427 2306 4511; baseline -0.001 -19"><span class='ocrx_word' id='word_1_255' title='bbox 757 4430 1040 4510; x_wconf 84' lang='lat' dir='ltr'><strong>cognitio</strong></span> <span class='ocrx_word' id='word_1_256' title='bbox 1085 4431 1221 4494; x_wconf 89' lang='lat' dir='ltr'><strong>sine</strong></span> <span class='ocrx_word' id='word_1_257' title='bbox 1265 4431 1602 4495; x_wconf 81' lang='lat' dir='ltr'><strong>existentia</strong></span> <span class='ocrx_word' id='word_1_258' title='bbox 1632 4431 1765 4508; x_wconf 88' lang='lat' dir='ltr'><strong>rei,</strong></span> <span class='ocrx_word' id='word_1_259' title='bbox 1823 4448 1983 4511; x_wconf 88' lang='lat' dir='ltr'><strong>ergo</strong></span> <span class='ocrx_word' id='word_1_260' title='bbox 2030 4427 2306 4492; x_wconf 89' lang='lat' dir='ltr'><strong>necessi-</strong></span> 
     </span>
     <span class='ocr_line' id='line_1_39' title="bbox 757 4537 2307 4620; baseline -0.001 -20"><span class='ocrx_word' id='word_1_261' title='bbox 757 4539 903 4600; x_wconf 84' lang='lat' dir='ltr'><strong>tatis</strong></span> <span class='ocrx_word' id='word_1_262' title='bbox 927 4537 1067 4602; x_wconf 91' lang='lat' dir='ltr'><strong>sine</strong></span> <span class='ocrx_word' id='word_1_263' title='bbox 1084 4539 1178 4602; x_wconf 89' lang='lat' dir='ltr'><strong>rei</strong></span> <span class='ocrx_word' id='word_1_264' title='bbox 1196 4539 1594 4617; x_wconf 82' lang='lat' dir='ltr'><strong>necessitate3</strong></span> <span class='ocrx_word' id='word_1_265' title='bbox 1627 4538 1970 4603; x_wconf 89' lang='lat' dir='ltr'><strong>dicendum</strong></span> <span class='ocrx_word' id='word_1_266' title='bbox 1999 4537 2172 4620; x_wconf 90' lang='lat' dir='ltr'><strong>quod</strong></span> <span class='ocrx_word' id='word_1_267' title='bbox 2198 4553 2307 4600; x_wconf 86' lang='lat' dir='ltr'><strong>ve-</strong></span> 
     </span>
     <span class='ocr_line' id='line_1_40' title="bbox 758 4647 2307 4729; baseline 0.001 -21"><span class='ocrx_word' id='word_1_268' title='bbox 758 4664 909 4708; x_wconf 89' lang='lat' dir='ltr'><strong>rum</strong></span> <span class='ocrx_word' id='word_1_269' title='bbox 937 4649 1063 4725; x_wconf 89' lang='lat' dir='ltr'><strong>est,</strong></span> <span class='ocrx_word' id='word_1_270' title='bbox 1094 4647 1262 4729; x_wconf 89' lang='lat' dir='ltr'><strong>quod</strong></span> <span class='ocrx_word' id='word_1_271' title='bbox 1292 4647 1360 4710; x_wconf 92' lang='lat' dir='ltr'><strong>in</strong></span> <span class='ocrx_word' id='word_1_272' title='bbox 1384 4651 1529 4711; x_wconf 85' lang='lat' dir='ltr'><strong>actu</strong></span> <span class='ocrx_word' id='word_1_273' title='bbox 1558 4647 1940 4728; x_wconf 87' lang='lat' dir='ltr'><strong>cognitionis</strong></span> <span class='ocrx_word' id='word_1_274' title='bbox 1962 4650 2057 4710; x_wconf 88' lang='lat' dir='ltr'><strong>est</strong></span> <span class='ocrx_word' id='word_1_275' title='bbox 2087 4663 2307 4709; x_wconf 90' lang='lat' dir='ltr'><strong>neces-</strong></span> 
     </span>
     <span class='ocr_line' id='line_1_41' title="bbox 759 4751 2310 4835; baseline -0.001 -19"><span class='ocrx_word' id='word_1_276' title='bbox 759 4752 909 4816; x_wconf 84' lang='lat' dir='ltr'><strong>sitas</strong></span> <span class='ocrx_word' id='word_1_277' title='bbox 930 4801 945 4829; x_wconf 86' lang='lat'><strong>,</strong></span> <span class='ocrx_word' id='word_1_278' title='bbox 976 4754 1084 4817; x_wconf 92' lang='lat' dir='ltr'><strong>sed</strong></span> <span class='ocrx_word' id='word_1_279' title='bbox 1121 4772 1251 4817; x_wconf 90' lang='lat' dir='ltr'><strong>non</strong></span> <span class='ocrx_word' id='word_1_280' title='bbox 1292 4755 1361 4817; x_wconf 91' lang='lat' dir='ltr'><strong>in</strong></span> <span class='ocrx_word' id='word_1_281' title='bbox 1398 4759 1549 4819; x_wconf 85' lang='lat' dir='ltr'><strong>toto.</strong></span> <span class='ocrx_word' id='word_1_282' title='bbox 1596 4754 1724 4819; x_wconf 93' lang='lat' dir='ltr'><strong>Nec</strong></span> <span class='ocrx_word' id='word_1_283' title='bbox 1750 4759 1845 4819; x_wconf 91' lang='lat' dir='ltr'><strong>est</strong></span> <span class='ocrx_word' id='word_1_284' title='bbox 1880 4754 2123 4831; x_wconf 89' lang='lat' dir='ltr'><strong>simile,</strong></span> <span class='ocrx_word' id='word_1_285' title='bbox 2154 4751 2310 4835; x_wconf 90' lang='lat' dir='ltr'><strong>quia</strong></span> 
     </span>
     <span class='ocr_line' id='line_1_42' title="bbox 760 4859 2310 4943; baseline 0 -20"><span class='ocrx_word' id='word_1_286' title='bbox 760 4862 1180 4943; x_wconf 67' lang='lat' dir='ltr'><strong>praecognitio</strong></span> <span class='ocrx_word' id='word_1_287' title='bbox 1207 4880 1339 4926; x_wconf 90' lang='lat' dir='ltr'><strong>non</strong></span> <span class='ocrx_word' id='word_1_288' title='bbox 1358 4867 1657 4926; x_wconf 84' lang='lat' dir='ltr'><strong>connotat</strong></span> <span class='ocrx_word' id='word_1_289' title='bbox 1682 4862 1996 4926; x_wconf 89' lang='lat' dir='ltr'><strong>actualem</strong></span> <span class='ocrx_word' id='word_1_290' title='bbox 2024 4861 2120 4925; x_wconf 91' lang='lat' dir='ltr'><strong>rei</strong></span> <span class='ocrx_word' id='word_1_291' title='bbox 2144 4859 2310 4924; x_wconf 83' lang='lat' dir='ltr'><strong>exis·</strong></span> 
     </span>
     <span class='ocr_line' id='line_1_43' title="bbox 760 4968 2308 5048; baseline -0.001 -15"><span class='ocrx_word' id='word_1_292' title='bbox 760 4970 1050 5046; x_wconf 89' lang='lat' dir='ltr'><strong>tentiam,</strong></span> <span class='ocrx_word' id='word_1_293' title='bbox 1077 4970 1187 5048; x_wconf 86' lang='lat' dir='ltr'><strong>sed</strong></span> <span class='ocrx_word' id='word_1_294' title='bbox 1214 4974 1510 5035; x_wconf 87' lang='lat' dir='ltr'><strong>connotat</strong></span> <span class='ocrx_word' id='word_1_295' title='bbox 1535 4971 1627 5034; x_wconf 90' lang='lat' dir='ltr'><strong>rei</strong></span> <span class='ocrx_word' id='word_1_296' title='bbox 1639 4970 2080 5035; x_wconf 85' lang='lat' dir='ltr'><strong>futuritionem</strong></span> <span class='ocrx_word' id='word_1_297' title='bbox 2103 4991 2118 5032; x_wconf 89' lang='lat'>:</span> <span class='ocrx_word' id='word_1_298' title='bbox 2142 4972 2204 5033; x_wconf 85' lang='lat' dir='ltr'><strong>et</strong></span> <span class='ocrx_word' id='word_1_299' title='bbox 2229 4968 2308 5032; x_wconf 91' lang='lat' dir='ltr'><strong>ad</strong></span> 
     </span>
     <span class='ocr_line' id='line_1_44' title="bbox 761 5076 2309 5161; baseline 0.001 -20"><span class='ocrx_word' id='word_1_300' title='bbox 761 5076 883 5141; x_wconf 90' lang='lat' dir='ltr'><strong>hoc</strong></span> <span class='ocrx_word' id='word_1_301' title='bbox 924 5079 1095 5161; x_wconf 86' lang='lat' dir='ltr'><strong>quod</strong></span> <span class='ocrx_word' id='word_1_302' title='bbox 1137 5077 1381 5142; x_wconf 91' lang='lat' dir='ltr'><strong>dictum</strong></span> <span class='ocrx_word' id='word_1_303' title='bbox 1425 5079 1508 5142; x_wconf 90' lang='lat' dir='ltr'><strong>sit</strong></span> <span class='ocrx_word' id='word_1_304' title='bbox 1548 5078 1974 5143; x_wconf 88' lang='lat' dir='ltr'><strong>necessarium</strong></span> <span class='ocrx_word' id='word_1_305' title='bbox 1993 5126 2009 5156; x_wconf 91' lang='lat'><strong>,</strong></span> <span class='ocrx_word' id='word_1_306' title='bbox 2053 5094 2309 5142; x_wconf 87' lang='lat' dir='ltr'><strong>necesse</strong></span> 
     </span>
     <span class='ocr_line' id='line_1_45' title="bbox 763 5186 1989 5269; baseline 0 -19"><span class='ocrx_word' id='word_1_307' title='bbox 763 5191 857 5250; x_wconf 90' lang='lat' dir='ltr'><strong>est</strong></span> <span class='ocrx_word' id='word_1_308' title='bbox 881 5187 1052 5269; x_wconf 86' lang='lat' dir='ltr'><strong>quod</strong></span> <span class='ocrx_word' id='word_1_309' title='bbox 1077 5187 1161 5251; x_wconf 88' lang='lat' dir='ltr'><strong>sit</strong></span> <span class='ocrx_word' id='word_1_310' title='bbox 1184 5188 1521 5252; x_wconf 86' lang='lat' dir='ltr'><strong>necessitas</strong></span> <span class='ocrx_word' id='word_1_311' title='bbox 1543 5186 1613 5251; x_wconf 92' lang='lat' dir='ltr'><strong>in</strong></span> <span class='ocrx_word' id='word_1_312' title='bbox 1635 5190 1989 5251; x_wconf 89' lang='lat' dir='ltr'><strong>connotato.</strong></span> 
     </span>
    </p>
   </div>
   <div class='ocr_carea' id='block_1_4' title="bbox 771 5345 2312 5487">
    <p class='ocr_par' dir='ltr' id='par_1_7' title="bbox 771 5345 2312 5487">
     <span class='ocr_line' id='line_1_46' title="bbox 826 5345 2312 5414; baseline -0.002 -17"><span class='ocrx_word' id='word_1_313' title='bbox 826 5347 1188 5405; x_wconf 47' lang='lat' dir='ltr'><strong>{Adversatur</strong></span> <span class='ocrx_word' id='word_1_314' title='bbox 1227 5350 1291 5401; x_wconf 77' lang='lat' dir='ltr'><strong>iis</strong></span> <span class='ocrx_word' id='word_1_315' title='bbox 1332 5351 1495 5414; x_wconf 63' lang='grc' dir='ltr'>ὅσοι,</span> <span class='ocrx_word' id='word_1_316' title='bbox 1534 5348 1651 5400; x_wconf 85' lang='lat' dir='ltr'><strong>dist.</strong></span> <span class='ocrx_word' id='word_1_317' title='bbox 1704 5358 1897 5412; x_wconf 74' lang='lat' dir='ltr'><strong>xxxix,</strong></span> <span class='ocrx_word' id='word_1_318' title='bbox 1946 5345 2011 5398; x_wconf 82' lang='lat' dir='ltr'><strong>ad</strong></span> <span class='ocrx_word' id='word_1_319' title='bbox 2039 5346 2069 5396; x_wconf 73' lang='lat'><strong>4</strong></span> <span class='ocrx_word' id='word_1_320' title='bbox 2094 5348 2147 5396; x_wconf 86' lang='lat' dir='ltr'><strong>et</strong></span> <span class='ocrx_word' id='word_1_321' title='bbox 2171 5346 2222 5395; x_wconf 81' lang='grc'><strong>5.</strong></span> <span class='ocrx_word' id='word_1_322' title='bbox 2251 5369 2312 5383; x_wconf 89' lang='grc'><strong>-</strong></span> 
     </span>
     <span class='ocr_line' id='line_1_47' title="bbox 771 5417 1746 5487; baseline 0.003 -18"><span class='ocrx_word' id='word_1_323' title='bbox 771 5417 795 5452; x_wconf 79' lang='lat'>²</span> <span class='ocrx_word' id='word_1_324' title='bbox 815 5418 870 5469; x_wconf 91' lang='lat' dir='ltr'><strong>S.</strong></span> <span class='ocrx_word' id='word_1_325' title='bbox 898 5418 1102 5484; x_wconf 64' lang='lat' dir='ltr'><strong>Titum„</strong></span> <span class='ocrx_word' id='word_1_326' title='bbox 1128 5423 1170 5486; x_wconf 85' lang='lat'><strong>1,</strong></span> <span class='ocrx_word' id='word_1_327' title='bbox 1197 5435 1250 5487; x_wconf 86' lang='lat' dir='ltr'><strong>q.</strong></span> <span class='ocrx_word' id='word_1_328' title='bbox 1272 5434 1383 5487; x_wconf 76' lang='lat' dir='ltr'><strong>xiv,</strong></span> <span class='ocrx_word' id='word_1_329' title='bbox 1409 5426 1507 5475; x_wconf 85' lang='lat' dir='ltr'><strong>art.</strong></span> <span class='ocrx_word' id='word_1_330' title='bbox 1530 5423 1609 5473; x_wconf 83' lang='lat'><strong>13.</strong></span> <span class='ocrx_word' id='word_1_331' title='bbox 1733 5468 1746 5482; x_wconf 84' lang='grc'><strong>,</strong></span> 
     </span>
    </p>
   </div>
   <div class='ocr_carea' id='block_1_5' title="bbox 2386 537 4026 4075">
    <p class='ocr_par' dir='ltr' id='par_1_8' title="bbox 2386 537 4026 3515">
     <span class='ocr_line' id='line_1_48' title="bbox 2465 537 3901 624; baseline 0.008 -24"><span class='ocrx_word' id='word_1_332' title='bbox 2465 541 2526 600; x_wconf 90' lang='grc'><strong>6.</strong></span> <span class='ocrx_word' id='word_1_333' title='bbox 2572 537 2670 601; x_wconf 82' lang='lat' dir='ltr'><strong>Ad</strong></span> <span class='ocrx_word' id='word_1_334' title='bbox 2722 538 2880 603; x_wconf 89' lang='lat' dir='ltr'><strong>illud</strong></span> <span class='ocrx_word' id='word_1_335' title='bbox 2921 537 3094 621; x_wconf 89' lang='lat' dir='ltr'><strong>quod</strong></span> <span class='ocrx_word' id='word_1_336' title='bbox 3137 538 3460 622; x_wconf 81' lang='lat' dir='ltr'><strong>obJ’icitur‚</strong></span> <span class='ocrx_word' id='word_1_337' title='bbox 3510 543 3682 624; x_wconf 90' lang='lat' dir='ltr'><strong>quod</strong></span> <span class='ocrx_word' id='word_1_338' title='bbox 3726 562 3901 612; x_wconf 90' lang='lat' dir='ltr'><strong>omne</strong></span> 
     </span>
     <span class='ocr_line' id='line_1_49' title="bbox 2387 642 3902 734; baseline 0.009 -29"><span class='ocrx_word' id='word_1_339' title='bbox 2387 642 2783 709; x_wconf 86' lang='lat' dir='ltr'><strong>immutabile</strong></span> <span class='ocrx_word' id='word_1_340' title='bbox 2803 650 2895 710; x_wconf 89' lang='lat' dir='ltr'><strong>est</strong></span> <span class='ocrx_word' id='word_1_341' title='bbox 2912 648 3364 724; x_wconf 86' lang='lat' dir='ltr'><strong>necessarium,</strong></span> <span class='ocrx_word' id='word_1_342' title='bbox 3390 648 3725 713; x_wconf 91' lang='lat' dir='ltr'><strong>dicendum</strong></span> <span class='ocrx_word' id='word_1_343' title='bbox 3749 654 3902 734; x_wconf 87' lang='lat' dir='ltr'><strong>quod</strong></span> 
     </span>
     <span class='ocr_line' id='line_1_50' title="bbox 2386 751 3906 839; baseline 0.006 -24"><span class='ocrx_word' id='word_1_344' title='bbox 2386 751 2465 816; x_wconf 87' lang='lat' dir='ltr'><strong>ad</strong></span> <span class='ocrx_word' id='word_1_345' title='bbox 2496 771 2629 817; x_wconf 90' lang='lat' dir='ltr'><strong>esse</strong></span> <span class='ocrx_word' id='word_1_346' title='bbox 2669 754 2993 818; x_wconf 87' lang='lat' dir='ltr'><strong>mutabilis</strong></span> <span class='ocrx_word' id='word_1_347' title='bbox 3028 754 3156 818; x_wconf 90' lang='lat' dir='ltr'><strong>duo</strong></span> <span class='ocrx_word' id='word_1_348' title='bbox 3200 760 3629 835; x_wconf 88' lang='lat' dir='ltr'><strong>concurrunt,</strong></span> <span class='ocrx_word' id='word_1_349' title='bbox 3660 759 3824 839; x_wconf 89' lang='lat' dir='ltr'><strong>quod</strong></span> <span class='ocrx_word' id='word_1_350' title='bbox 3847 779 3906 824; x_wconf 86' lang='lat' dir='ltr'><strong>se</strong></span> 
     </span>
     <span class='ocr_line' id='line_1_51' title="bbox 2386 858 3904 948; baseline 0.005 -25"><span class='ocrx_word' id='word_1_351' title='bbox 2386 858 2617 924; x_wconf 86' lang='lat' dir='ltr'><strong>habeat</strong></span> <span class='ocrx_word' id='word_1_352' title='bbox 2637 880 2770 926; x_wconf 89' lang='lat' dir='ltr'><strong>uno</strong></span> <span class='ocrx_word' id='word_1_353' title='bbox 2794 862 2983 926; x_wconf 79' lang='lat' dir='ltr'><strong>mo&#39;do</strong></span> <span class='ocrx_word' id='word_1_354' title='bbox 3002 863 3201 945; x_wconf 79' lang='lat' dir='ltr'><strong>priuS,</strong></span> <span class='ocrx_word' id='word_1_355' title='bbox 3224 863 3349 927; x_wconf 90' lang='lat' dir='ltr'><strong>alio</strong></span> <span class='ocrx_word' id='word_1_356' title='bbox 3373 864 3560 928; x_wconf 91' lang='lat' dir='ltr'><strong>modo</strong></span> <span class='ocrx_word' id='word_1_357' title='bbox 3585 867 3904 948; x_wconf 77' lang='lat' dir='ltr'><strong>posterius,</strong></span> 
     </span>
     <span class='ocr_line' id='line_1_52' title="bbox 2389 967 3908 1054; baseline 0.003 -21"><span class='ocrx_word' id='word_1_358' title='bbox 2389 967 2467 1033; x_wconf 86' lang='lat' dir='ltr'><strong>Et</strong></span> <span class='ocrx_word' id='word_1_359' title='bbox 2496 987 2609 1051; x_wconf 90' lang='lat' dir='ltr'><strong>per</strong></span> <span class='ocrx_word' id='word_1_360' title='bbox 2633 971 2996 1053; x_wconf 91' lang='lat' dir='ltr'><strong>oppositum</strong></span> <span class='ocrx_word' id='word_1_361' title='bbox 3021 971 3417 1034; x_wconf 88' lang='lat' dir='ltr'><strong>immutabile</strong></span> <span class='ocrx_word' id='word_1_362' title='bbox 3442 977 3646 1054; x_wconf 86' lang='lat' dir='ltr'><strong>potest</strong></span> <span class='ocrx_word' id='word_1_363' title='bbox 3666 973 3785 1037; x_wconf 88' lang='lat' dir='ltr'><strong>dici</strong></span> <span class='ocrx_word' id='word_1_364' title='bbox 3805 975 3908 1038; x_wconf 94' lang='lat' dir='ltr'><strong>du-</strong></span> 
     </span>
     <span class='ocr_line' id='line_1_53' title="bbox 2388 1075 3908 1163; baseline 0.004 -24"><span class='ocrx_word' id='word_1_365' title='bbox 2388 1075 2636 1157; x_wconf 84' lang='lat' dir='ltr'><strong>pliciter</strong></span> <span class='ocrx_word' id='word_1_366' title='bbox 2668 1100 2683 1142; x_wconf 87' lang='lat'><strong>:</strong></span> <span class='ocrx_word' id='word_1_367' title='bbox 2728 1083 2841 1143; x_wconf 88' lang='lat' dir='ltr'><strong>aut</strong></span> <span class='ocrx_word' id='word_1_368' title='bbox 2881 1078 3033 1161; x_wconf 88' lang='lat' dir='ltr'><strong>quia</strong></span> <span class='ocrx_word' id='word_1_369' title='bbox 3068 1078 3231 1142; x_wconf 88' lang='lat' dir='ltr'><strong>nihil</strong></span> <span class='ocrx_word' id='word_1_370' title='bbox 3260 1082 3408 1143; x_wconf 86' lang='lat' dir='ltr'><strong>actu</strong></span> <span class='ocrx_word' id='word_1_371' title='bbox 3443 1083 3570 1158; x_wconf 89' lang='lat' dir='ltr'><strong>est,</strong></span> <span class='ocrx_word' id='word_1_372' title='bbox 3616 1084 3730 1144; x_wconf 86' lang='lat' dir='ltr'><strong>aut</strong></span> <span class='ocrx_word' id='word_1_373' title='bbox 3768 1081 3908 1163; x_wconf 86' lang='lat' dir='ltr'><strong>quia</strong></span> 
     </span>
     <span class='ocr_line' id='line_1_54' title="bbox 2389 1185 3912 1268; baseline 0.005 -23"><span class='ocrx_word' id='word_1_374' title='bbox 2389 1185 2535 1246; x_wconf 86' lang='lat' dir='ltr'><strong>actu</strong></span> <span class='ocrx_word' id='word_1_375' title='bbox 2569 1187 2701 1262; x_wconf 90' lang='lat' dir='ltr'><strong>est,</strong></span> <span class='ocrx_word' id='word_1_376' title='bbox 2731 1189 2795 1249; x_wconf 92' lang='lat' dir='ltr'><strong>et</strong></span> <span class='ocrx_word' id='word_1_377' title='bbox 2832 1204 2963 1249; x_wconf 91' lang='lat' dir='ltr'><strong>non</strong></span> <span class='ocrx_word' id='word_1_378' title='bbox 3006 1189 3206 1268; x_wconf 83' lang='lat' dir='ltr'><strong>potest</strong></span> <span class='ocrx_word' id='word_1_379' title='bbox 3231 1185 3411 1250; x_wconf 89' lang='lat' dir='ltr'><strong>aliter</strong></span> <span class='ocrx_word' id='word_1_380' title='bbox 3445 1205 3514 1251; x_wconf 91' lang='lat' dir='ltr'><strong>se</strong></span> <span class='ocrx_word' id='word_1_381' title='bbox 3544 1186 3777 1260; x_wconf 88' lang='lat' dir='ltr'><strong>habere</strong></span> <span class='ocrx_word' id='word_1_382' title='bbox 3811 1210 3825 1251; x_wconf 73' lang='grc' dir='ltr'>ε</span> <span class='ocrx_word' id='word_1_383' title='bbox 3854 1193 3912 1253; x_wconf 87' lang='lat' dir='ltr'><strong>et</strong></span> 
     </span>
     <span class='ocr_line' id='line_1_55' title="bbox 2390 1289 3913 1372; baseline 0.005 -19"><span class='ocrx_word' id='word_1_384' title='bbox 2390 1289 2512 1354; x_wconf 92' lang='lat' dir='ltr'><strong>hoc</strong></span> <span class='ocrx_word' id='word_1_385' title='bbox 2566 1292 2959 1358; x_wconf 84' lang='lat' dir='ltr'><strong>convertitur</strong></span> <span class='ocrx_word' id='word_1_386' title='bbox 2991 1312 3141 1358; x_wconf 89' lang='lat' dir='ltr'><strong>cum</strong></span> <span class='ocrx_word' id='word_1_387' title='bbox 3177 1294 3568 1372; x_wconf 88' lang='lat' dir='ltr'><strong>necessario;</strong></span> <span class='ocrx_word' id='word_1_388' title='bbox 3618 1295 3727 1359; x_wconf 87' lang='lat' dir='ltr'><strong>sed</strong></span> <span class='ocrx_word' id='word_1_389' title='bbox 3766 1295 3913 1360; x_wconf 84' lang='lat' dir='ltr'><strong>illud</strong></span> 
     </span>
     <span class='ocr_line' id='line_1_56' title="bbox 2389 1395 3915 1484; baseline 0.006 -24"><span class='ocrx_word' id='word_1_390' title='bbox 2389 1397 2812 1479; x_wconf 82' lang='lat' dir='ltr'><strong>immutabile,</strong></span> <span class='ocrx_word' id='word_1_391' title='bbox 2847 1401 3017 1483; x_wconf 88' lang='lat' dir='ltr'><strong>quod</strong></span> <span class='ocrx_word' id='word_1_392' title='bbox 3045 1420 3177 1465; x_wconf 92' lang='lat' dir='ltr'><strong>non</strong></span> <span class='ocrx_word' id='word_1_393' title='bbox 3209 1408 3305 1466; x_wconf 90' lang='lat' dir='ltr'><strong>est</strong></span> <span class='ocrx_word' id='word_1_394' title='bbox 3328 1395 3572 1484; x_wconf 83' lang='lat' dir='ltr'><strong>aliquid</strong></span> <span class='ocrx_word' id='word_1_395' title='bbox 3593 1407 3762 1480; x_wconf 88' lang='lat' dir='ltr'><strong>actu,</strong></span> <span class='ocrx_word' id='word_1_396' title='bbox 3791 1423 3915 1469; x_wconf 92' lang='lat' dir='ltr'><strong>non</strong></span> 
     </span>
     <span class='ocr_line' id='line_1_57' title="bbox 2391 1508 3917 1592; baseline 0.005 -24"><span class='ocrx_word' id='word_1_397' title='bbox 2391 1508 2786 1572; x_wconf 83' lang='lat' dir='ltr'><strong>convertitur</strong></span> <span class='ocrx_word' id='word_1_398' title='bbox 2815 1531 2829 1572; x_wconf 76' lang='grc' dir='ltr'>ε</span> <span class='ocrx_word' id='word_1_399' title='bbox 2855 1513 2918 1573; x_wconf 89' lang='lat' dir='ltr'><strong>et</strong></span> <span class='ocrx_word' id='word_1_400' title='bbox 2948 1509 3037 1573; x_wconf 86' lang='lat' dir='ltr'><strong>sic</strong></span> <span class='ocrx_word' id='word_1_401' title='bbox 3060 1514 3154 1573; x_wconf 90' lang='lat' dir='ltr'><strong>est</strong></span> <span class='ocrx_word' id='word_1_402' title='bbox 3181 1528 3408 1576; x_wconf 89' lang='lat' dir='ltr'><strong>verum</strong></span> <span class='ocrx_word' id='word_1_403' title='bbox 3446 1511 3822 1592; x_wconf 89' lang='lat' dir='ltr'><strong>contingens</strong></span> <span class='ocrx_word' id='word_1_404' title='bbox 3843 1511 3917 1576; x_wconf 88' lang='lat' dir='ltr'><strong>de</strong></span> 
     </span>
     <span class='ocr_line' id='line_1_58' title="bbox 2390 1615 3913 1699; baseline 0.005 -23"><span class='ocrx_word' id='word_1_405' title='bbox 2390 1615 2607 1679; x_wconf 85' lang='lat' dir='ltr'><strong>futuro</strong></span> <span class='ocrx_word' id='word_1_406' title='bbox 2633 1620 2976 1699; x_wconf 87' lang='lat' dir='ltr'><strong>antequam</strong></span> <span class='ocrx_word' id='word_1_407' title='bbox 3002 1636 3106 1681; x_wconf 89' lang='lat' dir='ltr'><strong>res</strong></span> <span class='ocrx_word' id='word_1_408' title='bbox 3131 1618 3235 1681; x_wconf 89' lang='lat' dir='ltr'><strong>sit.</strong></span> <span class='ocrx_word' id='word_1_409' title='bbox 3274 1617 3350 1682; x_wconf 89' lang='lat' dir='ltr'><strong>Et</strong></span> <span class='ocrx_word' id='word_1_410' title='bbox 3384 1617 3473 1681; x_wconf 90' lang='lat' dir='ltr'><strong>sic</strong></span> <span class='ocrx_word' id='word_1_411' title='bbox 3497 1618 3621 1682; x_wconf 88' lang='lat' dir='ltr'><strong>hoc</strong></span> <span class='ocrx_word' id='word_1_412' title='bbox 3647 1618 3880 1683; x_wconf 89' lang='lat' dir='ltr'><strong>dictum</strong></span> <span class='ocrx_word' id='word_1_413' title='bbox 3897 1667 3913 1695; x_wconf 88' lang='lat'>‚</span> 
     </span>
     <span class='ocr_line' id='line_1_59' title="bbox 2392 1723 3917 1804; baseline 0.003 -19"><span class='ocrx_word' id='word_1_414' title='bbox 2392 1723 2855 1788; x_wconf 90' lang='lat' dir='ltr'><strong>Antichristum</strong></span> <span class='ocrx_word' id='word_1_415' title='bbox 2874 1725 3029 1804; x_wconf 85' lang='lat' dir='ltr'><strong>fore,</strong></span> <span class='ocrx_word' id='word_1_416' title='bbox 3051 1729 3147 1789; x_wconf 88' lang='lat' dir='ltr'><strong>est</strong></span> <span class='ocrx_word' id='word_1_417' title='bbox 3161 1725 3347 1789; x_wconf 90' lang='lat' dir='ltr'><strong>modo</strong></span> <span class='ocrx_word' id='word_1_418' title='bbox 3367 1744 3597 1790; x_wconf 88' lang='lat' dir='ltr'><strong>verum</strong></span> <span class='ocrx_word' id='word_1_419' title='bbox 3622 1727 3917 1790; x_wconf 89' lang='lat' dir='ltr'><strong>immuta-</strong></span> 
     </span>
     <span class='ocr_line' id='line_1_60' title="bbox 2391 1828 3921 1916; baseline 0.004 -25"><span class='ocrx_word' id='word_1_420' title='bbox 2391 1828 2517 1893; x_wconf 90' lang='lat' dir='ltr'><strong>bile</strong></span> <span class='ocrx_word' id='word_1_421' title='bbox 2535 1879 2552 1909; x_wconf 94' lang='lat'><strong>,</strong></span> <span class='ocrx_word' id='word_1_422' title='bbox 2594 1831 2744 1913; x_wconf 85' lang='lat' dir='ltr'><strong>quia</strong></span> <span class='ocrx_word' id='word_1_423' title='bbox 2779 1833 2834 1895; x_wconf 89' lang='lat' dir='ltr'><strong>si</strong></span> <span class='ocrx_word' id='word_1_424' title='bbox 2873 1839 3148 1915; x_wconf 89' lang='lat' dir='ltr'><strong>ponatur</strong></span> <span class='ocrx_word' id='word_1_425' title='bbox 3178 1852 3313 1897; x_wconf 91' lang='lat' dir='ltr'><strong>esse</strong></span> <span class='ocrx_word' id='word_1_426' title='bbox 3359 1851 3589 1897; x_wconf 87' lang='lat' dir='ltr'><strong>verum</strong></span> <span class='ocrx_word' id='word_1_427' title='bbox 3610 1881 3626 1909; x_wconf 88' lang='lat'>‚</span> <span class='ocrx_word' id='word_1_428' title='bbox 3672 1834 3921 1916; x_wconf 91' lang='lat' dir='ltr'><strong>ponitur</strong></span> 
     </span>
     <span class='ocr_line' id='line_1_61' title="bbox 2393 1939 3924 2022; baseline 0.001 -20"><span class='ocrx_word' id='word_1_429' title='bbox 2393 1939 2564 2020; x_wconf 91' lang='lat' dir='ltr'><strong>quod</strong></span> <span class='ocrx_word' id='word_1_430' title='bbox 2591 1957 2841 2022; x_wconf 85' lang='lat' dir='ltr'><strong>semper</strong></span> <span class='ocrx_word' id='word_1_431' title='bbox 2865 1941 3080 2020; x_wconf 83' lang='lat' dir='ltr'><strong>fuerit,</strong></span> <span class='ocrx_word' id='word_1_432' title='bbox 3110 1945 3174 2005; x_wconf 89' lang='lat' dir='ltr'><strong>et</strong></span> <span class='ocrx_word' id='word_1_433' title='bbox 3197 1941 3488 2006; x_wconf 89' lang='lat' dir='ltr'><strong>similiter</strong></span> <span class='ocrx_word' id='word_1_434' title='bbox 3515 1941 3568 2004; x_wconf 89' lang='lat' dir='ltr'><strong>si</strong></span> <span class='ocrx_word' id='word_1_435' title='bbox 3591 1940 3846 2016; x_wconf 79' lang='lat' dir='ltr'><strong>falsum,</strong></span> <span class='ocrx_word' id='word_1_436' title='bbox 3866 1943 3924 2004; x_wconf 89' lang='lat' dir='ltr'><strong>et</strong></span> 
     </span>
     <span class='ocr_line' id='line_1_62' title="bbox 2393 2044 3922 2131; baseline 0.003 -24"><span class='ocrx_word' id='word_1_437' title='bbox 2393 2044 2514 2109; x_wconf 91' lang='lat' dir='ltr'><strong>hoc</strong></span> <span class='ocrx_word' id='word_1_438' title='bbox 2556 2047 2707 2129; x_wconf 89' lang='lat' dir='ltr'><strong>quia</strong></span> <span class='ocrx_word' id='word_1_439' title='bbox 2744 2047 2904 2110; x_wconf 89' lang='lat' dir='ltr'><strong>nihil</strong></span> <span class='ocrx_word' id='word_1_440' title='bbox 2948 2052 3092 2112; x_wconf 88' lang='lat' dir='ltr'><strong>actu</strong></span> <span class='ocrx_word' id='word_1_441' title='bbox 3130 2049 3312 2130; x_wconf 90' lang='lat' dir='ltr'><strong>ponit</strong></span> <span class='ocrx_word' id='word_1_442' title='bbox 3355 2067 3373 2111; x_wconf 71' lang='grc' dir='ltr'><strong>ι</strong></span> <span class='ocrx_word' id='word_1_443' title='bbox 3418 2049 3731 2131; x_wconf 85' lang='lat' dir='ltr'><strong>quoniam</strong></span> <span class='ocrx_word' id='word_1_444' title='bbox 3773 2065 3922 2129; x_wconf 84' lang='lat' dir='ltr'><strong>ergo</strong></span> 
     </span>
     <span class='ocr_line' id='line_1_63' title="bbox 2395 2152 4026 2236; baseline 0.002 -20"><span class='ocrx_word' id='word_1_445' title='bbox 2395 2152 2593 2216; x_wconf 92' lang='lat' dir='ltr'><strong>Deum</strong></span> <span class='ocrx_word' id='word_1_446' title='bbox 2623 2154 2976 2236; x_wconf 63' lang='lat' dir='ltr'><strong>praescisse,</strong></span> <span class='ocrx_word' id='word_1_447' title='bbox 3007 2159 3307 2219; x_wconf 87' lang='lat' dir='ltr'><strong>connotat</strong></span> <span class='ocrx_word' id='word_1_448' title='bbox 3340 2156 3637 2219; x_wconf 87' lang='lat' dir='ltr'><strong>futurum</strong></span> <span class='ocrx_word' id='word_1_449' title='bbox 3677 2155 3925 2219; x_wconf 84' lang='lat' dir='ltr'><strong>contin·</strong></span> <span class='ocrx_word' id='word_1_450' title='bbox 4023 2167 4026 2170; x_wconf 74' lang='grc'><em>’</em></span> 
     </span>
     <span class='ocr_line' id='line_1_64' title="bbox 2395 2262 3928 2343; baseline 0.002 -18"><span class='ocrx_word' id='word_1_451' title='bbox 2395 2279 2557 2343; x_wconf 87' lang='lat' dir='ltr'><strong>gens</strong></span> <span class='ocrx_word' id='word_1_452' title='bbox 2575 2311 2592 2339; x_wconf 83' lang='lat'><strong>,</strong></span> <span class='ocrx_word' id='word_1_453' title='bbox 2640 2262 2780 2326; x_wconf 91' lang='lat' dir='ltr'><strong>ideo</strong></span> <span class='ocrx_word' id='word_1_454' title='bbox 2826 2267 2921 2327; x_wconf 88' lang='lat' dir='ltr'><strong>est</strong></span> <span class='ocrx_word' id='word_1_455' title='bbox 2953 2263 3195 2328; x_wconf 88' lang='lat' dir='ltr'><strong>dictum</strong></span> <span class='ocrx_word' id='word_1_456' title='bbox 3232 2262 3670 2341; x_wconf 84' lang='lat' dir='ltr'><strong>immutabile,</strong></span> <span class='ocrx_word' id='word_1_457' title='bbox 3701 2281 3820 2328; x_wconf 91' lang='lat' dir='ltr'><strong>nec</strong></span> <span class='ocrx_word' id='word_1_458' title='bbox 3852 2282 3928 2328; x_wconf 83' lang='lat' dir='ltr'><strong>ex</strong></span> 
     </span>
     <span class='ocr_line' id='line_1_65' title="bbox 2393 2359 3930 2452; baseline 0.003 -21"><span class='ocrx_word' id='word_1_459' title='bbox 2393 2359 2516 2431; x_wconf 73' lang='lat' dir='ltr'><strong>h&#39;oc</strong></span> <span class='ocrx_word' id='word_1_460' title='bbox 2540 2371 2830 2451; x_wconf 87' lang='lat' dir='ltr'><strong>sequitur</strong></span> <span class='ocrx_word' id='word_1_461' title='bbox 2855 2371 3028 2452; x_wconf 86' lang='lat' dir='ltr'><strong>quod</strong></span> <span class='ocrx_word' id='word_1_462' title='bbox 3048 2371 3131 2434; x_wconf 88' lang='lat' dir='ltr'><strong>sit</strong></span> <span class='ocrx_word' id='word_1_463' title='bbox 3158 2372 3605 2449; x_wconf 85' lang='lat' dir='ltr'><strong>necessarium,</strong></span> <span class='ocrx_word' id='word_1_464' title='bbox 3627 2376 3706 2434; x_wconf 90' lang='lat' dir='ltr'><strong>ut</strong></span> <span class='ocrx_word' id='word_1_465' title='bbox 3724 2371 3930 2435; x_wconf 82' lang='lat' dir='ltr'><strong>visum</strong></span> 
     </span>
     <span class='ocr_line' id='line_1_66' title="bbox 2396 2477 3929 2561; baseline 0.002 -22"><span class='ocrx_word' id='word_1_466' title='bbox 2396 2482 2510 2540; x_wconf 88' lang='lat' dir='ltr'><strong>est.</strong></span> <span class='ocrx_word' id='word_1_467' title='bbox 2540 2477 2783 2542; x_wconf 89' lang='lat' dir='ltr'><strong>Tamen</strong></span> <span class='ocrx_word' id='word_1_468' title='bbox 2806 2478 3004 2561; x_wconf 86' lang='lat' dir='ltr'><strong>aliqui</strong></span> <span class='ocrx_word' id='word_1_469' title='bbox 3021 2480 3044 2514; x_wconf 84' lang='lat'><strong>¹</strong></span> <span class='ocrx_word' id='word_1_470' title='bbox 3061 2479 3287 2543; x_wconf 89' lang='lat' dir='ltr'><strong>volunt</strong></span> <span class='ocrx_word' id='word_1_471' title='bbox 3305 2478 3488 2542; x_wconf 90' lang='lat' dir='ltr'><strong>aliter</strong></span> <span class='ocrx_word' id='word_1_472' title='bbox 3509 2478 3745 2556; x_wconf 87' lang='lat' dir='ltr'><strong>dicere,</strong></span> <span class='ocrx_word' id='word_1_473' title='bbox 3766 2478 3929 2561; x_wconf 89' lang='lat' dir='ltr'><strong>quod</strong></span> 
     </span>
     <span class='ocr_line' id='line_1_67' title="bbox 2397 2584 3932 2669; baseline 0 -20"><span class='ocrx_word' id='word_1_474' title='bbox 2397 2584 2600 2649; x_wconf 91' lang='lat' dir='ltr'><strong>Deum</strong></span> <span class='ocrx_word' id='word_1_475' title='bbox 2627 2587 2924 2669; x_wconf 85' lang='lat' dir='ltr'><strong>praescire</strong></span> <span class='ocrx_word' id='word_1_476' title='bbox 2949 2586 3074 2650; x_wconf 92' lang='lat' dir='ltr'><strong>hoc</strong></span> <span class='ocrx_word' id='word_1_477' title='bbox 3097 2587 3389 2651; x_wconf 80' lang='lat' dir='ltr'><strong>futurum</strong></span> <span class='ocrx_word' id='word_1_478' title='bbox 3417 2586 3823 2667; x_wconf 65' lang='lat' dir='ltr'><strong>contingens»,</strong></span> <span class='ocrx_word' id='word_1_479' title='bbox 3844 2588 3932 2649; x_wconf 87' lang='lat' dir='ltr'><strong>est</strong></span> 
     </span>
     <span class='ocr_line' id='line_1_68' title="bbox 2397 2694 3933 2778; baseline -0.001 -19"><span class='ocrx_word' id='word_1_480' title='bbox 2397 2695 2798 2760; x_wconf 86' lang='lat' dir='ltr'><strong>immutabile</strong></span> <span class='ocrx_word' id='word_1_481' title='bbox 2824 2714 2862 2758; x_wconf 91' lang='lat' dir='ltr'><strong>a</strong></span> <span class='ocrx_word' id='word_1_482' title='bbox 2891 2700 3071 2778; x_wconf 87' lang='lat' dir='ltr'><strong>parte</strong></span> <span class='ocrx_word' id='word_1_483' title='bbox 3102 2696 3489 2778; x_wconf 69' lang='lat' dir='ltr'><strong>praescientis</strong></span> <span class='ocrx_word' id='word_1_484' title='bbox 3510 2743 3530 2774; x_wconf 90' lang='lat'><strong>,</strong></span> <span class='ocrx_word' id='word_1_485' title='bbox 3557 2694 3668 2759; x_wconf 86' lang='lat' dir='ltr'><strong>sed</strong></span> <span class='ocrx_word' id='word_1_486' title='bbox 3699 2713 3741 2759; x_wconf 91' lang='lat' dir='ltr'><strong>a</strong></span> <span class='ocrx_word' id='word_1_487' title='bbox 3764 2697 3933 2778; x_wconf 83' lang='lat' dir='ltr'><strong>parte</strong></span> 
     </span>
     <span class='ocr_line' id='line_1_69' title="bbox 2396 2802 3935 2887; baseline 0 -21"><span class='ocrx_word' id='word_1_488' title='bbox 2396 2803 2491 2866; x_wconf 89' lang='lat' dir='ltr'><strong>rei</strong></span> <span class='ocrx_word' id='word_1_489' title='bbox 2518 2804 2826 2885; x_wconf 68' lang='lat' dir='ltr'><strong>praescitae</strong></span> <span class='ocrx_word' id='word_1_490' title='bbox 2862 2807 2957 2867; x_wconf 88' lang='lat' dir='ltr'><strong>est</strong></span> <span class='ocrx_word' id='word_1_491' title='bbox 2981 2802 3283 2867; x_wconf 90' lang='lat' dir='ltr'><strong>mutabile</strong></span> <span class='ocrx_word' id='word_1_492' title='bbox 3302 2851 3319 2880; x_wconf 87' lang='lat'>‚</span> <span class='ocrx_word' id='word_1_493' title='bbox 3359 2807 3423 2867; x_wconf 91' lang='lat' dir='ltr'><strong>et</strong></span> <span class='ocrx_word' id='word_1_494' title='bbox 3457 2803 3600 2868; x_wconf 90' lang='lat' dir='ltr'><strong>ideo</strong></span> <span class='ocrx_word' id='word_1_495' title='bbox 3637 2821 3729 2867; x_wconf 84' lang='lat' dir='ltr'><strong>ex</strong></span> <span class='ocrx_word' id='word_1_496' title='bbox 3763 2807 3935 2887; x_wconf 86' lang='lat' dir='ltr'><strong>parte</strong></span> 
     </span>
     <span class='ocr_line' id='line_1_70' title="bbox 2396 2909 3937 2992; baseline -0.001 -19"><span class='ocrx_word' id='word_1_497' title='bbox 2396 2910 2505 2974; x_wconf 90' lang='lat' dir='ltr'><strong>illa</strong></span> <span class='ocrx_word' id='word_1_498' title='bbox 2532 2912 2933 2992; x_wconf 81' lang='lat' dir='ltr'><strong>contingens,</strong></span> <span class='ocrx_word' id='word_1_499' title='bbox 2966 2910 3087 2975; x_wconf 93' lang='lat' dir='ltr'><strong>Sed</strong></span> <span class='ocrx_word' id='word_1_500' title='bbox 3112 2915 3327 2975; x_wconf 88' lang='lat' dir='ltr'><strong>tamen</strong></span> <span class='ocrx_word' id='word_1_501' title='bbox 3361 2909 3520 2974; x_wconf 88' lang='lat' dir='ltr'><strong>illud</strong></span> <span class='ocrx_word' id='word_1_502' title='bbox 3554 2909 3815 2975; x_wconf 80' lang='lat' dir='ltr'><strong>difficile</strong></span> <span class='ocrx_word' id='word_1_503' title='bbox 3848 2912 3937 2975; x_wconf 87' lang='lat' dir='ltr'><strong>est</strong></span> 
     </span>
     <span class='ocr_line' id='line_1_71' title="bbox 2398 3016 3936 3101; baseline -0.002 -20"><span class='ocrx_word' id='word_1_504' title='bbox 2398 3018 2636 3096; x_wconf 89' lang='lat' dir='ltr'><strong>dicere;</strong></span> <span class='ocrx_word' id='word_1_505' title='bbox 2670 3019 2842 3101; x_wconf 88' lang='lat' dir='ltr'><strong>quod</strong></span> <span class='ocrx_word' id='word_1_506' title='bbox 2868 3018 3044 3082; x_wconf 91' lang='lat' dir='ltr'><strong>enim</strong></span> <span class='ocrx_word' id='word_1_507' title='bbox 3065 3018 3395 3101; x_wconf 85' lang='lat' dir='ltr'><strong>praescitur</strong></span> <span class='ocrx_word' id='word_1_508' title='bbox 3423 3016 3618 3080; x_wconf 90' lang='lat' dir='ltr'><strong>semel</strong></span> <span class='ocrx_word' id='word_1_509' title='bbox 3636 3065 3655 3093; x_wconf 90' lang='lat'>‚</span> <span class='ocrx_word' id='word_1_510' title='bbox 3691 3033 3936 3099; x_wconf 89' lang='lat' dir='ltr'><strong>semper</strong></span> 
     </span>
     <span class='ocr_line' id='line_1_72' title="bbox 2398 3124 3937 3211; baseline -0.003 -19"><span class='ocrx_word' id='word_1_511' title='bbox 2398 3130 2768 3211; x_wconf 85' lang='lat' dir='ltr'><strong>praescitum</strong></span> <span class='ocrx_word' id='word_1_512' title='bbox 2800 3130 2955 3208; x_wconf 81' lang='lat' dir='ltr'><strong>fuit3</strong></span> <span class='ocrx_word' id='word_1_513' title='bbox 2982 3133 3045 3191; x_wconf 90' lang='lat' dir='ltr'><strong>et</strong></span> <span class='ocrx_word' id='word_1_514' title='bbox 3072 3128 3236 3191; x_wconf 92' lang='lat' dir='ltr'><strong>Deus</strong></span> <span class='ocrx_word' id='word_1_515' title='bbox 3262 3145 3392 3191; x_wconf 91' lang='lat' dir='ltr'><strong>non</strong></span> <span class='ocrx_word' id='word_1_516' title='bbox 3420 3130 3623 3208; x_wconf 58' lang='lat' dir='ltr'><strong>potest</strong></span> <span class='ocrx_word' id='word_1_517' title='bbox 3645 3124 3937 3209; x_wconf 73' lang='lat' dir='ltr'><strong>praescire</strong></span> 
     </span>
     <span class='ocr_line' id='line_1_73' title="bbox 2401 3232 3939 3317; baseline -0.003 -18"><span class='ocrx_word' id='word_1_518' title='bbox 2401 3236 2693 3301; x_wconf 82' lang='lat' dir='ltr'><strong>futurum</strong></span> <span class='ocrx_word' id='word_1_519' title='bbox 2714 3236 3114 3317; x_wconf 75' lang='lat' dir='ltr'><strong>contingenS,</strong></span> <span class='ocrx_word' id='word_1_520' title='bbox 3141 3235 3230 3298; x_wconf 88' lang='lat' dir='ltr'><strong>ita</strong></span> <span class='ocrx_word' id='word_1_521' title='bbox 3254 3234 3426 3317; x_wconf 88' lang='lat' dir='ltr'><strong>quod</strong></span> <span class='ocrx_word' id='word_1_522' title='bbox 3447 3233 3612 3297; x_wconf 90' lang='lat' dir='ltr'><strong>nihil</strong></span> <span class='ocrx_word' id='word_1_523' title='bbox 3639 3233 3757 3297; x_wconf 86' lang='lat' dir='ltr'><strong>fiat</strong></span> <span class='ocrx_word' id='word_1_524' title='bbox 3779 3232 3939 3296; x_wconf 84' lang='lat' dir='ltr'><strong>circa</strong></span> 
     </span>
     <span class='ocr_line' id='line_1_74' title="bbox 2401 3339 3942 3423; baseline -0.003 -15"><span class='ocrx_word' id='word_1_525' title='bbox 2401 3345 2693 3409; x_wconf 85' lang='lat' dir='ltr'><strong>futurum</strong></span> <span class='ocrx_word' id='word_1_526' title='bbox 2716 3391 2734 3421; x_wconf 92' lang='lat'><strong>,</strong></span> <span class='ocrx_word' id='word_1_527' title='bbox 2781 3347 2844 3408; x_wconf 89' lang='lat' dir='ltr'><strong>et</strong></span> <span class='ocrx_word' id='word_1_528' title='bbox 2878 3344 2969 3408; x_wconf 92' lang='lat' dir='ltr'><strong>ita</strong></span> <span class='ocrx_word' id='word_1_529' title='bbox 3002 3343 3181 3408; x_wconf 89' lang='lat' dir='ltr'><strong>nulla</strong></span> <span class='ocrx_word' id='word_1_530' title='bbox 3225 3341 3516 3406; x_wconf 78' lang='lat' dir='ltr'><strong>mutatio,</strong></span> <span class='ocrx_word' id='word_1_531' title='bbox 3573 3339 3654 3404; x_wconf 88' lang='lat' dir='ltr'><strong>Et</strong></span> <span class='ocrx_word' id='word_1_532' title='bbox 3693 3343 3942 3423; x_wconf 88' lang='lat' dir='ltr'><strong>propter</strong></span> 
     </span>
     <span class='ocr_line' id='line_1_75' title="bbox 2402 3447 3865 3515; baseline -0.003 0"><span class='ocrx_word' id='word_1_533' title='bbox 2402 3450 2527 3515; x_wconf 90' lang='lat' dir='ltr'><strong>hoc</strong></span> <span class='ocrx_word' id='word_1_534' title='bbox 2553 3451 2785 3515; x_wconf 87' lang='lat' dir='ltr'><strong>modus</strong></span> <span class='ocrx_word' id='word_1_535' title='bbox 2809 3450 2971 3514; x_wconf 89' lang='lat' dir='ltr'><strong>alius</strong></span> <span class='ocrx_word' id='word_1_536' title='bbox 3002 3450 3246 3514; x_wconf 89' lang='lat' dir='ltr'><strong>dicendi</strong></span> <span class='ocrx_word' id='word_1_537' title='bbox 3282 3453 3376 3513; x_wconf 88' lang='lat' dir='ltr'><strong>est</strong></span> <span class='ocrx_word' id='word_1_538' title='bbox 3400 3447 3865 3512; x_wconf 85' lang='lat' dir='ltr'><strong>rationabilior.</strong></span> 
     </span>
    </p>

    <p class='ocr_par' dir='ltr' id='par_1_9' title="bbox 2405 3553 3951 4075">
     <span class='ocr_line' id='line_1_76' title="bbox 2489 3553 3944 3641; baseline -0.004 -18"><span class='ocrx_word' id='word_1_539' title='bbox 2489 3565 2548 3624; x_wconf 88' lang='lat'><strong>7.</strong></span> <span class='ocrx_word' id='word_1_540' title='bbox 2592 3560 2692 3625; x_wconf 85' lang='lat' dir='ltr'><strong>Ad</strong></span> <span class='ocrx_word' id='word_1_541' title='bbox 2729 3558 2886 3623; x_wconf 92' lang='lat' dir='ltr'><strong>illud</strong></span> <span class='ocrx_word' id='word_1_542' title='bbox 2925 3558 3092 3641; x_wconf 88' lang='lat' dir='ltr'><strong>quod</strong></span> <span class='ocrx_word' id='word_1_543' title='bbox 3135 3558 3363 3622; x_wconf 85' lang='lat' dir='ltr'><strong>ultimo</strong></span> <span class='ocrx_word' id='word_1_544' title='bbox 3405 3555 3733 3638; x_wconf 88' lang='lat' dir='ltr'><strong>objicitur,</strong></span> <span class='ocrx_word' id='word_1_545' title='bbox 3779 3553 3944 3637; x_wconf 89' lang='lat' dir='ltr'><strong>quod</strong></span> 
     </span>
     <span class='ocr_line' id='line_1_77' title="bbox 2405 3660 3946 3746; baseline -0.006 -14"><span class='ocrx_word' id='word_1_546' title='bbox 2405 3668 2566 3732; x_wconf 87' lang='lat' dir='ltr'><strong>nihil</strong></span> <span class='ocrx_word' id='word_1_547' title='bbox 2614 3672 2928 3732; x_wconf 85' lang='lat' dir='ltr'><strong>aeternum</strong></span> <span class='ocrx_word' id='word_1_548' title='bbox 2982 3670 3076 3730; x_wconf 85' lang='lat' dir='ltr'><strong>est</strong></span> <span class='ocrx_word' id='word_1_549' title='bbox 3121 3666 3497 3746; x_wconf 89' lang='lat' dir='ltr'><strong>contingens</strong></span> <span class='ocrx_word' id='word_1_550' title='bbox 3524 3712 3541 3739; x_wconf 88' lang='lat'><strong>,</strong></span> <span class='ocrx_word' id='word_1_551' title='bbox 3599 3660 3946 3726; x_wconf 88' lang='lat' dir='ltr'><strong>dicendum</strong></span> 
     </span>
     <span class='ocr_line' id='line_1_78' title="bbox 2408 3771 3947 3859; baseline -0.006 -17"><span class='ocrx_word' id='word_1_552' title='bbox 2408 3776 2578 3859; x_wconf 90' lang='lat' dir='ltr'><strong>quod</strong></span> <span class='ocrx_word' id='word_1_553' title='bbox 2607 3794 2720 3840; x_wconf 91' lang='lat' dir='ltr'><strong>ens</strong></span> <span class='ocrx_word' id='word_1_554' title='bbox 2747 3780 3065 3839; x_wconf 83' lang='lat' dir='ltr'><strong>aeternum</strong></span> <span class='ocrx_word' id='word_1_555' title='bbox 3106 3777 3198 3837; x_wconf 85' lang='lat' dir='ltr'><strong>est</strong></span> <span class='ocrx_word' id='word_1_556' title='bbox 3230 3771 3564 3855; x_wconf 89' lang='lat' dir='ltr'><strong>dupliciter</strong></span> <span class='ocrx_word' id='word_1_557' title='bbox 3593 3788 3610 3833; x_wconf 78' lang='lat' dir='ltr'><strong><em>z</em></strong></span> <span class='ocrx_word' id='word_1_558' title='bbox 3642 3773 3762 3834; x_wconf 88' lang='lat' dir='ltr'><strong>aut</strong></span> <span class='ocrx_word' id='word_1_559' title='bbox 3795 3786 3947 3851; x_wconf 85' lang='lat' dir='ltr'><strong>pure</strong></span> 
     </span>
     <span class='ocr_line' id='line_1_79' title="bbox 2408 3877 3943 3963; baseline -0.008 -13"><span class='ocrx_word' id='word_1_560' title='bbox 2408 3890 2744 3963; x_wconf 68' lang='lat' dir='ltr'><strong>aeternum,</strong></span> <span class='ocrx_word' id='word_1_561' title='bbox 2773 3888 2886 3948; x_wconf 85' lang='lat' dir='ltr'><strong>aut</strong></span> <span class='ocrx_word' id='word_1_562' title='bbox 2900 3884 3198 3947; x_wconf 90' lang='lat' dir='ltr'><strong>connotat</strong></span> <span class='ocrx_word' id='word_1_563' title='bbox 3214 3879 3560 3962; x_wconf 88' lang='lat' dir='ltr'><strong>temporale</strong></span> <span class='ocrx_word' id='word_1_564' title='bbox 3588 3877 3668 3941; x_wconf 92' lang='lat' dir='ltr'><strong>de</strong></span> <span class='ocrx_word' id='word_1_565' title='bbox 3693 3877 3910 3941; x_wconf 84' lang='lat' dir='ltr'><strong>futuro</strong></span> <span class='ocrx_word' id='word_1_566' title='bbox 3930 3896 3943 3937; x_wconf 73' lang='grc' dir='ltr'><strong>ε</strong></span> 
     </span>
     <span class='ocr_line' id='line_1_80' title="bbox 2410 3984 3951 4075; baseline -0.008 -18"><span class='ocrx_word' id='word_1_567' title='bbox 2410 3997 2473 4056; x_wconf 91' lang='lat' dir='ltr'><strong>et</strong></span> <span class='ocrx_word' id='word_1_568' title='bbox 2494 4011 2655 4075; x_wconf 93' lang='lat' dir='ltr'><strong>pure</strong></span> <span class='ocrx_word' id='word_1_569' title='bbox 2681 3997 2995 4056; x_wconf 81' lang='lat' dir='ltr'><strong>aeternum</strong></span> <span class='ocrx_word' id='word_1_570' title='bbox 3022 3992 3117 4053; x_wconf 91' lang='lat' dir='ltr'><strong>est</strong></span> <span class='ocrx_word' id='word_1_571' title='bbox 3144 3986 3566 4051; x_wconf 86' lang='lat' dir='ltr'><strong>necessarium</strong></span> <span class='ocrx_word' id='word_1_572' title='bbox 3593 4004 3612 4063; x_wconf 86' lang='lat'>;</span> <span class='ocrx_word' id='word_1_573' title='bbox 3651 3984 3766 4048; x_wconf 88' lang='lat' dir='ltr'><strong>sed</strong></span> <span class='ocrx_word' id='word_1_574' title='bbox 3802 3999 3951 4045; x_wconf 91' lang='lat' dir='ltr'><strong>con·</strong></span> 
     </span>
    </p>
   </div>
   <div class='ocr_carea' id='block_1_6' title="bbox 2357 4094 3951 4182">
    <p class='ocr_par' dir='ltr' id='par_1_10' title="bbox 2357 4094 3951 4182">
     <span class='ocr_line' id='line_1_81' title="bbox 2357 4094 3951 4182; baseline -0.008 -16"><span class='ocrx_word' id='word_1_575' title='bbox 2357 4131 2365 4141; x_wconf 94' lang='lat'>·</span> <span class='ocrx_word' id='word_1_576' title='bbox 2410 4106 2640 4166; x_wconf 86' lang='lat' dir='ltr'><strong>notans</strong></span> <span class='ocrx_word' id='word_1_577' title='bbox 2665 4099 3012 4182; x_wconf 88' lang='lat' dir='ltr'><strong>temporale</strong></span> <span class='ocrx_word' id='word_1_578' title='bbox 3048 4098 3126 4162; x_wconf 93' lang='lat' dir='ltr'><strong>de</strong></span> <span class='ocrx_word' id='word_1_579' title='bbox 3156 4097 3400 4175; x_wconf 82' lang='lat' dir='ltr'><strong>futuro,</strong></span> <span class='ocrx_word' id='word_1_580' title='bbox 3424 4094 3675 4158; x_wconf 88' lang='lat' dir='ltr'><strong>ratione</strong></span> <span class='ocrx_word' id='word_1_581' title='bbox 3712 4107 3951 4156; x_wconf 89' lang='lat' dir='ltr'><strong>conno-</strong></span> 
     </span>
    </p>
   </div>
   <div class='ocr_carea' id='block_1_7' title="bbox 2411 4201 3965 5473">
    <p class='ocr_par' dir='ltr' id='par_1_11' title="bbox 2411 4201 3965 5473">
     <span class='ocr_line' id='line_1_82' title="bbox 2411 4201 3954 4292; baseline -0.01 -18"><span class='ocrx_word' id='word_1_582' title='bbox 2411 4210 2523 4274; x_wconf 87' lang='lat' dir='ltr'><strong>tati</strong></span> <span class='ocrx_word' id='word_1_583' title='bbox 2567 4213 2770 4292; x_wconf 89' lang='lat' dir='ltr'><strong>potest</strong></span> <span class='ocrx_word' id='word_1_584' title='bbox 2787 4206 3062 4291; x_wconf 84' lang='lat' dir='ltr'><strong>judicari</strong></span> <span class='ocrx_word' id='word_1_585' title='bbox 3112 4205 3486 4285; x_wconf 88' lang='lat' dir='ltr'><strong>contingens</strong></span> <span class='ocrx_word' id='word_1_586' title='bbox 3499 4249 3517 4279; x_wconf 89' lang='lat'><strong>,</strong></span> <span class='ocrx_word' id='word_1_587' title='bbox 3561 4201 3732 4265; x_wconf 91' lang='lat' dir='ltr'><strong>sicut</strong></span> <span class='ocrx_word' id='word_1_588' title='bbox 3765 4203 3828 4263; x_wconf 86' lang='lat' dir='ltr'><strong>et</strong></span> <span class='ocrx_word' id='word_1_589' title='bbox 3857 4214 3954 4260; x_wconf 89' lang='lat' dir='ltr'><strong>ra-</strong></span> 
     </span>
     <span class='ocr_line' id='line_1_83' title="bbox 2411 4306 3956 4399; baseline -0.009 -17"><span class='ocrx_word' id='word_1_590' title='bbox 2411 4319 2585 4383; x_wconf 87' lang='lat' dir='ltr'><strong>tione</strong></span> <span class='ocrx_word' id='word_1_591' title='bbox 2609 4317 2780 4380; x_wconf 90' lang='lat' dir='ltr'><strong>illius</strong></span> <span class='ocrx_word' id='word_1_592' title='bbox 2802 4317 3006 4399; x_wconf 89' lang='lat' dir='ltr'><strong>potest</strong></span> <span class='ocrx_word' id='word_1_593' title='bbox 3021 4311 3329 4377; x_wconf 89' lang='lat' dir='ltr'><strong>desinere.</strong></span> <span class='ocrx_word' id='word_1_594' title='bbox 3352 4308 3618 4374; x_wconf 85' lang='lat' dir='ltr'><strong>Summa</strong></span> <span class='ocrx_word' id='word_1_595' title='bbox 3644 4306 3956 4371; x_wconf 87' lang='lat' dir='ltr'><strong>dictorum</strong></span> 
     </span>
     <span class='ocr_line' id='line_1_84' title="bbox 2413 4416 3957 4508; baseline -0.011 -17"><span class='ocrx_word' id='word_1_596' title='bbox 2413 4431 2508 4490; x_wconf 86' lang='lat' dir='ltr'><strong>est</strong></span> <span class='ocrx_word' id='word_1_597' title='bbox 2533 4427 2674 4502; x_wconf 82' lang='lat' dir='ltr'><strong>ista,</strong></span> <span class='ocrx_word' id='word_1_598' title='bbox 2702 4423 2874 4508; x_wconf 88' lang='lat' dir='ltr'><strong>quod</strong></span> <span class='ocrx_word' id='word_1_599' title='bbox 2900 4421 3101 4486; x_wconf 90' lang='lat' dir='ltr'><strong>Deum</strong></span> <span class='ocrx_word' id='word_1_600' title='bbox 3131 4418 3426 4502; x_wconf 84' lang='lat' dir='ltr'><strong>praescire</strong></span> <span class='ocrx_word' id='word_1_601' title='bbox 3465 4416 3768 4479; x_wconf 83' lang='lat' dir='ltr'><strong>futurum</strong></span> <span class='ocrx_word' id='word_1_602' title='bbox 3805 4429 3957 4476; x_wconf 91' lang='lat' dir='ltr'><strong>con-</strong></span> 
     </span>
     <span class='ocr_line' id='line_1_85' title="bbox 2415 4518 3960 4615; baseline -0.01 -17"><span class='ocrx_word' id='word_1_603' title='bbox 2415 4534 2696 4615; x_wconf 77' lang='lat' dir='ltr'><strong>tingenS,</strong></span> <span class='ocrx_word' id='word_1_604' title='bbox 2740 4535 2837 4595; x_wconf 88' lang='lat' dir='ltr'><strong>est</strong></span> <span class='ocrx_word' id='word_1_605' title='bbox 2871 4528 3192 4613; x_wconf 88' lang='lat' dir='ltr'><strong>quoddam</strong></span> <span class='ocrx_word' id='word_1_606' title='bbox 3218 4526 3485 4602; x_wconf 87' lang='lat' dir='ltr'><strong>dictum,</strong></span> <span class='ocrx_word' id='word_1_607' title='bbox 3522 4521 3697 4604; x_wconf 89' lang='lat' dir='ltr'><strong>quod</strong></span> <span class='ocrx_word' id='word_1_608' title='bbox 3730 4518 3960 4584; x_wconf 83' lang='lat' dir='ltr'><strong>claudit</strong></span> 
     </span>
     <span class='ocr_line' id='line_1_86' title="bbox 2416 4628 3961 4716; baseline -0.01 -11"><span class='ocrx_word' id='word_1_609' title='bbox 2416 4643 2485 4704; x_wconf 92' lang='lat' dir='ltr'><strong>in</strong></span> <span class='ocrx_word' id='word_1_610' title='bbox 2516 4658 2582 4704; x_wconf 89' lang='lat' dir='ltr'><strong>se</strong></span> <span class='ocrx_word' id='word_1_611' title='bbox 2613 4643 2828 4704; x_wconf 89' lang='lat' dir='ltr'><strong>actum</strong></span> <span class='ocrx_word' id='word_1_612' title='bbox 2855 4637 3091 4700; x_wconf 86' lang='lat' dir='ltr'><strong>divinae</strong></span> <span class='ocrx_word' id='word_1_613' title='bbox 3117 4632 3504 4716; x_wconf 85' lang='lat' dir='ltr'><strong>cognitionis</strong></span> <span class='ocrx_word' id='word_1_614' title='bbox 3529 4634 3875 4707; x_wconf 66' lang='lat' dir='ltr'><strong>aeternum,</strong></span> <span class='ocrx_word' id='word_1_615' title='bbox 3900 4628 3961 4690; x_wconf 91' lang='lat' dir='ltr'><strong>et</strong></span> 
     </span>
     <span class='ocr_line' id='line_1_87' title="bbox 2418 4735 3956 4816; baseline -0.012 -3"><span class='ocrx_word' id='word_1_616' title='bbox 2418 4747 2881 4813; x_wconf 86' lang='lat' dir='ltr'><strong>ordinationem</strong></span> <span class='ocrx_word' id='word_1_617' title='bbox 2913 4743 3062 4807; x_wconf 89' lang='lat' dir='ltr'><strong>dicit</strong></span> <span class='ocrx_word' id='word_1_618' title='bbox 3097 4740 3178 4805; x_wconf 90' lang='lat' dir='ltr'><strong>ad</strong></span> <span class='ocrx_word' id='word_1_619' title='bbox 3217 4741 3513 4805; x_wconf 87' lang='lat' dir='ltr'><strong>futurum</strong></span> <span class='ocrx_word' id='word_1_620' title='bbox 3552 4735 3956 4816; x_wconf 89' lang='lat' dir='ltr'><strong>contingens.</strong></span> 
     </span>
     <span class='ocr_line' id='line_1_88' title="bbox 2420 4842 3964 4937; baseline -0.012 -17"><span class='ocrx_word' id='word_1_621' title='bbox 2420 4854 2497 4920; x_wconf 88' lang='lat' dir='ltr'><strong>Et</strong></span> <span class='ocrx_word' id='word_1_622' title='bbox 2523 4852 2821 4937; x_wconf 84' lang='lat' dir='ltr'><strong>quamvis</strong></span> <span class='ocrx_word' id='word_1_623' title='bbox 2861 4854 3038 4916; x_wconf 89' lang='lat' dir='ltr'><strong>actus</strong></span> <span class='ocrx_word' id='word_1_624' title='bbox 3077 4849 3316 4913; x_wconf 83' lang='lat' dir='ltr'><strong>divinae</strong></span> <span class='ocrx_word' id='word_1_625' title='bbox 3354 4842 3747 4927; x_wconf 88' lang='lat' dir='ltr'><strong>cognitionis</strong></span> <span class='ocrx_word' id='word_1_626' title='bbox 3774 4842 3964 4924; x_wconf 87' lang='lat' dir='ltr'><strong>ponat</strong></span> 
     </span>
     <span class='ocr_line' id='line_1_89' title="bbox 2420 4954 3958 5044; baseline -0.01 -18"><span class='ocrx_word' id='word_1_627' title='bbox 2420 4961 2661 5044; x_wconf 88' lang='lat' dir='ltr'><strong>aliquid</strong></span> <span class='ocrx_word' id='word_1_628' title='bbox 2703 4961 2979 5024; x_wconf 86' lang='lat' dir='ltr'><strong>existens</strong></span> <span class='ocrx_word' id='word_1_629' title='bbox 3026 4955 3456 5021; x_wconf 84' lang='lat' dir='ltr'><strong>necessarium</strong></span> <span class='ocrx_word' id='word_1_630' title='bbox 3502 4954 3566 5016; x_wconf 91' lang='lat' dir='ltr'><strong>et</strong></span> <span class='ocrx_word' id='word_1_631' title='bbox 3607 4954 3958 5025; x_wconf 61' lang='lat' dir='ltr'><strong>aeternum,</strong></span> 
     </span>
     <span class='ocr_line' id='line_1_90' title="bbox 2421 5052 3964 5145; baseline -0.012 -11"><span class='ocrx_word' id='word_1_632' title='bbox 2421 5070 2527 5134; x_wconf 88' lang='lat' dir='ltr'><strong>illa</strong></span> <span class='ocrx_word' id='word_1_633' title='bbox 2578 5073 2795 5132; x_wconf 89' lang='lat' dir='ltr'><strong>tamen</strong></span> <span class='ocrx_word' id='word_1_634' title='bbox 2849 5064 3161 5130; x_wconf 89' lang='lat' dir='ltr'><strong>ordinatio</strong></span> <span class='ocrx_word' id='word_1_635' title='bbox 3216 5062 3397 5145; x_wconf 90' lang='lat' dir='ltr'><strong>ponit</strong></span> <span class='ocrx_word' id='word_1_636' title='bbox 3440 5061 3742 5123; x_wconf 84' lang='lat' dir='ltr'><strong>futurum</strong></span> <span class='ocrx_word' id='word_1_637' title='bbox 3794 5052 3964 5138; x_wconf 86' lang='lat' dir='ltr'><strong>quod</strong></span> 
     </span>
     <span class='ocr_line' id='line_1_91' title="bbox 2423 5161 3965 5258; baseline -0.012 -16"><span class='ocrx_word' id='word_1_638' title='bbox 2423 5177 2803 5258; x_wconf 87' lang='lat' dir='ltr'><strong>contingens</strong></span> <span class='ocrx_word' id='word_1_639' title='bbox 2843 5177 2957 5238; x_wconf 90' lang='lat' dir='ltr'><strong>est.</strong></span> <span class='ocrx_word' id='word_1_640' title='bbox 3010 5171 3090 5237; x_wconf 88' lang='lat' dir='ltr'><strong>Et</strong></span> <span class='ocrx_word' id='word_1_641' title='bbox 3136 5171 3370 5234; x_wconf 87' lang='lat' dir='ltr'><strong>iterum</strong></span> <span class='ocrx_word' id='word_1_642' title='bbox 3393 5216 3412 5249; x_wconf 94' lang='lat'><strong>,</strong></span> <span class='ocrx_word' id='word_1_643' title='bbox 3460 5164 3763 5250; x_wconf 84' lang='lat' dir='ltr'><strong>quamvis</strong></span> <span class='ocrx_word' id='word_1_644' title='bbox 3803 5161 3965 5227; x_wconf 84' lang='lat' dir='ltr'><strong>dicat</strong></span> 
     </span>
     <span class='ocr_line' id='line_1_92' title="bbox 2424 5269 3965 5357; baseline -0.012 -6"><span class='ocrx_word' id='word_1_645' title='bbox 2424 5284 2886 5351; x_wconf 88' lang='lat' dir='ltr'><strong>ordinationem</strong></span> <span class='ocrx_word' id='word_1_646' title='bbox 2901 5328 2919 5357; x_wconf 86' lang='lat'>‚</span> <span class='ocrx_word' id='word_1_647' title='bbox 2966 5297 3099 5344; x_wconf 92' lang='lat' dir='ltr'><strong>non</strong></span> <span class='ocrx_word' id='word_1_648' title='bbox 3140 5282 3356 5343; x_wconf 88' lang='lat' dir='ltr'><strong>tamen</strong></span> <span class='ocrx_word' id='word_1_649' title='bbox 3397 5274 3552 5339; x_wconf 89' lang='lat' dir='ltr'><strong>dicit</strong></span> <span class='ocrx_word' id='word_1_650' title='bbox 3593 5269 3965 5355; x_wconf 89' lang='lat' dir='ltr'><strong>dependen-</strong></span> 
     </span>
     <span class='ocr_line' id='line_1_93' title="bbox 2423 5378 3964 5473; baseline -0.014 -15"><span class='ocrx_word' id='word_1_651' title='bbox 2423 5393 2603 5473; x_wconf 86' lang='lat' dir='ltr'><strong>tiam,</strong></span> <span class='ocrx_word' id='word_1_652' title='bbox 2623 5390 2733 5456; x_wconf 87' lang='lat' dir='ltr'><strong>sed</strong></span> <span class='ocrx_word' id='word_1_653' title='bbox 2753 5388 2964 5453; x_wconf 87' lang='lat' dir='ltr'><strong>solum</strong></span> <span class='ocrx_word' id='word_1_654' title='bbox 2991 5384 3505 5463; x_wconf 82' lang='lat' dir='ltr'><strong>connotationem</strong></span> <span class='ocrx_word' id='word_1_655' title='bbox 3529 5399 3546 5446; x_wconf 73' lang='grc' dir='ltr'>ε</span> <span class='ocrx_word' id='word_1_656' title='bbox 3576 5383 3640 5446; x_wconf 88' lang='lat' dir='ltr'><strong>et</strong></span> <span class='ocrx_word' id='word_1_657' title='bbox 3662 5378 3814 5444; x_wconf 90' lang='lat' dir='ltr'><strong>ideo</strong></span> <span class='ocrx_word' id='word_1_658' title='bbox 3837 5390 3964 5439; x_wconf 88' lang='lat' dir='ltr'><strong>non</strong></span> 
     </span>
    </p>
   </div>
  </div>
 </body>
</html>
