4125 6225
531 2798 600 2841 Ad
619 2808 723 2852 opp.

756 500 876 562 260
1881 484 2500 554 SENTENTIARUM
2539 487 2688 553 LlB.
2730 488 2811 555 II.

755 629 883 708 hic,
906 628 987 711 (a)
1017 647 1209 694 causa
1231 628 1531 707 efficiens,
1559 629 1624 691 et
1652 623 1883 705 finalis,
1908 624 2088 690 etsie
2112 623 2293 689 suffl-

757 736 1016 818 cienter,
1048 739 1111 802 et
1131 737 1336 820 plene.

1218 975 1701 1048 ARTICULUS
1744 976 1799 1045 Ι.

839 1166 939 1231 Ad
958 1165 1445 1248 intelligentiam
1463 1165 1664 1247 hujus
1681 1162 1898 1247 partis,
1921 1162 1989 1225 in
2007 1178 2139 1244 qua
2157 1158 2294 1241 agi-

757 1275 868 1336 tur
893 1272 971 1337 de
1008 1273 1200 1337 rebus
1234 1272 1557 1355 productis
1590 1271 1662 1335 in
1700 1269 2173 1352 comparatione
2215 1267 2295 1332 ad

758 1381 981 1460 finem,
1009 1379 1363 1444 secundum
1387 1379 1678 1445 ordinem
1705 1382 1769 1443 et
1801 1376 2290 1456 distinctionem,

760 1492 1145 1570 quaeruntur
1186 1486 1613 1570 principaliter
1654 1486 1774 1550 tria
1815 1504 1832 1549 ε
1876 1484 2160 1567 primum
2203 1487 2298 1547 est

760 1595 841 1659 de
857 1613 1079 1660 rerum
1106 1594 1534 1673 distinctione3
1565 1593 1919 1659 secundum
1944 1592 2021 1657 de
2038 1590 2291 1669 ordine3

759 1703 1021 1767 tertium
1043 1703 1122 1768 de
1142 1703 1499 1767 differentia
1515 1702 1729 1784 angeli
1746 1708 1809 1767 et
1827 1701 2088 1766 animae.
2116 1699 2296 1765 Circa

760 1809 1051 1892 primum
1088 1814 1470 1894 quaeruntur
1513 1811 1642 1874 duo
1691 1832 1706 1873 z
1754 1809 2040 1893 primum
2085 1812 2181 1872 est
2220 1809 2299 1873 de

761 1917 1173 1983 multitudine
1190 1937 1410 1983 rerum
1430 1921 1742 2001 quantum
1771 1916 1851 1980 ad
1876 1915 2294 1998 principium3

762 2025 1117 2089 secundum
1137 2075 1156 2107 ,
1196 2031 1511 2109 quantum
1550 2026 1631 2090 ad
1656 2024 2043 2089 differentias
2073 2042 2301 2088 secun-

763 2132 920 2196 dum
947 2133 1640 2216 quasdistinguuntur.

1309 2384 1665 2465 QUAESTlo
1707 2386 1757 2451 I.

800 2540 895 2597 An
920 2557 957 2597 a
977 2543 1160 2613 primo
1185 2543 1440 2611 efficiente
1465 2542 1739 2610 debuerit,
1780 2541 1867 2598 vel
1889 2544 2136 2614 potuerit
2161 2556 2265 2598 esse

854 2655 859 2659 ·
1253 2647 1432 2689 rerum
1454 2631 1750 2688 multitudo
1768 2630 1808 2687 ¹.

843 2774 1072 2842 Utrum
1123 2795 1164 2841 a
1219 2778 1429 2860 primo
1481 2778 1792 2843 efficiente
1848 2778 2140 2843 debuerit
2201 2777 2305 2843 vel

769 2885 1044 2968 potuerit
1064 2903 1198 2950 esse
1223 2905 1442 2951 rerum
1468 2887 1811 2953 multitudo
1822 2909 1841 2966 ;
1873 2891 1936 2952 et
1952 2888 2125 2970 quod
2145 2904 2300 2966 non,

762 2992 1061 3058 videtur:
1111 2999 1170 3057 1.
1209 2997 1299 3058 sic
1352 3012 1464 3077 per
1503 2992 1960 3077 Philosophum
2008 3002 2031 3036 ²
2076 3017 2090 3058 ε
2130 2993 2305 3059 Idem

761 3099 1165 3165 uniformiter
1214 3120 1282 3166 se
1328 3100 1570 3167 habens
1586 3150 1606 3181 ,
1656 3107 1883 3167 natum
1923 3106 2017 3168 est
2057 3103 2306 3168 efficere

760 3205 933 3271 idem
964 3229 981 3271 t
1012 3205 1118 3271 sed
1148 3208 1423 3272 efficiens
1452 3209 1738 3291 primum
1773 3214 1869 3273 est
1906 3228 2118 3274 unum
2158 3229 2304 3276 om-

762 3313 918 3377 nino
959 3313 1364 3380 uniformiter
1401 3334 1469 3380 se
1512 3316 1750 3381 habens
1783 3339 1797 3380 ε
1852 3335 2011 3399 ergo
2050 3317 2307 3383 videtur

763 3420 934 3502 quod
961 3439 1296 3503 nunquam
1322 3422 1524 3486 multa
1552 3424 1755 3489 facere
1779 3424 2058 3507 potuerit
2088 3447 2103 3489 z
2149 3443 2307 3508 ergo

763 3544 975 3591 unum
996 3526 1229 3593 solum.

846 3639 909 3699 2.
943 3634 1105 3699 Item
1130 3655 1171 3700 a
1195 3654 1450 3702 summo
1477 3638 1645 3704 bono
1678 3658 2013 3724 nunquam
2040 3647 2308 3724 possunt

766 3760 902 3808 esse
929 3745 1099 3809 mala
1116 3793 1136 3825 ,
1170 3763 1287 3810 nec
1312 3764 1353 3810 a
1377 3759 1633 3812 summo
1660 3766 1815 3812 vero
1843 3768 2133 3833 unquam
2160 3770 2309 3835 pos-

766 3855 918 3915 sunt
961 3870 1095 3917 esse
1145 3852 1298 3917 falsa
1332 3876 1347 3918 ε
1400 3872 1558 3937 ergo
1601 3874 1641 3919 a
1696 3875 1949 3923 summe
1995 3878 2130 3926 uno
2176 3878 2308 3925 non

767 3963 1037 4042 possunt
1063 3978 1197 4024 esse
1224 3963 1450 4027 multa.

851 4070 911 4132 3.
945 4066 1104 4131 Item
1130 4069 1413 4134 mundus
1449 4070 1760 4135 sensibilis
1801 4072 2031 4138 dicitur
2057 4076 2310 4140 assimi-

768 4173 893 4240 lari
917 4176 1162 4240 mundo
1189 4175 1529 4260 archetypo
1544 4226 1562 4256 ,
1593 4179 1708 4262 qui
1741 4186 1835 4245 est
1864 4182 1935 4245 in
1972 4190 2185 4249 mente
2213 4185 2312 4248 di-

772 4282 922 4348 vina
942 4331 959 4364 ‚
1018 4284 1099 4348 ad
1142 4283 1314 4348 illins
1368 4285 1544 4349 enim
1589 4289 2059 4371 expressionem
2108 4292 2312 4358 factus

771 4394 867 4453 est
898 4390 1052 4455 :sed
1087 4391 1156 4455 in
1180 4392 1288 4456 illo
1323 4392 1540 4457 omnia
1570 4400 1722 4458 sunt
1765 4416 1971 4462 unum
2005 4417 2022 4462 ε
2058 4418 2218 4482 ergo
2248 4406 2314 4466 et

773 4497 841 4561 in
869 4497 993 4563 hoc
1032 4498 1275 4564 mundo
1314 4518 1332 4564 τ
1368 4517 1526 4581 ergo
1571 4501 1823 4568 videtur
1863 4506 2035 4588 quod
2081 4509 2162 4572 ab
2205 4509 2313 4576 illo

772 4623 904 4671 non
930 4606 1211 4689 potuerit
1229 4624 1365 4670 esse
1399 4607 1764 4674 multitudo.
2125 4593 2135 4603 ’

852 4719 915 4778 4.
967 4714 1126 4779 Item
1168 4734 1209 4778 a
1246 4713 1372 4778 Deo
1411 4719 1505 4778 est
1540 4716 1751 4782 exitus
1780 4738 1894 4802 per
1945 4725 2312 4803 generatio-

772 4840 924 4887 nem
941 4871 960 4902 ,
1003 4841 1116 4906 per
1140 4822 1551 4905 spirationem
1573 4872 1590 4901 ‚
1632 4829 1697 4887 et
1726 4843 1838 4907 per
1874 4830 2258 4896 creationem
2290 4853 2308 4899 ι

773 4931 883 4995 sed
907 4949 1022 5013 per
1046 4929 1523 5012 generationem
1563 4948 1693 4995 non
1729 4921 1986 4999 emanat
2017 4936 2141 5001 nisi
2181 4957 2313 5003 una

775 5037 908 5101 sola
937 5056 1208 5120 persona
1230 5087 1247 5115 ,
1268 5041 1343 5103 ‘et
1382 5038 1671 5104 similiter
1704 5058 1816 5122 per
1848 5043 2257 5127 spirationem
2294 5067 2311 5112 z

839 5181 858 5215 ¹
880 5181 962 5245 Cf.
990 5181 1241 5232 Alexand.
1267 5181 1498 5247 Alensis,
1527 5197 1578 5246 p.
1614 5184 1653 5232 ll
1672 5219 1689 5246 ,
1714 5196 1874 5249 q.11‚
1901 5189 2093 5238 memb.
2119 5195 2139 5240 1
2175 5194 2227 5240 et
2251 5195 2310 5255 23

781 5254 834 5305 S.
855 5252 1061 5320 Thom.,
1089 5269 1141 5319 p.
1164 5257 1215 5319 1,
1244 5269 1295 5319 q.
1319 5266 1496 5319 nvn,
1524 5259 1621 5327 art.
1648 5261 1705 5320 13
1761 5260 1812 5306 et
1847 5259 1885 5308 11
1927 5260 2114 5312 Contra
2143 5263 2273 5314 Geni

777 5339 827 5376 c.
846 5338 1042 5389 xxx1x;
1072 5331 1126 5376 et
1161 5328 1335 5391 opusc.
1364 5327 1466 5389 ΙΙΙ,
1495 5341 1541 5376 c.
1564 5338 1717 5391 2¹11,
1749 5340 1920 5393 um,
1954 5343 2120 5383 nxxm
2148 5338 2200 5385 et
2228 5345 2278 5385 ei
2295 5350 2312 5398 3

779 5486 819 5536 ti
842 5415 910 5477 (a)
942 5414 1121 5479 Suppl.
1148 5414 1366 5466 dicendo
1394 5429 1510 5481 quae
1543 5416 1627 5468 sit.
1650 5443 1714 5456 —
1741 5417 1809 5481 (b)
1835 5418 1957 5470 Coee.
1993 5421 2117 5471 edit.
2145 5423 2302 5474 affec·

822 5500 905 5538 vo.

2401 641 2559 705 ergo
2590 642 2703 707 per
2735 625 3118 691 creationem
3144 643 3277 690 non
3302 627 3627 708 egreditur
3653 629 3780 693 nisi
3815 648 3953 694 una

2404 731 2538 795 sola
2555 736 2867 798 creatura.

2483 838 2712 904 Contra
2743 863 2758 901 :
2790 842 3037 917 Quanto
3077 843 3429 908 substantia
3466 844 3820 927 producens
3851 850 3950 909 est
3978 852 4125 898 Pud-

2403 947 2659 1027 melior,
2702 950 2880 1012 tanto
2927 950 3135 1031 magis
3179 953 3273 1014 est
3324 952 3426 1014 sui
3461 951 3758 1017 diffusiva
3812 972 3829 1016 x
3882 958 3952 1017 et

2402 1058 2643 1137 quanto
2675 1055 2885 1136 magis
2911 1059 3006 1119 est
3036 1056 3138 1119 sui
3165 1057 3490 1136 diffusiva,
3522 1062 3696 1122 tanto
3736 1059 3953 1141 pluri·-

2403 1159 2524 1223 bus
2554 1166 2648 1225 est
2680 1166 2830 1225 nata
2858 1180 2924 1225 se
2955 1164 3430 1228 communicare
3465 1188 3479 1228 :
3512 1165 3622 1230 sed
3657 1166 3950 1248 primum

2403 1267 2680 1332 efficiens
2696 1273 2791 1332 est
2806 1270 3125 1352 optimum
3149 1271 3313 1335 inter
3335 1273 3551 1337 omnia
3575 1295 3590 1336 ε
3615 1291 3796 1355 ergo,
3820 1280 3945 1339 etc.

2485 1374 2665 1453 Item,
2698 1382 2939 1459 quanto
2968 1378 3319 1443 substantia
3338 1379 3742 1461 spiritualior,
3765 1388 3952 1445 tanto

2404 1482 2689 1566 plurium
2717 1490 2813 1550 est
2841 1487 3165 1568 cognitiva
3193 1487 3217 1521 ⁸
3252 1508 3268 1551 ε
3303 1487 3413 1552 sed
3450 1507 3748 1571 suprema
3784 1489 3954 1553 sub-

2404 1593 2633 1656 stantia
2670 1597 2766 1658 est
2802 1594 3349 1677 spiritualissima;
3383 1614 3540 1679 ergo
3588 1597 3948 1662 multorum

2406 1704 2501 1764 est
2525 1702 2851 1795 cognitiva
2884 1722 2901 1766 ε
2933 1705 3044 1769 sed
3068 1721 3202 1768 non
3231 1709 3326 1768 est
3354 1706 3678 1786 cognitiva
3708 1705 3954 1769 multo-

2406 1824 2558 1872 rum
2603 1809 3094 1890 praecedentium
3137 1829 3204 1875 se
3226 1860 3245 1892 ,
3289 1812 3393 1876 vel
3439 1813 3880 1876 comitantium
3929 1835 3949 1876 z

2406 1932 2564 1996 ergo
2589 1915 2941 1980 multorum
2969 1917 3049 1981 ab
3082 1918 3221 1999 ipsa
3250 1920 3648 1986 exeuntium.

2488 2021 2644 2087 Item
2661 2070 2680 2102 ,
2714 2028 2953 2105 quanto
2981 2024 3333 2089 substantia
3362 2025 3738 2108 simplicior,
3768 2030 3956 2091 tanto

2405 2128 2750 2212 potentior,
2806 2130 2961 2212 quia
3020 2130 3226 2196 virtus
3282 2136 3520 2214 quanto
3586 2133 3793 2214 magis
3851 2140 3958 2198 est

2407 2238 2613 2315 unita,
2644 2244 2820 2304 tanto
2850 2240 3058 2322 magis
3082 2240 3336 2305 infinita
3373 2241 3522 2305 :sed
3561 2246 3804 2323 quanto
3835 2260 3958 2325 po-

2408 2346 2665 2424 tentior,
2694 2351 2870 2412 tanto
2903 2348 2972 2412 in
3003 2347 3192 2431 plura
3228 2352 3432 2430 potest
3465 2371 3480 2414 z
3516 2367 3674 2430 ergo
3715 2350 3769 2412 si
3800 2350 3962 2414 sub-

2410 2454 2644 2518 stantia
2698 2454 2889 2537 primi
2944 2455 3238 2538 principii
3291 2460 3386 2520 est
3441 2456 3912 2539 simplicissima
3935 2506 3956 2537 ,

2411 2578 2568 2642 ergo
2608 2566 2670 2625 et
2705 2566 2907 2645 potest
2945 2565 3010 2627 et
3035 2562 3219 2628 debet
3247 2563 3327 2626 ad
3359 2563 3459 2626 sui
3496 2563 3961 2628 manifestatio-

2411 2686 2562 2732 nem
2591 2669 2937 2750 produoere
2968 2670 3192 2749 multa,
3224 2688 3374 2733 cum
3399 2670 3538 2752 ipsa
3563 2669 3644 2732 sit
3667 2670 3879 2734 unica.

2494 2774 2673 2855 Item,
2705 2781 2944 2859 quanto
2974 2764 3166 2841 causa
3194 2776 3392 2858 prior,
3417 2780 3595 2840 tanto
3612 2778 3965 2842 universa-

2409 2883 2566 2962 lior;
2613 2886 2784 2951 unde
2836 2885 3046 2968 prima
3089 2889 3186 2950 est
3231 2884 3771 2949 universalissima
3821 2908 3836 2948 :
3897 2890 3965 2949 et

2411 2997 2653 3074 quanto
2680 2993 3098 3059 universalior
3116 3041 3133 3072 ‚
3172 2996 3348 3056 tanto
3390 2992 3674 3075 plurium
3710 2993 3963 3076 princi-

2410 3098 2595 3182 pium
2627 3121 2642 3163 ε
2680 3118 2837 3183 ergo
2879 3120 3031 3166 cum
3067 3098 3456 3184 principium
3498 3100 3960 3183 productivum

2411 3208 2695 3272 universi
2760 3210 2842 3272 sit
2899 3208 3268 3292 simpliciter
3340 3210 3623 3292 primum
3647 3257 3668 3288 ‚
3735 3208 3963 3273 debuit

2412 3325 2672 3397 ergoet
2707 3316 2912 3400 potuit
2950 3318 3126 3383 exire
3163 3317 3245 3380 ab
3287 3317 3424 3400 ipso
3463 3315 3810 3382 multitudo
3851 3335 3963 3381 re-

2412 3442 2584 3492 rum.

2876 3590 2884 3604 '
2953 3612 3401 3680 CONCLUSIO.

2414 3768 2659 3826 Primum
2696 3770 2933 3825 omnium
2960 3783 3138 3824 rovum
3173 3768 3513 3840 principium
3549 3783 3670 3823 cum
3697 3769 3774 3823 sit
3799 3770 3960 3824 unice

2484 3874 2667 3927 unum,
2695 3859 3018 3931 simpliciter
3037 3860 3298 3930 primum,
3331 3859 3567 3913 maxime
3589 3861 3802 3928 potens,
3829 3872 3960 3912 ma-

2484 3951 2649 4004 oeimoe
2676 3950 2989 4020 sapientiae,
3038 3951 3090 4002 et
3123 3961 3339 4002 summae
3377 3946 3672 4008 bonitatis,
3711 3961 3812 4001 suo
3852 3948 3960 4000 im-

2485 4055 2666 4095 mensa
2694 4040 2971 4111 sapientia
2992 4040 3211 4109 potuit,
3253 4040 3438 4105 novit,
3479 4039 3532 4092 et
3558 4036 3743 4091 voluit
3775 4050 3959 4090 rerum

2485 4127 2890 4184 multitudinem
2912 4125 3220 4199 producere.

2497 4288 2680 4371 Resp.
2732 4288 2812 4353 ad
2867 4288 3027 4370 Arg.
3073 4287 3172 4352 Ad
3213 4285 3667 4369 praedictorum
3721 4285 3961 4350 intelli-

2418 4396 2704 4477 gentiam
2730 4394 3084 4459 notandum
3112 4396 3226 4472 est,
3256 4392 3427 4475 quod
3446 4393 3500 4454 si
3528 4391 3607 4455 de
3642 4391 3956 4473 principio

2417 4503 2757 4568 intrinseco
2783 4506 3115 4587 quaeratur
3154 4500 3325 4566 unde
3363 4500 3580 4566 veniat
3605 4500 3950 4564 multitudo

2418 4630 2638 4677 rerum
2660 4661 2679 4693 ,
2718 4613 2997 4677 maxime
3027 4609 3382 4690 secundum
3421 4608 3693 4691 speciem
3719 4657 3738 4687 ‚
3783 4611 3955 4692 patet

2418 4721 2593 4804 quod
2619 4740 2659 4785 a
2682 4720 2907 4786 forma.
2929 4717 2998 4784 Si
3014 4737 3168 4784 vero
3192 4719 3522 4801 quaeratur
3546 4716 3718 4782 unde
3744 4716 3954 4782 veniat

2420 4827 2762 4893 multitudo
2801 4827 3158 4893 formarum
3203 4830 3514 4908 tanquam
3565 4844 3606 4888 a
3644 4824 3950 4907 principio

2419 4938 2711 5002 effectivo
2743 4938 2821 5022 (b)
2865 4937 3218 5001 extrinseco
3232 4982 3248 5013 ‚
3284 4938 3454 5017 patet
3485 4934 3662 5017 quod
3702 4934 3782 4997 ab
3813 4932 3950 4996 effi-

2420 5046 2623 5110 ciente
2652 5064 2806 5111 uno.
2832 5044 2954 5109 Sed
2981 5044 3251 5128 qualiter
3289 5045 3494 5124 potest
3518 5041 3739 5106 venire
3785 5037 3948 5103 mul-

2419 5154 2626 5219 titudo
2655 5173 2695 5218 a
2739 5151 3049 5236 principio
3098 5167 3352 5215 summe
3396 5153 3458 5213 et
3505 5146 3945 5230 perfectissime

2279 5299 2314 5326 υ
2422 5278 2591 5345 AEgid.
2619 5281 2790 5343 Rom„
2815 5280 2860 5329 11
2891 5278 3051 5340 Seni„
3077 5276 3196 5326 dist.
3232 5288 3272 5339 1,
3298 5289 3351 5339 q.
3378 5285 3466 5336 ιιι,
3491 5280 3588 5325 art.
3608 5277 3636 5325 3
3650 5290 3667 5337 ;
3697 5279 3749 5324 et
3772 5274 3829 5323 de
3847 5284 3944 5323 esee

2421 5357 2471 5405 et
2490 5355 2726 5413 essentia,
2755 5368 2808 5417 q.
2834 5364 2890 5403 11.
2914 5377 2973 5389 —
2999 5351 3025 5385 ¹
3043 5349 3213 5414 Arist„
3241 5347 3301 5397 de
3330 5347 3562 5408 Generat,
3590 5346 3678 5397 lib.
3707 5347 3748 5396 11
3766 5383 3783 5409 ‚
3810 5345 3939 5396 cont.

2422 5428 2512 5478 ult.
2534 5453 2597 5464 —
2625 5427 2854 5476 ⁸Auctor
2891 5423 2978 5473 lib.
3007 5422 3067 5472 de
3112 5420 3319 5481 Gau-eis,
3347 5432 3495 5483 prop.
3519 5422 3578 5469 24
3593 5434 3611 5482 3
3641 5417 3815 5481 Arist„
3850 5416 3940 5465 ue—

2426 5498 2623 5566 taplzys.
2649 5497 2738 5547 lib.
2763 5497 2852 5549 ΧΠ
2864 5532 2883 5559 ,
2912 5497 3051 5546 cont.
3072 5496 3152 5545 53.
