4125 6225
603 320 725 384 ΜΞ

1728 295 2358 372 SENTENTIARUM
2394 296 2547 364 Lm.
2591 293 2671 364 11.

602 453 695 517 ihi
735 472 756 518 ι
799 451 1117 518 Proeterea
1154 377 1682 527 investigandum
1719 446 1841 519 est,
1885 444 2041 519 etc.;
2081 436 2157 501 in
2261 434 2627 518 primantur
2642 481 2662 512 ,
2702 436 2983 517 quatuor
3022 435 3243 500 tamen
3286 422 3493 497 modis
3516 479 3536 511 ‚
3581 443 3809 496 secun·

604 557 886 624 secunda
906 553 1210 638 explanat
1234 550 1393 615 illud
1419 547 1595 634 quod
1619 547 1784 614 dixit
1796 545 2150 629 Scriptura,

606 665 847 731 scilicet
873 663 1125 729 Patrem
1167 660 1238 723 in
1265 657 1452 736 Filio,
1485 659 1551 720 et
1586 673 1702 739 per
1727 652 1967 718 Filium
1992 668 2153 733 ope-

603 774 756 853 rari,
776 773 868 836 ihi
900 794 916 836 z
952 770 1075 837 Hic
1097 769 1302 851 quoeri
1324 766 1483 832 solet
1505 760 1814 847 quomodo
1839 758 2156 842 accipien-

604 879 761 946 dum
797 881 919 954 sit:
950 878 1022 942 in
1058 876 1247 940 tertia
1288 892 1443 938 vero
1474 874 1762 937 removet
1787 868 2156 951 opinionem

606 985 1089 1063 haereticorum,
1114 982 1448 1046 insinuans
1487 981 1681 1045 aliam
1719 995 1855 1043 esse
1895 973 2155 1058 exposi-

604 1094 847 1159 tionem
874 1092 1057 1157 verbi
1082 1089 1370 1174 praedicti
1402 1110 1419 1153 t
1445 1092 1509 1152 et
1532 1087 1655 1152 hoc
1682 1085 1830 1150 facit
1858 1084 1950 1149 ibi
1976 1103 1993 1147 ε
2023 1081 2158 1150 Sed

604 1200 768 1268 dicit
795 1200 1130 1266 haereticus
1153 1198 1273 1264 hac
1295 1199 1546 1265 ratione
1578 1195 1692 1264 hoc
1713 1210 1917 1279 posse,
1951 1196 2073 1258 etc.

1272 1408 1413 1456 mm.
1459 1408 1505 1454 1.

606 1540 667 1590 ln
688 1535 935 1604 mysterio
955 1536 1154 1587 tactum
1175 1535 1256 1616 est
1271 1568 1284 1594 ,
1301 1535 1361 1582 nt
1378 1530 1488 1582 dies
1509 1531 1873 1595 computentur
1887 1542 1919 1581 a
1935 1540 2160 1594 vespera

1203 1619 1258 1655 m
1283 1616 1568 1667 vesperam.

685 1737 914 1804 Contra
957 1737 1082 1801 hoc
1114 1734 1391 1811 videtur,
1438 1731 1613 1815 quod
1662 1730 1743 1795 ad
1774 1728 2016 1814 jeJunii
2041 1727 2162 1793 ob·-

605 1846 1032 1914 servationem
1078 1846 1328 1926 oportet
1357 1842 1660 1924 jejunare
1710 1838 1881 1903 diem
1912 1854 2160 1920 praece-

605 1955 864 2021 dentem
905 1971 1061 2017 cum
1098 1953 1286 2015 nocte
1334 1947 1649 2030 sequenti.
1697 1944 1856 2010 Item
1906 1945 2162 2010 videtur

604 2062 772 2147 quod
821 2079 956 2126 non
1005 2074 1293 2141 congrue
1341 2055 1740 2137 significetur
1778 2053 2161 2136 mysterium

604 2166 1061 2252 redemptionis
1081 2215 1099 2246 ,
1150 2165 1518 2245 computato
1566 2161 1668 2225 die
1712 2179 1752 2224 a
1781 2176 2048 2242 vespera
2090 2158 2161 2222 in

604 2293 985 2360 vesperam3
1017 2274 1219 2337 immo
1246 2272 1459 2354 potius
1486 2269 1557 2333 in
1590 2267 1801 2352 prima
1826 2271 2163 2351 computa-

605 2385 777 2448 tione
828 2383 1077 2447 dierum
1100 2427 1118 2456 ,
1152 2397 1282 2462 qua
1328 2377 1615 2443 Christus
1639 2394 1679 2440 a
1718 2376 1995 2440 tenebris
2027 2393 2161 2440 non

612 2489 918 2576 produxit
940 2488 1021 2552 ad
1046 2466 1282 2550 lucem,

693 2597 877 2680 Resp.
913 2594 1267 2660 Dicendum
1319 2589 1494 2674 quod
1534 2589 1851 2673 duplicem
1895 2589 2161 2655 modum

614 2704 1027 2790 computandi
1082 2701 1254 2766 diem
1300 2699 1648 2780 accipimus
1692 2697 1763 2761 in
1809 2696 2156 2779 Scriptura.

613 2812 869 2878 Primus
888 2860 907 2893 ,
950 2811 1021 2873 in
1067 2826 1198 2892 quo
1252 2806 1385 2871 dies
1421 2802 1783 2888 praecedens
1828 2806 2163 2888 copulatur

612 2920 783 2985 nocti
810 2916 1104 3000 sequenti
1138 2937 1155 2981 ς
1185 2919 1251 2979 et
1272 2913 1397 2979 hoc
1421 2913 1684 2997 quidem
1713 2912 1834 2976 fuit
1857 2912 1926 2976 in
1951 2911 2164 2994 prima

613 3025 869 3092 dierum
896 3021 1381 3089 enumeratione
1400 3068 1418 3100 ,
1446 3020 1518 3085 in
1540 3009 1673 3102 quo
1689 3068 1708 3100 ‚
1740 3025 1814 3084 ut
1839 3019 1990 3084 dicit
2026 3016 2161 3083 Ma-

615 3134 838 3216 gister,
865 3127 1411 3215 praefigurabatur
1432 3126 1650 3212 lapsus
1675 3126 1933 3191 futurus
1954 3144 1995 3189 a
2018 3124 2163 3190 luce

611 3242 840 3323 gratiae
864 3240 934 3303 in
950 3237 1245 3303 tenebras
1273 3234 1501 3318 culpae.
1521 3233 1707 3299 Alius
1726 3233 1956 3298 modus
1984 3251 2165 3298 com·

608 3347 882 3434 putandi
904 3346 1037 3412 dies
1056 3343 1403 3409 attenditur
1417 3342 1484 3406 in
1510 3340 1987 3406 solemnitatum
2013 3359 2165 3407 cus-

609 3456 948 3534 toditione,
976 3454 1049 3515 in
1082 3469 1212 3534 quo
1242 3468 1374 3514 nox
1411 3448 1775 3531 praecedens
1803 3466 2160 3515 connume-

609 3567 790 3626 ratur
840 3559 966 3624 diei
1003 3556 1294 3640 sequenti
1347 3573 1366 3618 t
1405 3559 1468 3618 et
1513 3554 1635 3619 hoc
1673 3554 1817 3621 vult
1863 3554 2075 3619 dicere
2117 3573 2160 3622 a

612 3685 878 3752 vespera
913 3669 988 3734 in
1019 3681 1349 3748 vesperam
1367 3710 1389 3742 ,
1433 3667 1510 3729 ut
1556 3662 1870 3746 praecedat
1900 3680 2033 3727 nox
2050 3711 2069 3743 ,
2100 3667 2165 3752 et

613 3782 919 3861 sequatur
931 3775 1064 3840 dies
1086 3792 1105 3838 t
1125 3774 1280 3857 quia
1310 3781 1330 3814 ²
1357 3788 1609 3839 eramus
1625 3770 1976 3853 aliquando
1996 3777 2163 3840 tene-

615 3883 776 3963 broe,
804 3899 977 3949 nunc
1020 3887 1229 3947 autem
1259 3879 1381 3945 lux
1423 3881 1500 3945 in
1533 3878 1823 3945 Domino.
1879 3879 1959 3944 Et
1990 3879 2163 3963 quod

614 3989 915 4073 objicitur
945 3990 1025 4055 de
1048 3987 1453 4053 observantia
1483 3985 1906 4069 jejuniorum,
1936 3986 2161 4050 dicen—

612 4097 773 4163 dum
798 4095 970 4180 quod
995 4099 1248 4178 tempus
1263 4093 1505 4176 jejunii
1542 4092 1846 4176 competit
1890 4094 2163 4176 tempori

613 4205 888 4270 miseriae
919 4221 939 4268 τ
968 4207 1033 4268 et
1072 4202 1215 4267 ideo
1242 4200 1630 4283 computatio
1666 4200 1791 4266 diei
1828 4200 1900 4265 in
1943 4201 2164 4266 ohser-

611 4314 870 4381 vatione
888 4313 978 4396 jej
988 4311 1130 4377 unii
1154 4309 1338 4374 dehet
1363 4309 1505 4373 fleri
1532 4308 1882 4373 secundum
1910 4309 2166 4374 confor-

612 4421 902 4487 mitatem
952 4419 1034 4484 ad
1074 4416 1540 4483 distinctionem
1588 4415 1892 4499 temporis
1934 4415 2127 4498 primi
2140 4464 2160 4498 ‚

611 4527 682 4593 in
708 4547 839 4612 quo
868 4531 1002 4592 erat
1039 4525 1479 4610 praeflguratio
1509 4522 1724 4607 lapsus
1762 4522 2055 4589 humani.
2085 4523 2166 4593 Et

614 4635 785 4721 quod
810 4634 1107 4718 objicitur
1125 4682 1144 4713 ,
1171 4631 1343 4715 quod
1368 4648 1503 4696 non
1543 4629 1727 4696 debet
1761 4632 2099 4697 terminari
2124 4652 2166 4698 a

615 4761 882 4828 vespera
906 4743 975 4807 in
991 4757 1326 4823 vesperam
1347 4759 1365 4817 3
1392 4737 1733 4805 dicendum
1755 4739 1930 4822 quod
1956 4740 2166 4824 prima

614 4869 884 4936 vespera
922 4850 1182 4934 ponitur
1224 4847 1314 4911 ibi
1351 4847 1422 4911 in
1470 4851 1790 4929 quantum
1829 4852 1924 4913 est
1964 4849 2166 4915 noctis

617 4958 1032 5042 principium,
1063 4959 1128 5020 et
1157 4951 1523 5019 secuudain
1547 4958 1867 5035 quantum
1898 4958 1994 5019 est
2015 4956 2166 5020 finis

618 5063 746 5131 diei
767 5083 786 5146 3
821 5065 1000 5129 etita
1025 5080 1143 5147 pro
1164 5065 1372 5141 nocte,
1397 5064 1462 5125 et
1477 5057 1601 5125 die.
1626 5057 1799 5125 Licet
1814 5064 2032 5128 autem
2057 5063 2166 5129 hae

622 5170 774 5237 duae
803 5170 1236 5238 distinctiones
1259 5169 1330 5234 in
1367 5165 1698 5259 Scriptura
1739 5169 2024 5239 maxime
2048 5191 2167 5241 ex-

685 5294 708 5330 ¹
721 5294 925 5358 Ephes„
943 5305 996 5355 v,
1014 5295 1174 5346 8.-¹
1188 5295 1341 5358 Aug„
1358 5293 1419 5343 de
1440 5293 1559 5344 Gen.
1576 5293 1645 5344 ad
1659 5293 1785 5357 litt„
1807 5295 1899 5347 lib.
1918 5297 1961 5361 Ι,
1979 5311 2026 5349 c.
2044 5308 2158 5351 vur-

2266 542 2426 606 dum
2449 541 2849 606 diversorum
2876 539 3405 622 computationes,
3425 538 3561 604 dies
3584 538 3811 603 distin-

2264 650 2385 732 gui
2422 652 2897 715 consueverunt
2929 670 2947 712 :
2979 647 3181 713 Graeci
3222 648 3399 713 enim
3440 650 3815 729 computant

2265 756 2435 820 diem
2470 775 2512 820 a
2539 773 2726 820 mane
2749 755 2819 819 in
2847 773 3059 835 mane,
3090 755 3244 838 quia
3267 759 3425 820 tunc
3447 755 3657 838 primo
3697 772 3810 838 ap—

2265 867 2445 947 paret
2471 863 2599 942 sol;
2630 862 2882 927 Hebraei
2909 881 3062 928 vero
3101 882 3141 927 a
3178 880 3444 946 vespera
3484 862 3557 926 in
3592 879 3812 943 vespe-

2266 991 2432 1054 ram,
2467 973 2621 1056 quia
2639 975 2796 1036 tunc
2813 970 3593 1066 incipiunt-solemnizat&
3619 974 3812 1034 astro-

2267 1079 2444 1143 nomi
2472 1098 2626 1144 vero
2654 1099 2693 1143 a
2721 1079 2983 1144 meridie
2998 1078 3072 1144 in
3095 1078 3451 1158 meridiem,
3483 1077 3636 1161 quia
3662 1081 3815 1141 tunc

2265 1191 2361 1250 est
2385 1185 2480 1250 sol
2514 1187 2585 1251 in
2622 1188 2853 1271 majori
2894 1188 3167 1263 virtute3
3218 1189 3435 1251 sancta
3479 1183 3748 1249 Ecclesia
3773 1203 3815 1248 a

2267 1295 2477 1359 media
2502 1297 2685 1359 nocte
2712 1313 2918 1378 usque
2946 1295 3028 1359 ad
3054 1294 3333 1359 mediam
3348 1297 3624 1373 noctem,
3660 1292 3816 1377 quia

2265 1405 2423 1467 tunc
2448 1407 2637 1467 natus
2662 1404 2759 1467 est
2784 1401 3090 1467 Christus
3123 1399 3303 1467 Unde
3328 1418 3554 1466 versus
3584 1420 3603 1465 ε

2394 1579 2546 1629 Mane
2583 1578 2721 1630 diem
2766 1579 2946 1629 Groeca
2974 1591 3105 1642 gens
3129 1576 3340 1643 incipit,
3362 1580 3505 1628 actm
3538 1578 3809 1642 sequentes

2397 1651 2455 1699 ln
2480 1649 2651 1700 medio
2684 1648 2842 1715 lucis;
2870 1650 3034 1703 Judaei
3056 1661 3273 1715 vespere
3288 1665 3305 1714 3
3330 1653 3508 1699 sancta

2395 1722 2610 1774 Inchoat
2635 1722 2862 1774 Ecclesia
2888 1721 3062 1775 medio
3088 1722 3188 1774 suh
3212 1725 3449 1787 tempore
3475 1718 3658 1773 noctis.

2925 1958 3064 2007 DUB.
3104 1958 3175 2005 11.

2269 2089 2327 2142 Si
2354 2088 2793 2155 autemquoeritur
2818 2089 2939 2154 quid
2967 2089 3032 2140 de
3059 2089 3177 2140 luce
3206 2088 3321 2153 illa,
3358 2091 3483 2150 etc„
3521 2091 3611 2139 aut
3649 2087 3712 2139 de
3754 2099 3816 2138 ea

2332 2176 2530 2299 311ng
2530 2162 2679 2286 ngslis
2699 2162 2996 2228 formatum,
3020 2162 3186 2213 autin
3214 2175 3276 2213 ea
3302 2165 3446 2228 parte
3476 2161 3597 2213 eceli
3623 2175 3735 2213 esse
3760 2160 3814 2210 in

2349 2379 2583 2445 Contra
2634 2401 2649 2444 z
2704 2379 2996 2445 Primum
3046 2380 3305 2447 videtur
3354 2398 3491 2446 esse
3547 2379 3774 2444 falsum
3790 2429 3808 2461 ,

2270 2488 2422 2569 quia
2447 2505 2580 2551 non
2606 2491 2702 2551 est
2727 2487 2884 2551 ordo
2924 2487 3002 2552 de
3039 2487 3334 2574 perfecto·
3360 2486 3439 2552 ad
3477 2488 3815 2570 imperfec-

2267 2596 2411 2658 tum
2439 2615 2454 2658 :
2491 2593 2599 2657 sed
2645 2593 2763 2658 lux
2812 2593 2923 2658 illa
2967 2594 3421 2678 perfectissima
3462 2599 3619 2674 erat,
3652 2595 3817 2659 sicut

2269 2701 2420 2766 dicit
2470 2701 2900 2766 Damascenus
2956 2702 3130 2785 quod
3173 2720 3371 2786 opera
3414 2703 3641 2786 primae
3691 2701 3815 2766 diei

2267 2809 2642 2892 perfectiora
2687 2813 2859 2874 sunt.
2916 2808 3076 2874 Item
3121 2813 3335 2876 textus
3377 2810 3630 2875 videtur
3683 2828 3816 2874 esse

2269 2915 2625 2980 contrarius
2665 2934 2682 2978 ι
2727 2914 2958 2981 dicitur
3003 2916 3178 2981 enim
3230 2917 3321 2980 ibi
3363 2934 3381 2981 ε
3438 2916 3630 2984 Vidit
3655 2918 3816 2983 Deus

2270 3021 2469 3088 lucem
2541 3021 2717 3105 quod
2784 3028 2942 3091 esset
3008 3022 3173 3090 bona
3217 3043 3244 3084 .·
3312 3028 3374 3087 et
3416 3024 3819 3105 Augustinus

2269 3130 2570 3214 explanat
2587 3137 2650 3195 ἐ
2696 3152 2727 3193 ι
2752 3129 2944 3211 Vidit,
2974 3131 3041 3195 id
3079 3135 3194 3209 est,
3230 3131 3468 3214 placuit
3503 3132 3818 3198 voluntati

2269 3234 2402 3316 Dei,
2434 3240 2509 3301 ut
2534 3254 2651 3318 pro
2683 3236 2871 3302 modo
2912 3237 3015 3301 sui
3041 3238 3298 3319 generis
3325 3245 3613 3331 maneret
3647 3238 3814 3322 quod

2268 3344 2506 3427 placuit
2554 3347 2629 3408 ut
2674 3345 2877 3408 fieret.
2923 3364 2955 3404 ι)
2993 3343 3166 3426 Ergo
3188 3345 3397 3411 adhuc
3435 3350 3652 3411 manet
3697 3346 3811 3412 lux

2268 3451 2340 3515 in
2362 3451 2588 3534 seipsa.
2618 3450 2802 3532 Item,
2833 3450 2902 3515 Si
2926 3451 3023 3516 sol
3048 3453 3252 3518 factus
3282 3458 3380 3518 est
3400 3455 3483 3519 de
3506 3454 3621 3519 illa
3648 3453 3809 3532 luce,

2269 3559 2442 3624 unde
2474 3559 2640 3623 facta
2666 3564 2820 3625 sunt
2846 3558 2971 3623 alia
3014 3559 3406 3625 luminaria?
3445 3558 3614 3626 Situ
3645 3560 3814 3626 dicas

2269 3665 2441 3748 quod
2485 3667 2563 3731 de
2611 3666 2722 3731 illa
2766 3666 2908 3730 lnce
2926 3713 2945 3744 ,
2982 3670 3139 3730 tunc
3171 3667 3428 3732 videtur
3472 3668 3646 3752 quod
3684 3686 3814 3733 una

2270 3790 2418 3855 pars
2444 3770 2617 3836 illius
2655 3770 2819 3836 lucis
2843 3773 3189 3855 corporalis
3226 3774 3414 3838 cessit
3438 3774 3509 3836 in
3551 3791 3815 3857 corpora

2267 3877 2611 3955 luminosa,
2641 3896 2789 3961 quae
2817 3883 2972 3943 sunt
3000 3896 3197 3963 supra
3222 3880 3458 3962 Solem,
3488 3885 3554 3945 et
3578 3882 3648 3945 in
3674 3900 3815 3947 cor-

2268 4003 2424 4068 pora
2447 3984 2768 4051 luminosa
2783 4003 2931 4069 quae
2954 3991 3108 4051 sunt
3126 3986 3292 4051 intra
3306 3985 3553 4053 Solem:
3585 4006 3743 4071 ergo
3758 3988 3813 4053 si

2267 4093 2522 4157 nullum
2550 4111 2780 4176 corpus
2807 4093 2997 4157 habet
3025 4095 3275 4161 moveri
3300 4096 3604 4178 oppositis
3634 4098 3815 4162 moti-

2269 4200 2411 4281 bus,
2440 4200 2699 4265 nullum
2728 4200 2924 4265 etiam
2945 4204 3043 4266 est
3080 4219 3315 4284 corpus
3354 4203 3607 4268 coeleste
3642 4204 3815 4287 quod

2269 4310 2502 4372 natura
2526 4306 2757 4372 habeat
2779 4307 3028 4374 moveri
3055 4312 3239 4373 motu
3268 4314 3439 4375 recto
3461 4358 3480 4389 ,
3507 4310 3618 4375 sed
3650 4310 3816 4375 orbi-

2269 4413 2515 4494 culari3
2583 4414 2838 4483 videtur
2905 4414 3081 4498 quod
3128 4416 3338 4499 prima
3392 4416 3813 4483 luminarium

2269 4520 2600 4604 productio
2644 4521 2837 4586 fuerit
2876 4540 2992 4605 per
3032 4522 3403 4589 violentiam
3425 4572 3446 4602 ,
3474 4529 3538 4590 et
3579 4529 3816 4609 praeter

2270 4631 2591 4693 naturam.
2632 4627 3003 4696 Secundum
3034 4631 3231 4696 etiam
3266 4631 3523 4698 videtur
3550 4632 3808 4714 falsum,

2269 4743 2585 4827 quianon
2612 4748 2816 4827 potest
2854 4745 3188 4811 esseinea
3223 4751 3441 4829 parte,
3471 4747 3816 4831 inquaest

2272 4849 2381 4917 Sol
2414 4872 2428 4916 z
2472 4851 2706 4935 prim0,
2737 4853 2891 4936 quia
2928 4852 3061 4919 duo
3088 4870 3357 4938 corpora
3381 4872 3515 4919 non
3551 4860 3819 4937 possunt

2270 4974 2409 5023 esse
2447 4958 2673 5040 simun
2722 4960 3001 5027 secundo
3024 4961 3256 5041 etiam,
3294 4962 3451 5045 quia
3478 4961 3588 5028 Sol
3629 4963 3833 5029 sum-1

2271 5064 2510 5129 cienter
2550 5065 2876 5132 illuminat
2910 5086 2933 5135 ι
2971 5084 3130 5150 ergo
3177 5066 3434 5137 videtur
3470 5069 3650 5153 quod
3700 5069 3820 5136 lux

2272 5174 2381 5241 illa
2402 5176 2485 5241 sit
2513 5176 2607 5242 ibi
2626 5178 2887 5245 frustm.
