4125 6225
719 443 843 506 434

718 575 958 640 habeut
995 590 1244 657 semper
1288 572 1515 639 unita:
1558 589 1714 654 ergo
1755 570 2114 638 voluntarie
2140 587 2247 635 as-

717 686 994 767 sumpta.

801 791 956 855 Item
986 789 1204 854 nullus
1242 788 1499 872 spiritus
1536 790 1738 872 potest
1771 787 2107 852 visibiliter
2143 786 2255 850 de-

717 898 1062 964 monstrari
1079 898 1159 962 ad
1179 896 1786 962 demonstrationem
1806 894 2109 978 corporis,
2131 894 2254 958 nisi

715 1007 801 1072 sit
824 1007 1038 1089 aliquo
1064 1004 1254 1070 modo
1280 1003 1528 1087 corpori
1567 1003 1661 1067 illi
1700 1005 2118 1084 conjunctus:
2144 1002 2256 1066 sed

719 1114 990 1196 angelus
1039 1113 1156 1195 qui
1209 1112 1588 1194 loquebatur
1636 1109 1875 1188 Tobiae,
1923 1109 2255 1176 visibiliter

717 1224 960 1303 poterat
981 1219 1394 1286 demonstrari
1414 1267 1431 1298 ,
1461 1221 1524 1283 et
1552 1236 1704 1284 vere
1731 1218 1896 1282 dici:
1943 1240 1975 1279 α
2002 1216 2120 1282 Hic
2162 1220 2257 1282 est

716 1325 1019 1411 Raphael‚
1048 1349 1078 1387 n
1112 1328 1218 1394 vel
1249 1349 1264 1392 ε
1303 1349 1338 1388 α
1376 1324 1495 1389 Hic
1531 1329 1626 1391 est
1663 1324 1977 1407 angelus:
2022 1347 2053 1386 n
2098 1343 2254 1408 ergo

715 1432 988 1499 habebat
1011 1435 1134 1499 sibi
1159 1452 1390 1518 corpus
1422 1433 1582 1498 illud
1615 1433 1830 1516 aliquo
1862 1435 2052 1499 modo
2096 1452 2254 1499 con-

708 1543 1050 1624 junctum:
1079 1543 1190 1608 sed
1226 1560 1359 1608 non
1397 1559 1513 1624 per
1550 1541 1907 1606 naturalem
1939 1544 2253 1625 conjunc-

713 1648 952 1714 tionem
984 1673 999 1714 :
1029 1668 1189 1732 ergo
1235 1667 1348 1734 per
1394 1648 1827 1717 voluntariam
1868 1666 2083 1713 assum
2086 1650 2251 1732 ptio-

711 1774 886 1823 nem.

791 1864 950 1931 ltem
966 1865 1130 1929 nihil
1152 1869 1249 1929 est
1264 1882 1611 1948 organum,
1631 1864 1737 1929 vel
1755 1865 2254 1929 instrumentum

709 1972 978 2054 aliquus
1003 1973 1483 2051 immediatum,
1518 1972 1642 2036 nisi
1682 1970 2043 2036 immediate
2070 1990 2255 2037 assu-

711 2084 927 2143 matur
970 2080 1049 2142 ab
1088 2079 1199 2143 illo
1214 2127 1231 2155 ‚
1265 2079 1368 2143 vel
1404 2077 1775 2142 naturaliter
1820 2079 1959 2159 conj
1967 2082 2255 2159 ungatur

711 2186 804 2250 illi
844 2205 862 2249 :
901 2186 1010 2250 sed
1039 2187 1312 2267 angelus
1349 2185 1555 2249 multa
1591 2188 1843 2249 exercet
1868 2203 2062 2267 opera
2089 2186 2253 2261 circa

713 2311 853 2373 nos,
883 2294 1047 2358 sicut
1071 2293 1247 2377 loqui
1269 2296 1334 2358 et
1358 2293 1767 2372 manducare,
1796 2310 1945 2374 quae
1964 2312 2095 2357 non
2113 2311 2254 2376 pos-

714 2406 863 2466 sunt
908 2402 1189 2466 exerceri
1234 2402 1359 2465 nisi
1401 2401 1715 2466 mediante
1759 2419 2020 2485 corpore
2058 2421 2253 2484 orga-

714 2509 881 2587 nice,
914 2502 1020 2573 vel
1044 2507 1466 2572 instrumento
1500 2525 1722 2590 :erg0,
1753 2512 1872 2571 etc.

673 2674 688 2691 ,
795 2617 1066 2682 Contra:
1099 2623 1128 2680 1
1142 2663 1159 2680 .
1189 2615 1495 2698 Majorem
1517 2615 2031 2681 eonvenientiam
2061 2616 2255 2681 habet

715 2725 933 2791 anima
973 2724 1299 2789 rationalis
1344 2724 1425 2789 ad
1465 2742 1701 2807 corpus
1717 2772 1735 2802 ‚
1783 2740 1982 2806 quam
2024 2723 2255 2788 habeat

715 2832 1040 2916 angelicus
1061 2831 1322 2915 spiritus
1362 2849 1379 2896 z
1409 2831 1521 2895 sed
1555 2830 1773 2895 anima
1798 2834 1995 2894 exuta
2014 2846 2254 2913 corpus

714 2958 849 3007 non
868 2939 1135 3006 assumit
1162 2957 1181 3002 ε
1210 2956 1369 3019 ergo
1391 2956 1509 3002 nec
1535 2938 1796 3020 spiritus
1820 2937 2170 3019 angelicus.

794 3053 855 3115 2.
886 3048 1045 3115 Item
1064 3046 1391 3132 proportio
1409 3046 1595 3111 debet
1617 3064 1756 3112 esse
1772 3046 2157 3111 assumentis
2172 3045 2252 3111 ad

714 3159 1116 3239 assumptum
1149 3176 1166 3221 t
1195 3155 1306 3221 sed
1336 3154 1596 3238 spiritus
1627 3154 1957 3237 angelicus
1979 3159 2075 3220 est
2106 3173 2256 3219 om-

713 3264 869 3330 niuo
908 3261 1322 3347 incorporalis
1354 3281 1373 3326 ε
1405 3279 1568 3352 ergo
1595 3279 1730 3327 non
1771 3260 1962 3327 babet
1987 3263 2252 3346 propor-

712 3372 956 3437 tionem
987 3371 1070 3437 ad
1103 3386 1336 3453 corpus
1367 3389 1388 3434 ε
1429 3387 1587 3453 ergo
1617 3387 1957 3453 nunquam
1979 3369 2254 3436 assumit

793 3591 857 3651 3.
889 3585 1050 3651 Item
1085 3586 1200 3650 aut
1238 3581 1540 3666 oompetit
1557 3582 1797 3664 angelo
1835 3582 2072 3649 babere
2106 3601 2253 3650 cor-

709 3711 857 3778 pus,
887 3696 1006 3758 aut
1027 3709 1164 3756 non
1187 3690 1494 3773 competit
1522 3707 1541 3753 τ
1567 3689 1624 3753 si
1661 3690 1965 3774 oompetit
1990 3690 2251 3774 habere,

716 3819 878 3883 ergo
902 3800 1158 3865 videtur
1177 3797 1352 3881 quod
1391 3797 1613 3880 angeli
1645 3816 1780 3863 non
1799 3797 1931 3863 sint
1954 3799 2213 3882 perfecti
2234 3845 2252 3877 ‚

713 3907 972 3994 quando
989 3924 1120 3971 nen
1137 3906 1374 3970 habent
1393 3923 1630 3988 corpus
1647 3927 1665 3984 ;
1693 3906 1749 3970 si
1772 3924 1910 3971 nou
1926 3907 2253 3990 competit,

715 4032 874 4100 ergo
901 4014 1159 4098 quando
1179 4013 1472 4093 assumit,
1501 4012 1692 4077 habet
1717 4013 1899 4095 quod
1924 4032 2055 4078 non
2079 4015 2260 4080 deeet

716 4123 932 4208 ipsum
965 4144 982 4188 ε
1009 4140 1170 4205 argo
1197 4121 1252 4185 si
1273 4120 1546 4203 angelus
1569 4121 1780 4186 bonus
1801 4139 1937 4185 non
1959 4122 2107 4188 tacit
2130 4122 2257 4188 nisi

714 4230 890 4314 quod
914 4230 1092 4296 decet
1113 4229 1352 4312 ipsum,
1381 4246 1514 4292 non
1538 4227 1805 4293 assumit
1824 4246 2084 4312 eorpus.

799 4342 862 4403 4.
893 4337 1088 4417 item,
1115 4337 1174 4401 si
1206 4335 1516 4414 assumit,
1545 4339 1662 4400 aut
1695 4339 1954 4419 propter
1977 4336 2258 4419 aliquid,

719 4452 834 4513 aut
874 4453 1132 4532 propter
1170 4446 1334 4511 nibil
1376 4468 1393 4512 z
1453 4446 1508 4510 si
1556 4450 1813 4530 propter
1847 4448 2018 4512 mihil
2035 4491 2054 4526 ,
2096 4466 2261 4531 ergo

719 4556 992 4636 frustm
1022 4556 1077 4620 si
1111 4558 1372 4640 propter
1408 4553 1691 4636 aliquid,
1715 4557 1834 4618 unt
1861 4558 1958 4619 est
1981 4556 2256 4636 bonum,

722 4669 839 4728 aut
869 4664 1113 4728 malum
1145 4682 1163 4728 ε
1194 4662 1248 4726 si
1275 4663 1542 4739 bonum,
1571 4679 1735 4742 ergo
1763 4678 1879 4744 per
1903 4679 2138 4745 eorpus
2156 4681 2263 4728 as-

719 4775 1056 4856 sumptum
1073 4773 1362 4836 meretur
1380 4791 1398 4848 ;
1419 4769 1483 4832 τι·
1505 4769 1776 4848 malum,
1795 4787 1960 4852 engo
1982 4789 2098 4853 per
2116 4790 2263 4837 cor-

723 4897 850 4964 pus
879 4883 1291 4964 assimptum
1329 4879 1694 4943 demeretur
1736 4899 1752 4942 z
1795 4896 1959 4961 ergo
1994 4881 2266 4963 angelus

719 4990 916 5056 debet
938 4993 1004 5055 et
1024 4991 1228 5073 potest
1250 4986 1470 5070 pmii-i
1489 4991 1560 5050 et
1582 4985 1905 5070 pitantia-i
1933 5006 2091 5053 cum
2116 5007 2264 5055 uor-

724 5111 883 5182 pore
913 5101 1294 5180 assumpto:
1333 5094 1510 5179 quod
1541 5098 1648 5160 est
1667 5094 2170 5177 inconveniens,
2199 5099 2267 5163 et

728 5205 918 5288 plane
941 5204 1194 5269 falsum.

813 5315 874 5377 5.
905 5311 1087 5394 Item,
1111 5312 1502 5393 ubicumque
1529 5312 1622 5375 est
1650 5311 2029 5393 assumptio,
2056 5313 2148 5377 ibi
2175 5319 2270 5379 est

733 5418 1263 5503 aliquauniovel
1299 5417 1371 5483 in
1412 5418 1848 5501 mvel
1888 5418 1960 5483 in
1993 5425 2267 5504 nauum,

1846 431 2468 502 SENTENTIARUM
2507 435 2657 502 LIB.
2700 437 2781 504 ΙΙ.

2358 572 2521 637 sicut
2554 577 2725 656 patet
2747 574 2820 638 in
2846 575 3275 659 assumptione
3304 576 3611 641 humanae
3643 581 3879 642 naturae

2359 698 2400 744 a
2423 679 2582 746 Filio
2608 680 2756 747 Dei:
2778 700 2958 763 ergo,
2981 684 3034 746 si
3055 684 3328 765 angelus
3346 685 3615 748 assumit
3640 702 3878 767 eorpus,

2361 788 2502 852 unit
2529 788 2650 851 sibi
2674 789 2778 853 vel
2803 791 2872 853 in
2898 808 3169 873 persona
3185 840 3203 871 ‚
3233 790 3337 856 vel
3364 792 3437 855 in
3467 795 3701 855 natura
3728 814 3746 855 t
3782 792 3884 857 sed

2360 897 2589 961 nonin
2614 901 2843 962 natura
2877 899 3022 962 unit
3060 899 3180 963 sibi
3196 947 3215 979 ,
3262 900 3417 982 quia
3456 918 3589 964 non
3635 900 3887 990 resultat

2363 1005 2649 1083 tertium;
2681 1023 2797 1069 nec
2824 1005 2894 1068 in
2919 1024 3190 1088 persona
3210 1055 3228 1087 ,
3254 1007 3409 1089 quia
3434 1025 3565 1071 non
3598 1011 3694 1071 est
3720 1026 3886 1072 eom-

2361 1111 2708 1177 municatio
2726 1112 3101 1178 idiomatum
3136 1137 3151 1178 :
3186 1132 3343 1197 ergo
3373 1114 3553 1179 nullo
3582 1115 3772 1180 modo
3798 1119 3889 1179 est

2360 1218 2450 1283 ibi
2477 1219 2633 1285 unio
2661 1239 2680 1286 ε
2711 1238 2871 1303 ergo
2894 1240 3013 1287 nec
3035 1223 3405 1306 assumptio.

2903 1475 3352 1543 CONCLUSIO.

2358 1628 2562 1700 Anaeli
2582 1629 2709 1686 boni
2731 1630 3002 1687 interdum
3019 1646 3245 1703 corpora
3262 1634 3538 1688 assumunt
3566 1631 3803 1687 humana
3818 1630 3891 1687 ad

2431 1723 2764 1793 operationes
2791 1722 3007 1793 aliquas
3035 1722 3376 1793 arercendas,
3399 1720 3682 1795 adseipsos
3709 1725 3886 1779 marti·

2429 1810 2726 1883 facundos,
2759 1815 2919 1883 atque
2947 1811 3021 1868 ad
3044 1812 3279 1869 homines
3307 1813 3670 1869 consolandos.

2439 1969 2624 2055 Raep.
2655 1972 2736 2036 ad
2761 1972 2919 2053 Arg.
2966 1971 3312 2037 Dicendum
3347 1973 3518 2055 quod
3552 1974 3621 2037 in
3646 1972 3891 2054 angelis

2354 2077 2597 2159 duplex
2643 2081 2740 2142 est
2778 2079 2875 2142 vis
2897 2126 2916 2156 ‚
2959 2078 3194 2143 scssicet
3248 2079 3738 2162 contemplativa
3758 2128 3777 2158 ,
3833 2083 3893 2142 et

2357 2184 2434 2249 ad
2443 2185 2881 2250 ministrativa.
2926 2184 3292 2251 Secundum
3340 2186 3891 2270 contemplativam

2359 2296 2818 2356 convertuntur
2850 2294 2934 2358 ad
2964 2292 3164 2357 Deum
3184 2342 3203 2370 ‚
3229 2297 3293 2357 et
3315 2292 3405 2356 sic
3449 2311 3585 2358 non
3610 2292 3893 2373 indigent

2359 2399 2579 2464 solatio
2608 2401 2890 2484 corporis
2922 2403 3254 2485 assumpti.
3296 2400 3664 2467 Secundum
3690 2401 3891 2465 admi-

2358 2507 2759 2573 nistrativam
2776 2510 3167 2575 descendunt
3185 2511 3263 2575 ad
3286 2527 3422 2587 nos,
3444 2515 3509 2575 et
3527 2512 3892 2575 condescen-

2358 2616 2520 2680 dunt
2558 2618 2781 2698 nobis3
2814 2622 2879 2683 et
2902 2623 2980 2684 ut
3013 2620 3198 2683 nobis
3238 2620 3699 2701 congruentius
3742 2636 3893 2682 con-

2350 2724 2774 2808 descendant,
2813 2727 3105 2809 indigent
3145 2727 3363 2792 solatio
3408 2727 3718 2809 assumpti
3754 2744 3892 2789 cor-

2358 2832 2554 2915 poris.
2604 2833 2938 2916 indigent,
2986 2836 3251 2917 inquam
3271 2882 3288 2910 ‚
3332 2835 3412 2899 ad
3456 2833 3703 2917 aliquas
3739 2852 3893 2917 ope-

2359 2942 2643 3006 rationes
2690 2944 3113 3022 exereendas3
3167 2943 3462 3024 indigent
3507 2942 3590 3007 ad
3654 2943 3892 3024 seipsos

2360 3047 2883 3129 manifestandum
2904 3049 3201 3131 indigent
3224 3049 3303 3114 ad
3333 3050 3754 3132 nosmetipsos
3780 3048 3893 3114 lae-

2357 3157 2689 3222 tiflcandos
2706 3206 2724 3238 ,
2757 3158 2894 3222 sive
2924 3158 3368 3223 confortandos
3397 3179 3412 3219 ε
3447 3161 3511 3221 et
3546 3157 3687 3221 ideo
3716 3175 3896 3221 assu-

2360 3268 2551 3329 munt
2561 3283 2845 3349 corpora,
2871 3265 3038 3328 sicut
3054 3265 3499 3342 instrumenta,
3526 3264 3631 3329 vel
3651 3282 3895 3346 organa

2356 3372 2441 3437 ad
2476 3372 2874 3455 operandum
2893 3420 2913 3451 ‚
2942 3371 3107 3436 sicut
3145 3371 3329 3452 signa
3364 3371 3449 3435 ad
3483 3371 3898 3436 manifestan-

2354 3479 2542 3559 dum,
2578 3480 2743 3545 sicut
2770 3477 3259 3561 cooperimenta,
3288 3476 3396 3542 vel
3432 3476 3795 3543 habitacula
3812 3478 3898 3542 ad

2355 3587 2891 3662 conversandum.
2962 3584 3140 3650 Unde
3198 3602 3431 3667 eorpus
3495 3589 3895 3668 assumptum

2363 3697 2505 3777 conj
2513 3695 2779 3777 ungitur
2833 3692 2958 3758 iuis
3004 3693 3168 3757 sicut
3212 3692 3712 3757 instrumentum
3758 3711 3899 3758 mo-

2358 3801 2483 3867 tori
2505 3850 2526 3882 ,
2555 3802 2717 3867 sicut
2741 3802 3006 3883 signum
3027 3799 3385 3881 significato
3407 3848 3426 3877 ‚
3457 3799 3623 3864 sicut
3648 3800 3900 3864 habita-

2364 3908 2585 3974 culum
2610 3907 3037 3972 inhabitatori.
3065 3905 3199 3971 Hoc
3216 3911 3433 3971 autem
3461 3908 3672 3988 magis
3694 3907 3903 3988 exigit

2365 4017 2721 4100 indigentia
2742 4036 2825 4082 ex
2854 4020 3033 4100 parte
3056 4019 3295 4092 nostra,
3330 4032 3529 4097 quam
3549 4015 3905 4096 indigentia

2366 4131 2646 4210 exparte
2672 4144 2827 4203 sua;
2848 4133 2912 4190 et
2937 4123 3261 4208 quiafinis
3280 4123 3553 4206 imponit
3575 4123 3908 4188 necessita-

2364 4241 2498 4302 tem
2523 4237 2625 4302 bis
2654 4253 2808 4320 quse
2834 4241 2985 4301 sunt
3010 4236 3092 4300 ad
3124 4235 3359 4314 finem,
3398 4237 3467 4297 et
3490 4252 3724 4317 corpus
3759 4235 3907 4298 effi-

2366 4344 2620 4426 giatum
2639 4392 2658 4425 ,
2688 4345 2795 4410 vel
2833 4342 3276 4424 organizatum
3318 4341 3609 4406 humana
3650 4341 3868 4423 effigie
3882 4388 3906 4421 ‚

2370 4452 2651 4516 maxime
2720 4450 3020 4534 competit
3092 4447 3567 4532 operationibus
3647 4449 3909 4531 spiritus

2368 4558 2696 4624 rationalis
2710 4607 2729 4639 ,
2777 4563 2842 4623 et
2877 4554 3237 4640 expressius
3276 4554 3593 4636 significat
3606 4604 3626 4635 ,
3666 4560 3735 4619 et
3761 4559 3911 4618 tan-

2366 4684 2569 4749 quam
2582 4665 2927 4749 pulchrum
2934 4663 3407 4741 indumentum,
3424 4663 3701 4746 quodam
3715 4663 3909 4728 modo

2314 4805 2319 4808 v
2368 4774 2659 4852 decorat3
2688 4773 2830 4838 ἰὼο
2856 4770 3127 4853 angelus
3154 4770 3432 4834 assumit
3470 4787 3729 4854 corpus,
3772 4788 3912 4834 non

2372 4882 2840 4966 qualecumque
2862 4927 2881 4961 ,
2910 4878 3018 4943 sad
3053 4878 3341 4942 humana
3379 4878 3596 4960 effigie
3630 4877 3910 4960 insigni-

2373 4994 2515 5054 tum
2544 5011 2559 5053 t
2592 4991 2655 5053 et
2685 4985 3100 5053 concedendae
3137 4987 3291 5048 sunt
3323 4984 3601 5048 rationes
3642 4983 3764 5048 hoc
3800 5001 3915 5048 o&

2373 5095 2721 5161 tendentes.
2770 5094 2869 5159 Ad
2910 5092 3185 5158 rationes
3235 5089 3319 5155 ad
3344 5085 3725 5174 *oppositum
3764 5093 3914 5173 jam

2374 5207 2546 5288 patet
2569 5202 2915 5287 responsio.
2936 5247 2943 5254 -
3278 5264 3295 5272 ,

2376 5397 2381 5402 ψ
2458 5315 2518 5376 ¹1.
2550 5311 2651 5378 Ad
2670 5309 2830 5376 illud
2856 5308 3029 5374 enim
3054 5304 3229 5389 quod
3258 5303 3562 5387 objicitur
3581 5306 3657 5371 de
3688 5304 3916 5369 anima

2380 5424 2613 5501 exuta,
2642 5417 2793 5485 satis
2826 5416 3021 5502 plana
3050 5416 3149 5479 est
3181 5413 3543 5494 responsio;
3570 5412 3915 5480 nonenim
