4125 6225
117 4208 352 4254 Fundam.

1115 491 1493 557 DISTINCT.
1541 492 1588 556 Ι.
1635 492 1864 558 PART.
1914 494 1961 558 1.
2007 494 2189 558 ΛΒΤ.
2231 495 2337 559 Ill.
2384 496 2681 573 QUAEST.
2728 498 2777 561 I.

358 643 499 690 non
537 628 743 708 potest
782 626 851 689 in
895 624 1156 690 effectus
1196 628 1512 709 proprios,
1560 629 1900 693 dicendum

3426 502 3544 562 253

2010 648 2144 692 non
2177 649 2349 710 esse,
2389 632 2478 695 ita
2512 634 2723 698 creari
2759 633 2837 695 in·
2871 651 3007 696 esse
3048 655 3062 695 ε
3108 632 3162 694 si
3204 650 3361 714 ergo
3406 634 3543 696 des-

360 733 534 815 quod
568 753 760 800 causa
799 734 1179 800 universalis
1217 753 1365 816 quae
1407 753 1541 799 non
1584 741 1679 800 est
1724 741 1901 800 actus
2008 739 2240 802 tructio
2263 741 2441 821 ponit
2470 742 2887 805 mutationem
2904 789 2922 821 ,
2961 759 3117 821 ergo
3146 741 3283 823 pari
3306 741 3549 806 ratione

358 860 600 923 puruS,
631 843 879 925 indiget
914 841 1272 907 actualitate
1309 861 1517 907 causae
1558 843 1902 927 particula-

357 949 453 1010 ris
493 950 648 1014 :sed
691 951 798 1013 illa
841 969 987 1033 quae
1032 949 1295 1013 omnino
1335 955 1428 1014 est
1458 956 1670 1031 actuS,
1712 950 1905 1015 simul

359 1055 555 1120 habet
602 1057 670 1121 in
710 1076 776 1121 se
821 1060 1140 1122 rationem
1180 1058 1558 1122 universalis
1596 1052 1804 1122 causae
1843 1063 1906 1123 et

359 1165 783 1244 particulariS,
814 1167 964 1248 quia
986 1165 1178 1230 simul
1204 1166 1397 1229 habet
1425 1166 1813 1248 primitatem
1844 1170 1906 1229 et

360 1271 791 1335 actualitatem
822 1294 836 1335 ε
863 1273 1007 1336 ideo
1031 1277 1237 1356 potest
1261 1272 1330 1336 in
1351 1274 1575 1350 multa,
1603 1276 1667 1337 et
1684 1292 1904 1337 secun-

361 1376 521 1440 dum
548 1382 756 1443 totum
783 1385 987 1462 potest
1016 1381 1082 1443 in
1111 1381 1239 1444 illa.

448 1488 507 1545 4.
537 1483 717 1560 Quod
747 1487 973 1550 ultimo
1001 1487 1300 1568 objicitur
1332 1486 1504 1569 quod
1534 1487 1744 1550 unitas
1774 1505 1905 1550 non

363 1593 572 1670 potest
613 1590 684 1653 in
722 1609 1027 1657 numeros
1075 1594 1450 1675 posteriores
1493 1593 1629 1658 sine
1677 1594 1909 1676 priori-

363 1692 518 1773 bus;
545 1697 886 1762 dicendum
913 1700 1090 1782 quod
1111 1720 1229 1764 nec
1265 1701 1334 1764 in
1359 1706 1594 1783 puncto
1641 1704 1736 1764 est
1761 1720 1908 1765 om-

362 1801 525 1865 nino
555 1806 834 1885 potentia
859 1807 1066 1871 activa
1101 1810 1163 1871 et
1188 1808 1508 1872 sufficiens
1538 1807 1616 1871 ad
1646 1808 1903 1885 lineam,

365 1930 487 1976 nec
514 1914 578 1976 in
608 1917 850 1981 unitate
869 1919 948 1982 ad
968 1937 1337 1983 numerum.
1365 1918 1528 1984 Nam
1545 1920 1684 2003 ipsa
1700 1920 1909 1983 unitas

364 2025 465 2082 est
504 2023 785 2103 potentia
826 2026 1037 2089 omnis
1079 2045 1391 2091 numerus
1410 2076 1429 2107 ,
1459 2045 1590 2090 non
1632 2026 1912 2109 potentia

365 2129 694 2194 sufficiens
723 2150 838 2214 per
859 2151 926 2197 se
953 2156 968 2196 :
1002 2137 1064 2198 et
1086 2133 1227 2198 ideo
1252 2153 1382 2198 non
1411 2135 1617 2199 solum
1648 2133 1912 2197 actualis

368 2239 436 2299 et
463 2238 727 2302 omnino
754 2241 982 2320 activa,
1007 2261 1239 2306 verum
1267 2243 1460 2306 etiam
1485 2242 1696 2324 aliquo
1724 2242 1911 2304 modo

366 2345 622 2425 passiva
646 2351 741 2410 est
765 2349 1045 2429 potentia
1071 2350 1329 2413 numeri
1360 2373 1374 2413 :
1415 2349 1578 2413 Deus
1600 2354 1817 2414 autem
1842 2350 1914 2412 in

368 2453 593 2515 omnia
618 2455 820 2535 potest
848 2457 1131 2538 potentia
1149 2457 1411 2520 omnino
1431 2458 1659 2535 activa,
1684 2460 1749 2519 et
1772 2455 1913 2519 ideo

367 2558 512 2621 sine
537 2559 715 2623 omni
744 2562 951 2627 medio
974 2567 1181 2646 potest
1206 2581 1420 2627 creare
1444 2562 1681 2627 omnia.

816 2804 1301 2875 ARTICULUS
1351 2805 1467 2873 III.

457 2988 607 3055 Viso
632 2991 710 3057 de
731 2993 989 3067 entitate
1017 2996 1079 3057 et
1101 2993 1446 3076 quidditate
1463 2991 1758 3075 principii
1778 3009 1921 3073 pro-

376 3097 691 3176 ducentis,
722 3101 1032 3183 quaeritur
1054 3101 1160 3165 hic
1183 3100 1364 3165 tertio
1392 3100 1470 3164 de
1496 3100 1631 3182 ipsa
1658 3100 1923 3183 produc-

377 3205 553 3271 tione
573 3256 590 3287 ,
639 3226 787 3289 quae
825 3210 1056 3273 creatio
1094 3209 1466 3292 appellatur.
1511 3207 1687 3272 Circa
1725 3227 1922 3291 quam

377 3320 762 3395 quaeruntur
801 3316 930 3380 duo
965 3340 979 3380 ε
1016 3318 1299 3400 primum
1340 3321 1463 3396 est,
1501 3318 1722 3380 utrum
1757 3316 1925 3380 dicat

378 3422 804 3485 mutationem
833 3422 1149 3505 aliquam3
1180 3422 1530 3487 secundum
1555 3426 1669 3500 est,
1702 3426 1923 3485 utrum

379 3527 552 3592 dicat
609 3529 848 3611 aliquid
903 3531 1189 3595 medium
1234 3532 1402 3595 inter
1454 3529 1811 3594 Creatorem
1863 3531 1927 3592 et

380 3639 764 3701 creaturam.

914 3852 1320 3934 QUAESTIO
1373 3852 1421 3917 Ῑ.

691 4003 787 4060 An
814 4007 1015 4061 creatio
1040 4006 1395 4060 mutationem
1421 4001 1569 4058 dicat
1585 4000 1624 4058 ¹.

468 4166 650 4243 Quod
690 4166 922 4231 creatio
966 4167 1134 4231 dicat
1178 4165 1600 4231 mutationem
1618 4213 1636 4244 ,
1677 4166 1931 4231 videtur

380 4272 594 4355 primo
621 4291 737 4355 per
762 4273 1203 4337 auctoritatem
1230 4272 1599 4353 Augustini,
1625 4272 1788 4336 libro
1818 4271 1928 4336 XII

382 4380 468 4445 de
508 4380 700 4447 civit.
731 4382 849 4446 Dei
873 4382 897 4415 ²
925 4400 947 4441 :
984 4403 1015 4441 α
1040 4379 1268 4444 Omnia
1302 4398 1450 4462 quae
1494 4385 1700 4444 creata
1738 4384 1889 4444 sunt
1908 4429 1927 4461 ,

383 4490 719 4553 mutabilia
740 4492 913 4568 sunt,
936 4489 1090 4572 quia
1108 4489 1185 4553 de
1203 4489 1404 4552 nihilo
1433 4490 1592 4552 facta
1618 4494 1788 4553 sunt.
1811 4510 1842 4547 ι)
1866 4487 1931 4552 Si

385 4615 545 4678 ergo
576 4597 845 4661 creabile
876 4602 971 4660 est
997 4597 1327 4674 mutabile,
1349 4613 1506 4678 ergo
1526 4601 1813 4662 creatum
1840 4602 1934 4662 est

384 4709 733 4784 mutatum,
763 4711 828 4769 et
852 4698 1083 4770 creatio
1111 4709 1204 4769 est
1229 4708 1520 4769 mutati0.

471 4812 538 4877 Si
570 4817 643 4877 tu
671 4813 842 4878 dicas
867 4813 1041 4897 quod
1069 4816 1164 4876 est
1187 4814 1516 4893 mutabile,
1548 4814 1701 4896 quia
1732 4816 1936 4896 potest

382 4922 460 4985 in
486 4920 649 4983 nihil
676 4922 896 4985 cedere
916 4969 934 5000 ,
962 4925 1025 4984 et
1053 4938 1186 4983 non
1213 4920 1368 5003 quia
1397 4921 1778 5003 productum
1802 4925 1932 4999 est;

384 5028 622 5092 Contra
651 5047 669 5091 :
693 5028 871 5093 Sicut
895 5027 1147 5093 destrui
1174 5027 1326 5092 dicit
1352 5028 1526 5092 viam
1549 5029 1846 5094 veniendi
1868 5029 1936 5092 in

457 5190 475 5224 ¹
495 5190 578 5253 Cf.
607 5189 753 5239 Alex.
784 5188 975 5251 Alana,
1003 5201 1057 5251 p.
1085 5187 1151 5251 11,
1177 5200 1230 5251 q.
1249 5197 1322 5251 lx,
1346 5188 1538 5237 memb.
1563 5192 1622 5252 13
1653 5191 1708 5242 S.
1732 5190 1936 5254 Thom„

387 5276 448 5327 p.
471 5263 508 5324 l,
536 5275 587 5325 q.
611 5273 752 5326 xlm,
773 5267 868 5312 art.
890 5263 951 5325 2;
977 5264 1029 5310 et
1055 5262 1095 5311 ll
1122 5261 1282 5321 Seni„
1305 5261 1426 5311 dist.
1445 5274 1484 5325 1,
1509 5277 1561 5326 q.
1583 5273 1621 5326 1,
1642 5267 1738 5313 art.
1757 5265 1786 5313 2
1807 5267 1858 5313 et
1877 5266 1935 5329 ³3

389 5337 446 5384 et
468 5331 759 5396 deputent„
789 5346 840 5397 q.
868 5344 964 5393 ιιι,
992 5335 1089 5382 art.
1113 5334 1205 5395 163
1236 5335 1449 5397 Scotus,
1483 5334 1525 5384 11
1554 5335 1714 5399 Seni„
1741 5335 1860 5385 dist.
1885 5347 1938 5399 1,

391 5419 447 5470 q.
473 5416 534 5455 111
550 5419 568 5468 ς
609 5403 843 5470 AEgidius
868 5405 1041 5468 Rom„
1079 5406 1120 5455 ll
1153 5404 1314 5469 Sena,
1353 5405 1470 5456 dist.
1494 5418 1543 5470 1,
1572 5421 1629 5471 q.
1653 5419 1728 5471 11,
1756 5409 1853 5457 art.
1877 5410 1937 5470 ις

388 5475 655 5539 Richard„
701 5477 741 5525 ll
778 5475 940 5540 Seni„
967 5475 1083 5527 dist.
1109 5487 1161 5540 1,
1194 5490 1246 5541 q.
1275 5488 1347 5540 113
1377 5477 1639 5528 Francisc.
1669 5478 1733 5528 de
1769 5479 1936 5544 Mayr.

2012 846 2078 906 et
2102 844 2452 925 productio.

2095 952 2251 1016 Item
2280 956 2511 1019 creatio
2534 961 2629 1019 est
2655 956 2817 1019 actio
2848 982 2860 1020 :
2896 956 3005 1019 sed
3035 955 3245 1019 omnis
3276 955 3437 1019 actio
3459 958 3552 1019 est

2013 1061 2082 1123 in
2112 1066 2328 1141 motu,
2357 1068 2420 1126 et
2453 1064 2661 1127 omnis
2698 1068 2911 1127 motus
2953 1063 3022 1125 in
3062 1063 3307 1127 actione
3347 1082 3363 1125 ε
3393 1081 3551 1144 ergo

2015 1169 2128 1250 qui
2167 1173 2355 1247 creat,
2387 1189 2538 1235 vere
2565 1171 2744 1251 agit:
2772 1188 2930 1251 ergo
2956 1188 3106 1233 vere
3131 1174 3365 1234 movet.

2096 1275 2162 1339 Si
2202 1280 2274 1339 tu
2301 1277 2493 1355 dicaS,
2518 1279 2690 1360 quod
2721 1278 2881 1341 actio
2911 1276 3018 1340 Dei
3048 1277 3257 1357 magis
3282 1281 3376 1340 est
3401 1276 3551 1340 sub-

2015 1383 2245 1445 stantia
2272 1402 2469 1464 quam
2497 1386 2680 1463 acti0,
2712 1389 2774 1448 et
2800 1384 2945 1447 talis
2972 1388 3066 1447 est
3093 1384 3354 1462 creati03
3386 1383 3553 1465 obji-

2015 1491 2182 1553 citur
2208 1490 2285 1553 de
2314 1492 2625 1573 passione,
2646 1492 2798 1574 quia
2819 1491 3019 1556 creari
3045 1495 3139 1555 est
3160 1490 3359 1573 ipsius
3382 1509 3555 1554 crea-

2015 1599 2207 1661 turae.
2268 1596 2335 1661 Si
2408 1617 2564 1679 ergo
2633 1602 2925 1663 creatura
2988 1596 3405 1679 susceptibilis
3464 1599 3558 1660 est

2017 1720 2190 1765 verae
2259 1702 2338 1785 (a)
2406 1704 2713 1787 passionis
2740 1754 2756 1783 ,
2813 1709 2875 1768 et
2925 1703 3300 1768 mutationis
3321 1750 3340 1783 ,
3400 1720 3557 1783 ergo

2017 1810 2251 1872 creatio
2278 1811 2484 1892 passio
2505 1815 2600 1875 est
2622 1813 2684 1874 et
2717 1810 2790 1894 (b)
2824 1810 3113 1874 mutati0.

2101 1915 2259 1979 Item
2281 1935 2393 1999 per
2421 1916 2904 1994 Damascenum,
2929 1917 3041 1999 qui
3061 1914 3472 1998 philosophus
3497 1920 3560 1978 et

2017 2021 2358 2104 theologus
2406 2028 2498 2087 est
2543 2024 2565 2060 ⁸
2617 2047 2630 2087 :
2672 2048 2701 2084 (ι
2730 2023 2929 2088 Omne
2972 2022 3142 2105 quod
3184 2042 3225 2085 a
3270 2023 3562 2086 versione

2018 2129 2273 2212 incipit,
2318 2131 2385 2193 in
2427 2133 2786 2195 versionem
2830 2130 3031 2195 tendit
3071 2151 3101 2188 ι)
3144 2129 3457 2212 (loquitur
3485 2130 3562 2193 de

2021 2237 2370 2322 creatione)
2422 2262 2457 2312 :⁴
2478 2258 2636 2320 ergo
2682 2239 3034 2303 secundum
3070 2238 3281 2320 ipsum
3331 2237 3563 2302 creatio

2021 2350 2113 2408 est
2156 2345 2364 2410 versio
2404 2369 2417 2410 z
2464 2345 2572 2410 sed
2618 2347 2827 2410 omnis
2867 2346 3075 2410 versio
3122 2349 3216 2409 est
3256 2345 3559 2421 mutatiO,

2020 2451 2340 2534 sicutipse
2369 2452 2536 2516 idem
2566 2453 2908 2536 dicitquod
2937 2457 3164 2517 caetera
3184 2456 3335 2516 sunt
3360 2456 3565 2515 muta-

2022 2561 2174 2626 bilia
2193 2609 2209 2639 ,
2247 2563 2403 2645 quia
2429 2562 2745 2627 vertibilia
2789 2582 2806 2626 ε
2846 2581 3004 2647 ergo
3031 2563 3261 2627 creatio
3289 2565 3385 2625 est
3412 2579 3564 2625 mu-

2020 2670 2198 2734 tatio.

2105 2777 2303 2842 Item:
2334 2780 2576 2860 quanto
2604 2777 2817 2859 aliqua
2843 2782 2992 2841 sunt
3019 2777 3231 2858 magis
3248 2776 3563 2856 distantia,

2023 2888 2201 2948 tanto
2254 2886 2324 2948 in
2375 2884 2806 2968 perveniendo
2854 2885 2936 2948 ab
2980 2903 3114 2948 uno
3168 2885 3238 2947 in
3291 2884 3566 2947 alterum

2026 2994 2233 3073 major
2272 2996 2365 3056 est
2410 2992 2676 3055 mutatio
2715 2996 2777 3056 et
2812 2992 3080 3057 variatio
3126 3014 3140 3055 :
3195 2990 3305 3055 sed
3348 3009 3464 3054 ens
3506 2993 3571 3053 et

2028 3116 2161 3162 non
2186 3118 2298 3162 ens
2330 3118 2583 3164 summe
2607 3098 2840 3162 distant
2871 3121 2885 3162 z
2921 3117 3101 3179 erg0,
3131 3116 3281 3188 cum
3308 3097 3376 3160 in
3399 3115 3569 3161 crea-

2024 3208 2203 3271 tione
2237 3207 2315 3271 de
2355 3226 2484 3272 non
2508 3210 2655 3271 ente
2682 3209 2796 3271 fiat
2820 3224 2955 3285 ena,
2982 3206 3214 3271 creatio
3239 3206 3569 3271 verissime

2029 3319 2124 3378 est
2151 3315 2440 3379 mutatio.

2111 3405 2269 3484 Item
2309 3422 2520 3503 magis
2552 3423 2836 3484 mutatur
2875 3437 2977 3484 res
3015 3420 3269 3503 quando
3307 3418 3572 3502 suscipit

2030 3529 2304 3592 formam
2331 3547 2567 3593 novam
2592 3576 2609 3604 ,
2638 3545 2835 3611 quam
2863 3528 3118 3610 quando
3152 3527 3419 3610 acquirit
3446 3545 3570 3590 no-

2030 3654 2191 3700 vum
2212 3637 2437 3714 situm3
2471 3642 2533 3700 et
2570 3655 2796 3701 rursus
2836 3636 3043 3699 adhuc
3083 3636 3292 3717 magis
3317 3635 3573 3718 quando

2033 3743 2583 3824 acquiritformam
2593 3742 3088 3820 substantialem,
3104 3761 3300 3825 quam
3320 3743 3574 3825 quando

2035 3849 2309 3931 acquirit
2347 3851 2821 3932 dispositionem
2863 3849 3311 3912 accidentalem
3351 3871 3366 3912 :
3418 3866 3577 3930 ergo

2035 3952 2293 4035 quando
2352 3957 2559 4016 totum
2607 3954 2684 4017 de
2730 3970 2901 4016 novo
2940 3952 3167 4034 recipit
3206 3955 3270 4016 et
3313 3952 3573 4034 accipit,
3616 3974 3632 3998 0

2036 4064 2191 4124 tunc
2220 4063 2514 4124 mutatur
2544 4060 2827 4123 maxime
2856 4080 2873 4123 ε
2906 4059 3015 4123 sed
3042 4060 3165 4123 hoc
3190 4059 3381 4124 estin
3401 4077 3579 4123 crea-

2035 4166 2210 4231 tione
2242 4188 2258 4230 :
2289 4184 2448 4248 ergo
2474 4168 2563 4230 ibi
2585 4185 2736 4230 vere
2761 4170 2858 4230 est
2883 4166 3171 4229 mutatio.

2118 4272 2278 4336 Item
2333 4294 2349 4336 t
2399 4273 2452 4335 si
2499 4272 2737 4336 creatio
2780 4272 2930 4336 dicit
2977 4273 3293 4336 actionem
3342 4273 3580 4354 absque
3668 4299 3673 4305 ·

2038 4379 2217 4441 omni
2260 4377 2610 4442 mutatione
2633 4425 2650 4457 ,
2696 4395 2855 4459 ergo
2906 4379 3147 4460 absque
3186 4378 3364 4442 omni
3412 4383 3581 4441 tem-

2038 4503 2194 4568 pore
2223 4506 2237 4548 :
2269 4490 2332 4548 et
2352 4485 2503 4549 talia
2531 4490 2798 4568 possunt
2822 4486 3027 4549 inesse
3045 4533 3061 4562 ,
3110 4489 3175 4550 et
3209 4485 3430 4548 insunt
3455 4484 3581 4548 Deo

2039 4591 2121 4655 ab
2144 4594 2384 4656 aeterno
2414 4614 2429 4656 :
2464 4609 2621 4673 ergo
2648 4593 2903 4658 videtur
2924 4592 3097 4675 quod
3124 4591 3289 4656 Deus
3315 4609 3418 4655 res
3442 4608 3584 4674 pro-

2040 4698 2226 4763 duxit
2250 4699 2331 4762 ab
2359 4703 2623 4763 aeterno,

2123 4810 2181 4868 1.
2215 4806 2314 4870 Ad
2345 4808 2710 4890 oppositum
2736 4805 3038 4887 Magister
3073 4805 3255 4884 dicit,
3292 4808 3357 4869 et
3380 4803 3585 4867 habe·
3633 4835 3702 4879 Ad
3719 4846 3826 4890 σῃ,

2040 4916 2151 4976 tur
2183 4912 2253 4975 in
2274 4913 2483 4977 littera
2517 4930 2535 4974 t
2578 4936 2610 4975 α
2637 4913 2795 4978 Cum
2833 4913 3104 4977 dicimus
3143 4911 3348 4976 Deum
3382 4910 3588 4974 facere

2045 5083 2090 5132 ΙΙ
2116 5081 2276 5144 Seni„
2306 5081 2423 5133 dist.
2452 5094 2490 5147 1,
2517 5096 2571 5147 q.
2597 5095 2647 5146 13
2679 5082 2930 5146 Durand.,
2960 5082 3003 5132 ll
3033 5082 3194 5146 Sent„
3222 5081 3339 5132 dist.
3360 5092 3409 5146 1,
3435 5094 3486 5146 q.
3512 5092 3585 5144 113

2041 5154 2192 5205 Joan.
2227 5155 2469 5217 Baccon„
2496 5155 2537 5204 ll
2568 5156 2727 5218 Seni„
2755 5153 2875 5204 dist.
2896 5166 2949 5217 1,
2978 5167 3029 5216 q.
3051 5165 3128 5219 lv,
3156 5165 3187 5202 v
3215 5156 3267 5202 et
3293 5165 3377 5217 νη
3407 5151 3587 5215 Steph.

2044 5227 2251 5291 Bruler„
2286 5230 2328 5277 ll
2355 5228 2517 5292 Sent„
2545 5227 2664 5278 dist.
2688 5239 2726 5288 1,
2751 5241 2801 5291 q.
2824 5238 2875 5274 v.
2905 5253 2969 5264 —
2999 5229 3192 5291 ²Aug„
3213 5225 3274 5275 de
3296 5225 3450 5276 civit.
3473 5226 3586 5288 Dei,

2043 5298 2136 5349 lib.
2156 5299 2266 5363 xli,
2288 5314 2333 5352 c.
2354 5312 2390 5365 1,
2414 5313 2467 5350 n.
2488 5299 2646 5349 3.--8
2664 5299 2922 5362 Βαωειεο.,
2943 5296 3004 5347 de
3029 5297 3160 5348 Fide
3178 5296 3397 5363 orthod„
3420 5297 3510 5346 lib.
3539 5297 3586 5360 l,

2047 5384 2096 5421 c.
2116 5382 2197 5422 111.

2112 5476 2187 5542 (a)
2206 5478 2331 5528 Coet.
2345 5475 2466 5527 edit.
2487 5489 2702 5529 vere.-
2720 5475 2785 5542 (ὁ)
2804 5476 2927 5527 Caet.
2942 5474 3065 5528 edit.
3082 5475 3216 5527 deest
3234 5482 3302 5528 et.
