<?xml version="1.0" encoding="UTF-8"?>
<!DOCTYPE html PUBLIC "-//W3C//DTD XHTML 1.0 Transitional//EN"
    "http://www.w3.org/TR/xhtml1/DTD/xhtml1-transitional.dtd">
<html xmlns="http://www.w3.org/1999/xhtml" xml:lang="en" lang="en">
 <head>
  <title>
</title>
<meta http-equiv="Content-Type" content="text/html;charset=utf-8" />
  <meta name='ocr-system' content='tesseract 3.04.00' />
  <meta name='ocr-capabilities' content='ocr_page ocr_carea ocr_par ocr_line ocrx_word'/>
</head>
<body>
  <div class='ocr_page' id='page_1' title='image "./srecardinalissb01peltgoog_0608.png"; bbox 0 0 4125 6225; ppageno 0'>
   <div class='ocr_carea' id='block_1_1' title="bbox 665 492 2742 576">
    <p class='ocr_par' dir='ltr' id='par_1_1' title="bbox 665 492 2742 576">
     <span class='ocr_line' id='line_1_1' title="bbox 665 492 2742 576; baseline -0.009 1"><span class='ocrx_word' id='word_1_1' title='bbox 665 510 788 576; x_wconf 69' lang='lat'><strong>3³6</strong></span> <span class='ocrx_word' id='word_1_2' title='bbox 1687 557 1704 574; x_wconf 94' lang='lat'><strong>.</strong></span> <span class='ocrx_word' id='word_1_3' title='bbox 1808 495 2434 567; x_wconf 71' lang='lat' dir='ltr'><strong>SENTENTIARUM</strong></span> <span class='ocrx_word' id='word_1_4' title='bbox 2469 492 2619 561; x_wconf 84' lang='lat' dir='ltr'><strong>LIB.</strong></span> <span class='ocrx_word' id='word_1_5' title='bbox 2662 492 2742 560; x_wconf 90' lang='lat'><strong>11.</strong></span> 
     </span>
    </p>
   </div>
   <div class='ocr_carea' id='block_1_2' title="bbox 1198 768 1666 851">
    <p class='ocr_par' dir='ltr' id='par_1_2' title="bbox 1198 768 1666 851">
     <span class='ocr_line' id='line_1_2' title="bbox 1198 768 1666 851; baseline -0.006 -13"><span class='ocrx_word' id='word_1_6' title='bbox 1198 768 1555 851; x_wconf 82' lang='lat' dir='ltr'><strong>QUAESTIO</strong></span> <span class='ocrx_word' id='word_1_7' title='bbox 1586 768 1666 835; x_wconf 89' lang='lat'><strong>11.</strong></span> 
     </span>
    </p>
   </div>
   <div class='ocr_carea' id='block_1_3' title="bbox 669 921 2214 1073">
    <p class='ocr_par' dir='ltr' id='par_1_3' title="bbox 669 921 2214 1073">
     <span class='ocr_line' id='line_1_3' title="bbox 669 921 2214 1003; baseline -0.008 -13"><span class='ocrx_word' id='word_1_8' title='bbox 669 935 766 991; x_wconf 80' lang='lat' dir='ltr'><strong>An</strong></span> <span class='ocrx_word' id='word_1_9' title='bbox 787 930 1022 988; x_wconf 67' lang='lat' dir='ltr'><strong>mter-ia</strong></span> <span class='ocrx_word' id='word_1_10' title='bbox 1057 929 1248 1003; x_wconf 80' lang='lat' dir='ltr'><strong>prima</strong></span> <span class='ocrx_word' id='word_1_11' title='bbox 1276 923 1545 1001; x_wconf 76' lang='lat' dir='ltr'><strong>producta</strong></span> <span class='ocrx_word' id='word_1_12' title='bbox 1588 925 1665 981; x_wconf 80' lang='lat' dir='ltr'><strong>sit</strong></span> <span class='ocrx_word' id='word_1_13' title='bbox 1707 926 1771 980; x_wconf 81' lang='lat' dir='ltr'><strong>in</strong></span> <span class='ocrx_word' id='word_1_14' title='bbox 1812 921 1934 991; x_wconf 77' lang='lat' dir='ltr'><strong>die,</strong></span> <span class='ocrx_word' id='word_1_15' title='bbox 1959 923 2047 981; x_wconf 81' lang='lat' dir='ltr'><strong>vel</strong></span> <span class='ocrx_word' id='word_1_16' title='bbox 2085 924 2214 980; x_wconf 79' lang='lat' dir='ltr'><strong>ante</strong></span> 
     </span>
     <span class='ocr_line' id='line_1_4' title="bbox 1226 1014 1662 1073; baseline -0.002 -1"><span class='ocrx_word' id='word_1_17' title='bbox 1226 1030 1433 1073; x_wconf 78' lang='lat' dir='ltr'><strong>omnem</strong></span> <span class='ocrx_word' id='word_1_18' title='bbox 1457 1014 1600 1072; x_wconf 74' lang='lat' dir='ltr'><strong>diem</strong></span> <span class='ocrx_word' id='word_1_19' title='bbox 1618 1014 1662 1071; x_wconf 87' lang='lat'><strong>¹.</strong></span> 
     </span>
    </p>
   </div>
   <div class='ocr_carea' id='block_1_4' title="bbox 427 1173 2217 1257">
    <p class='ocr_par' dir='ltr' id='par_1_4' title="bbox 427 1173 2217 1257">
     <span class='ocr_line' id='line_1_5' title="bbox 427 1173 2217 1257; baseline -0.005 -10"><span class='ocrx_word' id='word_1_20' title='bbox 427 1175 641 1226; x_wconf 60' lang='lat' dir='ltr'><strong>rm</strong></span> <span class='ocrx_word' id='word_1_21' title='bbox 752 1178 840 1245; x_wconf 89' lang='lat' dir='ltr'><strong>De</strong></span> <span class='ocrx_word' id='word_1_22' title='bbox 873 1175 1132 1241; x_wconf 84' lang='lat' dir='ltr'><strong>informi</strong></span> <span class='ocrx_word' id='word_1_23' title='bbox 1171 1173 1440 1241; x_wconf 86' lang='lat' dir='ltr'><strong>materia</strong></span> <span class='ocrx_word' id='word_1_24' title='bbox 1483 1175 1799 1257; x_wconf 89' lang='lat' dir='ltr'><strong>quantum</strong></span> <span class='ocrx_word' id='word_1_25' title='bbox 1838 1173 1921 1238; x_wconf 85' lang='lat' dir='ltr'><strong>ad</strong></span> <span class='ocrx_word' id='word_1_26' title='bbox 1957 1175 2217 1255; x_wconf 91' lang='lat' dir='ltr'><strong>tempus</strong></span> 
     </span>
    </p>
   </div>
   <div class='ocr_carea' id='block_1_5' title="bbox 669 1279 2237 3726">
    <p class='ocr_par' dir='ltr' id='par_1_5' title="bbox 669 1279 2227 2219">
     <span class='ocr_line' id='line_1_6' title="bbox 669 1279 2217 1369; baseline -0.006 -16"><span class='ocrx_word' id='word_1_27' title='bbox 669 1304 807 1353; x_wconf 84' lang='lat' dir='ltr'><strong>suae</strong></span> <span class='ocrx_word' id='word_1_28' title='bbox 858 1282 1292 1369; x_wconf 83' lang='lat' dir='ltr'>productionis</span> <span class='ocrx_word' id='word_1_29' title='bbox 1338 1303 1355 1348; x_wconf 72' lang='grc' dir='ltr'><strong>ε</strong></span> <span class='ocrx_word' id='word_1_30' title='bbox 1389 1284 1454 1345; x_wconf 91' lang='lat' dir='ltr'><strong>et</strong></span> <span class='ocrx_word' id='word_1_31' title='bbox 1505 1283 1602 1345; x_wconf 86' lang='lat' dir='ltr'><strong>est</strong></span> <span class='ocrx_word' id='word_1_32' title='bbox 1635 1279 1906 1364; x_wconf 80' lang='lat' dir='ltr'><strong>quaestio</strong></span> <span class='ocrx_word' id='word_1_33' title='bbox 1923 1327 1946 1360; x_wconf 86' lang='lat'><strong><em>,</em></strong></span> <span class='ocrx_word' id='word_1_34' title='bbox 1991 1283 2217 1345; x_wconf 86' lang='lat' dir='ltr'><strong>utrum</strong></span> 
     </span>
     <span class='ocr_line' id='line_1_7' title="bbox 671 1388 2217 1479; baseline -0.005 -19"><span class='ocrx_word' id='word_1_35' title='bbox 671 1393 978 1479; x_wconf 88' lang='lat' dir='ltr'><strong>producta</strong></span> <span class='ocrx_word' id='word_1_36' title='bbox 1040 1389 1235 1455; x_wconf 86' lang='lat' dir='ltr'><strong>fuerit</strong></span> <span class='ocrx_word' id='word_1_37' title='bbox 1283 1390 1354 1454; x_wconf 91' lang='lat' dir='ltr'><strong>in</strong></span> <span class='ocrx_word' id='word_1_38' title='bbox 1407 1388 1512 1454; x_wconf 91' lang='lat' dir='ltr'><strong>die</strong></span> <span class='ocrx_word' id='word_1_39' title='bbox 1537 1436 1557 1467; x_wconf 89' lang='lat'>,</span> <span class='ocrx_word' id='word_1_40' title='bbox 1611 1406 1697 1453; x_wconf 90' lang='lat' dir='ltr'><strong>an</strong></span> <span class='ocrx_word' id='word_1_41' title='bbox 1754 1392 1902 1453; x_wconf 90' lang='lat' dir='ltr'><strong>aute</strong></span> <span class='ocrx_word' id='word_1_42' title='bbox 1956 1405 2217 1453; x_wconf 91' lang='lat' dir='ltr'><strong>omnem</strong></span> 
     </span>
     <span class='ocr_line' id='line_1_8' title="bbox 672 1495 2220 1582; baseline -0.004 -15"><span class='ocrx_word' id='word_1_43' title='bbox 672 1501 881 1579; x_wconf 89' lang='lat' dir='ltr'><strong>diem;</strong></span> <span class='ocrx_word' id='word_1_44' title='bbox 917 1503 982 1564; x_wconf 86' lang='lat' dir='ltr'><strong>et</strong></span> <span class='ocrx_word' id='word_1_45' title='bbox 1018 1497 1193 1582; x_wconf 88' lang='lat' dir='ltr'><strong>quod</strong></span> <span class='ocrx_word' id='word_1_46' title='bbox 1231 1500 1379 1562; x_wconf 88' lang='lat' dir='ltr'><strong>ante</strong></span> <span class='ocrx_word' id='word_1_47' title='bbox 1413 1513 1676 1560; x_wconf 91' lang='lat' dir='ltr'><strong>omnem</strong></span> <span class='ocrx_word' id='word_1_48' title='bbox 1719 1495 1891 1561; x_wconf 92' lang='lat' dir='ltr'><strong>diem</strong></span> <span class='ocrx_word' id='word_1_49' title='bbox 1904 1544 1924 1576; x_wconf 89' lang='lat'>‚</span> <span class='ocrx_word' id='word_1_50' title='bbox 1961 1495 2220 1561; x_wconf 89' lang='lat' dir='ltr'><strong>videtur</strong></span> 
     </span>
     <span class='ocr_line' id='line_1_9' title="bbox 670 1594 2218 1685; baseline -0.003 -20"><span class='ocrx_word' id='word_1_51' title='bbox 670 1600 881 1685; x_wconf 89' lang='lat' dir='ltr'><strong>primo</strong></span> <span class='ocrx_word' id='word_1_52' title='bbox 921 1616 1036 1682; x_wconf 88' lang='lat' dir='ltr'><strong>per</strong></span> <span class='ocrx_word' id='word_1_53' title='bbox 1079 1599 1329 1662; x_wconf 84' lang='lat' dir='ltr'><strong>textum</strong></span> <span class='ocrx_word' id='word_1_54' title='bbox 1374 1595 1633 1662; x_wconf 75' lang='lat' dir='ltr'><strong>Gevwsis</strong></span> <span class='ocrx_word' id='word_1_55' title='bbox 1658 1599 1684 1635; x_wconf 81' lang='lat'>⁸</span> <span class='ocrx_word' id='word_1_56' title='bbox 1712 1615 1737 1658; x_wconf 91' lang='lat'><strong>.·</strong></span> <span class='ocrx_word' id='word_1_57' title='bbox 1766 1596 1848 1661; x_wconf 80' lang='lat' dir='ltr'><strong>In</strong></span> <span class='ocrx_word' id='word_1_58' title='bbox 1881 1594 2218 1678; x_wconf 73' lang='lat' dir='ltr'><strong>priaewipio</strong></span> 
     </span>
     <span class='ocr_line' id='line_1_10' title="bbox 671 1703 2222 1782; baseline -0.005 -7"><span class='ocrx_word' id='word_1_59' title='bbox 671 1707 916 1775; x_wconf 59' lang='lat' dir='ltr'><strong>meavit</strong></span> <span class='ocrx_word' id='word_1_60' title='bbox 942 1707 1107 1772; x_wconf 80' lang='lat' dir='ltr'><strong>Deus</strong></span> <span class='ocrx_word' id='word_1_61' title='bbox 1129 1703 1352 1771; x_wconf 80' lang='lat' dir='ltr'><strong>caelwn</strong></span> <span class='ocrx_word' id='word_1_62' title='bbox 1376 1708 1435 1770; x_wconf 78' lang='lat' dir='ltr'><strong>et</strong></span> <span class='ocrx_word' id='word_1_63' title='bbox 1461 1707 1733 1782; x_wconf 80' lang='lat' dir='ltr'><strong>terram,</strong></span> <span class='ocrx_word' id='word_1_64' title='bbox 1764 1707 1884 1769; x_wconf 86' lang='lat' dir='ltr'><strong>etc.</strong></span> <span class='ocrx_word' id='word_1_65' title='bbox 1917 1703 2222 1768; x_wconf 80' lang='lat' dir='ltr'><strong>Constans</strong></span> 
     </span>
     <span class='ocr_line' id='line_1_11' title="bbox 675 1810 2221 1895; baseline -0.005 -14"><span class='ocrx_word' id='word_1_66' title='bbox 675 1819 770 1881; x_wconf 81' lang='lat' dir='ltr'><strong>est</strong></span> <span class='ocrx_word' id='word_1_67' title='bbox 789 1815 913 1879; x_wconf 91' lang='lat' dir='ltr'><strong>hoc</strong></span> <span class='ocrx_word' id='word_1_68' title='bbox 938 1814 1180 1880; x_wconf 85' lang='lat' dir='ltr'><strong>factum</strong></span> <span class='ocrx_word' id='word_1_69' title='bbox 1208 1813 1403 1877; x_wconf 85' lang='lat' dir='ltr'><strong>fuisse</strong></span> <span class='ocrx_word' id='word_1_70' title='bbox 1429 1816 1577 1877; x_wconf 89' lang='lat' dir='ltr'><strong>ante</strong></span> <span class='ocrx_word' id='word_1_71' title='bbox 1603 1811 2087 1895; x_wconf 86' lang='lat' dir='ltr'><strong>productionem</strong></span> <span class='ocrx_word' id='word_1_72' title='bbox 2111 1810 2221 1874; x_wconf 89' lang='lat' dir='ltr'><strong>lu-</strong></span> 
     </span>
     <span class='ocr_line' id='line_1_12' title="bbox 676 1917 2222 2002; baseline -0.004 -16"><span class='ocrx_word' id='word_1_73' title='bbox 676 1921 767 1986; x_wconf 89' lang='lat' dir='ltr'><strong>cis</strong></span> <span class='ocrx_word' id='word_1_74' title='bbox 783 1969 802 2002; x_wconf 89' lang='lat'>,</span> <span class='ocrx_word' id='word_1_75' title='bbox 833 1919 996 1985; x_wconf 89' lang='lat' dir='ltr'><strong>sicut</strong></span> <span class='ocrx_word' id='word_1_76' title='bbox 1036 1920 1177 2002; x_wconf 88' lang='lat' dir='ltr'><strong>ipsa</strong></span> <span class='ocrx_word' id='word_1_77' title='bbox 1209 1919 1544 2002; x_wconf 81' lang='lat' dir='ltr'>Scriptura</span> <span class='ocrx_word' id='word_1_78' title='bbox 1567 1917 1894 1983; x_wconf 83' lang='lat' dir='ltr'><strong>insinuat:</strong></span> <span class='ocrx_word' id='word_1_79' title='bbox 1931 1917 2042 1982; x_wconf 92' lang='lat' dir='ltr'><strong>sed</strong></span> <span class='ocrx_word' id='word_1_80' title='bbox 2071 1934 2222 1982; x_wconf 92' lang='lat' dir='ltr'><strong>cum</strong></span> 
     </span>
     <span class='ocr_line' id='line_1_13' title="bbox 676 2023 2227 2111; baseline -0.004 -18"><span class='ocrx_word' id='word_1_81' title='bbox 676 2028 823 2093; x_wconf 87' lang='lat' dir='ltr'><strong>luce</strong></span> <span class='ocrx_word' id='word_1_82' title='bbox 849 2027 1042 2111; x_wconf 83' lang='lat' dir='ltr'><strong>coepit</strong></span> <span class='ocrx_word' id='word_1_83' title='bbox 1067 2027 1200 2092; x_wconf 90' lang='lat' dir='ltr'><strong>dies</strong></span> <span class='ocrx_word' id='word_1_84' title='bbox 1225 2044 1241 2086; x_wconf 73' lang='grc' dir='ltr'>ε</span> <span class='ocrx_word' id='word_1_85' title='bbox 1269 2044 1427 2107; x_wconf 78' lang='lat' dir='ltr'><strong>ergo</strong></span> <span class='ocrx_word' id='word_1_86' title='bbox 1453 2029 1600 2089; x_wconf 86' lang='lat' dir='ltr'><strong>ante</strong></span> <span class='ocrx_word' id='word_1_87' title='bbox 1621 2042 1882 2090; x_wconf 89' lang='lat' dir='ltr'><strong>omnem</strong></span> <span class='ocrx_word' id='word_1_88' title='bbox 1910 2023 2082 2090; x_wconf 91' lang='lat' dir='ltr'><strong>diem</strong></span> <span class='ocrx_word' id='word_1_89' title='bbox 2104 2023 2227 2089; x_wconf 80' lang='lat' dir='ltr'><strong>fuit</strong></span> 
     </span>
     <span class='ocr_line' id='line_1_14' title="bbox 678 2132 1666 2219; baseline -0.003 -20"><span class='ocrx_word' id='word_1_90' title='bbox 678 2134 1010 2219; x_wconf 87' lang='lat' dir='ltr'><strong>productio</strong></span> <span class='ocrx_word' id='word_1_91' title='bbox 1036 2132 1328 2198; x_wconf 82' lang='lat' dir='ltr'><strong>informis</strong></span> <span class='ocrx_word' id='word_1_92' title='bbox 1354 2132 1666 2197; x_wconf 69' lang='lat' dir='ltr'><strong>materiae.</strong></span> 
     </span>
    </p>

    <p class='ocr_par' dir='ltr' id='par_1_6' title="bbox 681 2237 2226 2523">
     <span class='ocr_line' id='line_1_15' title="bbox 762 2237 2220 2323; baseline -0.003 -17"><span class='ocrx_word' id='word_1_93' title='bbox 762 2241 924 2306; x_wconf 89' lang='lat' dir='ltr'><strong>Item</strong></span> <span class='ocrx_word' id='word_1_94' title='bbox 977 2240 1385 2323; x_wconf 82' lang='lat' dir='ltr'><strong>Augustinus</strong></span> <span class='ocrx_word' id='word_1_95' title='bbox 1406 2288 1426 2320; x_wconf 89' lang='lat'>‚</span> <span class='ocrx_word' id='word_1_96' title='bbox 1480 2238 1593 2305; x_wconf 86' lang='lat' dir='ltr'><strong>XII</strong></span> <span class='ocrx_word' id='word_1_97' title='bbox 1639 2237 2121 2319; x_wconf 72' lang='lat' dir='ltr'><strong>confessionum</strong></span> <span class='ocrx_word' id='word_1_98' title='bbox 2147 2241 2171 2278; x_wconf 82' lang='lat'>⁸</span> <span class='ocrx_word' id='word_1_99' title='bbox 2202 2255 2220 2301; x_wconf 73' lang='grc' dir='ltr'><strong><em>ε</em></strong></span> 
     </span>
     <span class='ocr_line' id='line_1_16' title="bbox 685 2348 2226 2414; baseline -0.002 0"><span class='ocrx_word' id='word_1_100' title='bbox 685 2373 719 2414; x_wconf 72' lang='grc' dir='ltr'>ι</span> <span class='ocrx_word' id='word_1_101' title='bbox 748 2348 1095 2414; x_wconf 85' lang='lat' dir='ltr'><strong>Informem</strong></span> <span class='ocrx_word' id='word_1_102' title='bbox 1136 2349 1471 2414; x_wconf 76' lang='lat' dir='ltr'><strong>materiam</strong></span> <span class='ocrx_word' id='word_1_103' title='bbox 1532 2348 1734 2414; x_wconf 82' lang='lat' dir='ltr'><strong>fecisti</strong></span> <span class='ocrx_word' id='word_1_104' title='bbox 1776 2351 1924 2413; x_wconf 86' lang='lat' dir='ltr'><strong>ante</strong></span> <span class='ocrx_word' id='word_1_105' title='bbox 1963 2364 2226 2413; x_wconf 88' lang='lat' dir='ltr'><strong>omnem</strong></span> 
     </span>
     <span class='ocr_line' id='line_1_17' title="bbox 681 2457 941 2523; baseline -0.027 0"><span class='ocrx_word' id='word_1_106' title='bbox 681 2457 879 2523; x_wconf 89' lang='lat' dir='ltr'><strong>diem.</strong></span> <span class='ocrx_word' id='word_1_107' title='bbox 907 2476 941 2516; x_wconf 74' lang='lat' dir='ltr'><strong>n</strong></span> 
     </span>
    </p>

    <p class='ocr_par' dir='ltr' id='par_1_7' title="bbox 684 2561 2233 3066">
     <span class='ocr_line' id='line_1_18' title="bbox 765 2561 2228 2648; baseline 0 -17"><span class='ocrx_word' id='word_1_108' title='bbox 765 2565 927 2632; x_wconf 87' lang='lat' dir='ltr'><strong>Item</strong></span> <span class='ocrx_word' id='word_1_109' title='bbox 952 2587 970 2631; x_wconf 76' lang='lat' dir='ltr'><strong><em>z</em></strong></span> <span class='ocrx_word' id='word_1_110' title='bbox 1003 2562 1197 2648; x_wconf 77' lang='lat' dir='ltr'><strong>Hugo</strong></span> <span class='ocrx_word' id='word_1_111' title='bbox 1217 2564 1297 2630; x_wconf 90' lang='lat' dir='ltr'><strong>de</strong></span> <span class='ocrx_word' id='word_1_112' title='bbox 1323 2563 1390 2631; x_wconf 90' lang='lat' dir='ltr'><strong>S.</strong></span> <span class='ocrx_word' id='word_1_113' title='bbox 1417 2562 1705 2645; x_wconf 79' lang='lat' dir='ltr'><strong>Victore,</strong></span> <span class='ocrx_word' id='word_1_114' title='bbox 1729 2563 1801 2629; x_wconf 91' lang='lat' dir='ltr'><strong>in</strong></span> <span class='ocrx_word' id='word_1_115' title='bbox 1823 2563 1988 2630; x_wconf 90' lang='lat' dir='ltr'><strong>libro</strong></span> <span class='ocrx_word' id='word_1_116' title='bbox 2004 2561 2085 2631; x_wconf 81' lang='lat' dir='ltr'><strong>de</strong></span> <span class='ocrx_word' id='word_1_117' title='bbox 2113 2563 2228 2631; x_wconf 88' lang='lat' dir='ltr'><strong>Sa·</strong></span> 
     </span>
     <span class='ocr_line' id='line_1_19' title="bbox 684 2670 2229 2756; baseline -0.005 -10"><span class='ocrx_word' id='word_1_118' title='bbox 684 2675 1032 2746; x_wconf 78' lang='lat' dir='ltr'><strong>oramentis</strong></span> <span class='ocrx_word' id='word_1_119' title='bbox 1061 2694 1090 2742; x_wconf 79' lang='lat'><strong>.·</strong></span> <span class='ocrx_word' id='word_1_120' title='bbox 1137 2695 1172 2735; x_wconf 73' lang='lat' dir='ltr'><strong>a</strong></span> <span class='ocrx_word' id='word_1_121' title='bbox 1197 2670 1413 2737; x_wconf 89' lang='lat' dir='ltr'><strong>Primo</strong></span> <span class='ocrx_word' id='word_1_122' title='bbox 1452 2673 1781 2737; x_wconf 91' lang='lat' dir='ltr'><strong>momento</strong></span> <span class='ocrx_word' id='word_1_123' title='bbox 1821 2672 2128 2756; x_wconf 88' lang='lat' dir='ltr'><strong>temporis</strong></span> <span class='ocrx_word' id='word_1_124' title='bbox 2157 2674 2229 2739; x_wconf 91' lang='lat' dir='ltr'><strong>iu</strong></span> 
     </span>
     <span class='ocr_line' id='line_1_20' title="bbox 687 2777 2230 2869; baseline -0.005 -19"><span class='ocrx_word' id='word_1_125' title='bbox 687 2800 818 2869; x_wconf 93' lang='lat' dir='ltr'><strong>quo</strong></span> <span class='ocrx_word' id='word_1_126' title='bbox 841 2784 1052 2848; x_wconf 85' lang='lat' dir='ltr'><strong>creata</strong></span> <span class='ocrx_word' id='word_1_127' title='bbox 1076 2782 1173 2845; x_wconf 91' lang='lat' dir='ltr'><strong>est</strong></span> <span class='ocrx_word' id='word_1_128' title='bbox 1194 2779 1491 2845; x_wconf 91' lang='lat' dir='ltr'><strong>omnium</strong></span> <span class='ocrx_word' id='word_1_129' title='bbox 1516 2777 1871 2845; x_wconf 81' lang='lat' dir='ltr'><strong>visibilium</strong></span> <span class='ocrx_word' id='word_1_130' title='bbox 1899 2783 1964 2843; x_wconf 91' lang='lat' dir='ltr'><strong>et</strong></span> <span class='ocrx_word' id='word_1_131' title='bbox 1996 2778 2230 2845; x_wconf 90' lang='lat' dir='ltr'><strong>invisi-</strong></span> 
     </span>
     <span class='ocr_line' id='line_1_21' title="bbox 685 2886 2233 2971; baseline -0.003 -15"><span class='ocrx_word' id='word_1_132' title='bbox 685 2890 915 2956; x_wconf 91' lang='lat' dir='ltr'><strong>bilium</strong></span> <span class='ocrx_word' id='word_1_133' title='bbox 944 2887 1232 2955; x_wconf 89' lang='lat' dir='ltr'><strong>materia.</strong></span> <span class='ocrx_word' id='word_1_134' title='bbox 1271 2908 1305 2948; x_wconf 74' lang='lat' dir='ltr'><strong>n</strong></span> <span class='ocrx_word' id='word_1_135' title='bbox 1338 2886 1418 2954; x_wconf 88' lang='lat' dir='ltr'><strong>Et</strong></span> <span class='ocrx_word' id='word_1_136' title='bbox 1450 2888 1541 2952; x_wconf 91' lang='lat' dir='ltr'><strong>ita</strong></span> <span class='ocrx_word' id='word_1_137' title='bbox 1577 2904 1790 2971; x_wconf 89' lang='lat' dir='ltr'><strong>neque</strong></span> <span class='ocrx_word' id='word_1_138' title='bbox 1815 2905 1950 2951; x_wconf 81' lang='lat' dir='ltr'><strong>nox</strong></span> <span class='ocrx_word' id='word_1_139' title='bbox 1968 2934 1989 2967; x_wconf 86' lang='lat'>,</span> <span class='ocrx_word' id='word_1_140' title='bbox 2021 2904 2233 2969; x_wconf 90' lang='lat' dir='ltr'><strong>neque</strong></span> 
     </span>
     <span class='ocr_line' id='line_1_22' title="bbox 688 2998 993 3066; baseline -0.01 0"><span class='ocrx_word' id='word_1_141' title='bbox 688 2998 822 3066; x_wconf 89' lang='lat' dir='ltr'><strong>dies</strong></span> <span class='ocrx_word' id='word_1_142' title='bbox 847 2998 993 3066; x_wconf 82' lang='lat' dir='ltr'><strong>fuit.</strong></span> 
     </span>
    </p>

    <p class='ocr_par' dir='ltr' id='par_1_8' title="bbox 691 3101 2237 3726">
     <span class='ocr_line' id='line_1_23' title="bbox 768 3101 2231 3187; baseline -0.007 -10"><span class='ocrx_word' id='word_1_143' title='bbox 768 3108 932 3177; x_wconf 88' lang='lat' dir='ltr'><strong>Item</strong></span> <span class='ocrx_word' id='word_1_144' title='bbox 982 3105 1228 3173; x_wconf 86' lang='lat' dir='ltr'><strong>ratione</strong></span> <span class='ocrx_word' id='word_1_145' title='bbox 1273 3102 1552 3173; x_wconf 86' lang='lat' dir='ltr'><strong>videtur.</strong></span> <span class='ocrx_word' id='word_1_146' title='bbox 1603 3101 1884 3182; x_wconf 83' lang='lat' dir='ltr'><strong>Qualitas</strong></span> <span class='ocrx_word' id='word_1_147' title='bbox 1923 3101 2231 3187; x_wconf 88' lang='lat' dir='ltr'><strong>temporis</strong></span> 
     </span>
     <span class='ocr_line' id='line_1_24' title="bbox 692 3210 2233 3300; baseline -0.005 -15"><span class='ocrx_word' id='word_1_148' title='bbox 692 3218 878 3286; x_wconf 88' lang='lat' dir='ltr'><strong>debet</strong></span> <span class='ocrx_word' id='word_1_149' title='bbox 891 3210 1273 3300; x_wconf 88' lang='lat' dir='ltr'><strong>respondere</strong></span> <span class='ocrx_word' id='word_1_150' title='bbox 1297 3212 1589 3297; x_wconf 84' lang='lat' dir='ltr'><strong>qualitati</strong></span> <span class='ocrx_word' id='word_1_151' title='bbox 1611 3211 1706 3277; x_wconf 92' lang='lat' dir='ltr'><strong>rei</strong></span> <span class='ocrx_word' id='word_1_152' title='bbox 1727 3211 2054 3295; x_wconf 65' lang='lat' dir='ltr'><strong>productae</strong></span> <span class='ocrx_word' id='word_1_153' title='bbox 2079 3234 2095 3276; x_wconf 75' lang='grc' dir='ltr'>ε</span> <span class='ocrx_word' id='word_1_154' title='bbox 2121 3213 2233 3278; x_wconf 90' lang='lat' dir='ltr'><strong>sed</strong></span> 
     </span>
     <span class='ocr_line' id='line_1_25' title="bbox 691 3319 2235 3407; baseline -0.004 -17"><span class='ocrx_word' id='word_1_155' title='bbox 691 3323 960 3391; x_wconf 88' lang='lat' dir='ltr'><strong>materia</strong></span> <span class='ocrx_word' id='word_1_156' title='bbox 978 3321 1192 3407; x_wconf 86' lang='lat' dir='ltr'><strong>prima</strong></span> <span class='ocrx_word' id='word_1_157' title='bbox 1215 3338 1337 3386; x_wconf 88' lang='lat' dir='ltr'><strong>nec</strong></span> <span class='ocrx_word' id='word_1_158' title='bbox 1366 3324 1463 3385; x_wconf 86' lang='lat' dir='ltr'><strong>est</strong></span> <span class='ocrx_word' id='word_1_159' title='bbox 1487 3319 1794 3403; x_wconf 89' lang='lat' dir='ltr'><strong>producta</strong></span> <span class='ocrx_word' id='word_1_160' title='bbox 1816 3319 2082 3385; x_wconf 85' lang='lat' dir='ltr'><strong>omnino</strong></span> <span class='ocrx_word' id='word_1_161' title='bbox 2113 3321 2235 3384; x_wconf 91' lang='lat' dir='ltr'><strong>sub</strong></span> 
     </span>
     <span class='ocr_line' id='line_1_26' title="bbox 693 3425 2237 3518; baseline -0.005 -19"><span class='ocrx_word' id='word_1_162' title='bbox 693 3431 1050 3518; x_wconf 88' lang='lat' dir='ltr'><strong>privatione</strong></span> <span class='ocrx_word' id='word_1_163' title='bbox 1069 3431 1317 3508; x_wconf 62' lang='lat' dir='ltr'><strong>formai,</strong></span> <span class='ocrx_word' id='word_1_164' title='bbox 1345 3445 1465 3493; x_wconf 90' lang='lat' dir='ltr'><strong>nec</strong></span> <span class='ocrx_word' id='word_1_165' title='bbox 1487 3426 1611 3492; x_wconf 91' lang='lat' dir='ltr'><strong>sub</strong></span> <span class='ocrx_word' id='word_1_166' title='bbox 1634 3425 1946 3511; x_wconf 83' lang='lat' dir='ltr'><strong>completa</strong></span> <span class='ocrx_word' id='word_1_167' title='bbox 1971 3426 2237 3492; x_wconf 86' lang='lat' dir='ltr'><strong>distinc-</strong></span> 
     </span>
     <span class='ocr_line' id='line_1_27' title="bbox 694 3534 2237 3622; baseline -0.006 -14"><span class='ocrx_word' id='word_1_168' title='bbox 694 3543 916 3608; x_wconf 85' lang='lat' dir='ltr'><strong>tione:</strong></span> <span class='ocrx_word' id='word_1_169' title='bbox 949 3556 1107 3622; x_wconf 80' lang='lat' dir='ltr'><strong>ergo</strong></span> <span class='ocrx_word' id='word_1_170' title='bbox 1136 3539 1278 3620; x_wconf 82' lang='lat' dir='ltr'><strong>ejus</strong></span> <span class='ocrx_word' id='word_1_171' title='bbox 1312 3534 1641 3620; x_wconf 90' lang='lat' dir='ltr'><strong>productio</strong></span> <span class='ocrx_word' id='word_1_172' title='bbox 1662 3552 1782 3600; x_wconf 90' lang='lat' dir='ltr'><strong>nec</strong></span> <span class='ocrx_word' id='word_1_173' title='bbox 1814 3534 1946 3601; x_wconf 86' lang='lat' dir='ltr'><strong>diei</strong></span> <span class='ocrx_word' id='word_1_174' title='bbox 1972 3553 2237 3620; x_wconf 88' lang='lat' dir='ltr'><strong>compe-</strong></span> 
     </span>
     <span class='ocr_line' id='line_1_28' title="bbox 695 3641 2153 3726; baseline -0.003 -11"><span class='ocrx_word' id='word_1_175' title='bbox 695 3648 900 3726; x_wconf 81' lang='lat' dir='ltr'><strong>tebat,</strong></span> <span class='ocrx_word' id='word_1_176' title='bbox 924 3663 1044 3710; x_wconf 91' lang='lat' dir='ltr'><strong>nec</strong></span> <span class='ocrx_word' id='word_1_177' title='bbox 1072 3643 1241 3709; x_wconf 91' lang='lat' dir='ltr'><strong>nocti</strong></span> <span class='ocrx_word' id='word_1_178' title='bbox 1268 3664 1284 3707; x_wconf 72' lang='grc' dir='ltr'>ε</span> <span class='ocrx_word' id='word_1_179' title='bbox 1316 3660 1475 3725; x_wconf 83' lang='lat' dir='ltr'><strong>ergo</strong></span> <span class='ocrx_word' id='word_1_180' title='bbox 1497 3644 1645 3707; x_wconf 87' lang='lat' dir='ltr'><strong>ante</strong></span> <span class='ocrx_word' id='word_1_181' title='bbox 1672 3659 1935 3706; x_wconf 91' lang='lat' dir='ltr'><strong>omnem</strong></span> <span class='ocrx_word' id='word_1_182' title='bbox 1958 3641 2153 3710; x_wconf 86' lang='lat' dir='ltr'><strong>diem.</strong></span> 
     </span>
    </p>
   </div>
   <div class='ocr_carea' id='block_1_6' title="bbox 464 3750 2242 3834">
    <p class='ocr_par' dir='ltr' id='par_1_9' title="bbox 464 3750 2242 3834">
     <span class='ocr_line' id='line_1_29' title="bbox 464 3750 2242 3834; baseline -0.002 -10"><span class='ocrx_word' id='word_1_183' title='bbox 464 3777 535 3825; x_wconf 64' lang='lat' dir='ltr'><strong>Aa</strong></span> <span class='ocrx_word' id='word_1_184' title='bbox 566 3789 669 3834; x_wconf 72' lang='lat' dir='ltr'><strong>opp.</strong></span> <span class='ocrx_word' id='word_1_185' title='bbox 779 3754 905 3820; x_wconf 89' lang='lat' dir='ltr'><strong>Sed</strong></span> <span class='ocrx_word' id='word_1_186' title='bbox 926 3755 1146 3819; x_wconf 87' lang='lat' dir='ltr'><strong>contra</strong></span> <span class='ocrx_word' id='word_1_187' title='bbox 1172 3774 1188 3816; x_wconf 72' lang='grc' dir='ltr'>ε</span> <span class='ocrx_word' id='word_1_188' title='bbox 1219 3756 1250 3816; x_wconf 82' lang='lat'><strong>1</strong></span> <span class='ocrx_word' id='word_1_189' title='bbox 1263 3798 1280 3816; x_wconf 89' lang='lat'><strong>.</strong></span> <span class='ocrx_word' id='word_1_190' title='bbox 1305 3750 1458 3819; x_wconf 68' lang='lat' dir='ltr'><em>181¹oe</em></span> <span class='ocrx_word' id='word_1_191' title='bbox 1474 3754 1629 3817; x_wconf 64' lang='lat' dir='ltr'><strong>sunt</strong></span> <span class='ocrx_word' id='word_1_192' title='bbox 1643 3753 2077 3834; x_wconf 61' lang='lat' dir='ltr'><strong>uenerationes</strong></span> <span class='ocrx_word' id='word_1_193' title='bbox 2099 3754 2242 3821; x_wconf 79' lang='lat' dir='ltr'><strong>coeli</strong></span> 
     </span>
    </p>
   </div>
   <div class='ocr_carea' id='block_1_7' title="bbox 698 3855 2253 5569">
    <p class='ocr_par' dir='ltr' id='par_1_10' title="bbox 698 3855 2244 4379">
     <span class='ocr_line' id='line_1_30' title="bbox 702 3855 2240 3940; baseline -0.001 -12"><span class='ocrx_word' id='word_1_194' title='bbox 702 3865 762 3928; x_wconf 81' lang='lat' dir='ltr'><strong>et</strong></span> <span class='ocrx_word' id='word_1_195' title='bbox 805 3867 1010 3940; x_wconf 71' lang='lat' dir='ltr'><strong>term,</strong></span> <span class='ocrx_word' id='word_1_196' title='bbox 1066 3855 1323 3940; x_wconf 77' lang='lat' dir='ltr'><strong>quando</strong></span> <span class='ocrx_word' id='word_1_197' title='bbox 1367 3863 1584 3922; x_wconf 80' lang='lat' dir='ltr'><strong>creata</strong></span> <span class='ocrx_word' id='word_1_198' title='bbox 1617 3859 1790 3935; x_wconf 81' lang='lat' dir='ltr'><strong>sunt,</strong></span> <span class='ocrx_word' id='word_1_199' title='bbox 1833 3855 1910 3922; x_wconf 81' lang='lat' dir='ltr'><strong>in</strong></span> <span class='ocrx_word' id='word_1_200' title='bbox 1962 3855 2071 3924; x_wconf 82' lang='lat' dir='ltr'><strong>die</strong></span> <span class='ocrx_word' id='word_1_201' title='bbox 2117 3875 2240 3940; x_wconf 83' lang='lat' dir='ltr'><strong>quo</strong></span> 
     </span>
     <span class='ocr_line' id='line_1_31' title="bbox 698 3960 2243 4051; baseline -0.003 -14"><span class='ocrx_word' id='word_1_202' title='bbox 698 3970 855 4051; x_wconf 72' lang='lat' dir='ltr'><strong>fecit</strong></span> <span class='ocrx_word' id='word_1_203' title='bbox 892 3968 1053 4034; x_wconf 79' lang='lat' dir='ltr'><strong>Deus</strong></span> <span class='ocrx_word' id='word_1_204' title='bbox 1097 3964 1322 4033; x_wconf 80' lang='lat' dir='ltr'><strong>coelum</strong></span> <span class='ocrx_word' id='word_1_205' title='bbox 1362 3967 1420 4031; x_wconf 81' lang='lat' dir='ltr'><strong>et</strong></span> <span class='ocrx_word' id='word_1_206' title='bbox 1464 3968 1699 4031; x_wconf 82' lang='lat' dir='ltr'><strong>terram</strong></span> <span class='ocrx_word' id='word_1_207' title='bbox 1736 3961 1783 4027; x_wconf 72' lang='lat'><strong>⁸.</strong></span> <span class='ocrx_word' id='word_1_208' title='bbox 1822 3960 1946 4030; x_wconf 85' lang='lat' dir='ltr'><strong>Sed</strong></span> <span class='ocrx_word' id='word_1_209' title='bbox 1984 3966 2243 4047; x_wconf 91' lang='lat' dir='ltr'><strong>quando</strong></span> 
     </span>
     <span class='ocr_line' id='line_1_32' title="bbox 701 4072 2244 4149; baseline -0.005 -4"><span class='ocrx_word' id='word_1_210' title='bbox 701 4078 868 4145; x_wconf 91' lang='lat' dir='ltr'><strong>Deus</strong></span> <span class='ocrx_word' id='word_1_211' title='bbox 896 4074 1042 4140; x_wconf 82' lang='lat' dir='ltr'><strong>fecit</strong></span> <span class='ocrx_word' id='word_1_212' title='bbox 1080 4072 1313 4137; x_wconf 82' lang='lat' dir='ltr'><strong>coelum</strong></span> <span class='ocrx_word' id='word_1_213' title='bbox 1341 4076 1404 4136; x_wconf 90' lang='lat' dir='ltr'><strong>et</strong></span> <span class='ocrx_word' id='word_1_214' title='bbox 1427 4073 1689 4149; x_wconf 88' lang='lat' dir='ltr'><strong>terram,</strong></span> <span class='ocrx_word' id='word_1_215' title='bbox 1718 4075 1876 4134; x_wconf 86' lang='lat' dir='ltr'><strong>tunc</strong></span> <span class='ocrx_word' id='word_1_216' title='bbox 1901 4073 2142 4140; x_wconf 88' lang='lat' dir='ltr'><strong>creavit</strong></span> <span class='ocrx_word' id='word_1_217' title='bbox 2169 4073 2244 4137; x_wconf 89' lang='lat' dir='ltr'><strong>il·</strong></span> 
     </span>
     <span class='ocr_line' id='line_1_33' title="bbox 702 4177 2242 4267; baseline -0.004 -15"><span class='ocrx_word' id='word_1_218' title='bbox 702 4180 835 4252; x_wconf 75' lang='lat' dir='ltr'><strong>ldm</strong></span> <span class='ocrx_word' id='word_1_219' title='bbox 874 4178 1351 4267; x_wconf 83' lang='lat' dir='ltr'><strong>primordialem</strong></span> <span class='ocrx_word' id='word_1_220' title='bbox 1384 4177 1719 4244; x_wconf 82' lang='lat' dir='ltr'><strong>materiam</strong></span> <span class='ocrx_word' id='word_1_221' title='bbox 1766 4196 1783 4241; x_wconf 79' lang='lat' dir='ltr'><strong><em>z</em></strong></span> <span class='ocrx_word' id='word_1_222' title='bbox 1835 4196 1994 4261; x_wconf 80' lang='lat' dir='ltr'><strong>ergo</strong></span> <span class='ocrx_word' id='word_1_223' title='bbox 2034 4179 2104 4243; x_wconf 91' lang='lat' dir='ltr'><strong>in</strong></span> <span class='ocrx_word' id='word_1_224' title='bbox 2140 4180 2242 4246; x_wconf 88' lang='lat' dir='ltr'><strong>dio</strong></span> 
     </span>
     <span class='ocr_line' id='line_1_34' title="bbox 704 4290 1196 4379; baseline -0.01 -19"><span class='ocrx_word' id='word_1_225' title='bbox 704 4295 911 4379; x_wconf 87' lang='lat' dir='ltr'><strong>ipsam</strong></span> <span class='ocrx_word' id='word_1_226' title='bbox 935 4290 1196 4357; x_wconf 89' lang='lat' dir='ltr'><strong>creavit.</strong></span> 
     </span>
    </p>

    <p class='ocr_par' dir='ltr' id='par_1_11' title="bbox 706 4394 2249 4792">
     <span class='ocr_line' id='line_1_35' title="bbox 786 4394 2241 4466; baseline -0.004 0"><span class='ocrx_word' id='word_1_227' title='bbox 786 4405 848 4466; x_wconf 74' lang='lat'><strong>2.</strong></span> <span class='ocrx_word' id='word_1_228' title='bbox 884 4398 1042 4464; x_wconf 84' lang='lat' dir='ltr'><strong>Item</strong></span> <span class='ocrx_word' id='word_1_229' title='bbox 1071 4397 1327 4463; x_wconf 86' lang='lat' dir='ltr'><strong>Creator</strong></span> <span class='ocrx_word' id='word_1_230' title='bbox 1351 4396 1647 4462; x_wconf 93' lang='lat' dir='ltr'><strong>omnium</strong></span> <span class='ocrx_word' id='word_1_231' title='bbox 1682 4399 1778 4462; x_wconf 90' lang='lat' dir='ltr'><strong>est</strong></span> <span class='ocrx_word' id='word_1_232' title='bbox 1817 4394 1986 4462; x_wconf 87' lang='lat' dir='ltr'><strong>Deus</strong></span> <span class='ocrx_word' id='word_1_233' title='bbox 2019 4396 2182 4463; x_wconf 89' lang='lat' dir='ltr'><strong>lucis</strong></span> <span class='ocrx_word' id='word_1_234' title='bbox 2224 4416 2241 4460; x_wconf 90' lang='lat'>:</span> 
     </span>
     <span class='ocr_line' id='line_1_36' title="bbox 706 4504 2249 4592; baseline -0.001 -17"><span class='ocrx_word' id='word_1_235' title='bbox 706 4527 865 4592; x_wconf 84' lang='lat' dir='ltr'><strong>ergo</strong></span> <span class='ocrx_word' id='word_1_236' title='bbox 892 4507 1111 4574; x_wconf 88' lang='lat' dir='ltr'><strong>omnia</strong></span> <span class='ocrx_word' id='word_1_237' title='bbox 1143 4523 1292 4589; x_wconf 83' lang='lat' dir='ltr'><strong>quae</strong></span> <span class='ocrx_word' id='word_1_238' title='bbox 1316 4505 1483 4584; x_wconf 85' lang='lat' dir='ltr'><strong>facit,</strong></span> <span class='ocrx_word' id='word_1_239' title='bbox 1519 4504 1665 4570; x_wconf 85' lang='lat' dir='ltr'><strong>facit</strong></span> <span class='ocrx_word' id='word_1_240' title='bbox 1690 4505 1760 4569; x_wconf 91' lang='lat' dir='ltr'><strong>in</strong></span> <span class='ocrx_word' id='word_1_241' title='bbox 1785 4504 1927 4570; x_wconf 89' lang='lat' dir='ltr'><strong>luce</strong></span> <span class='ocrx_word' id='word_1_242' title='bbox 1956 4525 1973 4570; x_wconf 72' lang='grc' dir='ltr'><strong><em>ε</em></strong></span> <span class='ocrx_word' id='word_1_243' title='bbox 2004 4524 2164 4589; x_wconf 84' lang='lat' dir='ltr'><strong>ergo</strong></span> <span class='ocrx_word' id='word_1_244' title='bbox 2192 4506 2249 4572; x_wconf 87' lang='lat' dir='ltr'><strong>si</strong></span> 
     </span>
     <span class='ocr_line' id='line_1_37' title="bbox 708 4602 2248 4696; baseline -0.002 -13"><span class='ocrx_word' id='word_1_245' title='bbox 708 4616 948 4684; x_wconf 89' lang='lat' dir='ltr'><strong>creavit</strong></span> <span class='ocrx_word' id='word_1_246' title='bbox 984 4614 1318 4681; x_wconf 85' lang='lat' dir='ltr'><strong>materiam</strong></span> <span class='ocrx_word' id='word_1_247' title='bbox 1338 4662 1358 4696; x_wconf 86' lang='lat'><strong>,</strong></span> <span class='ocrx_word' id='word_1_248' title='bbox 1385 4614 1458 4679; x_wconf 89' lang='lat' dir='ltr'><strong>in</strong></span> <span class='ocrx_word' id='word_1_249' title='bbox 1482 4613 1626 4678; x_wconf 87' lang='lat' dir='ltr'><strong>luce</strong></span> <span class='ocrx_word' id='word_1_250' title='bbox 1651 4602 1932 4692; x_wconf 74' lang='lat' dir='ltr'><strong>creavit,&#39;</strong></span> <span class='ocrx_word' id='word_1_251' title='bbox 1967 4618 2032 4680; x_wconf 91' lang='lat' dir='ltr'><strong>et</strong></span> <span class='ocrx_word' id='word_1_252' title='bbox 2063 4614 2154 4680; x_wconf 89' lang='lat' dir='ltr'><strong>ita</strong></span> <span class='ocrx_word' id='word_1_253' title='bbox 2177 4616 2248 4681; x_wconf 92' lang='lat' dir='ltr'><strong>in</strong></span> 
     </span>
     <span class='ocr_line' id='line_1_38' title="bbox 706 4725 832 4792; baseline 0.008 -1"><span class='ocrx_word' id='word_1_254' title='bbox 706 4725 832 4792; x_wconf 89' lang='lat' dir='ltr'><strong>die.</strong></span> 
     </span>
    </p>

    <p class='ocr_par' dir='ltr' id='par_1_12' title="bbox 709 4827 2253 5452">
     <span class='ocr_line' id='line_1_39' title="bbox 789 4827 2248 4915; baseline -0.003 -13"><span class='ocrx_word' id='word_1_255' title='bbox 789 4838 851 4902; x_wconf 85' lang='lat'><strong>3.</strong></span> <span class='ocrx_word' id='word_1_256' title='bbox 883 4833 1043 4899; x_wconf 82' lang='lat' dir='ltr'><strong>Item</strong></span> <span class='ocrx_word' id='word_1_257' title='bbox 1070 4831 1290 4915; x_wconf 80' lang='lat' dir='ltr'><strong>arguit</strong></span> <span class='ocrx_word' id='word_1_258' title='bbox 1312 4827 1707 4895; x_wconf 84' lang='lat' dir='ltr'><strong>Manicbaeus</strong></span> <span class='ocrx_word' id='word_1_259' title='bbox 1737 4851 1753 4895; x_wconf 76' lang='lat' dir='ltr'><em>z</em></span> <span class='ocrx_word' id='word_1_260' title='bbox 1784 4829 1854 4895; x_wconf 92' lang='lat' dir='ltr'><strong>Si</strong></span> <span class='ocrx_word' id='word_1_261' title='bbox 1880 4829 2046 4897; x_wconf 91' lang='lat' dir='ltr'><strong>Deus</strong></span> <span class='ocrx_word' id='word_1_262' title='bbox 2072 4850 2248 4899; x_wconf 89' lang='lat' dir='ltr'><strong>crea-</strong></span> 
     </span>
     <span class='ocr_line' id='line_1_40' title="bbox 709 4932 2250 5025; baseline -0.001 -15"><span class='ocrx_word' id='word_1_263' title='bbox 709 4932 808 5012; x_wconf 76' lang='lat' dir='ltr'><strong>vit&#39;</strong></span> <span class='ocrx_word' id='word_1_264' title='bbox 823 4940 1067 5025; x_wconf 87' lang='lat' dir='ltr'><strong>aliquid</strong></span> <span class='ocrx_word' id='word_1_265' title='bbox 1083 4940 1154 5005; x_wconf 89' lang='lat' dir='ltr'><strong>in</strong></span> <span class='ocrx_word' id='word_1_266' title='bbox 1172 4938 1470 5017; x_wconf 88' lang='lat' dir='ltr'><strong>tenebris,</strong></span> <span class='ocrx_word' id='word_1_267' title='bbox 1499 4940 1637 5002; x_wconf 91' lang='lat' dir='ltr'><strong>erat</strong></span> <span class='ocrx_word' id='word_1_268' title='bbox 1656 4937 1724 5002; x_wconf 91' lang='lat' dir='ltr'><strong>in</strong></span> <span class='ocrx_word' id='word_1_269' title='bbox 1746 4940 2024 5005; x_wconf 90' lang='lat' dir='ltr'><strong>tenebris</strong></span> <span class='ocrx_word' id='word_1_270' title='bbox 2044 4958 2062 5005; x_wconf 77' lang='lat' dir='ltr'><strong><em>z</em></strong></span> <span class='ocrx_word' id='word_1_271' title='bbox 2090 4960 2250 5025; x_wconf 90' lang='lat' dir='ltr'><strong>quo-</strong></span> 
     </span>
     <span class='ocr_line' id='line_1_41' title="bbox 709 5045 2250 5131; baseline -0.002 -14"><span class='ocrx_word' id='word_1_272' title='bbox 709 5049 901 5117; x_wconf 91' lang='lat' dir='ltr'><strong>modo</strong></span> <span class='ocrx_word' id='word_1_273' title='bbox 928 5067 1085 5131; x_wconf 82' lang='lat' dir='ltr'><strong>ergo</strong></span> <span class='ocrx_word' id='word_1_274' title='bbox 1111 5046 1355 5113; x_wconf 84' lang='lat' dir='ltr'><strong>habitat</strong></span> <span class='ocrx_word' id='word_1_275' title='bbox 1378 5046 1588 5113; x_wconf 92' lang='lat' dir='ltr'><strong>lucem</strong></span> <span class='ocrx_word' id='word_1_276' title='bbox 1617 5045 2154 5115; x_wconf 77' lang='lat' dir='ltr'><strong>inaccessibilem?</strong></span> <span class='ocrx_word' id='word_1_277' title='bbox 2180 5051 2250 5117; x_wconf 93' lang='lat' dir='ltr'><strong>Si</strong></span> 
     </span>
     <span class='ocr_line' id='line_1_42' title="bbox 712 5153 2250 5241; baseline -0.001 -15"><span class='ocrx_word' id='word_1_278' title='bbox 712 5175 871 5241; x_wconf 79' lang='lat' dir='ltr'><strong>ergo</strong></span> <span class='ocrx_word' id='word_1_279' title='bbox 899 5158 1022 5222; x_wconf 91' lang='lat' dir='ltr'><strong>boc</strong></span> <span class='ocrx_word' id='word_1_280' title='bbox 1045 5153 1501 5221; x_wconf 82' lang='lat' dir='ltr'><strong>inconveniens</strong></span> <span class='ocrx_word' id='word_1_281' title='bbox 1523 5157 1620 5219; x_wconf 85' lang='lat' dir='ltr'><strong>est</strong></span> <span class='ocrx_word' id='word_1_282' title='bbox 1633 5200 1652 5233; x_wconf 86' lang='lat'><strong>,</strong></span> <span class='ocrx_word' id='word_1_283' title='bbox 1678 5154 2138 5224; x_wconf 86' lang='lat' dir='ltr'><strong>inconveniens</strong></span> <span class='ocrx_word' id='word_1_284' title='bbox 2154 5163 2250 5224; x_wconf 85' lang='lat' dir='ltr'><strong>est</strong></span> 
     </span>
     <span class='ocr_line' id='line_1_43' title="bbox 714 5261 2253 5350; baseline 0.002 -19"><span class='ocrx_word' id='word_1_285' title='bbox 714 5266 921 5350; x_wconf 83' lang='lat' dir='ltr'><strong>ipsam</strong></span> <span class='ocrx_word' id='word_1_286' title='bbox 947 5281 1191 5330; x_wconf 85' lang='lat' dir='ltr'><strong>creasse</strong></span> <span class='ocrx_word' id='word_1_287' title='bbox 1213 5264 1285 5327; x_wconf 90' lang='lat' dir='ltr'><strong>in</strong></span> <span class='ocrx_word' id='word_1_288' title='bbox 1303 5261 1619 5332; x_wconf 85' lang='lat' dir='ltr'><strong>tenebris:</strong></span> <span class='ocrx_word' id='word_1_289' title='bbox 1646 5265 1713 5327; x_wconf 88' lang='lat' dir='ltr'><strong>et</strong></span> <span class='ocrx_word' id='word_1_290' title='bbox 1730 5262 1970 5330; x_wconf 90' lang='lat' dir='ltr'><strong>creavit</strong></span> <span class='ocrx_word' id='word_1_291' title='bbox 1990 5264 2062 5331; x_wconf 92' lang='lat' dir='ltr'><strong>in</strong></span> <span class='ocrx_word' id='word_1_292' title='bbox 2082 5269 2253 5334; x_wconf 89' lang='lat' dir='ltr'><strong>tene-</strong></span> 
     </span>
     <span class='ocr_line' id='line_1_44' title="bbox 715 5368 1638 5452; baseline -0.007 -12"><span class='ocrx_word' id='word_1_293' title='bbox 715 5371 870 5449; x_wconf 86' lang='lat' dir='ltr'><strong>bris,</strong></span> <span class='ocrx_word' id='word_1_294' title='bbox 902 5368 1006 5439; x_wconf 89' lang='lat' dir='ltr'><strong>vel</strong></span> <span class='ocrx_word' id='word_1_295' title='bbox 1032 5369 1103 5435; x_wconf 91' lang='lat' dir='ltr'><strong>in</strong></span> <span class='ocrx_word' id='word_1_296' title='bbox 1124 5369 1233 5436; x_wconf 91' lang='lat' dir='ltr'><strong>die</strong></span> <span class='ocrx_word' id='word_1_297' title='bbox 1261 5388 1280 5434; x_wconf 71' lang='grc' dir='ltr'><strong>ε</strong></span> <span class='ocrx_word' id='word_1_298' title='bbox 1303 5386 1484 5452; x_wconf 78' lang='lat' dir='ltr'><strong>ergo,</strong></span> <span class='ocrx_word' id='word_1_299' title='bbox 1514 5372 1638 5434; x_wconf 86' lang='lat' dir='ltr'><strong>etc.</strong></span> 
     </span>
    </p>

    <p class='ocr_par' dir='ltr' id='par_1_13' title="bbox 781 5494 2250 5569">
     <span class='ocr_line' id='line_1_45' title="bbox 781 5494 2250 5569; baseline 0.011 -30"><span class='ocrx_word' id='word_1_300' title='bbox 781 5496 802 5539; x_wconf 61' lang='grc' dir='ltr'><strong>ι</strong></span> <span class='ocrx_word' id='word_1_301' title='bbox 824 5495 907 5563; x_wconf 76' lang='lat' dir='ltr'><strong>Cf.</strong></span> <span class='ocrx_word' id='word_1_302' title='bbox 938 5495 1106 5561; x_wconf 78' lang='lat' dir='ltr'><strong>AEgid.</strong></span> <span class='ocrx_word' id='word_1_303' title='bbox 1133 5496 1308 5558; x_wconf 69' lang='lat' dir='ltr'><strong>Rom„</strong></span> <span class='ocrx_word' id='word_1_304' title='bbox 1339 5495 1384 5553; x_wconf 89' lang='lat'><strong>11</strong></span> <span class='ocrx_word' id='word_1_305' title='bbox 1411 5496 1573 5558; x_wconf 69' lang='lat' dir='ltr'><strong>Sene„</strong></span> <span class='ocrx_word' id='word_1_306' title='bbox 1605 5494 1724 5553; x_wconf 79' lang='lat' dir='ltr'><strong>dist.</strong></span> <span class='ocrx_word' id='word_1_307' title='bbox 1747 5506 1857 5565; x_wconf 78' lang='lat'><em>111,</em></span> <span class='ocrx_word' id='word_1_308' title='bbox 1886 5511 1940 5565; x_wconf 82' lang='lat' dir='ltr'><strong>q.</strong></span> <span class='ocrx_word' id='word_1_309' title='bbox 1960 5508 2038 5564; x_wconf 66' lang='grc' dir='ltr'><strong>ιι,</strong></span> <span class='ocrx_word' id='word_1_310' title='bbox 2067 5505 2164 5557; x_wconf 79' lang='lat' dir='ltr'><strong>art.</strong></span> <span class='ocrx_word' id='word_1_311' title='bbox 2188 5505 2217 5555; x_wconf 81' lang='lat'><strong>5</strong></span> <span class='ocrx_word' id='word_1_312' title='bbox 2230 5517 2250 5569; x_wconf 80' lang='lat'><em>3</em></span> 
     </span>
    </p>
   </div>
   <div class='ocr_carea' id='block_1_8' title="bbox 2320 624 3871 934">
    <p class='ocr_par' dir='ltr' id='par_1_14' title="bbox 2320 624 3871 934">
     <span class='ocr_line' id='line_1_46' title="bbox 2398 624 3867 696; baseline -0.003 0"><span class='ocrx_word' id='word_1_313' title='bbox 2398 635 2463 696; x_wconf 65' lang='lat'><strong>4.</strong></span> <span class='ocrx_word' id='word_1_314' title='bbox 2513 628 2672 696; x_wconf 89' lang='lat' dir='ltr'><strong>Item</strong></span> <span class='ocrx_word' id='word_1_315' title='bbox 2712 647 2849 695; x_wconf 79' lang='lat' dir='ltr'><strong>nox</strong></span> <span class='ocrx_word' id='word_1_316' title='bbox 2880 631 2946 693; x_wconf 93' lang='lat' dir='ltr'><strong>et</strong></span> <span class='ocrx_word' id='word_1_317' title='bbox 2985 627 3122 693; x_wconf 83' lang='lat' dir='ltr'><strong>dies</strong></span> <span class='ocrx_word' id='word_1_318' title='bbox 3157 625 3529 692; x_wconf 77' lang='lat' dir='ltr'><strong>immediate</strong></span> <span class='ocrx_word' id='word_1_319' title='bbox 3568 624 3867 691; x_wconf 80' lang='lat' dir='ltr'><strong>dividunt</strong></span> 
     </span>
     <span class='ocr_line' id='line_1_47' title="bbox 2320 731 3871 823; baseline -0.006 -17"><span class='ocrx_word' id='word_1_320' title='bbox 2320 743 2576 823; x_wconf 88' lang='lat' dir='ltr'><strong>tempus</strong></span> <span class='ocrx_word' id='word_1_321' title='bbox 2610 756 2627 802; x_wconf 72' lang='grc' dir='ltr'>ε</span> <span class='ocrx_word' id='word_1_322' title='bbox 2671 737 2781 803; x_wconf 89' lang='lat' dir='ltr'><strong>sed</strong></span> <span class='ocrx_word' id='word_1_323' title='bbox 2826 735 3092 802; x_wconf 86' lang='lat' dir='ltr'><strong>materia</strong></span> <span class='ocrx_word' id='word_1_324' title='bbox 3147 752 3369 800; x_wconf 87' lang='lat' dir='ltr'><strong>rerum</strong></span> <span class='ocrx_word' id='word_1_325' title='bbox 3430 731 3871 817; x_wconf 87' lang='lat' dir='ltr'><strong>corporalium</strong></span> 
     </span>
     <span class='ocr_line' id='line_1_48' title="bbox 2321 843 3863 934; baseline -0.006 -20"><span class='ocrx_word' id='word_1_326' title='bbox 2321 847 2629 934; x_wconf 84' lang='lat' dir='ltr'><strong>producta</strong></span> <span class='ocrx_word' id='word_1_327' title='bbox 2651 846 2773 912; x_wconf 83' lang='lat' dir='ltr'><strong>fuit</strong></span> <span class='ocrx_word' id='word_1_328' title='bbox 2789 864 2941 912; x_wconf 91' lang='lat' dir='ltr'><strong>cum</strong></span> <span class='ocrx_word' id='word_1_329' title='bbox 2955 848 3241 929; x_wconf 84' lang='lat' dir='ltr'><strong>tempore</strong></span> <span class='ocrx_word' id='word_1_330' title='bbox 3263 865 3280 909; x_wconf 73' lang='grc' dir='ltr'>ε</span> <span class='ocrx_word' id='word_1_331' title='bbox 3302 859 3466 926; x_wconf 79' lang='lat' dir='ltr'><strong>ergo</strong></span> <span class='ocrx_word' id='word_1_332' title='bbox 3482 859 3642 907; x_wconf 93' lang='lat' dir='ltr'><strong>cum</strong></span> <span class='ocrx_word' id='word_1_333' title='bbox 3659 843 3863 919; x_wconf 82' lang='lat' dir='ltr'><strong>nocte,</strong></span> 
     </span>
    </p>
   </div>
   <div class='ocr_carea' id='block_1_9' title="bbox 2322 952 3864 1129">
    <p class='ocr_par' dir='ltr' id='par_1_15' title="bbox 2322 952 3864 1129">
     <span class='ocr_line' id='line_1_49' title="bbox 2322 952 3864 1033; baseline -0.006 -10"><span class='ocrx_word' id='word_1_334' title='bbox 2322 955 2429 1023; x_wconf 92' lang='lat' dir='ltr'><strong>vel</strong></span> <span class='ocrx_word' id='word_1_335' title='bbox 2452 972 2605 1022; x_wconf 93' lang='lat' dir='ltr'><strong>cum</strong></span> <span class='ocrx_word' id='word_1_336' title='bbox 2628 953 2731 1021; x_wconf 91' lang='lat' dir='ltr'><strong>die</strong></span> <span class='ocrx_word' id='word_1_337' title='bbox 2760 971 2778 1016; x_wconf 89' lang='lat'>:</span> <span class='ocrx_word' id='word_1_338' title='bbox 2802 952 2913 1019; x_wconf 88' lang='lat' dir='ltr'><strong>sed</strong></span> <span class='ocrx_word' id='word_1_339' title='bbox 2939 970 3070 1019; x_wconf 92' lang='lat' dir='ltr'><strong>non</strong></span> <span class='ocrx_word' id='word_1_340' title='bbox 3091 970 3242 1018; x_wconf 93' lang='lat' dir='ltr'><strong>cum</strong></span> <span class='ocrx_word' id='word_1_341' title='bbox 3262 954 3450 1018; x_wconf 91' lang='lat' dir='ltr'><strong>nocte</strong></span> <span class='ocrx_word' id='word_1_342' title='bbox 3486 970 3505 1016; x_wconf 78' lang='lat' dir='ltr'><strong><em>z</em></strong></span> <span class='ocrx_word' id='word_1_343' title='bbox 3530 966 3696 1033; x_wconf 80' lang='lat' dir='ltr'><strong>ergo</strong></span> <span class='ocrx_word' id='word_1_344' title='bbox 3720 966 3864 1015; x_wconf 91' lang='lat' dir='ltr'><strong>cum</strong></span> 
     </span>
     <span class='ocr_line' id='line_1_50' title="bbox 2326 1061 2449 1129; baseline -0.024 0"><span class='ocrx_word' id='word_1_345' title='bbox 2326 1061 2449 1129; x_wconf 90' lang='lat' dir='ltr'><strong>die.</strong></span> 
     </span>
    </p>
   </div>
   <div class='ocr_carea' id='block_1_10' title="bbox 2877 1245 3331 1315">
    <p class='ocr_par' dir='ltr' id='par_1_16' title="bbox 2877 1245 3331 1315">
     <span class='ocr_line' id='line_1_51' title="bbox 2877 1245 3331 1315; baseline -0.007 0"><span class='ocrx_word' id='word_1_346' title='bbox 2877 1245 3331 1315; x_wconf 89' lang='lat' dir='ltr'><strong>CONCLUSIO.</strong></span> 
     </span>
    </p>
   </div>
   <div class='ocr_carea' id='block_1_11' title="bbox 2328 1401 3871 1837">
    <p class='ocr_par' dir='ltr' id='par_1_17' title="bbox 2328 1401 3871 1837">
     <span class='ocr_line' id='line_1_52' title="bbox 2328 1401 3867 1478; baseline -0.008 -13"><span class='ocrx_word' id='word_1_347' title='bbox 2328 1407 2567 1466; x_wconf 72' lang='lat' dir='ltr'><strong>Materia</strong></span> <span class='ocrx_word' id='word_1_348' title='bbox 2603 1404 2783 1478; x_wconf 77' lang='lat' dir='ltr'><strong>quoad</strong></span> <span class='ocrx_word' id='word_1_349' title='bbox 2808 1406 3164 1478; x_wconf 77' lang='lat' dir='ltr'><strong>prioritatem</strong></span> <span class='ocrx_word' id='word_1_350' title='bbox 3195 1403 3409 1458; x_wconf 80' lang='lat' dir='ltr'><strong>naturoe</strong></span> <span class='ocrx_word' id='word_1_351' title='bbox 3444 1401 3725 1474; x_wconf 61' lang='lat' dir='ltr'><strong>praeemit</strong></span> <span class='ocrx_word' id='word_1_352' title='bbox 3763 1413 3867 1454; x_wconf 87' lang='lat' dir='ltr'><strong>om-</strong></span> 
     </span>
     <span class='ocr_line' id='line_1_53' title="bbox 2401 1487 3871 1565; baseline -0.007 -14"><span class='ocrx_word' id='word_1_353' title='bbox 2401 1511 2522 1551; x_wconf 79' lang='lat' dir='ltr'><strong>nem</strong></span> <span class='ocrx_word' id='word_1_354' title='bbox 2547 1493 2715 1565; x_wconf 81' lang='lat' dir='ltr'><strong>diem,</strong></span> <span class='ocrx_word' id='word_1_355' title='bbox 2753 1492 3036 1551; x_wconf 80' lang='lat' dir='ltr'><strong>secundum</strong></span> <span class='ocrx_word' id='word_1_356' title='bbox 3072 1508 3284 1560; x_wconf 55' lang='lat' dir='ltr'><strong>omnen</strong></span> <span class='ocrx_word' id='word_1_357' title='bbox 3323 1489 3416 1547; x_wconf 79' lang='lat' dir='ltr'><strong>sed</strong></span> <span class='ocrx_word' id='word_1_358' title='bbox 3452 1487 3641 1561; x_wconf 78' lang='lat' dir='ltr'><strong>quoad</strong></span> <span class='ocrx_word' id='word_1_359' title='bbox 3672 1489 3871 1560; x_wconf 74' lang='lat' dir='ltr'><strong>priori-</strong></span> 
     </span>
     <span class='ocr_line' id='line_1_54' title="bbox 2403 1578 3871 1656; baseline -0.005 -15"><span class='ocrx_word' id='word_1_360' title='bbox 2403 1587 2571 1641; x_wconf 78' lang='lat' dir='ltr'><strong>tatem</strong></span> <span class='ocrx_word' id='word_1_361' title='bbox 2626 1585 2878 1656; x_wconf 79' lang='lat' dir='ltr'><strong>temporis</strong></span> <span class='ocrx_word' id='word_1_362' title='bbox 2925 1581 3133 1638; x_wconf 75' lang='lat' dir='ltr'><strong>arridet</strong></span> <span class='ocrx_word' id='word_1_363' title='bbox 3181 1582 3358 1651; x_wconf 72' lang='lat' dir='ltr'><strong>maqis</strong></span> <span class='ocrx_word' id='word_1_364' title='bbox 3417 1578 3770 1651; x_wconf 73' lang='lat' dir='ltr'><strong>quibasdam,</strong></span> <span class='ocrx_word' id='word_1_365' title='bbox 3823 1580 3871 1633; x_wconf 78' lang='lat' dir='ltr'><strong>et</strong></span> 
     </span>
     <span class='ocr_line' id='line_1_55' title="bbox 2395 1671 3871 1749; baseline -0.005 -18"><span class='ocrx_word' id='word_1_366' title='bbox 2395 1674 2742 1749; x_wconf 76' lang='lat' dir='ltr'><strong>probabilius</strong></span> <span class='ocrx_word' id='word_1_367' title='bbox 2766 1676 2862 1742; x_wconf 77' lang='lat' dir='ltr'><strong>est,</strong></span> <span class='ocrx_word' id='word_1_368' title='bbox 2885 1673 3027 1744; x_wconf 79' lang='lat' dir='ltr'><strong>quod</strong></span> <span class='ocrx_word' id='word_1_369' title='bbox 3041 1676 3211 1731; x_wconf 79' lang='lat' dir='ltr'><strong>etiam</strong></span> <span class='ocrx_word' id='word_1_370' title='bbox 3237 1675 3366 1728; x_wconf 80' lang='lat' dir='ltr'><strong>ante</strong></span> <span class='ocrx_word' id='word_1_371' title='bbox 3395 1671 3538 1727; x_wconf 76' lang='lat' dir='ltr'><strong>lucis</strong></span> <span class='ocrx_word' id='word_1_372' title='bbox 3559 1671 3871 1726; x_wconf 80' lang='lat' dir='ltr'><strong>creationem</strong></span> 
     </span>
     <span class='ocr_line' id='line_1_56' title="bbox 2401 1763 2888 1837; baseline -0.008 -16"><span class='ocrx_word' id='word_1_373' title='bbox 2401 1767 2576 1835; x_wconf 69' lang='lat' dir='ltr'><strong>merit</strong></span> <span class='ocrx_word' id='word_1_374' title='bbox 2596 1763 2888 1837; x_wconf 78' lang='lat' dir='ltr'><strong>producta.</strong></span> 
     </span>
    </p>
   </div>
   <div class='ocr_carea' id='block_1_12' title="bbox 2334 1911 4043 2760">
    <p class='ocr_par' dir='ltr' id='par_1_18' title="bbox 2334 1911 4043 2760">
     <span class='ocr_line' id='line_1_57' title="bbox 2413 1911 3871 2009; baseline -0.003 -18"><span class='ocrx_word' id='word_1_375' title='bbox 2413 1924 2599 2009; x_wconf 87' lang='lat' dir='ltr'><strong>Resp.</strong></span> <span class='ocrx_word' id='word_1_376' title='bbox 2627 1924 2708 1989; x_wconf 88' lang='lat' dir='ltr'><strong>ad</strong></span> <span class='ocrx_word' id='word_1_377' title='bbox 2727 1925 2889 2007; x_wconf 78' lang='lat' dir='ltr'><strong>Arg.</strong></span> <span class='ocrx_word' id='word_1_378' title='bbox 2911 1911 3262 1990; x_wconf 86' lang='lat' dir='ltr'><strong>Dicendum</strong></span> <span class='ocrx_word' id='word_1_379' title='bbox 3280 1923 3460 2008; x_wconf 89' lang='lat' dir='ltr'><strong>quod</strong></span> <span class='ocrx_word' id='word_1_380' title='bbox 3479 1922 3715 1988; x_wconf 89' lang='lat' dir='ltr'><strong>creatio</strong></span> <span class='ocrx_word' id='word_1_381' title='bbox 3739 1920 3871 1987; x_wconf 87' lang='lat' dir='ltr'><strong>coeli</strong></span> 
     </span>
     <span class='ocr_line' id='line_1_58' title="bbox 2334 2029 3873 2113; baseline -0.006 -13"><span class='ocrx_word' id='word_1_382' title='bbox 2334 2037 2400 2100; x_wconf 87' lang='lat' dir='ltr'><strong>et</strong></span> <span class='ocrx_word' id='word_1_383' title='bbox 2436 2036 2624 2099; x_wconf 83' lang='lat' dir='ltr'><strong>terrae</strong></span> <span class='ocrx_word' id='word_1_384' title='bbox 2637 2079 2657 2113; x_wconf 92' lang='lat'>‚</span> <span class='ocrx_word' id='word_1_385' title='bbox 2697 2030 3052 2097; x_wconf 88' lang='lat' dir='ltr'><strong>secundum</strong></span> <span class='ocrx_word' id='word_1_386' title='bbox 3088 2047 3313 2096; x_wconf 90' lang='lat' dir='ltr'><strong>omnes</strong></span> <span class='ocrx_word' id='word_1_387' title='bbox 3328 2078 3349 2109; x_wconf 86' lang='lat'>‚</span> <span class='ocrx_word' id='word_1_388' title='bbox 3391 2029 3520 2095; x_wconf 84' lang='lat' dir='ltr'><strong>suit</strong></span> <span class='ocrx_word' id='word_1_389' title='bbox 3558 2032 3709 2094; x_wconf 86' lang='lat' dir='ltr'><strong>ante</strong></span> <span class='ocrx_word' id='word_1_390' title='bbox 3741 2045 3873 2093; x_wconf 89' lang='lat' dir='ltr'><strong>om-</strong></span> 
     </span>
     <span class='ocr_line' id='line_1_59' title="bbox 2336 2137 3865 2222; baseline -0.004 -17"><span class='ocrx_word' id='word_1_391' title='bbox 2336 2158 2491 2206; x_wconf 89' lang='lat' dir='ltr'><strong>nem</strong></span> <span class='ocrx_word' id='word_1_392' title='bbox 2531 2139 2706 2205; x_wconf 90' lang='lat' dir='ltr'><strong>diem</strong></span> <span class='ocrx_word' id='word_1_393' title='bbox 2750 2141 3067 2222; x_wconf 90' lang='lat' dir='ltr'><strong>quantum</strong></span> <span class='ocrx_word' id='word_1_394' title='bbox 3118 2138 3199 2204; x_wconf 88' lang='lat' dir='ltr'><strong>ad</strong></span> <span class='ocrx_word' id='word_1_395' title='bbox 3242 2137 3542 2203; x_wconf 87' lang='lat' dir='ltr'><strong>ordinem</strong></span> <span class='ocrx_word' id='word_1_396' title='bbox 3597 2139 3865 2212; x_wconf 80' lang='lat' dir='ltr'><strong>naturae;</strong></span> 
     </span>
     <span class='ocr_line' id='line_1_60' title="bbox 2337 2242 3869 2332; baseline -0.005 -20"><span class='ocrx_word' id='word_1_397' title='bbox 2337 2250 2656 2332; x_wconf 88' lang='lat' dir='ltr'><strong>quantum</strong></span> <span class='ocrx_word' id='word_1_398' title='bbox 2696 2264 2851 2311; x_wconf 92' lang='lat' dir='ltr'><strong>vero</strong></span> <span class='ocrx_word' id='word_1_399' title='bbox 2891 2245 2972 2310; x_wconf 90' lang='lat' dir='ltr'><strong>ad</strong></span> <span class='ocrx_word' id='word_1_400' title='bbox 3005 2245 3296 2311; x_wconf 89' lang='lat' dir='ltr'><strong>ordinem</strong></span> <span class='ocrx_word' id='word_1_401' title='bbox 3338 2242 3655 2327; x_wconf 86' lang='lat' dir='ltr'><strong>temporis</strong></span> <span class='ocrx_word' id='word_1_402' title='bbox 3673 2289 3694 2321; x_wconf 90' lang='lat'>‚</span> <span class='ocrx_word' id='word_1_403' title='bbox 3746 2242 3869 2307; x_wconf 83' lang='lat' dir='ltr'><strong>sive</strong></span> 
     </span>
     <span class='ocr_line' id='line_1_61' title="bbox 2339 2347 3864 2434; baseline -0.005 -14"><span class='ocrx_word' id='word_1_404' title='bbox 2339 2354 2692 2420; x_wconf 86' lang='lat' dir='ltr'><strong>durationis</strong></span> <span class='ocrx_word' id='word_1_405' title='bbox 2707 2402 2727 2434; x_wconf 89' lang='lat'>‚</span> <span class='ocrx_word' id='word_1_406' title='bbox 2766 2353 3187 2420; x_wconf 89' lang='lat' dir='ltr'><strong>diversimode</strong></span> <span class='ocrx_word' id='word_1_407' title='bbox 3227 2354 3575 2419; x_wconf 84' lang='lat' dir='ltr'><strong>senserunt</strong></span> <span class='ocrx_word' id='word_1_408' title='bbox 3626 2347 3864 2415; x_wconf 86' lang='lat' dir='ltr'><strong>diversi.</strong></span> 
     </span>
     <span class='ocr_line' id='line_1_62' title="bbox 2340 2459 4043 2543; baseline -0.002 -18"><span class='ocrx_word' id='word_1_409' title='bbox 2340 2459 2612 2539; x_wconf 86' lang='lat' dir='ltr'><strong>Quidam</strong></span> <span class='ocrx_word' id='word_1_410' title='bbox 2630 2463 2965 2526; x_wconf 87' lang='lat' dir='ltr'><strong>senserunt</strong></span> <span class='ocrx_word' id='word_1_411' title='bbox 2985 2460 3155 2543; x_wconf 91' lang='lat' dir='ltr'><strong>quod</strong></span> <span class='ocrx_word' id='word_1_412' title='bbox 3169 2478 3302 2525; x_wconf 92' lang='lat' dir='ltr'><strong>uon</strong></span> <span class='ocrx_word' id='word_1_413' title='bbox 3323 2459 3451 2523; x_wconf 80' lang='lat' dir='ltr'><strong>fuit</strong></span> <span class='ocrx_word' id='word_1_414' title='bbox 3466 2459 3683 2541; x_wconf 90' lang='lat' dir='ltr'><strong>aliqua</strong></span> <span class='ocrx_word' id='word_1_415' title='bbox 3703 2471 3867 2520; x_wconf 91' lang='lat' dir='ltr'><strong>mora</strong></span> <span class='ocrx_word' id='word_1_416' title='bbox 3888 2479 3990 2537; x_wconf 65' lang='grc' dir='ltr'><em>σμ’..</em></span> <span class='ocrx_word' id='word_1_417' title='bbox 4015 2481 4043 2521; x_wconf 83' lang='lat'><strong>1.</strong></span> 
     </span>
     <span class='ocr_line' id='line_1_63' title="bbox 2339 2563 3863 2649; baseline -0.005 -16"><span class='ocrx_word' id='word_1_418' title='bbox 2339 2568 2507 2633; x_wconf 88' lang='lat' dir='ltr'><strong>inter</strong></span> <span class='ocrx_word' id='word_1_419' title='bbox 2545 2568 2932 2634; x_wconf 83' lang='lat' dir='ltr'><strong>creationem</strong></span> <span class='ocrx_word' id='word_1_420' title='bbox 2953 2618 2974 2649; x_wconf 87' lang='lat'>,</span> <span class='ocrx_word' id='word_1_421' title='bbox 3014 2572 3079 2632; x_wconf 91' lang='lat' dir='ltr'><strong>et</strong></span> <span class='ocrx_word' id='word_1_422' title='bbox 3104 2567 3525 2634; x_wconf 85' lang='lat' dir='ltr'><strong>distinctionis</strong></span> <span class='ocrx_word' id='word_1_423' title='bbox 3559 2563 3863 2648; x_wconf 85' lang='lat' dir='ltr'><strong>inooeptio·</strong></span> 
     </span>
     <span class='ocr_line' id='line_1_64' title="bbox 2342 2668 3867 2760; baseline -0.006 -19"><span class='ocrx_word' id='word_1_424' title='bbox 2342 2694 2495 2741; x_wconf 89' lang='lat' dir='ltr'><strong>nem</strong></span> <span class='ocrx_word' id='word_1_425' title='bbox 2542 2676 2788 2741; x_wconf 88' lang='lat' dir='ltr'><strong>:immo</strong></span> <span class='ocrx_word' id='word_1_426' title='bbox 2822 2676 3037 2742; x_wconf 87' lang='lat' dir='ltr'><strong>statim</strong></span> <span class='ocrx_word' id='word_1_427' title='bbox 3071 2694 3222 2742; x_wconf 93' lang='lat' dir='ltr'><strong>cum</strong></span> <span class='ocrx_word' id='word_1_428' title='bbox 3257 2674 3577 2760; x_wconf 87' lang='lat' dir='ltr'><strong>producta</strong></span> <span class='ocrx_word' id='word_1_429' title='bbox 3619 2671 3734 2736; x_wconf 84' lang='lat' dir='ltr'><strong>fuit</strong></span> <span class='ocrx_word' id='word_1_430' title='bbox 3771 2668 3867 2732; x_wconf 85' lang='lat' dir='ltr'><strong>illa</strong></span> 
     </span>
    </p>
   </div>
   <div class='ocr_carea' id='block_1_13' title="bbox 2305 2775 3869 2866">
    <p class='ocr_par' dir='ltr' id='par_1_19' title="bbox 2305 2775 3869 2866">
     <span class='ocr_line' id='line_1_65' title="bbox 2305 2775 3869 2866; baseline -0.001 -24"><span class='ocrx_word' id='word_1_431' title='bbox 2305 2838 2308 2842; x_wconf 79' lang='lat'><strong>.</strong></span> <span class='ocrx_word' id='word_1_432' title='bbox 2342 2782 2632 2865; x_wconf 83' lang='lat' dir='ltr'><strong>materia,</strong></span> <span class='ocrx_word' id='word_1_433' title='bbox 2664 2787 2727 2849; x_wconf 90' lang='lat' dir='ltr'><strong>et</strong></span> <span class='ocrx_word' id='word_1_434' title='bbox 2754 2783 2871 2849; x_wconf 86' lang='lat' dir='ltr'><strong>lux</strong></span> <span class='ocrx_word' id='word_1_435' title='bbox 2893 2801 3041 2866; x_wconf 82' lang='lat' dir='ltr'><strong>quae</strong></span> <span class='ocrx_word' id='word_1_436' title='bbox 3069 2782 3238 2848; x_wconf 86' lang='lat' dir='ltr'><strong>diem</strong></span> <span class='ocrx_word' id='word_1_437' title='bbox 3263 2782 3576 2861; x_wconf 82' lang='lat' dir='ltr'><strong>faciebat,</strong></span> <span class='ocrx_word' id='word_1_438' title='bbox 3610 2775 3869 2843; x_wconf 78' lang='lat' dir='ltr'><strong>nonfuit</strong></span> 
     </span>
    </p>
   </div>
   <div class='ocr_carea' id='block_1_14' title="bbox 2341 2882 4039 3186">
    <p class='ocr_par' dir='ltr' id='par_1_20' title="bbox 2341 2882 4039 3186">
     <span class='ocr_line' id='line_1_66' title="bbox 2341 2882 4039 2976; baseline -0.006 -19"><span class='ocrx_word' id='word_1_439' title='bbox 2341 2889 2596 2957; x_wconf 88' lang='lat' dir='ltr'><strong>morula</strong></span> <span class='ocrx_word' id='word_1_440' title='bbox 2637 2890 2854 2976; x_wconf 89' lang='lat' dir='ltr'><strong>aliqua</strong></span> <span class='ocrx_word' id='word_1_441' title='bbox 2876 2889 3273 2957; x_wconf 88' lang='lat' dir='ltr'><strong>intermedia.</strong></span> <span class='ocrx_word' id='word_1_442' title='bbox 3319 2889 3481 2955; x_wconf 83' lang='lat' dir='ltr'><strong>Aliis</strong></span> <span class='ocrx_word' id='word_1_443' title='bbox 3528 2891 3739 2954; x_wconf 90' lang='lat' dir='ltr'><strong>autem</strong></span> <span class='ocrx_word' id='word_1_444' title='bbox 3771 2882 3862 2948; x_wconf 90' lang='lat' dir='ltr'><strong>vi·</strong></span> <span class='ocrx_word' id='word_1_445' title='bbox 3885 2889 3987 2948; x_wconf 57' lang='grc' dir='ltr'><strong>θινὶ»</strong></span> <span class='ocrx_word' id='word_1_446' title='bbox 4010 2889 4039 2928; x_wconf 78' lang='lat'><strong>²-</strong></span> 
     </span>
     <span class='ocr_line' id='line_1_67' title="bbox 2342 2996 3864 3084; baseline -0.006 -19"><span class='ocrx_word' id='word_1_447' title='bbox 2342 2999 2526 3065; x_wconf 88' lang='lat' dir='ltr'><strong>detur</strong></span> <span class='ocrx_word' id='word_1_448' title='bbox 2566 3000 2738 3084; x_wconf 91' lang='lat' dir='ltr'><strong>quod</strong></span> <span class='ocrx_word' id='word_1_449' title='bbox 2776 2999 2898 3066; x_wconf 82' lang='lat' dir='ltr'><strong>fuit</strong></span> <span class='ocrx_word' id='word_1_450' title='bbox 2931 3017 3113 3064; x_wconf 86' lang='lat' dir='ltr'><strong>mora</strong></span> <span class='ocrx_word' id='word_1_451' title='bbox 3160 2998 3467 3081; x_wconf 89' lang='lat' dir='ltr'><strong>temporis</strong></span> <span class='ocrx_word' id='word_1_452' title='bbox 3508 2996 3864 3077; x_wconf 56' lang='lat' dir='ltr'><strong>interiacens</strong></span> 
     </span>
     <span class='ocr_line' id='line_1_68' title="bbox 2342 3105 3857 3186; baseline -0.007 -11"><span class='ocrx_word' id='word_1_453' title='bbox 2342 3108 2510 3175; x_wconf 87' lang='lat' dir='ltr'><strong>inter</strong></span> <span class='ocrx_word' id='word_1_454' title='bbox 2537 3111 2725 3173; x_wconf 82' lang='lat' dir='ltr'><strong>terrae</strong></span> <span class='ocrx_word' id='word_1_455' title='bbox 2765 3107 3146 3174; x_wconf 84' lang='lat' dir='ltr'><strong>creationem</strong></span> <span class='ocrx_word' id='word_1_456' title='bbox 3161 3156 3179 3186; x_wconf 85' lang='lat'>‚</span> <span class='ocrx_word' id='word_1_457' title='bbox 3208 3110 3273 3172; x_wconf 91' lang='lat' dir='ltr'><strong>et</strong></span> <span class='ocrx_word' id='word_1_458' title='bbox 3304 3107 3472 3172; x_wconf 89' lang='lat' dir='ltr'><strong>lucis</strong></span> <span class='ocrx_word' id='word_1_459' title='bbox 3496 3105 3857 3172; x_wconf 79' lang='lat' dir='ltr'><strong>factionem:</strong></span> 
     </span>
    </p>
   </div>
   <div class='ocr_carea' id='block_1_15' title="bbox 2272 3207 3862 3301">
    <p class='ocr_par' dir='ltr' id='par_1_21' title="bbox 2272 3207 3862 3301">
     <span class='ocr_line' id='line_1_69' title="bbox 2272 3207 3862 3301; baseline -0.007 -18"><span class='ocrx_word' id='word_1_460' title='bbox 2272 3268 2288 3283; x_wconf 89' lang='lat'><strong>.</strong></span> <span class='ocrx_word' id='word_1_461' title='bbox 2345 3220 2407 3282; x_wconf 87' lang='lat' dir='ltr'><strong>et</strong></span> <span class='ocrx_word' id='word_1_462' title='bbox 2440 3216 2611 3281; x_wconf 87' lang='lat' dir='ltr'><strong>istud</strong></span> <span class='ocrx_word' id='word_1_463' title='bbox 2645 3216 2899 3283; x_wconf 87' lang='lat' dir='ltr'><strong>videtur</strong></span> <span class='ocrx_word' id='word_1_464' title='bbox 2934 3218 3143 3301; x_wconf 83' lang='lat' dir='ltr'><strong>magis</strong></span> <span class='ocrx_word' id='word_1_465' title='bbox 3168 3235 3530 3282; x_wconf 88' lang='lat' dir='ltr'><strong>consonum</strong></span> <span class='ocrx_word' id='word_1_466' title='bbox 3560 3207 3862 3279; x_wconf 73' lang='lat' dir='ltr'><strong>sententiaa</strong></span> 
     </span>
    </p>
   </div>
   <div class='ocr_carea' id='block_1_16' title="bbox 2344 3318 3868 4268">
    <p class='ocr_par' dir='ltr' id='par_1_22' title="bbox 2344 3318 3865 3714">
     <span class='ocr_line' id='line_1_70' title="bbox 2346 3318 3865 3409; baseline -0.008 -18"><span class='ocrx_word' id='word_1_467' title='bbox 2346 3324 2782 3408; x_wconf 87' lang='lat' dir='ltr'><strong>expositorum</strong></span> <span class='ocrx_word' id='word_1_468' title='bbox 2802 3373 2822 3405; x_wconf 83' lang='lat'>‚</span> <span class='ocrx_word' id='word_1_469' title='bbox 2870 3324 3037 3389; x_wconf 87' lang='lat' dir='ltr'><strong>sicut</strong></span> <span class='ocrx_word' id='word_1_470' title='bbox 3076 3323 3316 3409; x_wconf 89' lang='lat' dir='ltr'><strong>patebit</strong></span> <span class='ocrx_word' id='word_1_471' title='bbox 3365 3324 3439 3388; x_wconf 90' lang='lat' dir='ltr'><strong>in</strong></span> <span class='ocrx_word' id='word_1_472' title='bbox 3488 3318 3865 3387; x_wconf 85' lang='lat' dir='ltr'><strong>distinctione</strong></span> 
     </span>
     <span class='ocr_line' id='line_1_71' title="bbox 2347 3430 3862 3517; baseline -0.007 -19"><span class='ocrx_word' id='word_1_473' title='bbox 2347 3432 2660 3517; x_wconf 62' lang='lat' dir='ltr'><strong>mqueutL</strong></span> <span class='ocrx_word' id='word_1_474' title='bbox 2696 3430 3052 3514; x_wconf 87' lang='lat' dir='ltr'><strong>Utrumque</strong></span> <span class='ocrx_word' id='word_1_475' title='bbox 3095 3435 3311 3496; x_wconf 91' lang='lat' dir='ltr'><strong>tamen</strong></span> <span class='ocrx_word' id='word_1_476' title='bbox 3342 3431 3557 3514; x_wconf 90' lang='lat' dir='ltr'><strong>potuit</strong></span> <span class='ocrx_word' id='word_1_477' title='bbox 3594 3446 3723 3494; x_wconf 85' lang='lat' dir='ltr'><strong>esse</strong></span> <span class='ocrx_word' id='word_1_478' title='bbox 3762 3440 3862 3488; x_wconf 88' lang='lat' dir='ltr'><strong>ve-</strong></span> 
     </span>
     <span class='ocr_line' id='line_1_72' title="bbox 2346 3522 3864 3623; baseline -0.005 -18"><span class='ocrx_word' id='word_1_479' title='bbox 2346 3522 2531 3622; x_wconf 78' lang='lat' dir='ltr'><strong>rum,</strong></span> <span class='ocrx_word' id='word_1_480' title='bbox 2572 3558 2692 3605; x_wconf 88' lang='lat' dir='ltr'><strong>nec</strong></span> <span class='ocrx_word' id='word_1_481' title='bbox 2715 3538 2977 3623; x_wconf 79' lang='lat' dir='ltr'><strong>aliquod</strong></span> <span class='ocrx_word' id='word_1_482' title='bbox 3000 3538 3238 3604; x_wconf 89' lang='lat' dir='ltr'><strong>horum</strong></span> <span class='ocrx_word' id='word_1_483' title='bbox 3263 3552 3719 3622; x_wconf 85' lang='lat' dir='ltr'><strong>usquequaque</strong></span> <span class='ocrx_word' id='word_1_484' title='bbox 3742 3546 3864 3596; x_wconf 82' lang='lat' dir='ltr'><strong>oer-</strong></span> 
     </span>
     <span class='ocr_line' id='line_1_73' title="bbox 2344 3654 2510 3714; baseline -0.012 0"><span class='ocrx_word' id='word_1_485' title='bbox 2344 3654 2510 3714; x_wconf 90' lang='lat' dir='ltr'><strong>tum.</strong></span> 
     </span>
    </p>

    <p class='ocr_par' dir='ltr' id='par_1_23' title="bbox 2352 3754 3868 4268">
     <span class='ocr_line' id='line_1_74' title="bbox 2434 3754 3866 3829; baseline -0.004 -9"><span class='ocrx_word' id='word_1_486' title='bbox 2434 3763 2493 3820; x_wconf 84' lang='lat'><strong>1.</strong></span> <span class='ocrx_word' id='word_1_487' title='bbox 2525 3754 2906 3822; x_wconf 87' lang='lat' dir='ltr'><strong>Sustinendo</strong></span> <span class='ocrx_word' id='word_1_488' title='bbox 2936 3759 3154 3821; x_wconf 88' lang='lat' dir='ltr'><strong>tamen</strong></span> <span class='ocrx_word' id='word_1_489' title='bbox 3192 3754 3350 3820; x_wconf 92' lang='lat' dir='ltr'><strong>illud</strong></span> <span class='ocrx_word' id='word_1_490' title='bbox 3386 3754 3719 3829; x_wconf 88' lang='lat' dir='ltr'><strong>ultimum,</strong></span> <span class='ocrx_word' id='word_1_491' title='bbox 3753 3767 3866 3814; x_wconf 63' lang='grc' dir='ltr'><strong>τω·</strong></span> 
     </span>
     <span class='ocr_line' id='line_1_75' title="bbox 2352 3856 3865 3948; baseline -0.007 -20"><span class='ocrx_word' id='word_1_492' title='bbox 2352 3863 2765 3948; x_wconf 88' lang='lat' dir='ltr'><strong>pondendum</strong></span> <span class='ocrx_word' id='word_1_493' title='bbox 2817 3866 2914 3927; x_wconf 88' lang='lat' dir='ltr'><strong>est</strong></span> <span class='ocrx_word' id='word_1_494' title='bbox 2963 3863 3044 3929; x_wconf 88' lang='lat' dir='ltr'><strong>ad</strong></span> <span class='ocrx_word' id='word_1_495' title='bbox 3098 3864 3386 3947; x_wconf 89' lang='lat' dir='ltr'><strong>primum</strong></span> <span class='ocrx_word' id='word_1_496' title='bbox 3434 3864 3747 3945; x_wconf 84' lang='lat' dir='ltr'><strong>objectum</strong></span> <span class='ocrx_word' id='word_1_497' title='bbox 3795 3856 3865 3920; x_wconf 90' lang='lat' dir='ltr'><strong>de</strong></span> 
     </span>
     <span class='ocr_line' id='line_1_76' title="bbox 2352 3964 3866 4053; baseline -0.007 -18"><span class='ocrx_word' id='word_1_498' title='bbox 2352 3973 2534 4037; x_wconf 86' lang='lat' dir='ltr'><strong>textu</strong></span> <span class='ocrx_word' id='word_1_499' title='bbox 2565 3970 2891 4050; x_wconf 74' lang='lat' dir='ltr'><strong>Geneseos,</strong></span> <span class='ocrx_word' id='word_1_500' title='bbox 2921 3971 3074 4053; x_wconf 90' lang='lat' dir='ltr'><strong>quia</strong></span> <span class='ocrx_word' id='word_1_501' title='bbox 3104 3989 3319 4036; x_wconf 89' lang='lat' dir='ltr'><strong>creare</strong></span> <span class='ocrx_word' id='word_1_502' title='bbox 3342 3971 3671 4053; x_wconf 82' lang='lat' dir='ltr'><strong>aequivoce</strong></span> <span class='ocrx_word' id='word_1_503' title='bbox 3694 3964 3866 4030; x_wconf 82' lang='lat' dir='ltr'><strong>sumi·</strong></span> 
     </span>
     <span class='ocr_line' id='line_1_77' title="bbox 2355 4069 3868 4162; baseline -0.006 -18"><span class='ocrx_word' id='word_1_504' title='bbox 2355 4083 2466 4144; x_wconf 91' lang='lat' dir='ltr'><strong>tur</strong></span> <span class='ocrx_word' id='word_1_505' title='bbox 2502 4078 2572 4142; x_wconf 92' lang='lat' dir='ltr'><strong>in</strong></span> <span class='ocrx_word' id='word_1_506' title='bbox 2600 4076 2961 4162; x_wconf 85' lang='lat' dir='ltr'><strong>Scriptura,</strong></span> <span class='ocrx_word' id='word_1_507' title='bbox 3004 4082 3068 4144; x_wconf 86' lang='lat' dir='ltr'><strong>et</strong></span> <span class='ocrx_word' id='word_1_508' title='bbox 3092 4079 3183 4143; x_wconf 90' lang='lat' dir='ltr'><strong>ibi</strong></span> <span class='ocrx_word' id='word_1_509' title='bbox 3218 4078 3454 4143; x_wconf 86' lang='lat' dir='ltr'><strong>dicitur</strong></span> <span class='ocrx_word' id='word_1_510' title='bbox 3489 4076 3715 4142; x_wconf 89' lang='lat' dir='ltr'><strong>creatio</strong></span> <span class='ocrx_word' id='word_1_511' title='bbox 3745 4069 3868 4135; x_wconf 82' lang='lat' dir='ltr'><strong>coeli</strong></span> 
     </span>
     <span class='ocr_line' id='line_1_78' title="bbox 2356 4179 3868 4268; baseline -0.007 -18"><span class='ocrx_word' id='word_1_512' title='bbox 2356 4190 2421 4251; x_wconf 91' lang='lat' dir='ltr'><strong>et</strong></span> <span class='ocrx_word' id='word_1_513' title='bbox 2445 4188 2633 4249; x_wconf 86' lang='lat' dir='ltr'><strong>terrae</strong></span> <span class='ocrx_word' id='word_1_514' title='bbox 2646 4233 2664 4265; x_wconf 89' lang='lat'>‚</span> <span class='ocrx_word' id='word_1_515' title='bbox 2695 4186 3038 4268; x_wconf 85' lang='lat' dir='ltr'><strong>utriusque</strong></span> <span class='ocrx_word' id='word_1_516' title='bbox 3077 4184 3263 4249; x_wconf 82' lang='lat' dir='ltr'><strong>factio</strong></span> <span class='ocrx_word' id='word_1_517' title='bbox 3288 4184 3427 4249; x_wconf 85' lang='lat' dir='ltr'><strong>sive</strong></span> <span class='ocrx_word' id='word_1_518' title='bbox 3463 4180 3784 4248; x_wconf 80' lang='lat' dir='ltr'><strong>formatio:</strong></span> <span class='ocrx_word' id='word_1_519' title='bbox 3812 4179 3868 4239; x_wconf 87' lang='lat' dir='ltr'><strong>et</strong></span> 
     </span>
    </p>
   </div>
   <div class='ocr_carea' id='block_1_17' title="bbox 2256 4279 3869 4376">
    <p class='ocr_par' dir='ltr' id='par_1_24' title="bbox 2256 4279 3869 4376">
     <span class='ocr_line' id='line_1_79' title="bbox 2256 4279 3869 4376; baseline -0.006 -18"><span class='ocrx_word' id='word_1_520' title='bbox 2256 4326 2269 4341; x_wconf 76' lang='lat'>=</span> <span class='ocrx_word' id='word_1_521' title='bbox 2358 4292 2447 4357; x_wconf 89' lang='lat' dir='ltr'><strong>sic</strong></span> <span class='ocrx_word' id='word_1_522' title='bbox 2492 4293 2758 4376; x_wconf 85' lang='lat' dir='ltr'><strong>exponit</strong></span> <span class='ocrx_word' id='word_1_523' title='bbox 2797 4292 3205 4375; x_wconf 80' lang='lat' dir='ltr'><strong>Augustinus</strong></span> <span class='ocrx_word' id='word_1_524' title='bbox 3240 4309 3432 4375; x_wconf 80' lang='lat' dir='ltr'><strong>super</strong></span> <span class='ocrx_word' id='word_1_525' title='bbox 3480 4289 3755 4360; x_wconf 75' lang='lat' dir='ltr'><strong>Genesim</strong></span> <span class='ocrx_word' id='word_1_526' title='bbox 3789 4279 3869 4349; x_wconf 84' lang='lat' dir='ltr'><strong>ad</strong></span> 
     </span>
    </p>
   </div>
   <div class='ocr_carea' id='block_1_18' title="bbox 2358 4398 3867 5245">
    <p class='ocr_par' dir='ltr' id='par_1_25' title="bbox 2358 4398 3867 4812">
     <span class='ocr_line' id='line_1_80' title="bbox 2359 4398 3867 4484; baseline -0.009 -13"><span class='ocrx_word' id='word_1_527' title='bbox 2359 4405 2674 4484; x_wconf 78' lang='lat' dir='ltr'><strong>litteram,</strong></span> <span class='ocrx_word' id='word_1_528' title='bbox 2722 4403 2888 4467; x_wconf 89' lang='lat' dir='ltr'><strong>libro</strong></span> <span class='ocrx_word' id='word_1_529' title='bbox 2929 4400 2985 4467; x_wconf 79' lang='lat' dir='ltr'><strong>V</strong></span> <span class='ocrx_word' id='word_1_530' title='bbox 3006 4450 3024 4481; x_wconf 94' lang='lat'>‚</span> <span class='ocrx_word' id='word_1_531' title='bbox 3062 4402 3178 4467; x_wconf 92' lang='lat' dir='ltr'><strong>ubi</strong></span> <span class='ocrx_word' id='word_1_532' title='bbox 3217 4401 3435 4466; x_wconf 91' lang='lat' dir='ltr'><strong>innuit</strong></span> <span class='ocrx_word' id='word_1_533' title='bbox 3478 4398 3644 4484; x_wconf 88' lang='lat' dir='ltr'><strong>quod</strong></span> <span class='ocrx_word' id='word_1_534' title='bbox 3682 4404 3867 4465; x_wconf 72' lang='lat' dir='ltr'><strong>creare</strong></span> 
     </span>
     <span class='ocr_line' id='line_1_81' title="bbox 2360 4499 3860 4592; baseline -0.01 -13"><span class='ocrx_word' id='word_1_535' title='bbox 2360 4510 2584 4578; x_wconf 81' lang='lat' dir='ltr'><strong>coelum</strong></span> <span class='ocrx_word' id='word_1_536' title='bbox 2620 4516 2683 4577; x_wconf 79' lang='lat' dir='ltr'><strong>et</strong></span> <span class='ocrx_word' id='word_1_537' title='bbox 2705 4516 2949 4578; x_wconf 85' lang='lat' dir='ltr'><strong>terram</strong></span> <span class='ocrx_word' id='word_1_538' title='bbox 2972 4509 3206 4574; x_wconf 87' lang='lat' dir='ltr'><strong>dicitur</strong></span> <span class='ocrx_word' id='word_1_539' title='bbox 3246 4507 3580 4592; x_wconf 88' lang='lat' dir='ltr'><strong>dupliciter</strong></span> <span class='ocrx_word' id='word_1_540' title='bbox 3608 4525 3625 4569; x_wconf 78' lang='lat' dir='ltr'>z</span> <span class='ocrx_word' id='word_1_541' title='bbox 3654 4500 3750 4569; x_wconf 90' lang='lat' dir='ltr'><strong>vel</strong></span> <span class='ocrx_word' id='word_1_542' title='bbox 3772 4499 3860 4562; x_wconf 90' lang='lat' dir='ltr'><strong>in·</strong></span> 
     </span>
     <span class='ocr_line' id='line_1_82' title="bbox 2358 4607 3866 4701; baseline -0.01 -15"><span class='ocrx_word' id='word_1_543' title='bbox 2358 4622 2631 4686; x_wconf 80' lang='lat' dir='ltr'><strong>formem</strong></span> <span class='ocrx_word' id='word_1_544' title='bbox 2658 4620 2995 4685; x_wconf 91' lang='lat' dir='ltr'><strong>materiam</strong></span> <span class='ocrx_word' id='word_1_545' title='bbox 3020 4619 3225 4684; x_wconf 82' lang='lat' dir='ltr'><strong>faeere</strong></span> <span class='ocrx_word' id='word_1_546' title='bbox 3237 4640 3255 4698; x_wconf 92' lang='lat'>;</span> <span class='ocrx_word' id='word_1_547' title='bbox 3291 4615 3397 4683; x_wconf 90' lang='lat' dir='ltr'><strong>vel</strong></span> <span class='ocrx_word' id='word_1_548' title='bbox 3423 4633 3536 4701; x_wconf 89' lang='lat' dir='ltr'><strong>per</strong></span> <span class='ocrx_word' id='word_1_549' title='bbox 3569 4613 3790 4679; x_wconf 88' lang='lat' dir='ltr'><strong>formas</strong></span> <span class='ocrx_word' id='word_1_550' title='bbox 3811 4607 3866 4668; x_wconf 83' lang='lat' dir='ltr'><strong>et</strong></span> 
     </span>
     <span class='ocr_line' id='line_1_83' title="bbox 2360 4727 3039 4812; baseline -0.001 -21"><span class='ocrx_word' id='word_1_551' title='bbox 2360 4728 2600 4812; x_wconf 89' lang='lat' dir='ltr'><strong>species</strong></span> <span class='ocrx_word' id='word_1_552' title='bbox 2624 4727 3039 4810; x_wconf 80' lang='lat' dir='ltr'><strong>distinguere.</strong></span> 
     </span>
    </p>

    <p class='ocr_par' dir='ltr' id='par_1_26' title="bbox 2363 4816 3863 5245">
     <span class='ocr_line' id='line_1_84' title="bbox 2441 4816 3863 4916; baseline -0.011 -17"><span class='ocrx_word' id='word_1_553' title='bbox 2441 4838 2482 4899; x_wconf 79' lang='lat'>2</span> <span class='ocrx_word' id='word_1_554' title='bbox 2507 4840 2572 4901; x_wconf 89' lang='lat' dir='ltr'><strong>et</strong></span> <span class='ocrx_word' id='word_1_555' title='bbox 2593 4839 2655 4901; x_wconf 83' lang='lat'><strong>3.</strong></span> <span class='ocrx_word' id='word_1_556' title='bbox 2682 4834 2781 4900; x_wconf 81' lang='lat' dir='ltr'><strong>Ad</strong></span> <span class='ocrx_word' id='word_1_557' title='bbox 2806 4834 2967 4899; x_wconf 90' lang='lat' dir='ltr'><strong>illud</strong></span> <span class='ocrx_word' id='word_1_558' title='bbox 3001 4850 3160 4916; x_wconf 78' lang='lat' dir='ltr'><strong>ergo</strong></span> <span class='ocrx_word' id='word_1_559' title='bbox 3178 4831 3353 4915; x_wconf 91' lang='lat' dir='ltr'><strong>quod</strong></span> <span class='ocrx_word' id='word_1_560' title='bbox 3377 4829 3688 4914; x_wconf 84' lang='lat' dir='ltr'><strong>objicitur,</strong></span> <span class='ocrx_word' id='word_1_561' title='bbox 3714 4816 3863 4905; x_wconf 88' lang='lat' dir='ltr'><strong>quod</strong></span> 
     </span>
     <span class='ocr_line' id='line_1_85' title="bbox 2363 4931 3859 5023; baseline -0.009 -14"><span class='ocrx_word' id='word_1_562' title='bbox 2363 4943 2532 5010; x_wconf 83' lang='lat' dir='ltr'><strong>Deus</strong></span> <span class='ocrx_word' id='word_1_563' title='bbox 2557 4944 2742 5009; x_wconf 88' lang='lat' dir='ltr'><strong>estin</strong></span> <span class='ocrx_word' id='word_1_564' title='bbox 2772 4942 2946 5022; x_wconf 89' lang='lat' dir='ltr'><strong>luce;</strong></span> <span class='ocrx_word' id='word_1_565' title='bbox 2976 4941 3317 5007; x_wconf 88' lang='lat' dir='ltr'><strong>dicendum</strong></span> <span class='ocrx_word' id='word_1_566' title='bbox 3340 4938 3511 5023; x_wconf 89' lang='lat' dir='ltr'><strong>quod</strong></span> <span class='ocrx_word' id='word_1_567' title='bbox 3531 4931 3859 5011; x_wconf 82' lang='lat' dir='ltr'><strong>intelligen-</strong></span> 
     </span>
     <span class='ocr_line' id='line_1_86' title="bbox 2364 5046 3861 5131; baseline -0.012 -14"><span class='ocrx_word' id='word_1_568' title='bbox 2364 5050 2522 5116; x_wconf 92' lang='lat' dir='ltr'><strong>dum</strong></span> <span class='ocrx_word' id='word_1_569' title='bbox 2550 5055 2644 5116; x_wconf 90' lang='lat' dir='ltr'><strong>est</strong></span> <span class='ocrx_word' id='word_1_570' title='bbox 2669 5050 2748 5115; x_wconf 90' lang='lat' dir='ltr'><strong>de</strong></span> <span class='ocrx_word' id='word_1_571' title='bbox 2765 5068 2901 5115; x_wconf 89' lang='lat' dir='ltr'><strong>esse</strong></span> <span class='ocrx_word' id='word_1_572' title='bbox 2925 5048 3138 5114; x_wconf 91' lang='lat' dir='ltr'><strong>lucem</strong></span> <span class='ocrx_word' id='word_1_573' title='bbox 3163 5046 3575 5131; x_wconf 85' lang='lat' dir='ltr'><strong>spiritualem,</strong></span> <span class='ocrx_word' id='word_1_574' title='bbox 3602 5055 3725 5104; x_wconf 91' lang='lat' dir='ltr'><strong>non</strong></span> <span class='ocrx_word' id='word_1_575' title='bbox 3745 5048 3861 5098; x_wconf 82' lang='lat' dir='ltr'><strong>cor·</strong></span> 
     </span>
     <span class='ocr_line' id='line_1_87' title="bbox 2364 5141 3858 5245; baseline -0.015 -18"><span class='ocrx_word' id='word_1_576' title='bbox 2364 5159 2671 5245; x_wconf 89' lang='lat' dir='ltr'><strong>poralem,</strong></span> <span class='ocrx_word' id='word_1_577' title='bbox 2719 5176 2868 5243; x_wconf 83' lang='lat' dir='ltr'><strong>quae</strong></span> <span class='ocrx_word' id='word_1_578' title='bbox 2899 5162 2998 5224; x_wconf 87' lang='lat' dir='ltr'><strong>est</strong></span> <span class='ocrx_word' id='word_1_579' title='bbox 3025 5159 3145 5223; x_wconf 82' lang='lat' dir='ltr'><strong>lux</strong></span> <span class='ocrx_word' id='word_1_580' title='bbox 3180 5155 3500 5239; x_wconf 81' lang='lat' dir='ltr'><strong>sapientiae</strong></span> <span class='ocrx_word' id='word_1_581' title='bbox 3532 5152 3639 5216; x_wconf 84' lang='lat' dir='ltr'><strong>:et</strong></span> <span class='ocrx_word' id='word_1_582' title='bbox 3672 5144 3735 5209; x_wconf 91' lang='lat' dir='ltr'><strong>in</strong></span> <span class='ocrx_word' id='word_1_583' title='bbox 3755 5141 3858 5205; x_wconf 83' lang='lat' dir='ltr'><strong>hac</strong></span> 
     </span>
    </p>
   </div>
   <div class='ocr_carea' id='block_1_19' title="bbox 2366 5333 3853 5570">
    <p class='ocr_par' dir='ltr' id='par_1_27' title="bbox 2366 5333 3853 5570">
     <span class='ocr_line' id='line_1_88' title="bbox 2366 5333 3853 5422; baseline -0.009 -10"><span class='ocrx_word' id='word_1_584' title='bbox 2366 5359 2647 5413; x_wconf 83' lang='lat' dir='ltr'><strong>Richardus</strong></span> <span class='ocrx_word' id='word_1_585' title='bbox 2667 5394 2682 5422; x_wconf 89' lang='lat'>,</span> <span class='ocrx_word' id='word_1_586' title='bbox 2710 5359 2755 5411; x_wconf 84' lang='grc' dir='ltr'><strong>ΙΙ</strong></span> <span class='ocrx_word' id='word_1_587' title='bbox 2793 5358 2951 5420; x_wconf 66' lang='lat' dir='ltr'><strong>Seni„</strong></span> <span class='ocrx_word' id='word_1_588' title='bbox 2986 5356 3104 5409; x_wconf 84' lang='lat' dir='ltr'><strong>dist.</strong></span> <span class='ocrx_word' id='word_1_589' title='bbox 3129 5366 3230 5419; x_wconf 66' lang='grc' dir='ltr'><strong>ιιι,</strong></span> <span class='ocrx_word' id='word_1_590' title='bbox 3263 5368 3315 5420; x_wconf 91' lang='lat' dir='ltr'><strong>q.</strong></span> <span class='ocrx_word' id='word_1_591' title='bbox 3336 5366 3441 5418; x_wconf 83' lang='lat' dir='ltr'><strong>v113</strong></span> <span class='ocrx_word' id='word_1_592' title='bbox 3478 5346 3646 5413; x_wconf 87' lang='lat' dir='ltr'><strong>Steph.</strong></span> <span class='ocrx_word' id='word_1_593' title='bbox 3674 5333 3853 5398; x_wconf 68' lang='lat' dir='ltr'><strong>arulas„</strong></span> 
     </span>
     <span class='ocr_line' id='line_1_89' title="bbox 2369 5411 3851 5497; baseline -0.012 -12"><span class='ocrx_word' id='word_1_594' title='bbox 2369 5433 2413 5487; x_wconf 86' lang='grc' dir='ltr'><strong>ΙΙ</strong></span> <span class='ocrx_word' id='word_1_595' title='bbox 2447 5433 2607 5495; x_wconf 66' lang='lat' dir='ltr'><strong>Seni„</strong></span> <span class='ocrx_word' id='word_1_596' title='bbox 2643 5432 2761 5483; x_wconf 88' lang='lat' dir='ltr'><strong>dist.</strong></span> <span class='ocrx_word' id='word_1_597' title='bbox 2783 5443 2902 5497; x_wconf 79' lang='lat'><em>111,</em></span> <span class='ocrx_word' id='word_1_598' title='bbox 2928 5444 2982 5497; x_wconf 89' lang='lat' dir='ltr'><strong>q.</strong></span> <span class='ocrx_word' id='word_1_599' title='bbox 3002 5442 3055 5480; x_wconf 88' lang='lat' dir='ltr'><strong>v.</strong></span> <span class='ocrx_word' id='word_1_600' title='bbox 3078 5454 3141 5467; x_wconf 92' lang='lat'><em>-</em></span> <span class='ocrx_word' id='word_1_601' title='bbox 3167 5429 3192 5465; x_wconf 76' lang='lat'><strong>¹</strong></span> <span class='ocrx_word' id='word_1_602' title='bbox 3217 5427 3362 5491; x_wconf 67' lang='lat' dir='ltr'><strong>Gen„</strong></span> <span class='ocrx_word' id='word_1_603' title='bbox 3388 5438 3439 5491; x_wconf 88' lang='lat'><strong>1,</strong></span> <span class='ocrx_word' id='word_1_604' title='bbox 3470 5411 3851 5477; x_wconf 51' lang='grc' dir='ltr'><strong>1.-8Αιιεῦῶι</strong></span> 
     </span>
     <span class='ocr_line' id='line_1_90' title="bbox 2370 5497 3518 5570; baseline -0.011 -12"><span class='ocrx_word' id='word_1_605' title='bbox 2370 5506 2592 5570; x_wconf 73' lang='lat' dir='ltr'><strong>consess.</strong></span> <span class='ocrx_word' id='word_1_606' title='bbox 2618 5503 2710 5557; x_wconf 82' lang='lat' dir='ltr'><strong>tib.</strong></span> <span class='ocrx_word' id='word_1_607' title='bbox 2731 5505 2852 5569; x_wconf 76' lang='lat' dir='ltr'><strong>xil,</strong></span> <span class='ocrx_word' id='word_1_608' title='bbox 2880 5517 2929 5555; x_wconf 87' lang='lat' dir='ltr'><strong>c.</strong></span> <span class='ocrx_word' id='word_1_609' title='bbox 2949 5514 3063 5557; x_wconf 81' lang='lat' dir='ltr'><strong>vm.</strong></span> <span class='ocrx_word' id='word_1_610' title='bbox 3090 5525 3147 5541; x_wconf 92' lang='lat'>-</span> <span class='ocrx_word' id='word_1_611' title='bbox 3164 5501 3188 5536; x_wconf 75' lang='lat'>⁸</span> <span class='ocrx_word' id='word_1_612' title='bbox 3205 5499 3351 5561; x_wconf 65' lang='lat' dir='ltr'><strong>Gen„</strong></span> <span class='ocrx_word' id='word_1_613' title='bbox 3376 5510 3417 5551; x_wconf 86' lang='lat'><strong>11</strong></span> <span class='ocrx_word' id='word_1_614' title='bbox 3434 5533 3449 5559; x_wconf 80' lang='lat'><strong>,</strong></span> <span class='ocrx_word' id='word_1_615' title='bbox 3474 5497 3518 5555; x_wconf 68' lang='lat'><strong>4.</strong></span> 
     </span>
    </p>
   </div>
  </div>
 </body>
</html>
