<?xml version="1.0" encoding="UTF-8"?>
<!DOCTYPE html PUBLIC "-//W3C//DTD XHTML 1.0 Transitional//EN"
    "http://www.w3.org/TR/xhtml1/DTD/xhtml1-transitional.dtd">
<html xmlns="http://www.w3.org/1999/xhtml" xml:lang="en" lang="en">
 <head>
  <title>
</title>
<meta http-equiv="Content-Type" content="text/html;charset=utf-8" />
  <meta name='ocr-system' content='tesseract 3.04.00' />
  <meta name='ocr-capabilities' content='ocr_page ocr_carea ocr_par ocr_line ocrx_word'/>
</head>
<body>
  <div class='ocr_page' id='page_1' title='image "./srecardinalissb01peltgoog_0400.png"; bbox 0 0 4125 6225; ppageno 0'>
   <div class='ocr_carea' id='block_1_1' title="bbox 614 428 2214 5253">
    <p class='ocr_par' dir='ltr' id='par_1_1' title="bbox 614 428 2213 1067">
     <span class='ocr_line' id='line_1_1' title="bbox 614 428 794 489; baseline 0 0"><span class='ocrx_word' id='word_1_1' title='bbox 614 444 623 454; x_wconf 95' lang='lat'><strong>·</strong></span> <span class='ocrx_word' id='word_1_2' title='bbox 674 428 794 489; x_wconf 73' lang='lat'>364</span> 
     </span>
     <span class='ocr_line' id='line_1_2' title="bbox 667 553 2213 623; baseline -0.001 -3"><span class='ocrx_word' id='word_1_3' title='bbox 667 558 900 623; x_wconf 90' lang='lat' dir='ltr'>siderat</span> <span class='ocrx_word' id='word_1_4' title='bbox 932 578 950 623; x_wconf 70' lang='grc' dir='ltr'><strong>ε</strong></span> <span class='ocrx_word' id='word_1_5' title='bbox 982 558 1093 623; x_wconf 85' lang='lat' dir='ltr'>sed</span> <span class='ocrx_word' id='word_1_6' title='bbox 1127 557 1417 622; x_wconf 88' lang='lat' dir='ltr'>diabolus</span> <span class='ocrx_word' id='word_1_7' title='bbox 1462 555 1887 620; x_wconf 86' lang='lat' dir='ltr'>consideravit</span> <span class='ocrx_word' id='word_1_8' title='bbox 1906 553 2213 619; x_wconf 79' lang='lat' dir='ltr'>beneficia</span> 
     </span>
     <span class='ocr_line' id='line_1_3' title="bbox 668 661 2212 748; baseline -0.001 -20"><span class='ocrx_word' id='word_1_9' title='bbox 668 663 799 745; x_wconf 86' lang='lat' dir='ltr'>Dei,</span> <span class='ocrx_word' id='word_1_10' title='bbox 836 666 1092 747; x_wconf 84' lang='lat' dir='ltr'>quando</span> <span class='ocrx_word' id='word_1_11' title='bbox 1131 665 1408 748; x_wconf 79' lang='lat' dir='ltr'><strong>respexit</strong></span> <span class='ocrx_word' id='word_1_12' title='bbox 1444 682 1630 727; x_wconf 86' lang='lat' dir='ltr'>suam</span> <span class='ocrx_word' id='word_1_13' title='bbox 1670 661 2212 745; x_wconf 89' lang='lat' dir='ltr'>pulchritudinem</span> 
     </span>
     <span class='ocr_line' id='line_1_4' title="bbox 668 768 2212 851; baseline -0.001 -17"><span class='ocrx_word' id='word_1_14' title='bbox 668 774 733 834; x_wconf 90' lang='lat' dir='ltr'>et</span> <span class='ocrx_word' id='word_1_15' title='bbox 779 771 1245 848; x_wconf 78' lang='lat' dir='ltr'>excellentiam3</span> <span class='ocrx_word' id='word_1_16' title='bbox 1302 773 1365 834; x_wconf 88' lang='lat' dir='ltr'>et</span> <span class='ocrx_word' id='word_1_17' title='bbox 1411 788 1540 835; x_wconf 90' lang='lat' dir='ltr'>non</span> <span class='ocrx_word' id='word_1_18' title='bbox 1585 770 1722 851; x_wconf 82' lang='lat' dir='ltr'>egit</span> <span class='ocrx_word' id='word_1_19' title='bbox 1766 769 2038 851; x_wconf 60' lang='lat' dir='ltr'>gratim,</span> <span class='ocrx_word' id='word_1_20' title='bbox 2080 768 2212 833; x_wconf 90' lang='lat' dir='ltr'>imo</span> 
     </span>
     <span class='ocr_line' id='line_1_5' title="bbox 669 875 2213 961; baseline -0.002 -19"><span class='ocrx_word' id='word_1_21' title='bbox 669 879 1029 961; x_wconf 88' lang='lat' dir='ltr'>oppositum</span> <span class='ocrx_word' id='word_1_22' title='bbox 1065 878 1240 955; x_wconf 86' lang='lat' dir='ltr'>fecit,</span> <span class='ocrx_word' id='word_1_23' title='bbox 1284 877 1438 960; x_wconf 89' lang='lat' dir='ltr'>qnia</span> <span class='ocrx_word' id='word_1_24' title='bbox 1475 875 1680 941; x_wconf 86' lang='lat' dir='ltr'>voluit</span> <span class='ocrx_word' id='word_1_25' title='bbox 1715 876 1834 940; x_wconf 84' lang='lat' dir='ltr'>sibi</span> <span class='ocrx_word' id='word_1_26' title='bbox 1867 875 2213 939; x_wconf 84' lang='lat' dir='ltr'>attribuere</span> 
     </span>
     <span class='ocr_line' id='line_1_6' title="bbox 671 986 1543 1067; baseline -0.005 -17"><span class='ocrx_word' id='word_1_27' title='bbox 671 986 839 1067; x_wconf 93' lang='lat' dir='ltr'>quod</span> <span class='ocrx_word' id='word_1_28' title='bbox 865 986 978 1050; x_wconf 89' lang='lat' dir='ltr'>Dei</span> <span class='ocrx_word' id='word_1_29' title='bbox 1009 989 1182 1051; x_wconf 86' lang='lat' dir='ltr'>erat:</span> <span class='ocrx_word' id='word_1_30' title='bbox 1214 1003 1394 1066; x_wconf 81' lang='lat' dir='ltr'>ergo,</span> <span class='ocrx_word' id='word_1_31' title='bbox 1425 988 1543 1048; x_wconf 88' lang='lat' dir='ltr'>etc.</span> 
     </span>
    </p>

    <p class='ocr_par' dir='ltr' id='par_1_2' title="bbox 665 1090 2214 1924">
     <span class='ocr_line' id='line_1_7' title="bbox 747 1090 2211 1173; baseline -0.001 -17"><span class='ocrx_word' id='word_1_32' title='bbox 747 1098 807 1156; x_wconf 71' lang='lat'>4.</span> <span class='ocrx_word' id='word_1_33' title='bbox 856 1092 1013 1157; x_wconf 83' lang='lat' dir='ltr'><strong>Item</strong></span> <span class='ocrx_word' id='word_1_34' title='bbox 1042 1093 1294 1157; x_wconf 85' lang='lat' dir='ltr'>videtur</span> <span class='ocrx_word' id='word_1_35' title='bbox 1326 1090 1496 1173; x_wconf 88' lang='lat' dir='ltr'>quod</span> <span class='ocrx_word' id='word_1_36' title='bbox 1524 1094 1776 1173; x_wconf 85' lang='lat' dir='ltr'>peccato</span> <span class='ocrx_word' id='word_1_37' title='bbox 1804 1090 2211 1169; x_wconf 84' lang='lat' dir='ltr'>infidelitatis,</span> 
     </span>
     <span class='ocr_line' id='line_1_8' title="bbox 669 1197 2212 1282; baseline -0.001 -18"><span class='ocrx_word' id='word_1_38' title='bbox 669 1200 818 1282; x_wconf 87' lang='lat' dir='ltr'>quia</span> <span class='ocrx_word' id='word_1_39' title='bbox 846 1199 1207 1275; x_wconf 84' lang='lat' dir='ltr'>Anselmus‚</span> <span class='ocrx_word' id='word_1_40' title='bbox 1235 1198 1315 1264; x_wconf 83' lang='lat' dir='ltr'>de</span> <span class='ocrx_word' id='word_1_41' title='bbox 1340 1204 1595 1279; x_wconf 75' lang='lat' dir='ltr'>peccato</span> <span class='ocrx_word' id='word_1_42' title='bbox 1630 1197 1886 1263; x_wconf 77' lang='lat' dir='ltr'><em>Diaboli</em></span> <span class='ocrx_word' id='word_1_43' title='bbox 1906 1204 1952 1275; x_wconf 87' lang='lat'>¹,</span> <span class='ocrx_word' id='word_1_44' title='bbox 1973 1200 2037 1262; x_wconf 88' lang='lat' dir='ltr'>et</span> <span class='ocrx_word' id='word_1_45' title='bbox 2054 1197 2212 1262; x_wconf 91' lang='lat' dir='ltr'>Ber-</span> 
     </span>
     <span class='ocr_line' id='line_1_9' title="bbox 668 1304 2214 1386; baseline -0.001 -16"><span class='ocrx_word' id='word_1_46' title='bbox 668 1308 930 1386; x_wconf 78' lang='lat' dir='ltr'>nardus,</span> <span class='ocrx_word' id='word_1_47' title='bbox 947 1306 1024 1371; x_wconf 81' lang='lat' dir='ltr'>de</span> <span class='ocrx_word' id='word_1_48' title='bbox 1047 1305 1365 1372; x_wconf 80' lang='lat' dir='ltr'>Gradibus</span> <span class='ocrx_word' id='word_1_49' title='bbox 1377 1304 1795 1383; x_wconf 74' lang='lat' dir='ltr'>humilitatis,</span> <span class='ocrx_word' id='word_1_50' title='bbox 1811 1304 2030 1369; x_wconf 90' lang='lat' dir='ltr'>dicunt</span> <span class='ocrx_word' id='word_1_51' title='bbox 2042 1304 2214 1386; x_wconf 90' lang='lat' dir='ltr'>quod</span> 
     </span>
     <span class='ocr_line' id='line_1_10' title="bbox 667 1412 2209 1494; baseline -0.001 -17"><span class='ocrx_word' id='word_1_52' title='bbox 667 1414 955 1477; x_wconf 86' lang='lat' dir='ltr'>diabolus</span> <span class='ocrx_word' id='word_1_53' title='bbox 999 1432 1132 1478; x_wconf 91' lang='lat' dir='ltr'>non</span> <span class='ocrx_word' id='word_1_54' title='bbox 1172 1412 1437 1477; x_wconf 90' lang='lat' dir='ltr'>credidit</span> <span class='ocrx_word' id='word_1_55' title='bbox 1481 1431 1547 1477; x_wconf 89' lang='lat' dir='ltr'>se</span> <span class='ocrx_word' id='word_1_56' title='bbox 1597 1430 1733 1476; x_wconf 89' lang='lat' dir='ltr'>esse</span> <span class='ocrx_word' id='word_1_57' title='bbox 1768 1412 2209 1494; x_wconf 88' lang='lat' dir='ltr'>puniendum,</span> 
     </span>
     <span class='ocr_line' id='line_1_11' title="bbox 667 1518 2214 1603; baseline 0.001 -22"><span class='ocrx_word' id='word_1_58' title='bbox 667 1521 801 1583; x_wconf 80' lang='lat' dir='ltr'>sive</span> <span class='ocrx_word' id='word_1_59' title='bbox 830 1520 1091 1584; x_wconf 79' lang='lat' dir='ltr'>credidit</span> <span class='ocrx_word' id='word_1_60' title='bbox 1131 1539 1198 1584; x_wconf 86' lang='lat' dir='ltr'>se</span> <span class='ocrx_word' id='word_1_61' title='bbox 1234 1538 1367 1584; x_wconf 91' lang='lat' dir='ltr'>non</span> <span class='ocrx_word' id='word_1_62' title='bbox 1409 1519 1635 1585; x_wconf 90' lang='lat' dir='ltr'>debere</span> <span class='ocrx_word' id='word_1_63' title='bbox 1679 1519 1930 1603; x_wconf 87' lang='lat' dir='ltr'>puniri:</span> <span class='ocrx_word' id='word_1_64' title='bbox 1961 1519 2071 1583; x_wconf 92' lang='lat' dir='ltr'>sed</span> <span class='ocrx_word' id='word_1_65' title='bbox 2101 1518 2214 1601; x_wconf 93' lang='lat' dir='ltr'>qui</span> 
     </span>
     <span class='ocr_line' id='line_1_12' title="bbox 666 1625 2210 1709; baseline -0.001 -20"><span class='ocrx_word' id='word_1_66' title='bbox 666 1627 927 1691; x_wconf 87' lang='lat' dir='ltr'>credidit</span> <span class='ocrx_word' id='word_1_67' title='bbox 948 1630 1279 1708; x_wconf 89' lang='lat' dir='ltr'>peccatum</span> <span class='ocrx_word' id='word_1_68' title='bbox 1296 1646 1336 1691; x_wconf 90' lang='lat' dir='ltr'>a</span> <span class='ocrx_word' id='word_1_69' title='bbox 1356 1626 1483 1691; x_wconf 90' lang='lat' dir='ltr'>Deo</span> <span class='ocrx_word' id='word_1_70' title='bbox 1499 1625 1893 1709; x_wconf 87' lang='lat' dir='ltr'>impunitum</span> <span class='ocrx_word' id='word_1_71' title='bbox 1910 1626 2210 1707; x_wconf 83' lang='lat' dir='ltr'>relinqui,</span> 
     </span>
     <span class='ocr_line' id='line_1_13' title="bbox 665 1733 2212 1816; baseline -0.001 -19"><span class='ocrx_word' id='word_1_72' title='bbox 665 1737 759 1797; x_wconf 91' lang='lat' dir='ltr'>est</span> <span class='ocrx_word' id='word_1_73' title='bbox 787 1734 1096 1798; x_wconf 83' lang='lat' dir='ltr'>infidelis:</span> <span class='ocrx_word' id='word_1_74' title='bbox 1130 1752 1286 1816; x_wconf 82' lang='lat' dir='ltr'>ergo</span> <span class='ocrx_word' id='word_1_75' title='bbox 1327 1733 1651 1809; x_wconf 68' lang='lat' dir='ltr'>diabolm,</span> <span class='ocrx_word' id='word_1_76' title='bbox 1692 1736 2038 1814; x_wconf 88' lang='lat' dir='ltr'>antequam</span> <span class='ocrx_word' id='word_1_77' title='bbox 2064 1750 2212 1814; x_wconf 90' lang='lat' dir='ltr'>pec-</span> 
     </span>
     <span class='ocr_line' id='line_1_14' title="bbox 665 1838 2209 1924; baseline -0.001 -20"><span class='ocrx_word' id='word_1_78' title='bbox 665 1845 835 1905; x_wconf 90' lang='lat' dir='ltr'>caret</span> <span class='ocrx_word' id='word_1_79' title='bbox 861 1841 1216 1924; x_wconf 84' lang='lat' dir='ltr'>appetendo</span> <span class='ocrx_word' id='word_1_80' title='bbox 1238 1888 1256 1917; x_wconf 79' lang='lat'>,</span> <span class='ocrx_word' id='word_1_81' title='bbox 1284 1841 1568 1923; x_wconf 86' lang='lat' dir='ltr'>peccavit</span> <span class='ocrx_word' id='word_1_82' title='bbox 1599 1857 1717 1922; x_wconf 91' lang='lat' dir='ltr'>per</span> <span class='ocrx_word' id='word_1_83' title='bbox 1748 1838 2209 1903; x_wconf 82' lang='lat' dir='ltr'>infidelitatem.</span> 
     </span>
    </p>

    <p class='ocr_par' dir='ltr' id='par_1_3' title="bbox 664 1945 2214 2566">
     <span class='ocr_line' id='line_1_15' title="bbox 746 1945 2213 2029; baseline -0.001 -18"><span class='ocrx_word' id='word_1_84' title='bbox 746 1952 806 2013; x_wconf 78' lang='lat'>5.</span> <span class='ocrx_word' id='word_1_85' title='bbox 860 1948 1021 2012; x_wconf 89' lang='lat' dir='ltr'>Item</span> <span class='ocrx_word' id='word_1_86' title='bbox 1080 1948 1324 2012; x_wconf 87' lang='lat' dir='ltr'>ratione</span> <span class='ocrx_word' id='word_1_87' title='bbox 1379 1947 1665 2024; x_wconf 82' lang='lat' dir='ltr'>videtur,</span> <span class='ocrx_word' id='word_1_88' title='bbox 1722 1946 1876 2029; x_wconf 89' lang='lat' dir='ltr'>quia</span> <span class='ocrx_word' id='word_1_89' title='bbox 1923 1945 2213 2010; x_wconf 87' lang='lat' dir='ltr'>diabolus</span> 
     </span>
     <span class='ocr_line' id='line_1_16' title="bbox 665 2053 2213 2138; baseline -0.003 -17"><span class='ocrx_word' id='word_1_90' title='bbox 665 2073 1003 2138; x_wconf 90' lang='lat' dir='ltr'>nunquam</span> <span class='ocrx_word' id='word_1_91' title='bbox 1048 2055 1486 2138; x_wconf 79' lang='lat' dir='ltr'>appetivisset,</span> <span class='ocrx_word' id='word_1_92' title='bbox 1527 2055 1653 2118; x_wconf 89' lang='lat' dir='ltr'>nisi</span> <span class='ocrx_word' id='word_1_93' title='bbox 1695 2054 2057 2118; x_wconf 81' lang='lat' dir='ltr'>credidisset</span> <span class='ocrx_word' id='word_1_94' title='bbox 2092 2053 2213 2117; x_wconf 89' lang='lat' dir='ltr'>sihi</span> 
     </span>
     <span class='ocr_line' id='line_1_17' title="bbox 664 2160 2212 2246; baseline -0.003 -18"><span class='ocrx_word' id='word_1_95' title='bbox 664 2181 802 2228; x_wconf 85' lang='lat' dir='ltr'>esse</span> <span class='ocrx_word' id='word_1_96' title='bbox 853 2163 1099 2227; x_wconf 90' lang='lat' dir='ltr'>bonum</span> <span class='ocrx_word' id='word_1_97' title='bbox 1147 2163 1251 2227; x_wconf 87' lang='lat' dir='ltr'>vel</span> <span class='ocrx_word' id='word_1_98' title='bbox 1291 2161 1638 2246; x_wconf 81' lang='lat' dir='ltr'>possibile:</span> <span class='ocrx_word' id='word_1_99' title='bbox 1692 2161 1802 2225; x_wconf 90' lang='lat' dir='ltr'>sed</span> <span class='ocrx_word' id='word_1_100' title='bbox 1842 2160 2054 2226; x_wconf 85' lang='lat' dir='ltr'>omnis</span> <span class='ocrx_word' id='word_1_101' title='bbox 2098 2160 2212 2242; x_wconf 90' lang='lat' dir='ltr'>qui</span> 
     </span>
     <span class='ocr_line' id='line_1_18' title="bbox 665 2267 2208 2353; baseline -0.003 -17"><span class='ocrx_word' id='word_1_102' title='bbox 665 2271 865 2336; x_wconf 88' lang='lat' dir='ltr'>credit</span> <span class='ocrx_word' id='word_1_103' title='bbox 893 2275 1252 2335; x_wconf 88' lang='lat' dir='ltr'>creaturam</span> <span class='ocrx_word' id='word_1_104' title='bbox 1280 2288 1462 2353; x_wconf 89' lang='lat' dir='ltr'>posse</span> <span class='ocrx_word' id='word_1_105' title='bbox 1484 2269 1729 2352; x_wconf 84' lang='lat' dir='ltr'>aequari</span> <span class='ocrx_word' id='word_1_106' title='bbox 1755 2268 1879 2351; x_wconf 85' lang='lat' dir='ltr'>ipsi</span> <span class='ocrx_word' id='word_1_107' title='bbox 1908 2267 2208 2349; x_wconf 80' lang='lat' dir='ltr'>Creatori,</span> 
     </span>
     <span class='ocr_line' id='line_1_19' title="bbox 665 2378 2214 2460; baseline -0.003 -17"><span class='ocrx_word' id='word_1_108' title='bbox 665 2382 761 2443; x_wconf 91' lang='lat' dir='ltr'>est</span> <span class='ocrx_word' id='word_1_109' title='bbox 781 2378 1091 2443; x_wconf 85' lang='lat' dir='ltr'>infidelis:</span> <span class='ocrx_word' id='word_1_110' title='bbox 1114 2396 1273 2460; x_wconf 81' lang='lat' dir='ltr'>ergo</span> <span class='ocrx_word' id='word_1_111' title='bbox 1297 2378 1607 2460; x_wconf 83' lang='lat' dir='ltr'>diabolus,</span> <span class='ocrx_word' id='word_1_112' title='bbox 1630 2379 1975 2458; x_wconf 86' lang='lat' dir='ltr'>antequam</span> <span class='ocrx_word' id='word_1_113' title='bbox 1997 2394 2214 2459; x_wconf 89' lang='lat' dir='ltr'>super·</span> 
     </span>
     <span class='ocr_line' id='line_1_20' title="bbox 666 2485 1326 2566; baseline -0.003 -15"><span class='ocrx_word' id='word_1_114' title='bbox 666 2486 854 2566; x_wconf 87' lang='lat' dir='ltr'>biret,</span> <span class='ocrx_word' id='word_1_115' title='bbox 885 2485 1157 2549; x_wconf 85' lang='lat' dir='ltr'>infidelis</span> <span class='ocrx_word' id='word_1_116' title='bbox 1183 2486 1326 2550; x_wconf 88' lang='lat' dir='ltr'>fuit.</span> 
     </span>
    </p>

    <p class='ocr_par' dir='ltr' id='par_1_4' title="bbox 663 2588 2214 3216">
     <span class='ocr_line' id='line_1_21' title="bbox 745 2588 2212 2673; baseline -0.003 -17"><span class='ocrx_word' id='word_1_117' title='bbox 745 2595 807 2656; x_wconf 88' lang='grc'>6.</span> <span class='ocrx_word' id='word_1_118' title='bbox 851 2591 1012 2657; x_wconf 87' lang='lat' dir='ltr'>Item</span> <span class='ocrx_word' id='word_1_119' title='bbox 1051 2591 1307 2656; x_wconf 77' lang='lat' dir='ltr'>videtur</span> <span class='ocrx_word' id='word_1_120' title='bbox 1348 2590 1523 2673; x_wconf 90' lang='lat' dir='ltr'>quod</span> <span class='ocrx_word' id='word_1_121' title='bbox 1568 2591 1903 2672; x_wconf 87' lang='lat' dir='ltr'>peccatum</span> <span class='ocrx_word' id='word_1_122' title='bbox 1944 2588 2212 2653; x_wconf 89' lang='lat' dir='ltr'>curiosi·-</span> 
     </span>
     <span class='ocr_line' id='line_1_22' title="bbox 663 2698 2211 2785; baseline -0.001 -19"><span class='ocrx_word' id='word_1_123' title='bbox 663 2703 808 2767; x_wconf 87' lang='lat' dir='ltr'>tatis</span> <span class='ocrx_word' id='word_1_124' title='bbox 835 2702 957 2767; x_wconf 81' lang='lat' dir='ltr'>fuit</span> <span class='ocrx_word' id='word_1_125' title='bbox 998 2701 1305 2785; x_wconf 89' lang='lat' dir='ltr'>primum.</span> <span class='ocrx_word' id='word_1_126' title='bbox 1336 2700 1697 2766; x_wconf 87' lang='lat' dir='ltr'>Bernardus</span> <span class='ocrx_word' id='word_1_127' title='bbox 1717 2747 1736 2781; x_wconf 87' lang='lat'>,</span> <span class='ocrx_word' id='word_1_128' title='bbox 1781 2699 1858 2766; x_wconf 84' lang='lat' dir='ltr'>de</span> <span class='ocrx_word' id='word_1_129' title='bbox 1900 2698 2211 2781; x_wconf 66' lang='lat' dir='ltr'>madibus</span> 
     </span>
     <span class='ocr_line' id='line_1_23' title="bbox 665 2807 2214 2893; baseline -0.004 -17"><span class='ocrx_word' id='word_1_130' title='bbox 665 2811 1093 2889; x_wconf 77' lang='lat' dir='ltr'>humilitati8‚</span> <span class='ocrx_word' id='word_1_131' title='bbox 1131 2828 1270 2893; x_wconf 89' lang='lat' dir='ltr'>cap.</span> <span class='ocrx_word' id='word_1_132' title='bbox 1297 2812 1470 2874; x_wconf 81' lang='lat' dir='ltr'>xn’:</span> <span class='ocrx_word' id='word_1_133' title='bbox 1510 2831 1542 2871; x_wconf 76' lang='grc' dir='ltr'>α</span> <span class='ocrx_word' id='word_1_134' title='bbox 1571 2808 1692 2872; x_wconf 90' lang='lat' dir='ltr'>Per</span> <span class='ocrx_word' id='word_1_135' title='bbox 1717 2807 2148 2872; x_wconf 80' lang='lat' dir='ltr'>curiositatem</span> <span class='ocrx_word' id='word_1_136' title='bbox 2174 2824 2214 2870; x_wconf 89' lang='lat' dir='ltr'>a</span> 
     </span>
     <span class='ocr_line' id='line_1_24' title="bbox 666 2914 2214 3000; baseline -0.004 -18"><span class='ocrx_word' id='word_1_137' title='bbox 666 2917 928 2982; x_wconf 85' lang='lat' dir='ltr'>veritate</span> <span class='ocrx_word' id='word_1_138' title='bbox 967 2917 1220 2998; x_wconf 87' lang='lat' dir='ltr'>cecidit,</span> <span class='ocrx_word' id='word_1_139' title='bbox 1257 2918 1411 3000; x_wconf 83' lang='lat' dir='ltr'>quia</span> <span class='ocrx_word' id='word_1_140' title='bbox 1450 2915 1623 2999; x_wconf 89' lang='lat' dir='ltr'>quod</span> <span class='ocrx_word' id='word_1_141' title='bbox 1671 2915 1851 2998; x_wconf 88' lang='lat' dir='ltr'>prius</span> <span class='ocrx_word' id='word_1_142' title='bbox 1891 2914 2214 2997; x_wconf 79' lang='lat' dir='ltr'>spectabat</span> 
     </span>
     <span class='ocr_line' id='line_1_25' title="bbox 668 3022 2214 3106; baseline -0.001 -18"><span class='ocrx_word' id='word_1_143' title='bbox 668 3024 919 3089; x_wconf 90' lang='lat' dir='ltr'>curiose</span> <span class='ocrx_word' id='word_1_144' title='bbox 932 3072 950 3104; x_wconf 92' lang='lat'>,</span> <span class='ocrx_word' id='word_1_145' title='bbox 992 3023 1311 3091; x_wconf 78' lang='lat' dir='ltr'>affectavit</span> <span class='ocrx_word' id='word_1_146' title='bbox 1351 3024 1565 3089; x_wconf 85' lang='lat' dir='ltr'>illicite</span> <span class='ocrx_word' id='word_1_147' title='bbox 1579 3071 1598 3104; x_wconf 91' lang='lat'>,</span> <span class='ocrx_word' id='word_1_148' title='bbox 1631 3024 1697 3087; x_wconf 88' lang='lat' dir='ltr'>et</span> <span class='ocrx_word' id='word_1_149' title='bbox 1730 3022 2011 3106; x_wconf 86' lang='lat' dir='ltr'>speravit</span> <span class='ocrx_word' id='word_1_150' title='bbox 2042 3038 2214 3104; x_wconf 83' lang='lat' dir='ltr'>prae-</span> 
     </span>
     <span class='ocr_line' id='line_1_26' title="bbox 664 3135 1121 3216; baseline -0.009 -20"><span class='ocrx_word' id='word_1_151' title='bbox 664 3135 1058 3216; x_wconf 83' lang='lat' dir='ltr'>sumptuose.</span> <span class='ocrx_word' id='word_1_152' title='bbox 1088 3152 1121 3192; x_wconf 69' lang='grc' dir='ltr'>ι)</span> 
     </span>
    </p>

    <p class='ocr_par' dir='ltr' id='par_1_5' title="bbox 666 3239 2214 3965">
     <span class='ocr_line' id='line_1_27' title="bbox 745 3239 2213 3323; baseline -0.001 -19"><span class='ocrx_word' id='word_1_153' title='bbox 745 3246 806 3305; x_wconf 86' lang='grc'>7.</span> <span class='ocrx_word' id='word_1_154' title='bbox 855 3240 1013 3304; x_wconf 90' lang='lat' dir='ltr'>Item</span> <span class='ocrx_word' id='word_1_155' title='bbox 1050 3240 1174 3304; x_wconf 91' lang='lat' dir='ltr'>hoc</span> <span class='ocrx_word' id='word_1_156' title='bbox 1211 3239 1465 3304; x_wconf 86' lang='lat' dir='ltr'>videtur</span> <span class='ocrx_word' id='word_1_157' title='bbox 1505 3240 1791 3305; x_wconf 85' lang='lat' dir='ltr'>ratione:</span> <span class='ocrx_word' id='word_1_158' title='bbox 1819 3240 1974 3323; x_wconf 88' lang='lat' dir='ltr'>quia</span> <span class='ocrx_word' id='word_1_159' title='bbox 1999 3240 2213 3303; x_wconf 89' lang='lat' dir='ltr'>curio·</span> 
     </span>
     <span class='ocr_line' id='line_1_28' title="bbox 666 3346 2214 3429; baseline 0 -18"><span class='ocrx_word' id='word_1_160' title='bbox 666 3348 868 3413; x_wconf 87' lang='lat' dir='ltr'>sitatis</span> <span class='ocrx_word' id='word_1_161' title='bbox 904 3347 1141 3414; x_wconf 84' lang='lat' dir='ltr'>vitium</span> <span class='ocrx_word' id='word_1_162' title='bbox 1182 3351 1276 3412; x_wconf 90' lang='lat' dir='ltr'>est</span> <span class='ocrx_word' id='word_1_163' title='bbox 1315 3347 1653 3428; x_wconf 84' lang='lat' dir='ltr'>diligenter</span> <span class='ocrx_word' id='word_1_164' title='bbox 1688 3348 2001 3429; x_wconf 83' lang='lat' dir='ltr'>respicere</span> <span class='ocrx_word' id='word_1_165' title='bbox 2038 3346 2214 3429; x_wconf 91' lang='lat' dir='ltr'>quod</span> 
     </span>
     <span class='ocr_line' id='line_1_29' title="bbox 667 3452 2213 3537; baseline 0 -19"><span class='ocrx_word' id='word_1_166' title='bbox 667 3472 800 3518; x_wconf 90' lang='lat' dir='ltr'>non</span> <span class='ocrx_word' id='word_1_167' title='bbox 837 3455 984 3520; x_wconf 90' lang='lat' dir='ltr'>licet</span> <span class='ocrx_word' id='word_1_168' title='bbox 1018 3457 1312 3537; x_wconf 83' lang='lat' dir='ltr'>appetere</span> <span class='ocrx_word' id='word_1_169' title='bbox 1328 3502 1347 3533; x_wconf 86' lang='lat'>,</span> <span class='ocrx_word' id='word_1_170' title='bbox 1378 3454 1731 3518; x_wconf 86' lang='lat' dir='ltr'>secundum</span> <span class='ocrx_word' id='word_1_171' title='bbox 1771 3453 1961 3518; x_wconf 86' lang='lat' dir='ltr'>illud:</span> <span class='ocrx_word' id='word_1_172' title='bbox 2002 3476 2034 3514; x_wconf 87' lang='lat'>«</span> <span class='ocrx_word' id='word_1_173' title='bbox 2070 3452 2213 3518; x_wconf 92' lang='lat' dir='ltr'>Non</span> 
     </span>
     <span class='ocr_line' id='line_1_30' title="bbox 666 3560 2204 3643; baseline -0.001 -19"><span class='ocrx_word' id='word_1_174' title='bbox 666 3561 812 3624; x_wconf 91' lang='lat' dir='ltr'>licet</span> <span class='ocrx_word' id='word_1_175' title='bbox 846 3561 1082 3626; x_wconf 87' lang='lat' dir='ltr'>intueri</span> <span class='ocrx_word' id='word_1_176' title='bbox 1102 3608 1120 3639; x_wconf 90' lang='lat'>,</span> <span class='ocrx_word' id='word_1_177' title='bbox 1158 3561 1331 3642; x_wconf 90' lang='lat' dir='ltr'>quod</span> <span class='ocrx_word' id='word_1_178' title='bbox 1370 3579 1498 3624; x_wconf 91' lang='lat' dir='ltr'>non</span> <span class='ocrx_word' id='word_1_179' title='bbox 1548 3560 1694 3624; x_wconf 88' lang='lat' dir='ltr'>licet</span> <span class='ocrx_word' id='word_1_180' title='bbox 1738 3561 2129 3643; x_wconf 89' lang='lat' dir='ltr'>concupisci:</span> <span class='ocrx_word' id='word_1_181' title='bbox 2171 3583 2204 3622; x_wconf 71' lang='lat' dir='ltr'>n</span> 
     </span>
     <span class='ocr_line' id='line_1_31' title="bbox 667 3667 2214 3751; baseline 0.001 -18"><span class='ocrx_word' id='word_1_182' title='bbox 667 3668 776 3733; x_wconf 89' lang='lat' dir='ltr'>sed</span> <span class='ocrx_word' id='word_1_183' title='bbox 818 3668 1107 3732; x_wconf 87' lang='lat' dir='ltr'>diabolus</span> <span class='ocrx_word' id='word_1_184' title='bbox 1145 3667 1485 3748; x_wconf 80' lang='lat' dir='ltr'>diligenter</span> <span class='ocrx_word' id='word_1_185' title='bbox 1519 3669 1767 3750; x_wconf 79' lang='lat' dir='ltr'>aspexit</span> <span class='ocrx_word' id='word_1_186' title='bbox 1804 3668 1977 3750; x_wconf 88' lang='lat' dir='ltr'>quod</span> <span class='ocrx_word' id='word_1_187' title='bbox 2016 3686 2214 3751; x_wconf 90' lang='lat' dir='ltr'>supra</span> 
     </span>
     <span class='ocr_line' id='line_1_32' title="bbox 666 3774 2210 3857; baseline -0.001 -17"><span class='ocrx_word' id='word_1_188' title='bbox 666 3793 736 3840; x_wconf 90' lang='lat' dir='ltr'>se</span> <span class='ocrx_word' id='word_1_189' title='bbox 759 3779 916 3854; x_wconf 88' lang='lat' dir='ltr'>erat,</span> <span class='ocrx_word' id='word_1_190' title='bbox 943 3775 1199 3857; x_wconf 89' lang='lat' dir='ltr'>quando</span> <span class='ocrx_word' id='word_1_191' title='bbox 1222 3775 1449 3839; x_wconf 76' lang='lat' dir='ltr'>dixit³z</span> <span class='ocrx_word' id='word_1_192' title='bbox 1481 3777 1559 3841; x_wconf 80' lang='lat' dir='ltr'>In</span> <span class='ocrx_word' id='word_1_193' title='bbox 1583 3776 1800 3843; x_wconf 82' lang='lat' dir='ltr'>caelum</span> <span class='ocrx_word' id='word_1_194' title='bbox 1820 3774 2164 3842; x_wconf 78' lang='lat' dir='ltr'>ascendam</span> <span class='ocrx_word' id='word_1_195' title='bbox 2187 3794 2210 3837; x_wconf 94' lang='lat'>.·</span> 
     </span>
     <span class='ocr_line' id='line_1_33' title="bbox 669 3884 1421 3965; baseline -0.003 -16"><span class='ocrx_word' id='word_1_196' title='bbox 669 3902 826 3965; x_wconf 82' lang='lat' dir='ltr'>ergo</span> <span class='ocrx_word' id='word_1_197' title='bbox 851 3884 1281 3961; x_wconf 81' lang='lat' dir='ltr'>manifestum,</span> <span class='ocrx_word' id='word_1_198' title='bbox 1304 3887 1421 3947; x_wconf 88' lang='lat' dir='ltr'>etc.</span> 
     </span>
    </p>

    <p class='ocr_par' dir='ltr' id='par_1_6' title="bbox 664 3989 2214 4701">
     <span class='ocr_line' id='line_1_34' title="bbox 747 3989 2213 4073; baseline -0.001 -18"><span class='ocrx_word' id='word_1_199' title='bbox 747 3995 808 4055; x_wconf 89' lang='lat'>8.</span> <span class='ocrx_word' id='word_1_200' title='bbox 854 3990 1014 4056; x_wconf 88' lang='lat' dir='ltr'>Item</span> <span class='ocrx_word' id='word_1_201' title='bbox 1033 4039 1051 4070; x_wconf 91' lang='lat'>,</span> <span class='ocrx_word' id='word_1_202' title='bbox 1083 3990 1256 4073; x_wconf 89' lang='lat' dir='ltr'>quod</span> <span class='ocrx_word' id='word_1_203' title='bbox 1286 3990 1525 4055; x_wconf 84' lang='lat' dir='ltr'>invidia</span> <span class='ocrx_word' id='word_1_204' title='bbox 1553 3990 1774 4068; x_wconf 81' lang='lat' dir='ltr'>fuerit,</span> <span class='ocrx_word' id='word_1_205' title='bbox 1817 3989 2069 4055; x_wconf 83' lang='lat' dir='ltr'>videtur</span> <span class='ocrx_word' id='word_1_206' title='bbox 2098 4007 2213 4073; x_wconf 89' lang='lat' dir='ltr'>per</span> 
     </span>
     <span class='ocr_line' id='line_1_35' title="bbox 669 4097 2211 4181; baseline -0.003 -17"><span class='ocrx_word' id='word_1_207' title='bbox 669 4099 1137 4181; x_wconf 82' lang='lat' dir='ltr'>Augustinum,</span> <span class='ocrx_word' id='word_1_208' title='bbox 1151 4097 1230 4164; x_wconf 82' lang='lat' dir='ltr'>de</span> <span class='ocrx_word' id='word_1_209' title='bbox 1244 4104 1470 4165; x_wconf 78' lang='lat' dir='ltr'>sancta</span> <span class='ocrx_word' id='word_1_210' title='bbox 1496 4099 1881 4180; x_wconf 73' lang='lat' dir='ltr'>Virqinitate</span> <span class='ocrx_word' id='word_1_211' title='bbox 1893 4116 1920 4178; x_wconf 91' lang='lat'><em>;</em></span> <span class='ocrx_word' id='word_1_212' title='bbox 1940 4097 2211 4179; x_wconf 87' lang='lat' dir='ltr'>loquens</span> 
     </span>
     <span class='ocr_line' id='line_1_36' title="bbox 666 4204 2212 4290; baseline -0.003 -18"><span class='ocrx_word' id='word_1_213' title='bbox 666 4208 744 4273; x_wconf 91' lang='lat' dir='ltr'>de</span> <span class='ocrx_word' id='word_1_214' title='bbox 769 4208 1070 4290; x_wconf 85' lang='lat' dir='ltr'>superbia</span> <span class='ocrx_word' id='word_1_215' title='bbox 1095 4210 1159 4272; x_wconf 88' lang='lat' dir='ltr'>et</span> <span class='ocrx_word' id='word_1_216' title='bbox 1185 4206 1464 4272; x_wconf 84' lang='lat' dir='ltr'>invidia:</span> <span class='ocrx_word' id='word_1_217' title='bbox 1504 4231 1536 4269; x_wconf 77' lang='grc' dir='ltr'>α</span> <span class='ocrx_word' id='word_1_218' title='bbox 1567 4206 1679 4270; x_wconf 87' lang='lat' dir='ltr'>His</span> <span class='ocrx_word' id='word_1_219' title='bbox 1711 4206 1962 4271; x_wconf 89' lang='lat' dir='ltr'>duobus</span> <span class='ocrx_word' id='word_1_220' title='bbox 1988 4204 2212 4269; x_wconf 85' lang='lat' dir='ltr'>diabo-</span> 
     </span>
     <span class='ocr_line' id='line_1_37' title="bbox 664 4313 2213 4397; baseline 0 -19"><span class='ocrx_word' id='word_1_221' title='bbox 664 4315 767 4378; x_wconf 88' lang='lat' dir='ltr'>lus</span> <span class='ocrx_word' id='word_1_222' title='bbox 802 4318 920 4380; x_wconf 91' lang='lat' dir='ltr'>est.</span> <span class='ocrx_word' id='word_1_223' title='bbox 958 4336 990 4374; x_wconf 72' lang='grc' dir='ltr'><strong>ι</strong></span> <span class='ocrx_word' id='word_1_224' title='bbox 1045 4313 1169 4379; x_wconf 89' lang='lat' dir='ltr'>Sed</span> <span class='ocrx_word' id='word_1_225' title='bbox 1205 4315 1276 4377; x_wconf 90' lang='lat' dir='ltr'>in</span> <span class='ocrx_word' id='word_1_226' title='bbox 1309 4315 1518 4397; x_wconf 89' lang='lat' dir='ltr'>primo</span> <span class='ocrx_word' id='word_1_227' title='bbox 1566 4319 1820 4397; x_wconf 85' lang='lat' dir='ltr'>peccato</span> <span class='ocrx_word' id='word_1_228' title='bbox 1866 4313 2070 4377; x_wconf 88' lang='lat' dir='ltr'>factus</span> <span class='ocrx_word' id='word_1_229' title='bbox 2117 4317 2213 4378; x_wconf 88' lang='lat' dir='ltr'>est</span> 
     </span>
     <span class='ocr_line' id='line_1_38' title="bbox 666 4420 2205 4503; baseline 0.001 -20"><span class='ocrx_word' id='word_1_230' title='bbox 666 4421 983 4500; x_wconf 78' lang='lat' dir='ltr'>diabolus:</span> <span class='ocrx_word' id='word_1_231' title='bbox 1001 4438 1160 4503; x_wconf 81' lang='lat' dir='ltr'>ergo</span> <span class='ocrx_word' id='word_1_232' title='bbox 1182 4421 1300 4485; x_wconf 79' lang='lat' dir='ltr'>fuit</span> <span class='ocrx_word' id='word_1_233' title='bbox 1318 4421 1514 4485; x_wconf 89' lang='lat' dir='ltr'>simul</span> <span class='ocrx_word' id='word_1_234' title='bbox 1529 4420 1768 4485; x_wconf 89' lang='lat' dir='ltr'>invidia</span> <span class='ocrx_word' id='word_1_235' title='bbox 1786 4423 1850 4484; x_wconf 90' lang='lat' dir='ltr'>et</span> <span class='ocrx_word' id='word_1_236' title='bbox 1866 4420 2167 4502; x_wconf 91' lang='lat' dir='ltr'>superbia</span> <span class='ocrx_word' id='word_1_237' title='bbox 2191 4443 2205 4485; x_wconf 93' lang='lat'>:</span> 
     </span>
     <span class='ocr_line' id='line_1_39' title="bbox 666 4528 2214 4612; baseline 0 -20"><span class='ocrx_word' id='word_1_238' title='bbox 666 4547 823 4610; x_wconf 82' lang='lat' dir='ltr'>ergo</span> <span class='ocrx_word' id='word_1_239' title='bbox 855 4547 986 4612; x_wconf 89' lang='lat' dir='ltr'>qua</span> <span class='ocrx_word' id='word_1_240' title='bbox 1017 4528 1265 4593; x_wconf 88' lang='lat' dir='ltr'>ratione</span> <span class='ocrx_word' id='word_1_241' title='bbox 1297 4528 1598 4611; x_wconf 90' lang='lat' dir='ltr'>superbia</span> <span class='ocrx_word' id='word_1_242' title='bbox 1635 4528 1927 4611; x_wconf 88' lang='lat' dir='ltr'>primum</span> <span class='ocrx_word' id='word_1_243' title='bbox 1940 4576 1959 4607; x_wconf 87' lang='lat'>,</span> <span class='ocrx_word' id='word_1_244' title='bbox 2006 4531 2073 4593; x_wconf 89' lang='lat' dir='ltr'>et</span> <span class='ocrx_word' id='word_1_245' title='bbox 2113 4528 2214 4592; x_wconf 91' lang='lat' dir='ltr'>in·</span> 
     </span>
     <span class='ocr_line' id='line_1_40' title="bbox 666 4634 864 4701; baseline 0 -3"><span class='ocrx_word' id='word_1_246' title='bbox 666 4634 864 4701; x_wconf 89' lang='lat' dir='ltr'>vidia.</span> 
     </span>
    </p>

    <p class='ocr_par' dir='ltr' id='par_1_7' title="bbox 664 4739 2214 5253">
     <span class='ocr_line' id='line_1_41' title="bbox 744 4739 2213 4822; baseline -0.001 -16"><span class='ocrx_word' id='word_1_247' title='bbox 744 4745 805 4806; x_wconf 83' lang='lat'>9.</span> <span class='ocrx_word' id='word_1_248' title='bbox 851 4739 1010 4805; x_wconf 91' lang='lat' dir='ltr'>Item</span> <span class='ocrx_word' id='word_1_249' title='bbox 1061 4741 1308 4805; x_wconf 90' lang='lat' dir='ltr'>ratione</span> <span class='ocrx_word' id='word_1_250' title='bbox 1359 4739 1640 4822; x_wconf 77' lang='lat' dir='ltr'>Magistri</span> <span class='ocrx_word' id='word_1_251' title='bbox 1693 4741 1982 4808; x_wconf 83' lang='lat' dir='ltr'>videtur:</span> <span class='ocrx_word' id='word_1_252' title='bbox 2032 4740 2213 4807; x_wconf 82' lang='lat' dir='ltr'>Sicut</span> 
     </span>
     <span class='ocr_line' id='line_1_42' title="bbox 665 4847 2214 4932; baseline 0.001 -19"><span class='ocrx_word' id='word_1_253' title='bbox 665 4847 952 4914; x_wconf 80' lang='lat' dir='ltr'>converti</span> <span class='ocrx_word' id='word_1_254' title='bbox 977 4849 1071 4913; x_wconf 86' lang='lat' dir='ltr'>est</span> <span class='ocrx_word' id='word_1_255' title='bbox 1097 4847 1400 4913; x_wconf 82' lang='lat' dir='ltr'>charltate</span> <span class='ocrx_word' id='word_1_256' title='bbox 1423 4847 1772 4927; x_wconf 72' lang='lat' dir='ltr'>adhaerere,</span> <span class='ocrx_word' id='word_1_257' title='bbox 1796 4849 1883 4911; x_wconf 84' lang='lat' dir='ltr'>ita</span> <span class='ocrx_word' id='word_1_258' title='bbox 1906 4850 1987 4913; x_wconf 84' lang='lat' dir='ltr'>ab</span> <span class='ocrx_word' id='word_1_259' title='bbox 2009 4866 2214 4932; x_wconf 86' lang='lat' dir='ltr'>oppo-</span> 
     </span>
     <span class='ocr_line' id='line_1_43' title="bbox 665 4954 2213 5029; baseline 0.003 -11"><span class='ocrx_word' id='word_1_260' title='bbox 665 4954 787 5020; x_wconf 86' lang='lat' dir='ltr'>sito</span> <span class='ocrx_word' id='word_1_261' title='bbox 807 4955 1009 5022; x_wconf 81' lang='lat' dir='ltr'>averti</span> <span class='ocrx_word' id='word_1_262' title='bbox 1033 4958 1129 5019; x_wconf 91' lang='lat' dir='ltr'>est</span> <span class='ocrx_word' id='word_1_263' title='bbox 1142 4955 1286 5020; x_wconf 90' lang='lat' dir='ltr'>odio</span> <span class='ocrx_word' id='word_1_264' title='bbox 1308 4955 1567 5029; x_wconf 84' lang='lat' dir='ltr'>habere,</span> <span class='ocrx_word' id='word_1_265' title='bbox 1589 4955 1691 5020; x_wconf 87' lang='lat' dir='ltr'>vel</span> <span class='ocrx_word' id='word_1_266' title='bbox 1712 4955 2036 5021; x_wconf 80' lang='lat' dir='ltr'>invidere:</span> <span class='ocrx_word' id='word_1_267' title='bbox 2061 4974 2213 5022; x_wconf 90' lang='lat' dir='ltr'>cum</span> 
     </span>
     <span class='ocr_line' id='line_1_44' title="bbox 664 5060 2211 5145; baseline 0.004 -20"><span class='ocrx_word' id='word_1_268' title='bbox 664 5078 823 5143; x_wconf 79' lang='lat' dir='ltr'>ergo</span> <span class='ocrx_word' id='word_1_269' title='bbox 849 5061 1061 5144; x_wconf 89' lang='lat' dir='ltr'>primo</span> <span class='ocrx_word' id='word_1_270' title='bbox 1090 5066 1346 5145; x_wconf 88' lang='lat' dir='ltr'>peccato</span> <span class='ocrx_word' id='word_1_271' title='bbox 1384 5060 1670 5126; x_wconf 86' lang='lat' dir='ltr'>diabolus</span> <span class='ocrx_word' id='word_1_272' title='bbox 1705 5061 1897 5127; x_wconf 81' lang='lat' dir='ltr'>fuerit</span> <span class='ocrx_word' id='word_1_273' title='bbox 1922 5082 2211 5145; x_wconf 84' lang='lat' dir='ltr'>aversus,</span> 
     </span>
     <span class='ocr_line' id='line_1_45' title="bbox 665 5167 1908 5253; baseline 0.002 -20"><span class='ocrx_word' id='word_1_274' title='bbox 665 5167 908 5235; x_wconf 84' lang='lat' dir='ltr'>invidia</span> <span class='ocrx_word' id='word_1_275' title='bbox 930 5168 1055 5235; x_wconf 82' lang='lat' dir='ltr'>fuit</span> <span class='ocrx_word' id='word_1_276' title='bbox 1078 5172 1220 5253; x_wconf 85' lang='lat' dir='ltr'>ejus</span> <span class='ocrx_word' id='word_1_277' title='bbox 1243 5169 1530 5252; x_wconf 88' lang='lat' dir='ltr'>primum</span> <span class='ocrx_word' id='word_1_278' title='bbox 1554 5171 1908 5252; x_wconf 88' lang='lat' dir='ltr'>peccatum.</span> 
     </span>
    </p>
   </div>
   <div class='ocr_carea' id='block_1_2' title="bbox 670 5327 2216 5471">
    <p class='ocr_par' dir='ltr' id='par_1_8' title="bbox 670 5327 2216 5471">
     <span class='ocr_line' id='line_1_46' title="bbox 732 5327 2216 5399; baseline 0.005 -19"><span class='ocrx_word' id='word_1_279' title='bbox 732 5327 1014 5394; x_wconf 70' lang='lat' dir='ltr'>¹Anselm„</span> <span class='ocrx_word' id='word_1_280' title='bbox 1039 5331 1237 5383; x_wconf 74' lang='lat' dir='ltr'>decusa</span> <span class='ocrx_word' id='word_1_281' title='bbox 1283 5331 1523 5395; x_wconf 78' lang='lat' dir='ltr'>Diaboli,</span> <span class='ocrx_word' id='word_1_282' title='bbox 1551 5346 1597 5383; x_wconf 90' lang='lat' dir='ltr'>c.</span> <span class='ocrx_word' id='word_1_283' title='bbox 1618 5343 1772 5383; x_wconf 82' lang='lat' dir='ltr'>xxm.</span> <span class='ocrx_word' id='word_1_284' title='bbox 1798 5358 1853 5370; x_wconf 90' lang='lat'>-</span> <span class='ocrx_word' id='word_1_285' title='bbox 1879 5334 1900 5369; x_wconf 81' lang='lat'>⁸</span> <span class='ocrx_word' id='word_1_286' title='bbox 1921 5335 2100 5399; x_wconf 72' lang='lat' dir='ltr'>Bern„</span> <span class='ocrx_word' id='word_1_287' title='bbox 2127 5335 2216 5388; x_wconf 86' lang='lat' dir='ltr'>ubi</span> 
     </span>
     <span class='ocr_line' id='line_1_47' title="bbox 670 5401 2216 5471; baseline 0.008 -23"><span class='ocrx_word' id='word_1_288' title='bbox 670 5412 839 5467; x_wconf 72' lang='lat' dir='ltr'>supra.</span> <span class='ocrx_word' id='word_1_289' title='bbox 871 5427 934 5439; x_wconf 94' lang='lat'>-</span> <span class='ocrx_word' id='word_1_290' title='bbox 965 5401 1132 5465; x_wconf 73' lang='lat' dir='ltr'>⁸13a.,</span> <span class='ocrx_word' id='word_1_291' title='bbox 1177 5415 1300 5467; x_wconf 76' lang='lat' dir='ltr'>nv,</span> <span class='ocrx_word' id='word_1_292' title='bbox 1342 5405 1418 5455; x_wconf 80' lang='grc'>13.</span> <span class='ocrx_word' id='word_1_293' title='bbox 1448 5429 1510 5441; x_wconf 93' lang='grc'>-</span> <span class='ocrx_word' id='word_1_294' title='bbox 1545 5404 1568 5440; x_wconf 67' lang='lat'>⁸</span> <span class='ocrx_word' id='word_1_295' title='bbox 1596 5404 1927 5456; x_wconf 82' lang='lat' dir='ltr'>concordant</span> <span class='ocrx_word' id='word_1_296' title='bbox 1967 5408 2216 5471; x_wconf 81' lang='lat' dir='ltr'>positioni</span> 
     </span>
    </p>
   </div>
   <div class='ocr_carea' id='block_1_3' title="bbox 1792 396 2727 486">
    <p class='ocr_par' dir='ltr' id='par_1_9' title="bbox 1792 396 2727 486">
     <span class='ocr_line' id='line_1_48' title="bbox 1792 396 2727 486; baseline -0.006 0"><span class='ocrx_word' id='word_1_297' title='bbox 1792 396 2416 486; x_wconf 70' lang='lat' dir='ltr'>SENTENTIARUM</span> <span class='ocrx_word' id='word_1_298' title='bbox 2441 414 2604 485; x_wconf 70' lang='lat' dir='ltr'>Lm.</span> <span class='ocrx_word' id='word_1_299' title='bbox 2648 415 2727 480; x_wconf 90' lang='lat'>11.</span> 
     </span>
    </p>
   </div>
   <div class='ocr_carea' id='block_1_4' title="bbox 2865 610 3318 680">
    <p class='ocr_par' dir='ltr' id='par_1_10' title="bbox 2865 610 3318 680">
     <span class='ocr_line' id='line_1_49' title="bbox 2865 610 3318 680; baseline -0.013 0"><span class='ocrx_word' id='word_1_300' title='bbox 2865 610 3318 680; x_wconf 86' lang='lat' dir='ltr'>CONCLUSIO.</span> 
     </span>
    </p>
   </div>
   <div class='ocr_carea' id='block_1_5' title="bbox 2319 763 3874 1110">
    <p class='ocr_par' dir='ltr' id='par_1_11' title="bbox 2319 763 3874 1110">
     <span class='ocr_line' id='line_1_50' title="bbox 2319 763 3867 842; baseline -0.006 -15"><span class='ocrx_word' id='word_1_301' title='bbox 2319 771 2523 842; x_wconf 74' lang='lat' dir='ltr'>Anqeli</span> <span class='ocrx_word' id='word_1_302' title='bbox 2535 773 2811 841; x_wconf 76' lang='lat' dir='ltr'>peccatam</span> <span class='ocrx_word' id='word_1_303' title='bbox 2830 783 2867 824; x_wconf 89' lang='lat' dir='ltr'>a</span> <span class='ocrx_word' id='word_1_304' title='bbox 2881 768 3299 839; x_wconf 74' lang='lat' dir='ltr'>proesumptione</span> <span class='ocrx_word' id='word_1_305' title='bbox 3319 766 3548 836; x_wconf 77' lang='lat' dir='ltr'>sumpsit</span> <span class='ocrx_word' id='word_1_306' title='bbox 3566 763 3867 829; x_wconf 70' lang='lat' dir='ltr'>exordium,</span> 
     </span>
     <span class='ocr_line' id='line_1_51' title="bbox 2393 853 3874 929; baseline -0.005 -12"><span class='ocrx_word' id='word_1_307' title='bbox 2393 864 2453 929; x_wconf 72' lang='lat' dir='ltr'>in</span> <span class='ocrx_word' id='word_1_308' title='bbox 2482 861 2779 916; x_wconf 79' lang='lat' dir='ltr'>ambitione</span> <span class='ocrx_word' id='word_1_309' title='bbox 2818 859 3025 929; x_wconf 77' lang='lat' dir='ltr'>accepit</span> <span class='ocrx_word' id='word_1_310' title='bbox 3058 856 3523 928; x_wconf 79' lang='lat' dir='ltr'>complementum,</span> <span class='ocrx_word' id='word_1_311' title='bbox 3554 856 3617 909; x_wconf 82' lang='lat' dir='ltr'>in</span> <span class='ocrx_word' id='word_1_312' title='bbox 3643 853 3874 909; x_wconf 75' lang='lat' dir='ltr'>invidioe</span> 
     </span>
     <span class='ocr_line' id='line_1_52' title="bbox 2391 942 3872 1021; baseline -0.007 -14"><span class='ocrx_word' id='word_1_313' title='bbox 2391 955 2552 1021; x_wconf 80' lang='lat' dir='ltr'>atque</span> <span class='ocrx_word' id='word_1_314' title='bbox 2580 949 2695 1005; x_wconf 77' lang='lat' dir='ltr'>odii</span> <span class='ocrx_word' id='word_1_315' title='bbox 2720 949 2996 1005; x_wconf 81' lang='lat' dir='ltr'>aversione</span> <span class='ocrx_word' id='word_1_316' title='bbox 3019 946 3135 1014; x_wconf 80' lang='lat' dir='ltr'>fait</span> <span class='ocrx_word' id='word_1_317' title='bbox 3168 947 3571 1013; x_wconf 76' lang='lat' dir='ltr'>confirmatum3</span> <span class='ocrx_word' id='word_1_318' title='bbox 3602 942 3719 998; x_wconf 80' lang='lat' dir='ltr'>ideo</span> <span class='ocrx_word' id='word_1_319' title='bbox 3739 944 3872 1014; x_wconf 77' lang='lat' dir='ltr'>pri·-</span> 
     </span>
     <span class='ocr_line' id='line_1_53' title="bbox 2390 1032 3427 1110; baseline -0.006 -15"><span class='ocrx_word' id='word_1_320' title='bbox 2390 1055 2535 1095; x_wconf 84' lang='lat' dir='ltr'>mam</span> <span class='ocrx_word' id='word_1_321' title='bbox 2563 1038 2674 1109; x_wconf 79' lang='lat' dir='ltr'>ejus</span> <span class='ocrx_word' id='word_1_322' title='bbox 2696 1040 2979 1110; x_wconf 78' lang='lat' dir='ltr'>peccatum</span> <span class='ocrx_word' id='word_1_323' title='bbox 3006 1036 3121 1103; x_wconf 79' lang='lat' dir='ltr'>fuit</span> <span class='ocrx_word' id='word_1_324' title='bbox 3146 1032 3427 1106; x_wconf 80' lang='lat' dir='ltr'>superbia.</span> 
     </span>
    </p>
   </div>
   <div class='ocr_carea' id='block_1_6' title="bbox 2318 1192 3873 2034">
    <p class='ocr_par' dir='ltr' id='par_1_12' title="bbox 2318 1192 3873 2034">
     <span class='ocr_line' id='line_1_54' title="bbox 2398 1192 3872 1281; baseline -0.005 -18"><span class='ocrx_word' id='word_1_325' title='bbox 2398 1197 2585 1281; x_wconf 85' lang='lat' dir='ltr'>Resp.</span> <span class='ocrx_word' id='word_1_326' title='bbox 2628 1196 2708 1262; x_wconf 86' lang='lat' dir='ltr'>ad</span> <span class='ocrx_word' id='word_1_327' title='bbox 2745 1196 2906 1278; x_wconf 80' lang='lat' dir='ltr'>Arg.</span> <span class='ocrx_word' id='word_1_328' title='bbox 2951 1194 3050 1258; x_wconf 88' lang='lat' dir='ltr'>Ad</span> <span class='ocrx_word' id='word_1_329' title='bbox 3088 1193 3213 1257; x_wconf 88' lang='lat' dir='ltr'>hoc</span> <span class='ocrx_word' id='word_1_330' title='bbox 3256 1192 3647 1272; x_wconf 88' lang='lat' dir='ltr'>notandum,</span> <span class='ocrx_word' id='word_1_331' title='bbox 3695 1193 3872 1274; x_wconf 91' lang='lat' dir='ltr'>quod</span> 
     </span>
     <span class='ocr_line' id='line_1_55' title="bbox 2320 1302 3873 1391; baseline -0.004 -18"><span class='ocrx_word' id='word_1_332' title='bbox 2320 1308 2517 1391; x_wconf 85' lang='lat' dir='ltr'>aliqui</span> <span class='ocrx_word' id='word_1_333' title='bbox 2541 1307 2888 1373; x_wconf 87' lang='lat' dir='ltr'>voluerunt</span> <span class='ocrx_word' id='word_1_334' title='bbox 2912 1304 3120 1369; x_wconf 89' lang='lat' dir='ltr'>dicere</span> <span class='ocrx_word' id='word_1_335' title='bbox 3135 1303 3215 1367; x_wconf 91' lang='lat' dir='ltr'>ad</span> <span class='ocrx_word' id='word_1_336' title='bbox 3240 1302 3571 1386; x_wconf 62' lang='lat' dir='ltr'>praedictas</span> <span class='ocrx_word' id='word_1_337' title='bbox 3591 1302 3873 1367; x_wconf 87' lang='lat' dir='ltr'>rationes</span> 
     </span>
     <span class='ocr_line' id='line_1_56' title="bbox 2321 1410 3868 1496; baseline -0.005 -15"><span class='ocrx_word' id='word_1_338' title='bbox 2321 1420 2384 1482; x_wconf 91' lang='lat' dir='ltr'>et</span> <span class='ocrx_word' id='word_1_339' title='bbox 2406 1416 2832 1493; x_wconf 83' lang='lat' dir='ltr'>auctoritates,</span> <span class='ocrx_word' id='word_1_340' title='bbox 2855 1413 3025 1496; x_wconf 91' lang='lat' dir='ltr'>quod</span> <span class='ocrx_word' id='word_1_341' title='bbox 3043 1411 3334 1477; x_wconf 85' lang='lat' dir='ltr'>diabolus</span> <span class='ocrx_word' id='word_1_342' title='bbox 3361 1410 3552 1473; x_wconf 90' lang='lat' dir='ltr'>simul</span> <span class='ocrx_word' id='word_1_343' title='bbox 3579 1412 3868 1492; x_wconf 91' lang='lat' dir='ltr'>tempore</span> 
     </span>
     <span class='ocr_line' id='line_1_57' title="bbox 2321 1517 3865 1606; baseline -0.006 -17"><span class='ocrx_word' id='word_1_344' title='bbox 2321 1523 2601 1606; x_wconf 85' lang='lat' dir='ltr'>peccavit</span> <span class='ocrx_word' id='word_1_345' title='bbox 2656 1520 2949 1605; x_wconf 89' lang='lat' dir='ltr'>pluribus</span> <span class='ocrx_word' id='word_1_346' title='bbox 3004 1517 3356 1600; x_wconf 80' lang='lat' dir='ltr'>generibus</span> <span class='ocrx_word' id='word_1_347' title='bbox 3407 1521 3814 1599; x_wconf 80' lang='lat' dir='ltr'>peccatorum</span> <span class='ocrx_word' id='word_1_348' title='bbox 3848 1539 3865 1598; x_wconf 92' lang='lat'>;</span> 
     </span>
     <span class='ocr_line' id='line_1_58' title="bbox 2320 1625 3871 1710; baseline -0.003 -13"><span class='ocrx_word' id='word_1_349' title='bbox 2320 1631 2692 1697; x_wconf 82' lang='lat' dir='ltr'>naturaliter</span> <span class='ocrx_word' id='word_1_350' title='bbox 2727 1633 2944 1692; x_wconf 87' lang='lat' dir='ltr'>tamen</span> <span class='ocrx_word' id='word_1_351' title='bbox 2980 1629 3043 1690; x_wconf 89' lang='lat' dir='ltr'>et</span> <span class='ocrx_word' id='word_1_352' title='bbox 3082 1625 3516 1710; x_wconf 86' lang='lat' dir='ltr'>principaliter</span> <span class='ocrx_word' id='word_1_353' title='bbox 3556 1643 3690 1708; x_wconf 84' lang='lat' dir='ltr'>prae</span> <span class='ocrx_word' id='word_1_354' title='bbox 3728 1625 3871 1692; x_wconf 87' lang='lat' dir='ltr'>aliis</span> 
     </span>
     <span class='ocr_line' id='line_1_59' title="bbox 2321 1731 3870 1824; baseline -0.004 -21"><span class='ocrx_word' id='word_1_355' title='bbox 2321 1738 2590 1824; x_wconf 84' lang='lat' dir='ltr'>peccatis</span> <span class='ocrx_word' id='word_1_356' title='bbox 2613 1737 2733 1801; x_wconf 86' lang='lat' dir='ltr'>fuit</span> <span class='ocrx_word' id='word_1_357' title='bbox 2774 1737 3104 1820; x_wconf 87' lang='lat' dir='ltr'>peccatum</span> <span class='ocrx_word' id='word_1_358' title='bbox 3136 1732 3478 1814; x_wconf 86' lang='lat' dir='ltr'>superbiae.</span> <span class='ocrx_word' id='word_1_359' title='bbox 3511 1731 3588 1796; x_wconf 87' lang='lat' dir='ltr'>Et</span> <span class='ocrx_word' id='word_1_360' title='bbox 3613 1733 3705 1796; x_wconf 91' lang='lat' dir='ltr'>sic</span> <span class='ocrx_word' id='word_1_361' title='bbox 3735 1752 3870 1797; x_wconf 81' lang='lat' dir='ltr'>res-</span> 
     </span>
     <span class='ocr_line' id='line_1_60' title="bbox 2318 1840 3870 1930; baseline -0.005 -20"><span class='ocrx_word' id='word_1_362' title='bbox 2318 1845 2601 1930; x_wconf 89' lang='lat' dir='ltr'>pondent</span> <span class='ocrx_word' id='word_1_363' title='bbox 2629 1843 2822 1908; x_wconf 87' lang='lat' dir='ltr'>unica</span> <span class='ocrx_word' id='word_1_364' title='bbox 2850 1846 2915 1907; x_wconf 91' lang='lat' dir='ltr'>et</span> <span class='ocrx_word' id='word_1_365' title='bbox 2952 1840 3138 1904; x_wconf 85' lang='lat' dir='ltr'>brevi</span> <span class='ocrx_word' id='word_1_366' title='bbox 3174 1840 3583 1922; x_wconf 87' lang='lat' dir='ltr'>responsione</span> <span class='ocrx_word' id='word_1_367' title='bbox 3609 1840 3690 1903; x_wconf 89' lang='lat' dir='ltr'>ad</span> <span class='ocrx_word' id='word_1_368' title='bbox 3724 1858 3870 1904; x_wconf 91' lang='lat' dir='ltr'>om-</span> 
     </span>
     <span class='ocr_line' id='line_1_61' title="bbox 2319 1945 3867 2034; baseline -0.004 -17"><span class='ocrx_word' id='word_1_369' title='bbox 2319 1953 2432 2016; x_wconf 91' lang='lat' dir='ltr'>nia</span> <span class='ocrx_word' id='word_1_370' title='bbox 2486 1953 2735 2034; x_wconf 87' lang='lat' dir='ltr'>objecta</span> <span class='ocrx_word' id='word_1_371' title='bbox 2782 1948 2956 2032; x_wconf 90' lang='lat' dir='ltr'>quod</span> <span class='ocrx_word' id='word_1_372' title='bbox 3000 1965 3234 2013; x_wconf 83' lang='lat' dir='ltr'>verum</span> <span class='ocrx_word' id='word_1_373' title='bbox 3279 1945 3688 2012; x_wconf 88' lang='lat' dir='ltr'>concludunt.</span> <span class='ocrx_word' id='word_1_374' title='bbox 3745 1947 3867 2011; x_wconf 89' lang='lat' dir='ltr'>Sed</span> 
     </span>
    </p>
   </div>
   <div class='ocr_carea' id='block_1_7' title="bbox 2320 2053 4090 2246">
    <p class='ocr_par' dir='ltr' id='par_1_13' title="bbox 2320 2053 4090 2246">
     <span class='ocr_line' id='line_1_62' title="bbox 2320 2053 4090 2147; baseline -0.007 -23"><span class='ocrx_word' id='word_1_375' title='bbox 2320 2061 2461 2124; x_wconf 79' lang='lat' dir='ltr'>haec</span> <span class='ocrx_word' id='word_1_376' title='bbox 2492 2059 2819 2141; x_wconf 90' lang='lat' dir='ltr'>responsio</span> <span class='ocrx_word' id='word_1_377' title='bbox 2856 2074 2972 2121; x_wconf 90' lang='lat' dir='ltr'>nec</span> <span class='ocrx_word' id='word_1_378' title='bbox 3011 2072 3246 2120; x_wconf 86' lang='lat' dir='ltr'>verum</span> <span class='ocrx_word' id='word_1_379' title='bbox 3281 2053 3460 2133; x_wconf 89' lang='lat' dir='ltr'>dicit,</span> <span class='ocrx_word' id='word_1_380' title='bbox 3498 2071 3619 2118; x_wconf 89' lang='lat' dir='ltr'>nec</span> <span class='ocrx_word' id='word_1_381' title='bbox 3651 2053 3862 2119; x_wconf 86' lang='lat' dir='ltr'>solvit.</span> <span class='ocrx_word' id='word_1_382' title='bbox 3934 2088 4090 2147; x_wconf 53' lang='lat' dir='ltr'>hp„</span> 
     </span>
     <span class='ocr_line' id='line_1_63' title="bbox 2320 2151 4024 2246; baseline -0.007 -12"><span class='ocrx_word' id='word_1_383' title='bbox 2320 2167 2462 2233; x_wconf 91' lang='lat' dir='ltr'>Non</span> <span class='ocrx_word' id='word_1_384' title='bbox 2490 2168 2640 2232; x_wconf 90' lang='lat' dir='ltr'>dicit</span> <span class='ocrx_word' id='word_1_385' title='bbox 2671 2184 2927 2243; x_wconf 87' lang='lat' dir='ltr'>verum,</span> <span class='ocrx_word' id='word_1_386' title='bbox 2968 2164 3121 2246; x_wconf 85' lang='lat' dir='ltr'>quia</span> <span class='ocrx_word' id='word_1_387' title='bbox 3155 2180 3303 2227; x_wconf 90' lang='lat' dir='ltr'>cum</span> <span class='ocrx_word' id='word_1_388' title='bbox 3343 2162 3605 2227; x_wconf 85' lang='lat' dir='ltr'>affectus</span> <span class='ocrx_word' id='word_1_389' title='bbox 3631 2162 3863 2226; x_wconf 87' lang='lat' dir='ltr'>diaboli</span> <span class='ocrx_word' id='word_1_390' title='bbox 3889 2151 4024 2196; x_wconf 59' lang='lat'>‘’⁸¹&#39;&#39;-</span> 
     </span>
    </p>
   </div>
   <div class='ocr_carea' id='block_1_8' title="bbox 2317 2270 3866 5472">
    <p class='ocr_par' dir='ltr' id='par_1_14' title="bbox 2317 2270 3866 5472">
     <span class='ocr_line' id='line_1_64' title="bbox 2318 2270 3863 2359; baseline -0.005 -18"><span class='ocrx_word' id='word_1_391' title='bbox 2318 2277 2400 2341; x_wconf 89' lang='lat' dir='ltr'>sit</span> <span class='ocrx_word' id='word_1_392' title='bbox 2449 2276 2722 2359; x_wconf 84' lang='lat' dir='ltr'>simplex</span> <span class='ocrx_word' id='word_1_393' title='bbox 2769 2275 2935 2337; x_wconf 90' lang='lat' dir='ltr'>sicut</span> <span class='ocrx_word' id='word_1_394' title='bbox 2971 2270 3330 2335; x_wconf 82' lang='lat' dir='ltr'>intellectus</span> <span class='ocrx_word' id='word_1_395' title='bbox 3343 2317 3359 2348; x_wconf 91' lang='lat'>,</span> <span class='ocrx_word' id='word_1_396' title='bbox 3407 2273 3472 2335; x_wconf 90' lang='lat' dir='ltr'>et</span> <span class='ocrx_word' id='word_1_397' title='bbox 3510 2270 3863 2335; x_wconf 89' lang='lat' dir='ltr'>intellectus</span> 
     </span>
     <span class='ocr_line' id='line_1_65' title="bbox 2318 2377 3861 2466; baseline -0.005 -17"><span class='ocrx_word' id='word_1_398' title='bbox 2318 2402 2453 2449; x_wconf 90' lang='lat' dir='ltr'>non</span> <span class='ocrx_word' id='word_1_399' title='bbox 2480 2385 2683 2466; x_wconf 87' lang='lat' dir='ltr'>potest</span> <span class='ocrx_word' id='word_1_400' title='bbox 2699 2380 2895 2446; x_wconf 88' lang='lat' dir='ltr'>simul</span> <span class='ocrx_word' id='word_1_401' title='bbox 2916 2379 3105 2462; x_wconf 86' lang='lat' dir='ltr'>plura</span> <span class='ocrx_word' id='word_1_402' title='bbox 3125 2378 3503 2461; x_wconf 80' lang='lat' dir='ltr'>intelligere,</span> <span class='ocrx_word' id='word_1_403' title='bbox 3526 2377 3632 2443; x_wconf 87' lang='lat' dir='ltr'>vel</span> <span class='ocrx_word' id='word_1_404' title='bbox 3651 2378 3861 2460; x_wconf 68' lang='lat' dir='ltr'>plures</span> 
     </span>
     <span class='ocr_line' id='line_1_66' title="bbox 2320 2485 3860 2575; baseline -0.004 -20"><span class='ocrx_word' id='word_1_405' title='bbox 2320 2490 2734 2572; x_wconf 81' lang='lat' dir='ltr'>cogitationes</span> <span class='ocrx_word' id='word_1_406' title='bbox 2783 2489 3056 2575; x_wconf 84' lang='lat' dir='ltr'>habere3</span> <span class='ocrx_word' id='word_1_407' title='bbox 3102 2485 3392 2550; x_wconf 88' lang='lat' dir='ltr'>similiter</span> <span class='ocrx_word' id='word_1_408' title='bbox 3444 2503 3561 2550; x_wconf 91' lang='lat' dir='ltr'>nec</span> <span class='ocrx_word' id='word_1_409' title='bbox 3599 2485 3860 2550; x_wconf 83' lang='lat' dir='ltr'>affectus</span> 
     </span>
     <span class='ocr_line' id='line_1_67' title="bbox 2318 2594 3861 2677; baseline -0.001 -17"><span class='ocrx_word' id='word_1_410' title='bbox 2318 2596 2512 2661; x_wconf 89' lang='lat' dir='ltr'>simul</span> <span class='ocrx_word' id='word_1_411' title='bbox 2558 2599 2621 2661; x_wconf 91' lang='lat' dir='ltr'>et</span> <span class='ocrx_word' id='word_1_412' title='bbox 2667 2597 2737 2661; x_wconf 92' lang='lat' dir='ltr'>in</span> <span class='ocrx_word' id='word_1_413' title='bbox 2792 2598 3018 2662; x_wconf 90' lang='lat' dir='ltr'>eodem</span> <span class='ocrx_word' id='word_1_414' title='bbox 3065 2595 3326 2662; x_wconf 88' lang='lat' dir='ltr'>instanti</span> <span class='ocrx_word' id='word_1_415' title='bbox 3378 2594 3567 2677; x_wconf 86' lang='lat' dir='ltr'>plura</span> <span class='ocrx_word' id='word_1_416' title='bbox 3611 2598 3861 2676; x_wconf 81' lang='lat' dir='ltr'>peccata</span> 
     </span>
     <span class='ocr_line' id='line_1_68' title="bbox 2319 2701 3860 2788; baseline -0.003 -19"><span class='ocrx_word' id='word_1_417' title='bbox 2319 2705 2712 2769; x_wconf 86' lang='lat' dir='ltr'>committere</span> <span class='ocrx_word' id='word_1_418' title='bbox 2726 2753 2743 2784; x_wconf 94' lang='lat'>,</span> <span class='ocrx_word' id='word_1_419' title='bbox 2779 2706 3059 2770; x_wconf 80' lang='lat' dir='ltr'>maxime</span> <span class='ocrx_word' id='word_1_420' title='bbox 3095 2722 3243 2788; x_wconf 84' lang='lat' dir='ltr'>quae</span> <span class='ocrx_word' id='word_1_421' title='bbox 3284 2702 3566 2786; x_wconf 85' lang='lat' dir='ltr'>spectant</span> <span class='ocrx_word' id='word_1_422' title='bbox 3599 2701 3860 2765; x_wconf 89' lang='lat' dir='ltr'>omnino</span> 
     </span>
     <span class='ocr_line' id='line_1_69' title="bbox 2319 2808 3860 2890; baseline -0.005 -12"><span class='ocrx_word' id='word_1_423' title='bbox 2319 2812 2399 2878; x_wconf 88' lang='lat' dir='ltr'>ad</span> <span class='ocrx_word' id='word_1_424' title='bbox 2444 2811 2725 2877; x_wconf 83' lang='lat' dir='ltr'>diversas</span> <span class='ocrx_word' id='word_1_425' title='bbox 2767 2813 3044 2876; x_wconf 85' lang='lat' dir='ltr'>actiones</span> <span class='ocrx_word' id='word_1_426' title='bbox 3062 2860 3079 2890; x_wconf 89' lang='lat'>‚</span> <span class='ocrx_word' id='word_1_427' title='bbox 3133 2812 3296 2876; x_wconf 90' lang='lat' dir='ltr'>sicut</span> <span class='ocrx_word' id='word_1_428' title='bbox 3334 2808 3705 2888; x_wconf 78' lang='lat' dir='ltr'>infidelitaS,</span> <span class='ocrx_word' id='word_1_429' title='bbox 3745 2827 3860 2873; x_wconf 90' lang='lat' dir='ltr'>su-</span> 
     </span>
     <span class='ocr_line' id='line_1_70' title="bbox 2319 2915 3863 3003; baseline -0.003 -19"><span class='ocrx_word' id='word_1_430' title='bbox 2319 2920 2569 3003; x_wconf 88' lang='lat' dir='ltr'>perbia,</span> <span class='ocrx_word' id='word_1_431' title='bbox 2599 2922 2663 2983; x_wconf 88' lang='lat' dir='ltr'>et</span> <span class='ocrx_word' id='word_1_432' title='bbox 2688 2919 2951 2983; x_wconf 86' lang='lat' dir='ltr'>invidia.</span> <span class='ocrx_word' id='word_1_433' title='bbox 2981 2918 3329 2996; x_wconf 64' lang='lat' dir='ltr'>Praeterea,</span> <span class='ocrx_word' id='word_1_434' title='bbox 3353 2920 3488 2980; x_wconf 87' lang='lat' dir='ltr'>esto</span> <span class='ocrx_word' id='word_1_435' title='bbox 3514 2915 3689 2999; x_wconf 89' lang='lat' dir='ltr'>quod</span> <span class='ocrx_word' id='word_1_436' title='bbox 3712 2933 3863 2982; x_wconf 88' lang='lat' dir='ltr'>vera</span> 
     </span>
     <span class='ocr_line' id='line_1_71' title="bbox 2319 3024 3861 3108; baseline -0.001 -17"><span class='ocrx_word' id='word_1_437' title='bbox 2319 3030 2504 3106; x_wconf 87' lang='lat' dir='ltr'>esset,</span> <span class='ocrx_word' id='word_1_438' title='bbox 2526 3043 2659 3089; x_wconf 90' lang='lat' dir='ltr'>non</span> <span class='ocrx_word' id='word_1_439' title='bbox 2685 3026 2894 3105; x_wconf 87' lang='lat' dir='ltr'>solvit,</span> <span class='ocrx_word' id='word_1_440' title='bbox 2917 3026 3074 3108; x_wconf 87' lang='lat' dir='ltr'>quia</span> <span class='ocrx_word' id='word_1_441' title='bbox 3088 3025 3407 3108; x_wconf 81' lang='lat' dir='ltr'>praedictae</span> <span class='ocrx_word' id='word_1_442' title='bbox 3435 3024 3711 3088; x_wconf 89' lang='lat' dir='ltr'>rationes</span> <span class='ocrx_word' id='word_1_443' title='bbox 3731 3042 3861 3089; x_wconf 89' lang='lat' dir='ltr'>non</span> 
     </span>
     <span class='ocr_line' id='line_1_72' title="bbox 2322 3131 3861 3216; baseline -0.001 -18"><span class='ocrx_word' id='word_1_444' title='bbox 2322 3137 2575 3198; x_wconf 86' lang='lat' dir='ltr'>tantum</span> <span class='ocrx_word' id='word_1_445' title='bbox 2597 3133 2868 3215; x_wconf 88' lang='lat' dir='ltr'>probant</span> <span class='ocrx_word' id='word_1_446' title='bbox 2885 3133 3058 3215; x_wconf 89' lang='lat' dir='ltr'>quod</span> <span class='ocrx_word' id='word_1_447' title='bbox 3084 3131 3383 3216; x_wconf 85' lang='lat' dir='ltr'>praedicta</span> <span class='ocrx_word' id='word_1_448' title='bbox 3395 3135 3651 3213; x_wconf 88' lang='lat' dir='ltr'>peccata</span> <span class='ocrx_word' id='word_1_449' title='bbox 3664 3133 3861 3198; x_wconf 88' lang='lat' dir='ltr'>comi·</span> 
     </span>
     <span class='ocr_line' id='line_1_73' title="bbox 2317 3236 3861 3320; baseline 0.002 -17"><span class='ocrx_word' id='word_1_450' title='bbox 2317 3243 2536 3304; x_wconf 81' lang='lat' dir='ltr'>tentur</span> <span class='ocrx_word' id='word_1_451' title='bbox 2573 3239 2944 3320; x_wconf 87' lang='lat' dir='ltr'>superbiam</span> <span class='ocrx_word' id='word_1_452' title='bbox 2960 3287 2978 3318; x_wconf 90' lang='lat'>,</span> <span class='ocrx_word' id='word_1_453' title='bbox 3017 3239 3126 3303; x_wconf 88' lang='lat' dir='ltr'>sed</span> <span class='ocrx_word' id='word_1_454' title='bbox 3167 3236 3561 3302; x_wconf 86' lang='lat' dir='ltr'>antecedant.</span> <span class='ocrx_word' id='word_1_455' title='bbox 3608 3238 3686 3303; x_wconf 88' lang='lat' dir='ltr'>Et</span> <span class='ocrx_word' id='word_1_456' title='bbox 3723 3239 3861 3306; x_wconf 87' lang='lat' dir='ltr'>ideo</span> 
     </span>
     <span class='ocr_line' id='line_1_74' title="bbox 2320 3343 3861 3428; baseline 0 -18"><span class='ocrx_word' id='word_1_457' title='bbox 2320 3346 2503 3410; x_wconf 88' lang='lat' dir='ltr'>aliter</span> <span class='ocrx_word' id='word_1_458' title='bbox 2522 3349 2616 3409; x_wconf 88' lang='lat' dir='ltr'>est</span> <span class='ocrx_word' id='word_1_459' title='bbox 2632 3345 2996 3421; x_wconf 89' lang='lat' dir='ltr'>dicendum,</span> <span class='ocrx_word' id='word_1_460' title='bbox 3024 3343 3195 3427; x_wconf 91' lang='lat' dir='ltr'>quod</span> <span class='ocrx_word' id='word_1_461' title='bbox 3211 3347 3304 3408; x_wconf 89' lang='lat' dir='ltr'>est</span> <span class='ocrx_word' id='word_1_462' title='bbox 3318 3344 3496 3426; x_wconf 90' lang='lat' dir='ltr'>loqui</span> <span class='ocrx_word' id='word_1_463' title='bbox 3514 3344 3592 3408; x_wconf 89' lang='lat' dir='ltr'>de</span> <span class='ocrx_word' id='word_1_464' title='bbox 3611 3351 3861 3428; x_wconf 86' lang='lat' dir='ltr'>peccato</span> 
     </span>
     <span class='ocr_line' id='line_1_75' title="bbox 2320 3452 3861 3537; baseline 0.001 -21"><span class='ocrx_word' id='word_1_465' title='bbox 2320 3456 2635 3537; x_wconf 87' lang='lat' dir='ltr'>quantum</span> <span class='ocrx_word' id='word_1_466' title='bbox 2663 3452 2743 3516; x_wconf 87' lang='lat' dir='ltr'>ad</span> <span class='ocrx_word' id='word_1_467' title='bbox 2771 3452 3079 3534; x_wconf 87' lang='lat' dir='ltr'>triplicem</span> <span class='ocrx_word' id='word_1_468' title='bbox 3105 3454 3368 3528; x_wconf 87' lang='lat' dir='ltr'>statum,</span> <span class='ocrx_word' id='word_1_469' title='bbox 3394 3452 3629 3517; x_wconf 89' lang='lat' dir='ltr'>scilicet</span> <span class='ocrx_word' id='word_1_470' title='bbox 3655 3472 3861 3536; x_wconf 86' lang='lat' dir='ltr'>quan·</span> 
     </span>
     <span class='ocr_line' id='line_1_76' title="bbox 2318 3559 3862 3635; baseline 0.002 -11"><span class='ocrx_word' id='word_1_471' title='bbox 2318 3565 2460 3624; x_wconf 91' lang='lat' dir='ltr'>tum</span> <span class='ocrx_word' id='word_1_472' title='bbox 2490 3560 2568 3624; x_wconf 91' lang='lat' dir='ltr'>ad</span> <span class='ocrx_word' id='word_1_473' title='bbox 2602 3559 3106 3635; x_wconf 84' lang='lat' dir='ltr'>inchoationem,</span> <span class='ocrx_word' id='word_1_474' title='bbox 3147 3561 3763 3626; x_wconf 89' lang='lat' dir='ltr'>consummationem</span> <span class='ocrx_word' id='word_1_475' title='bbox 3801 3565 3862 3627; x_wconf 90' lang='lat' dir='ltr'>et</span> 
     </span>
     <span class='ocr_line' id='line_1_77' title="bbox 2319 3664 3858 3735; baseline 0 -2"><span class='ocrx_word' id='word_1_476' title='bbox 2319 3667 2889 3733; x_wconf 84' lang='lat' dir='ltr'>confirmationem.</span> <span class='ocrx_word' id='word_1_477' title='bbox 2921 3664 3259 3731; x_wconf 86' lang='lat' dir='ltr'>Peccatum</span> <span class='ocrx_word' id='word_1_478' title='bbox 3287 3665 3518 3730; x_wconf 88' lang='lat' dir='ltr'>diaboli</span> <span class='ocrx_word' id='word_1_479' title='bbox 3541 3669 3858 3735; x_wconf 87' lang='lat' dir='ltr'>initiatum</span> 
     </span>
     <span class='ocr_line' id='line_1_78' title="bbox 2321 3771 3858 3857; baseline 0.001 -17"><span class='ocrx_word' id='word_1_480' title='bbox 2321 3775 2505 3840; x_wconf 88' lang='lat' dir='ltr'>estin</span> <span class='ocrx_word' id='word_1_481' title='bbox 2537 3773 3073 3857; x_wconf 66' lang='lat' dir='ltr'>praesumptione:</span> <span class='ocrx_word' id='word_1_482' title='bbox 3103 3771 3315 3835; x_wconf 88' lang='lat' dir='ltr'>statim</span> <span class='ocrx_word' id='word_1_483' title='bbox 3348 3774 3545 3853; x_wconf 88' lang='lat' dir='ltr'>enim,</span> <span class='ocrx_word' id='word_1_484' title='bbox 3577 3779 3650 3840; x_wconf 92' lang='lat' dir='ltr'>ut</span> <span class='ocrx_word' id='word_1_485' title='bbox 3678 3795 3858 3841; x_wconf 89' lang='lat' dir='ltr'>suam</span> 
     </span>
     <span class='ocr_line' id='line_1_79' title="bbox 2319 3878 3857 3962; baseline 0.002 -16"><span class='ocrx_word' id='word_1_486' title='bbox 2319 3881 2479 3947; x_wconf 83' lang='lat' dir='ltr'>vidit</span> <span class='ocrx_word' id='word_1_487' title='bbox 2525 3878 3105 3962; x_wconf 86' lang='lat' dir='ltr'>pulchritudinem,</span> <span class='ocrx_word' id='word_1_488' title='bbox 3164 3881 3569 3962; x_wconf 84' lang='lat' dir='ltr'>praesumpsit</span> <span class='ocrx_word' id='word_1_489' title='bbox 3595 3879 3639 3947; x_wconf 67' lang='lat'>⁴.</span> <span class='ocrx_word' id='word_1_490' title='bbox 3699 3883 3857 3948; x_wconf 91' lang='lat' dir='ltr'>Con-</span> 
     </span>
     <span class='ocr_line' id='line_1_80' title="bbox 2319 3985 3860 4072; baseline 0.003 -22"><span class='ocrx_word' id='word_1_491' title='bbox 2319 3990 2718 4051; x_wconf 88' lang='lat' dir='ltr'>summatum</span> <span class='ocrx_word' id='word_1_492' title='bbox 2749 3991 2845 4050; x_wconf 89' lang='lat' dir='ltr'>est</span> <span class='ocrx_word' id='word_1_493' title='bbox 2882 3985 2950 4048; x_wconf 91' lang='lat' dir='ltr'>in</span> <span class='ocrx_word' id='word_1_494' title='bbox 2992 3986 3338 4049; x_wconf 86' lang='lat' dir='ltr'>ambitione</span> <span class='ocrx_word' id='word_1_495' title='bbox 3357 4034 3373 4063; x_wconf 92' lang='lat'>,</span> <span class='ocrx_word' id='word_1_496' title='bbox 3425 3988 3578 4069; x_wconf 88' lang='lat' dir='ltr'>quia</span> <span class='ocrx_word' id='word_1_497' title='bbox 3617 4007 3860 4072; x_wconf 83' lang='lat' dir='ltr'>praesu·</span> 
     </span>
     <span class='ocr_line' id='line_1_81' title="bbox 2321 4092 3861 4179; baseline 0.003 -22"><span class='ocrx_word' id='word_1_498' title='bbox 2321 4112 2504 4158; x_wconf 91' lang='lat' dir='ltr'>mens</span> <span class='ocrx_word' id='word_1_499' title='bbox 2539 4094 2617 4159; x_wconf 89' lang='lat' dir='ltr'>de</span> <span class='ocrx_word' id='word_1_500' title='bbox 2657 4112 2724 4157; x_wconf 87' lang='lat' dir='ltr'>se</span> <span class='ocrx_word' id='word_1_501' title='bbox 2758 4092 3020 4175; x_wconf 89' lang='lat' dir='ltr'>appetiit</span> <span class='ocrx_word' id='word_1_502' title='bbox 3056 4092 3226 4174; x_wconf 90' lang='lat' dir='ltr'>quod</span> <span class='ocrx_word' id='word_1_503' title='bbox 3263 4092 3526 4156; x_wconf 90' lang='lat' dir='ltr'>omnino</span> <span class='ocrx_word' id='word_1_504' title='bbox 3565 4113 3761 4179; x_wconf 85' lang='lat' dir='ltr'>supra</span> <span class='ocrx_word' id='word_1_505' title='bbox 3797 4115 3861 4162; x_wconf 89' lang='lat' dir='ltr'>se</span> 
     </span>
     <span class='ocr_line' id='line_1_82' title="bbox 2320 4198 3862 4283; baseline 0.003 -19"><span class='ocrx_word' id='word_1_506' title='bbox 2320 4201 2470 4280; x_wconf 80' lang='lat' dir='ltr'>fuit,</span> <span class='ocrx_word' id='word_1_507' title='bbox 2517 4204 2581 4265; x_wconf 92' lang='lat' dir='ltr'>et</span> <span class='ocrx_word' id='word_1_508' title='bbox 2623 4200 2702 4264; x_wconf 88' lang='lat' dir='ltr'>ad</span> <span class='ocrx_word' id='word_1_509' title='bbox 2730 4199 2904 4281; x_wconf 91' lang='lat' dir='ltr'>quod</span> <span class='ocrx_word' id='word_1_510' title='bbox 2937 4198 3272 4281; x_wconf 87' lang='lat' dir='ltr'>pervenire</span> <span class='ocrx_word' id='word_1_511' title='bbox 3309 4216 3440 4262; x_wconf 90' lang='lat' dir='ltr'>non</span> <span class='ocrx_word' id='word_1_512' title='bbox 3471 4202 3701 4283; x_wconf 88' lang='lat' dir='ltr'>potuit.</span> <span class='ocrx_word' id='word_1_513' title='bbox 3744 4202 3862 4268; x_wconf 90' lang='lat' dir='ltr'>Sed</span> 
     </span>
     <span class='ocr_line' id='line_1_83' title="bbox 2321 4305 3858 4386; baseline 0.002 -14"><span class='ocrx_word' id='word_1_514' title='bbox 2321 4309 2770 4373; x_wconf 86' lang='lat' dir='ltr'>confirmatum</span> <span class='ocrx_word' id='word_1_515' title='bbox 2811 4311 2904 4370; x_wconf 88' lang='lat' dir='ltr'>est</span> <span class='ocrx_word' id='word_1_516' title='bbox 2947 4305 3208 4371; x_wconf 67' lang='lat' dir='ltr'>invidiae</span> <span class='ocrx_word' id='word_1_517' title='bbox 3243 4311 3306 4371; x_wconf 91' lang='lat' dir='ltr'>et</span> <span class='ocrx_word' id='word_1_518' title='bbox 3349 4306 3475 4371; x_wconf 89' lang='lat' dir='ltr'>odii</span> <span class='ocrx_word' id='word_1_519' title='bbox 3505 4311 3858 4386; x_wconf 83' lang='lat' dir='ltr'>aversione,</span> 
     </span>
     <span class='ocr_line' id='line_1_84' title="bbox 2321 4415 3857 4501; baseline 0.003 -21"><span class='ocrx_word' id='word_1_520' title='bbox 2321 4416 2473 4498; x_wconf 85' lang='lat' dir='ltr'>quia</span> <span class='ocrx_word' id='word_1_521' title='bbox 2489 4435 2570 4480; x_wconf 85' lang='lat' dir='ltr'>ex</span> <span class='ocrx_word' id='word_1_522' title='bbox 2586 4434 2716 4497; x_wconf 93' lang='lat' dir='ltr'>quo</span> <span class='ocrx_word' id='word_1_523' title='bbox 2729 4415 3012 4481; x_wconf 88' lang='lat' dir='ltr'>obtinere</span> <span class='ocrx_word' id='word_1_524' title='bbox 3024 4432 3154 4479; x_wconf 91' lang='lat' dir='ltr'>non</span> <span class='ocrx_word' id='word_1_525' title='bbox 3174 4415 3381 4498; x_wconf 88' lang='lat' dir='ltr'>potuit</span> <span class='ocrx_word' id='word_1_526' title='bbox 3392 4417 3564 4498; x_wconf 89' lang='lat' dir='ltr'>quod</span> <span class='ocrx_word' id='word_1_527' title='bbox 3580 4420 3857 4501; x_wconf 83' lang='lat' dir='ltr'>appetiit,</span> 
     </span>
     <span class='ocr_line' id='line_1_85' title="bbox 2320 4523 3859 4607; baseline 0.003 -18"><span class='ocrx_word' id='word_1_528' title='bbox 2320 4525 2462 4590; x_wconf 90' lang='lat' dir='ltr'>ideo</span> <span class='ocrx_word' id='word_1_529' title='bbox 2492 4525 2773 4591; x_wconf 87' lang='lat' dir='ltr'>invidere</span> <span class='ocrx_word' id='word_1_530' title='bbox 2797 4525 3008 4607; x_wconf 81' lang='lat' dir='ltr'>coepit,</span> <span class='ocrx_word' id='word_1_531' title='bbox 3038 4527 3101 4587; x_wconf 90' lang='lat' dir='ltr'>et</span> <span class='ocrx_word' id='word_1_532' title='bbox 3118 4523 3351 4588; x_wconf 81' lang='lat' dir='ltr'>affectu</span> <span class='ocrx_word' id='word_1_533' title='bbox 3367 4526 3497 4589; x_wconf 89' lang='lat' dir='ltr'>odii</span> <span class='ocrx_word' id='word_1_534' title='bbox 3523 4529 3859 4593; x_wconf 86' lang='lat' dir='ltr'>contraire.</span> 
     </span>
     <span class='ocr_line' id='line_1_86' title="bbox 2322 4632 3860 4719; baseline 0.004 -22"><span class='ocrx_word' id='word_1_535' title='bbox 2322 4632 2401 4698; x_wconf 89' lang='lat' dir='ltr'>Et</span> <span class='ocrx_word' id='word_1_536' title='bbox 2438 4634 2508 4697; x_wconf 90' lang='lat' dir='ltr'>in</span> <span class='ocrx_word' id='word_1_537' title='bbox 2552 4634 2675 4698; x_wconf 91' lang='lat' dir='ltr'>hoc</span> <span class='ocrx_word' id='word_1_538' title='bbox 2726 4635 3177 4699; x_wconf 84' lang='lat' dir='ltr'>confirmatum</span> <span class='ocrx_word' id='word_1_539' title='bbox 3222 4637 3349 4715; x_wconf 89' lang='lat' dir='ltr'>est,</span> <span class='ocrx_word' id='word_1_540' title='bbox 3401 4636 3556 4718; x_wconf 86' lang='lat' dir='ltr'>quia</span> <span class='ocrx_word' id='word_1_541' title='bbox 3599 4638 3725 4702; x_wconf 91' lang='lat' dir='ltr'>hoc</span> <span class='ocrx_word' id='word_1_542' title='bbox 3783 4641 3860 4719; x_wconf 88' lang='lat' dir='ltr'>(a)</span> 
     </span>
     <span class='ocr_line' id='line_1_87' title="bbox 2323 4741 3865 4824; baseline 0.002 -18"><span class='ocrx_word' id='word_1_543' title='bbox 2323 4741 2584 4806; x_wconf 90' lang='lat' dir='ltr'>omnino</span> <span class='ocrx_word' id='word_1_544' title='bbox 2609 4741 2824 4824; x_wconf 90' lang='lat' dir='ltr'>ipsum</span> <span class='ocrx_word' id='word_1_545' title='bbox 2846 4760 2887 4806; x_wconf 91' lang='lat' dir='ltr'>a</span> <span class='ocrx_word' id='word_1_546' title='bbox 2911 4741 3037 4805; x_wconf 90' lang='lat' dir='ltr'>Deo</span> <span class='ocrx_word' id='word_1_547' title='bbox 3066 4741 3405 4823; x_wconf 85' lang='lat' dir='ltr'>separavit,</span> <span class='ocrx_word' id='word_1_548' title='bbox 3437 4745 3500 4805; x_wconf 90' lang='lat' dir='ltr'>et</span> <span class='ocrx_word' id='word_1_549' title='bbox 3519 4743 3865 4824; x_wconf 81' lang='lat' dir='ltr'>perfectum</span> 
     </span>
     <span class='ocr_line' id='line_1_88' title="bbox 2323 4849 3866 4933; baseline 0 -17"><span class='ocrx_word' id='word_1_550' title='bbox 2323 4850 2721 4916; x_wconf 82' lang='lat' dir='ltr'>obstaculum</span> <span class='ocrx_word' id='word_1_551' title='bbox 2766 4850 3011 4933; x_wconf 90' lang='lat' dir='ltr'>posuit,</span> <span class='ocrx_word' id='word_1_552' title='bbox 3064 4849 3233 4913; x_wconf 89' lang='lat' dir='ltr'>sicut</span> <span class='ocrx_word' id='word_1_553' title='bbox 3275 4849 3552 4931; x_wconf 86' lang='lat' dir='ltr'>perfecta</span> <span class='ocrx_word' id='word_1_554' title='bbox 3596 4851 3866 4917; x_wconf 85' lang='lat' dir='ltr'>charitas</span> 
     </span>
     <span class='ocr_line' id='line_1_89' title="bbox 2323 4954 3864 5041; baseline 0.002 -21"><span class='ocrx_word' id='word_1_555' title='bbox 2323 4957 2594 5040; x_wconf 84' lang='lat' dir='ltr'>perfecte</span> <span class='ocrx_word' id='word_1_556' title='bbox 2629 4956 2757 5021; x_wconf 91' lang='lat' dir='ltr'>Deo</span> <span class='ocrx_word' id='word_1_557' title='bbox 2785 4957 3029 5039; x_wconf 81' lang='lat' dir='ltr'>J&#39;ungit.</span> <span class='ocrx_word' id='word_1_558' title='bbox 3072 4954 3500 5021; x_wconf 82' lang='lat' dir='ltr'>Concedendae</span> <span class='ocrx_word' id='word_1_559' title='bbox 3526 4962 3680 5022; x_wconf 87' lang='lat' dir='ltr'>sunt</span> <span class='ocrx_word' id='word_1_560' title='bbox 3712 4977 3864 5041; x_wconf 85' lang='lat' dir='ltr'>ergo</span> 
     </span>
     <span class='ocr_line' id='line_1_90' title="bbox 2324 5064 3866 5151; baseline 0.003 -22"><span class='ocrx_word' id='word_1_561' title='bbox 2324 5065 2600 5130; x_wconf 87' lang='lat' dir='ltr'>rationes</span> <span class='ocrx_word' id='word_1_562' title='bbox 2646 5064 2873 5148; x_wconf 80' lang='lat' dir='ltr'>primae</span> <span class='ocrx_word' id='word_1_563' title='bbox 2889 5112 2906 5141; x_wconf 82' lang='grc'><em>,</em></span> <span class='ocrx_word' id='word_1_564' title='bbox 2944 5064 3118 5148; x_wconf 90' lang='lat' dir='ltr'>quod</span> <span class='ocrx_word' id='word_1_565' title='bbox 3159 5064 3457 5148; x_wconf 88' lang='lat' dir='ltr'>superbia</span> <span class='ocrx_word' id='word_1_566' title='bbox 3499 5066 3694 5132; x_wconf 84' lang='lat' dir='ltr'>fuerit</span> <span class='ocrx_word' id='word_1_567' title='bbox 3731 5068 3866 5151; x_wconf 87' lang='lat' dir='ltr'>pri·-</span> 
     </span>
     <span class='ocr_line' id='line_1_91' title="bbox 2326 5203 3861 5294; baseline -0.002 -12"><span class='ocrx_word' id='word_1_568' title='bbox 2326 5229 2379 5282; x_wconf 91' lang='lat' dir='ltr'>S.</span> <span class='ocrx_word' id='word_1_569' title='bbox 2405 5203 2695 5279; x_wconf 81' lang='lat' dir='ltr'>Bonavent.</span> <span class='ocrx_word' id='word_1_570' title='bbox 2738 5228 2792 5280; x_wconf 92' lang='lat' dir='ltr'>S.</span> <span class='ocrx_word' id='word_1_571' title='bbox 2818 5227 3028 5289; x_wconf 67' lang='lat' dir='ltr'>Thoai„</span> <span class='ocrx_word' id='word_1_572' title='bbox 3065 5240 3118 5290; x_wconf 89' lang='lat' dir='ltr'>p.</span> <span class='ocrx_word' id='word_1_573' title='bbox 3147 5228 3165 5278; x_wconf 84' lang='lat'>1</span> <span class='ocrx_word' id='word_1_574' title='bbox 3182 5262 3203 5291; x_wconf 86' lang='lat'>,</span> <span class='ocrx_word' id='word_1_575' title='bbox 3238 5240 3290 5292; x_wconf 87' lang='lat' dir='ltr'>q.</span> <span class='ocrx_word' id='word_1_576' title='bbox 3315 5238 3476 5292; x_wconf 67' lang='lat' dir='ltr'>nnn,</span> <span class='ocrx_word' id='word_1_577' title='bbox 3519 5233 3615 5279; x_wconf 79' lang='lat' dir='ltr'>art.</span> <span class='ocrx_word' id='word_1_578' title='bbox 3640 5231 3702 5294; x_wconf 77' lang='lat'>23</span> <span class='ocrx_word' id='word_1_579' title='bbox 3745 5235 3796 5280; x_wconf 83' lang='lat' dir='ltr'>et</span> <span class='ocrx_word' id='word_1_580' title='bbox 3822 5231 3861 5281; x_wconf 87' lang='lat' dir='ltr'>n</span> 
     </span>
     <span class='ocr_line' id='line_1_92' title="bbox 2327 5298 3860 5365; baseline 0.003 -14"><span class='ocrx_word' id='word_1_581' title='bbox 2327 5302 2486 5362; x_wconf 69' lang='lat' dir='ltr'>Seni„</span> <span class='ocrx_word' id='word_1_582' title='bbox 2501 5299 2621 5350; x_wconf 86' lang='lat' dir='ltr'>dist.</span> <span class='ocrx_word' id='word_1_583' title='bbox 2637 5311 2687 5363; x_wconf 69' lang='lat' dir='ltr'>V,</span> <span class='ocrx_word' id='word_1_584' title='bbox 2707 5314 2760 5365; x_wconf 89' lang='lat' dir='ltr'>q.</span> <span class='ocrx_word' id='word_1_585' title='bbox 2781 5311 2818 5364; x_wconf 86' lang='lat'>1,</span> <span class='ocrx_word' id='word_1_586' title='bbox 2834 5302 2931 5349; x_wconf 82' lang='lat' dir='ltr'>art.</span> <span class='ocrx_word' id='word_1_587' title='bbox 2943 5302 2974 5349; x_wconf 77' lang='lat'>2</span> <span class='ocrx_word' id='word_1_588' title='bbox 2991 5300 3081 5350; x_wconf 86' lang='lat' dir='ltr'>et3</span> <span class='ocrx_word' id='word_1_589' title='bbox 3091 5313 3110 5361; x_wconf 90' lang='lat'>;</span> <span class='ocrx_word' id='word_1_590' title='bbox 3125 5302 3148 5348; x_wconf 85' lang='lat'><strong>1</strong></span> <span class='ocrx_word' id='word_1_591' title='bbox 3163 5302 3217 5349; x_wconf 89' lang='lat' dir='ltr'>et</span> <span class='ocrx_word' id='word_1_592' title='bbox 3233 5299 3296 5349; x_wconf 89' lang='lat' dir='ltr'>lll</span> <span class='ocrx_word' id='word_1_593' title='bbox 3313 5298 3456 5349; x_wconf 78' lang='lat' dir='ltr'>Cont.</span> <span class='ocrx_word' id='word_1_594' title='bbox 3471 5299 3639 5362; x_wconf 64' lang='lat' dir='ltr'>Geni„</span> <span class='ocrx_word' id='word_1_595' title='bbox 3655 5315 3702 5353; x_wconf 93' lang='lat' dir='ltr'>c.</span> <span class='ocrx_word' id='word_1_596' title='bbox 3719 5314 3860 5355; x_wconf 76' lang='lat' dir='ltr'>cvm.</span> 
     </span>
     <span class='ocr_line' id='line_1_93' title="bbox 2392 5405 3463 5472; baseline -0.001 -15"><span class='ocrx_word' id='word_1_597' title='bbox 2392 5406 2459 5472; x_wconf 89' lang='lat' dir='ltr'>(a)</span> <span class='ocrx_word' id='word_1_598' title='bbox 2485 5406 2609 5457; x_wconf 76' lang='lat' dir='ltr'>Goet.</span> <span class='ocrx_word' id='word_1_599' title='bbox 2635 5405 2756 5457; x_wconf 78' lang='lat' dir='ltr'>edit.</span> <span class='ocrx_word' id='word_1_600' title='bbox 2780 5405 3038 5457; x_wconf 82' lang='lat' dir='ltr'>firmatum</span> <span class='ocrx_word' id='word_1_601' title='bbox 3064 5408 3160 5470; x_wconf 78' lang='lat' dir='ltr'>est,</span> <span class='ocrx_word' id='word_1_602' title='bbox 3188 5405 3308 5470; x_wconf 75' lang='lat' dir='ltr'>quia</span> <span class='ocrx_word' id='word_1_603' title='bbox 3332 5405 3463 5457; x_wconf 76' lang='lat' dir='ltr'>hoec.</span> 
     </span>
    </p>
   </div>
  </div>
 </body>
</html>
