<?xml version="1.0" encoding="UTF-8"?>
<!DOCTYPE html PUBLIC "-//W3C//DTD XHTML 1.0 Transitional//EN"
    "http://www.w3.org/TR/xhtml1/DTD/xhtml1-transitional.dtd">
<html xmlns="http://www.w3.org/1999/xhtml" xml:lang="en" lang="en">
 <head>
  <title>
</title>
<meta http-equiv="Content-Type" content="text/html;charset=utf-8" />
  <meta name='ocr-system' content='tesseract 3.04.00' />
  <meta name='ocr-capabilities' content='ocr_page ocr_carea ocr_par ocr_line ocrx_word'/>
</head>
<body>
  <div class='ocr_page' id='page_1' title='image "./srecardinalissb01peltgoog_0535.png"; bbox 0 0 4125 6225; ppageno 0'>
   <div class='ocr_carea' id='block_1_1' title="bbox 1183 391 2514 474">
    <p class='ocr_par' dir='ltr' id='par_1_1' title="bbox 1183 391 2514 474">
     <span class='ocr_line' id='line_1_1' title="bbox 1183 391 2514 474; baseline 0.005 -18"><span class='ocrx_word' id='word_1_1' title='bbox 1183 391 1564 459; x_wconf 88' lang='lat' dir='ltr'><strong>DISTINCT.</strong></span> <span class='ocrx_word' id='word_1_2' title='bbox 1603 392 1705 460; x_wconf 83' lang='lat' dir='ltr'><strong>IX.</strong></span> <span class='ocrx_word' id='word_1_3' title='bbox 1751 394 1932 461; x_wconf 78' lang='grc' dir='ltr'><strong>ΛΒΤ.</strong></span> <span class='ocrx_word' id='word_1_4' title='bbox 1978 396 2027 460; x_wconf 94' lang='lat'><strong>1.</strong></span> <span class='ocrx_word' id='word_1_5' title='bbox 2068 395 2365 474; x_wconf 71' lang='lat' dir='ltr'><strong>QUAEST.</strong></span> <span class='ocrx_word' id='word_1_6' title='bbox 2408 396 2514 463; x_wconf 89' lang='lat' dir='ltr'><strong>III.</strong></span> 
     </span>
    </p>
   </div>
   <div class='ocr_carea' id='block_1_2' title="bbox 219 524 1794 4703">
    <p class='ocr_par' dir='ltr' id='par_1_2' title="bbox 251 524 1794 1130">
     <span class='ocr_line' id='line_1_2' title="bbox 257 524 1794 609; baseline 0.005 -19"><span class='ocrx_word' id='word_1_7' title='bbox 257 525 418 592; x_wconf 88' lang='lat' dir='ltr'><strong>inter</strong></span> <span class='ocrx_word' id='word_1_8' title='bbox 455 543 617 608; x_wconf 86' lang='lat' dir='ltr'><strong>quos</strong></span> <span class='ocrx_word' id='word_1_9' title='bbox 655 524 1020 609; x_wconf 69' lang='lat' dir='ltr'><strong>praecipuus</strong></span> <span class='ocrx_word' id='word_1_10' title='bbox 1062 527 1218 594; x_wconf 89' lang='lat' dir='ltr'><strong>ordo</strong></span> <span class='ocrx_word' id='word_1_11' title='bbox 1255 534 1350 594; x_wconf 87' lang='lat' dir='ltr'><strong>est</strong></span> <span class='ocrx_word' id='word_1_12' title='bbox 1395 532 1551 599; x_wconf 90' lang='lat' dir='ltr'><strong>ordo</strong></span> <span class='ocrx_word' id='word_1_13' title='bbox 1607 531 1794 597; x_wconf 90' lang='lat' dir='ltr'><strong>Sera-</strong></span> 
     </span>
     <span class='ocr_line' id='line_1_3' title="bbox 256 633 1787 721; baseline 0.005 -24"><span class='ocrx_word' id='word_1_14' title='bbox 256 634 433 718; x_wconf 89' lang='lat' dir='ltr'><strong>phim</strong></span> <span class='ocrx_word' id='word_1_15' title='bbox 446 682 464 712; x_wconf 97' lang='lat'><strong>,</strong></span> <span class='ocrx_word' id='word_1_16' title='bbox 491 633 602 717; x_wconf 89' lang='lat' dir='ltr'><strong>qui</strong></span> <span class='ocrx_word' id='word_1_17' title='bbox 630 633 1001 699; x_wconf 89' lang='lat' dir='ltr'><strong>nominatur</strong></span> <span class='ocrx_word' id='word_1_18' title='bbox 1031 637 1111 700; x_wconf 92' lang='lat' dir='ltr'><strong>ab</strong></span> <span class='ocrx_word' id='word_1_19' title='bbox 1150 638 1373 703; x_wconf 90' lang='lat' dir='ltr'><strong>ardore</strong></span> <span class='ocrx_word' id='word_1_20' title='bbox 1397 639 1749 706; x_wconf 82' lang='lat' dir='ltr'><strong>dilectionis</strong></span> <span class='ocrx_word' id='word_1_21' title='bbox 1768 690 1787 721; x_wconf 93' lang='lat'><strong>,</strong></span> 
     </span>
     <span class='ocr_line' id='line_1_4' title="bbox 256 741 1790 832; baseline 0.005 -26"><span class='ocrx_word' id='word_1_22' title='bbox 256 761 396 825; x_wconf 71' lang='lat' dir='ltr'><strong>quae</strong></span> <span class='ocrx_word' id='word_1_23' title='bbox 418 760 555 807; x_wconf 89' lang='lat' dir='ltr'><strong>non</strong></span> <span class='ocrx_word' id='word_1_24' title='bbox 592 745 685 806; x_wconf 89' lang='lat' dir='ltr'><strong>est</strong></span> <span class='ocrx_word' id='word_1_25' title='bbox 715 741 784 805; x_wconf 92' lang='lat' dir='ltr'><strong>in</strong></span> <span class='ocrx_word' id='word_1_26' title='bbox 812 743 1056 824; x_wconf 83' lang='lat' dir='ltr'><strong>angelis</strong></span> <span class='ocrx_word' id='word_1_27' title='bbox 1082 750 1523 813; x_wconf 87' lang='lat' dir='ltr'><strong>consummata</strong></span> <span class='ocrx_word' id='word_1_28' title='bbox 1550 751 1613 813; x_wconf 89' lang='lat' dir='ltr'><strong>et</strong></span> <span class='ocrx_word' id='word_1_29' title='bbox 1643 767 1790 832; x_wconf 89' lang='lat' dir='ltr'><strong>per-</strong></span> 
     </span>
     <span class='ocr_line' id='line_1_5' title="bbox 253 849 1791 940; baseline 0.005 -27"><span class='ocrx_word' id='word_1_30' title='bbox 253 850 408 914; x_wconf 82' lang='lat' dir='ltr'><strong>fecta</strong></span> <span class='ocrx_word' id='word_1_31' title='bbox 423 850 548 914; x_wconf 89' lang='lat' dir='ltr'><strong>nisi</strong></span> <span class='ocrx_word' id='word_1_32' title='bbox 575 869 688 934; x_wconf 89' lang='lat' dir='ltr'><strong>per</strong></span> <span class='ocrx_word' id='word_1_33' title='bbox 713 849 990 930; x_wconf 82' lang='lat' dir='ltr'><strong>gratiam</strong></span> <span class='ocrx_word' id='word_1_34' title='bbox 1025 874 1039 916; x_wconf 75' lang='grc' dir='ltr'>ε</span> <span class='ocrx_word' id='word_1_35' title='bbox 1069 856 1131 916; x_wconf 86' lang='lat' dir='ltr'><strong>et</strong></span> <span class='ocrx_word' id='word_1_36' title='bbox 1156 852 1298 918; x_wconf 88' lang='lat' dir='ltr'><strong>ideo</strong></span> <span class='ocrx_word' id='word_1_37' title='bbox 1325 856 1600 921; x_wconf 91' lang='lat' dir='ltr'><strong>concedo</strong></span> <span class='ocrx_word' id='word_1_38' title='bbox 1620 857 1791 940; x_wconf 88' lang='lat' dir='ltr'><strong>quod</strong></span> 
     </span>
     <span class='ocr_line' id='line_1_6' title="bbox 253 957 1793 1048; baseline 0.006 -27"><span class='ocrx_word' id='word_1_39' title='bbox 253 957 548 1022; x_wconf 86' lang='lat' dir='ltr'><strong>ordinum</strong></span> <span class='ocrx_word' id='word_1_40' title='bbox 599 957 969 1041; x_wconf 86' lang='lat' dir='ltr'><strong>principalis</strong></span> <span class='ocrx_word' id='word_1_41' title='bbox 1022 960 1338 1027; x_wconf 87' lang='lat' dir='ltr'><strong>distinctio</strong></span> <span class='ocrx_word' id='word_1_42' title='bbox 1398 983 1532 1029; x_wconf 91' lang='lat' dir='ltr'><strong>non</strong></span> <span class='ocrx_word' id='word_1_43' title='bbox 1587 969 1793 1048; x_wconf 88' lang='lat' dir='ltr'><strong>potest</strong></span> 
     </span>
     <span class='ocr_line' id='line_1_7' title="bbox 251 1068 735 1130; baseline -0.004 0"><span class='ocrx_word' id='word_1_44' title='bbox 251 1083 382 1130; x_wconf 89' lang='lat' dir='ltr'><strong>esse</strong></span> <span class='ocrx_word' id='word_1_45' title='bbox 413 1083 452 1128; x_wconf 86' lang='lat' dir='ltr'><strong>a</strong></span> <span class='ocrx_word' id='word_1_46' title='bbox 482 1068 735 1128; x_wconf 86' lang='lat' dir='ltr'><strong>natura.</strong></span> 
     </span>
    </p>

    <p class='ocr_par' dir='ltr' id='par_1_3' title="bbox 243 1173 1789 2118">
     <span class='ocr_line' id='line_1_8' title="bbox 327 1173 1789 1261; baseline 0.006 -25"><span class='ocrx_word' id='word_1_47' title='bbox 327 1178 357 1237; x_wconf 83' lang='lat'><strong>1</strong></span> <span class='ocrx_word' id='word_1_48' title='bbox 406 1176 471 1237; x_wconf 85' lang='lat' dir='ltr'><strong>et</strong></span> <span class='ocrx_word' id='word_1_49' title='bbox 504 1177 566 1237; x_wconf 76' lang='lat'><strong>2.</strong></span> <span class='ocrx_word' id='word_1_50' title='bbox 608 1173 707 1238; x_wconf 91' lang='lat' dir='ltr'><strong>Ad</strong></span> <span class='ocrx_word' id='word_1_51' title='bbox 751 1174 909 1240; x_wconf 91' lang='lat' dir='ltr'><strong>illud</strong></span> <span class='ocrx_word' id='word_1_52' title='bbox 953 1194 1110 1258; x_wconf 89' lang='lat' dir='ltr'><strong>ergo</strong></span> <span class='ocrx_word' id='word_1_53' title='bbox 1154 1177 1328 1259; x_wconf 88' lang='lat' dir='ltr'><strong>quod</strong></span> <span class='ocrx_word' id='word_1_54' title='bbox 1377 1179 1674 1261; x_wconf 87' lang='lat' dir='ltr'><strong>objicitur</strong></span> <span class='ocrx_word' id='word_1_55' title='bbox 1718 1180 1789 1245; x_wconf 92' lang='lat' dir='ltr'><strong>in</strong></span> 
     </span>
     <span class='ocr_line' id='line_1_9' title="bbox 249 1282 1781 1370; baseline 0.004 -22"><span class='ocrx_word' id='word_1_56' title='bbox 249 1282 638 1348; x_wconf 88' lang='lat' dir='ltr'><strong>contrarium</strong></span> <span class='ocrx_word' id='word_1_57' title='bbox 675 1284 754 1348; x_wconf 91' lang='lat' dir='ltr'><strong>de</strong></span> <span class='ocrx_word' id='word_1_58' title='bbox 780 1283 1017 1367; x_wconf 85' lang='lat' dir='ltr'><strong>duplici</strong></span> <span class='ocrx_word' id='word_1_59' title='bbox 1055 1286 1425 1351; x_wconf 88' lang='lat' dir='ltr'><strong>auctoritate</strong></span> <span class='ocrx_word' id='word_1_60' title='bbox 1461 1286 1747 1370; x_wconf 83' lang='lat' dir='ltr'><strong>Magistri</strong></span> <span class='ocrx_word' id='word_1_61' title='bbox 1766 1338 1781 1367; x_wconf 89' lang='lat'>‚</span> 
     </span>
     <span class='ocr_line' id='line_1_10' title="bbox 247 1391 1782 1480; baseline 0.006 -26"><span class='ocrx_word' id='word_1_62' title='bbox 247 1391 413 1473; x_wconf 86' lang='lat' dir='ltr'><strong>quod</strong></span> <span class='ocrx_word' id='word_1_63' title='bbox 442 1408 557 1473; x_wconf 88' lang='lat' dir='ltr'><strong>per</strong></span> <span class='ocrx_word' id='word_1_64' title='bbox 582 1393 882 1476; x_wconf 85' lang='lat' dir='ltr'><strong>naturam</strong></span> <span class='ocrx_word' id='word_1_65' title='bbox 900 1392 1008 1456; x_wconf 90' lang='lat' dir='ltr'><strong>alii</strong></span> <span class='ocrx_word' id='word_1_66' title='bbox 1034 1392 1178 1456; x_wconf 89' lang='lat' dir='ltr'><strong>aliis</strong></span> <span class='ocrx_word' id='word_1_67' title='bbox 1203 1397 1355 1458; x_wconf 90' lang='lat' dir='ltr'><strong>sunt</strong></span> <span class='ocrx_word' id='word_1_68' title='bbox 1380 1397 1741 1479; x_wconf 80' lang='lat' dir='ltr'><strong>superiores</strong></span> <span class='ocrx_word' id='word_1_69' title='bbox 1763 1447 1782 1480; x_wconf 86' lang='lat'><strong>,</strong></span> 
     </span>
     <span class='ocr_line' id='line_1_11' title="bbox 246 1498 1786 1586; baseline 0.006 -24"><span class='ocrx_word' id='word_1_70' title='bbox 246 1498 582 1563; x_wconf 90' lang='lat' dir='ltr'><strong>dicendum</strong></span> <span class='ocrx_word' id='word_1_71' title='bbox 610 1499 783 1581; x_wconf 89' lang='lat' dir='ltr'><strong>quod</strong></span> <span class='ocrx_word' id='word_1_72' title='bbox 809 1499 931 1564; x_wconf 90' lang='lat' dir='ltr'><strong>hoc</strong></span> <span class='ocrx_word' id='word_1_73' title='bbox 956 1518 1091 1564; x_wconf 92' lang='lat' dir='ltr'><strong>non</strong></span> <span class='ocrx_word' id='word_1_74' title='bbox 1117 1501 1436 1568; x_wconf 79' lang='lat' dir='ltr'><strong>concludit</strong></span> <span class='ocrx_word' id='word_1_75' title='bbox 1473 1506 1645 1586; x_wconf 84' lang='lat' dir='ltr'><strong>quod</strong></span> <span class='ocrx_word' id='word_1_76' title='bbox 1678 1525 1786 1571; x_wconf 92' lang='lat' dir='ltr'><strong>or-</strong></span> 
     </span>
     <span class='ocr_line' id='line_1_12' title="bbox 246 1607 1779 1705; baseline 0.005 -33"><span class='ocrx_word' id='word_1_77' title='bbox 246 1607 421 1672; x_wconf 87' lang='lat' dir='ltr'><strong>dines</strong></span> <span class='ocrx_word' id='word_1_78' title='bbox 445 1607 571 1670; x_wconf 89' lang='lat' dir='ltr'><strong>sint</strong></span> <span class='ocrx_word' id='word_1_79' title='bbox 595 1626 635 1671; x_wconf 92' lang='lat' dir='ltr'><strong>a</strong></span> <span class='ocrx_word' id='word_1_80' title='bbox 660 1609 1070 1705; x_wconf 66' lang='lat' dir='ltr'><strong>naturasicut</strong></span> <span class='ocrx_word' id='word_1_81' title='bbox 1094 1628 1133 1673; x_wconf 91' lang='lat' dir='ltr'><strong>a</strong></span> <span class='ocrx_word' id='word_1_82' title='bbox 1160 1629 1350 1674; x_wconf 90' lang='lat' dir='ltr'><strong>causa</strong></span> <span class='ocrx_word' id='word_1_83' title='bbox 1368 1614 1779 1697; x_wconf 86' lang='lat' dir='ltr'><strong>completiva;</strong></span> 
     </span>
     <span class='ocr_line' id='line_1_13' title="bbox 245 1714 1785 1800; baseline 0.007 -23"><span class='ocrx_word' id='word_1_84' title='bbox 245 1715 390 1797; x_wconf 84' lang='lat' dir='ltr'><strong>quia</strong></span> <span class='ocrx_word' id='word_1_85' title='bbox 407 1733 540 1779; x_wconf 93' lang='lat' dir='ltr'><strong>non</strong></span> <span class='ocrx_word' id='word_1_86' title='bbox 559 1714 862 1798; x_wconf 62' lang='lat' dir='ltr'><strong>quaelibet</strong></span> <span class='ocrx_word' id='word_1_87' title='bbox 884 1735 956 1781; x_wconf 91' lang='lat' dir='ltr'><strong>su</strong></span> <span class='ocrx_word' id='word_1_88' title='bbox 965 1718 1293 1800; x_wconf 87' lang='lat' dir='ltr'><strong>perioritas</strong></span> <span class='ocrx_word' id='word_1_89' title='bbox 1311 1724 1373 1783; x_wconf 88' lang='lat' dir='ltr'><strong>et</strong></span> <span class='ocrx_word' id='word_1_90' title='bbox 1399 1720 1785 1788; x_wconf 75' lang='lat' dir='ltr'><strong>interioritas</strong></span> 
     </span>
     <span class='ocr_line' id='line_1_14' title="bbox 243 1821 1783 1909; baseline 0.005 -24"><span class='ocrx_word' id='word_1_91' title='bbox 243 1821 388 1885; x_wconf 81' lang='lat' dir='ltr'><strong>facit</strong></span> <span class='ocrx_word' id='word_1_92' title='bbox 413 1821 704 1886; x_wconf 88' lang='lat' dir='ltr'><strong>ordinem</strong></span> <span class='ocrx_word' id='word_1_93' title='bbox 736 1821 1157 1905; x_wconf 88' lang='lat' dir='ltr'><strong>completum,</strong></span> <span class='ocrx_word' id='word_1_94' title='bbox 1189 1825 1298 1893; x_wconf 87' lang='lat' dir='ltr'><strong>sed</strong></span> <span class='ocrx_word' id='word_1_95' title='bbox 1323 1844 1399 1890; x_wconf 90' lang='lat' dir='ltr'><strong>ea</strong></span> <span class='ocrx_word' id='word_1_96' title='bbox 1424 1827 1633 1891; x_wconf 90' lang='lat' dir='ltr'><strong>solum</strong></span> <span class='ocrx_word' id='word_1_97' title='bbox 1655 1878 1674 1909; x_wconf 88' lang='lat'><strong>,</strong></span> <span class='ocrx_word' id='word_1_98' title='bbox 1712 1830 1783 1893; x_wconf 90' lang='lat' dir='ltr'><strong>in</strong></span> 
     </span>
     <span class='ocr_line' id='line_1_15' title="bbox 243 1929 1784 2020; baseline 0.007 -29"><span class='ocrx_word' id='word_1_99' title='bbox 243 1946 367 2011; x_wconf 86' lang='lat' dir='ltr'><strong>qua</strong></span> <span class='ocrx_word' id='word_1_100' title='bbox 409 1929 697 1993; x_wconf 79' lang='lat' dir='ltr'><strong>consistit</strong></span> <span class='ocrx_word' id='word_1_101' title='bbox 735 1948 957 1995; x_wconf 91' lang='lat' dir='ltr'><strong>rerum</strong></span> <span class='ocrx_word' id='word_1_102' title='bbox 998 1933 1452 1998; x_wconf 88' lang='lat' dir='ltr'><strong>ordinabilium</strong></span> <span class='ocrx_word' id='word_1_103' title='bbox 1504 1936 1784 2020; x_wconf 88' lang='lat' dir='ltr'><strong>comple-</strong></span> 
     </span>
     <span class='ocr_line' id='line_1_16' title="bbox 244 2037 1658 2118; baseline 0.006 -21"><span class='ocrx_word' id='word_1_104' title='bbox 244 2037 529 2098; x_wconf 84' lang='lat' dir='ltr'><strong>mentum</strong></span> <span class='ocrx_word' id='word_1_105' title='bbox 549 2041 869 2118; x_wconf 85' lang='lat' dir='ltr'><strong>quantum</strong></span> <span class='ocrx_word' id='word_1_106' title='bbox 896 2038 977 2102; x_wconf 91' lang='lat' dir='ltr'><strong>ad</strong></span> <span class='ocrx_word' id='word_1_107' title='bbox 998 2039 1281 2104; x_wconf 77' lang='lat' dir='ltr'><strong>officium</strong></span> <span class='ocrx_word' id='word_1_108' title='bbox 1309 2044 1373 2104; x_wconf 91' lang='lat' dir='ltr'><strong>et</strong></span> <span class='ocrx_word' id='word_1_109' title='bbox 1399 2045 1658 2106; x_wconf 90' lang='lat' dir='ltr'><strong>statum.</strong></span> 
     </span>
    </p>

    <p class='ocr_par' dir='ltr' id='par_1_4' title="bbox 233 2141 1783 3195">
     <span class='ocr_line' id='line_1_17' title="bbox 317 2141 1783 2231; baseline 0.008 -26"><span class='ocrx_word' id='word_1_110' title='bbox 317 2145 376 2206; x_wconf 87' lang='lat'><strong>3.</strong></span> <span class='ocrx_word' id='word_1_111' title='bbox 406 2141 505 2207; x_wconf 92' lang='lat' dir='ltr'><strong>Ad</strong></span> <span class='ocrx_word' id='word_1_112' title='bbox 532 2142 689 2207; x_wconf 90' lang='lat' dir='ltr'><strong>illud</strong></span> <span class='ocrx_word' id='word_1_113' title='bbox 711 2144 882 2226; x_wconf 90' lang='lat' dir='ltr'><strong>quod</strong></span> <span class='ocrx_word' id='word_1_114' title='bbox 910 2145 1211 2227; x_wconf 77' lang='lat' dir='ltr'><strong>oincitur</strong></span> <span class='ocrx_word' id='word_1_115' title='bbox 1232 2196 1251 2227; x_wconf 90' lang='lat'><strong>,</strong></span> <span class='ocrx_word' id='word_1_116' title='bbox 1278 2148 1451 2231; x_wconf 89' lang='lat' dir='ltr'><strong>quod</strong></span> <span class='ocrx_word' id='word_1_117' title='bbox 1473 2151 1700 2216; x_wconf 90' lang='lat' dir='ltr'><strong>modus</strong></span> <span class='ocrx_word' id='word_1_118' title='bbox 1719 2157 1783 2217; x_wconf 90' lang='lat' dir='ltr'><strong>et</strong></span> 
     </span>
     <span class='ocr_line' id='line_1_18' title="bbox 241 2233 1781 2342; baseline 0.009 -31"><span class='ocrx_word' id='word_1_119' title='bbox 241 2248 472 2330; x_wconf 88' lang='lat' dir='ltr'><strong>species</strong></span> <span class='ocrx_word' id='word_1_120' title='bbox 495 2253 561 2313; x_wconf 91' lang='lat' dir='ltr'><strong>et</strong></span> <span class='ocrx_word' id='word_1_121' title='bbox 590 2250 745 2314; x_wconf 86' lang='lat' dir='ltr'><strong>ordo</strong></span> <span class='ocrx_word' id='word_1_122' title='bbox 775 2233 925 2316; x_wconf 80' lang='lat' dir='ltr'><strong>esta</strong></span> <span class='ocrx_word' id='word_1_123' title='bbox 951 2256 1213 2335; x_wconf 85' lang='lat' dir='ltr'><strong>natura3</strong></span> <span class='ocrx_word' id='word_1_124' title='bbox 1242 2255 1579 2322; x_wconf 85' lang='lat' dir='ltr'><strong>dicendum</strong></span> <span class='ocrx_word' id='word_1_125' title='bbox 1609 2259 1781 2342; x_wconf 89' lang='lat' dir='ltr'><strong>quod</strong></span> 
     </span>
     <span class='ocr_line' id='line_1_19' title="bbox 242 2356 1778 2449; baseline 0.008 -30"><span class='ocrx_word' id='word_1_126' title='bbox 242 2356 658 2438; x_wconf 67' lang='lat' dir='ltr'><strong>aequivocatio</strong></span> <span class='ocrx_word' id='word_1_127' title='bbox 689 2360 783 2420; x_wconf 87' lang='lat' dir='ltr'><strong>est</strong></span> <span class='ocrx_word' id='word_1_128' title='bbox 812 2358 880 2421; x_wconf 90' lang='lat' dir='ltr'><strong>in</strong></span> <span class='ocrx_word' id='word_1_129' title='bbox 898 2359 1119 2424; x_wconf 88' lang='lat' dir='ltr'><strong>ordine</strong></span> <span class='ocrx_word' id='word_1_130' title='bbox 1149 2379 1165 2423; x_wconf 75' lang='grc' dir='ltr'><strong><em>ε</em></strong></span> <span class='ocrx_word' id='word_1_131' title='bbox 1200 2362 1332 2445; x_wconf 91' lang='lat' dir='ltr'><strong>ipse</strong></span> <span class='ocrx_word' id='word_1_132' title='bbox 1366 2365 1543 2428; x_wconf 91' lang='lat' dir='ltr'><strong>enim</strong></span> <span class='ocrx_word' id='word_1_133' title='bbox 1570 2364 1778 2449; x_wconf 86' lang='lat' dir='ltr'><strong>loqui-</strong></span> 
     </span>
     <span class='ocr_line' id='line_1_20' title="bbox 239 2462 1781 2547; baseline 0.007 -21"><span class='ocrx_word' id='word_1_134' title='bbox 239 2466 341 2526; x_wconf 87' lang='lat' dir='ltr'><strong>tur</strong></span> <span class='ocrx_word' id='word_1_135' title='bbox 375 2463 462 2527; x_wconf 90' lang='lat' dir='ltr'><strong>ibi</strong></span> <span class='ocrx_word' id='word_1_136' title='bbox 494 2462 576 2527; x_wconf 93' lang='lat' dir='ltr'><strong>de</strong></span> <span class='ocrx_word' id='word_1_137' title='bbox 603 2464 823 2528; x_wconf 90' lang='lat' dir='ltr'><strong>ordine</strong></span> <span class='ocrx_word' id='word_1_138' title='bbox 852 2484 982 2547; x_wconf 89' lang='lat' dir='ltr'><strong>quo</strong></span> <span class='ocrx_word' id='word_1_139' title='bbox 1021 2470 1312 2532; x_wconf 87' lang='lat' dir='ltr'><strong>creatura</strong></span> <span class='ocrx_word' id='word_1_140' title='bbox 1339 2470 1568 2535; x_wconf 89' lang='lat' dir='ltr'><strong>dicitur</strong></span> <span class='ocrx_word' id='word_1_141' title='bbox 1606 2474 1781 2537; x_wconf 90' lang='lat' dir='ltr'><strong>ordi-</strong></span> 
     </span>
     <span class='ocr_line' id='line_1_21' title="bbox 239 2571 1773 2656; baseline 0.009 -24"><span class='ocrx_word' id='word_1_142' title='bbox 239 2573 383 2632; x_wconf 85' lang='lat' dir='ltr'><strong>nata</strong></span> <span class='ocrx_word' id='word_1_143' title='bbox 424 2587 541 2652; x_wconf 86' lang='lat' dir='ltr'><strong>per</strong></span> <span class='ocrx_word' id='word_1_144' title='bbox 584 2571 1120 2653; x_wconf 83' lang='lat' dir='ltr'><strong>comparationem</strong></span> <span class='ocrx_word' id='word_1_145' title='bbox 1162 2574 1365 2656; x_wconf 87' lang='lat' dir='ltr'><strong>ipsius</strong></span> <span class='ocrx_word' id='word_1_146' title='bbox 1403 2576 1483 2641; x_wconf 88' lang='lat' dir='ltr'><strong>ad</strong></span> <span class='ocrx_word' id='word_1_147' title='bbox 1527 2579 1723 2643; x_wconf 84' lang='lat' dir='ltr'><strong>finem</strong></span> <span class='ocrx_word' id='word_1_148' title='bbox 1757 2601 1773 2646; x_wconf 78' lang='lat' dir='ltr'><strong><em>z</em></strong></span> 
     </span>
     <span class='ocr_line' id='line_1_22' title="bbox 238 2668 1778 2761; baseline 0.006 -18"><span class='ocrx_word' id='word_1_149' title='bbox 238 2679 385 2743; x_wconf 91' lang='lat' dir='ltr'><strong>ordo</strong></span> <span class='ocrx_word' id='word_1_150' title='bbox 422 2668 581 2745; x_wconf 85' lang='lat' dir='ltr'><strong>vero</strong></span> <span class='ocrx_word' id='word_1_151' title='bbox 623 2681 1006 2761; x_wconf 87' lang='lat' dir='ltr'><strong>angelorum</strong></span> <span class='ocrx_word' id='word_1_152' title='bbox 1036 2684 1381 2748; x_wconf 88' lang='lat' dir='ltr'><strong>attenditur</strong></span> <span class='ocrx_word' id='word_1_153' title='bbox 1421 2683 1778 2752; x_wconf 89' lang='lat' dir='ltr'><strong>secundum</strong></span> 
     </span>
     <span class='ocr_line' id='line_1_23' title="bbox 237 2786 1777 2872; baseline 0.007 -24"><span class='ocrx_word' id='word_1_154' title='bbox 237 2786 723 2869; x_wconf 65' lang='lat' dir='ltr'><strong>praecellentiam</strong></span> <span class='ocrx_word' id='word_1_155' title='bbox 770 2786 1056 2872; x_wconf 89' lang='lat' dir='ltr'><strong>ipsorum</strong></span> <span class='ocrx_word' id='word_1_156' title='bbox 1107 2790 1558 2856; x_wconf 89' lang='lat' dir='ltr'><strong>ordinabilium</strong></span> <span class='ocrx_word' id='word_1_157' title='bbox 1609 2794 1777 2860; x_wconf 91' lang='lat' dir='ltr'><strong>inter</strong></span> 
     </span>
     <span class='ocr_line' id='line_1_24' title="bbox 237 2894 1776 2984; baseline 0.005 -27"><span class='ocrx_word' id='word_1_158' title='bbox 237 2911 340 2957; x_wconf 87' lang='lat' dir='ltr'><strong>se:</strong></span> <span class='ocrx_word' id='word_1_159' title='bbox 371 2898 435 2957; x_wconf 86' lang='lat' dir='ltr'><strong>et</strong></span> <span class='ocrx_word' id='word_1_160' title='bbox 458 2894 603 2958; x_wconf 78' lang='lat' dir='ltr'><strong>haec</strong></span> <span class='ocrx_word' id='word_1_161' title='bbox 637 2895 948 2977; x_wconf 86' lang='lat' dir='ltr'><strong>completa</strong></span> <span class='ocrx_word' id='word_1_162' title='bbox 996 2915 1129 2962; x_wconf 91' lang='lat' dir='ltr'><strong>non</strong></span> <span class='ocrx_word' id='word_1_163' title='bbox 1169 2902 1263 2961; x_wconf 89' lang='lat' dir='ltr'><strong>est</strong></span> <span class='ocrx_word' id='word_1_164' title='bbox 1307 2899 1475 2964; x_wconf 87' lang='lat' dir='ltr'><strong>inter</strong></span> <span class='ocrx_word' id='word_1_165' title='bbox 1512 2902 1776 2984; x_wconf 78' lang='lat' dir='ltr'><strong>angelos</strong></span> 
     </span>
     <span class='ocr_line' id='line_1_25' title="bbox 235 3002 1769 3089; baseline 0.007 -26"><span class='ocrx_word' id='word_1_166' title='bbox 235 3004 461 3066; x_wconf 86' lang='lat' dir='ltr'><strong>natura</strong></span> <span class='ocrx_word' id='word_1_167' title='bbox 516 3002 878 3066; x_wconf 84' lang='lat' dir='ltr'><strong>consimiles</strong></span> <span class='ocrx_word' id='word_1_168' title='bbox 924 3002 1048 3066; x_wconf 90' lang='lat' dir='ltr'><strong>nisi</strong></span> <span class='ocrx_word' id='word_1_169' title='bbox 1086 3023 1200 3086; x_wconf 91' lang='lat' dir='ltr'><strong>per</strong></span> <span class='ocrx_word' id='word_1_170' title='bbox 1251 3005 1419 3071; x_wconf 91' lang='lat' dir='ltr'><strong>dona</strong></span> <span class='ocrx_word' id='word_1_171' title='bbox 1456 3010 1769 3089; x_wconf 86' lang='lat' dir='ltr'><strong>gratuita,</strong></span> 
     </span>
     <span class='ocr_line' id='line_1_26' title="bbox 233 3111 1340 3195; baseline 0.005 -21"><span class='ocrx_word' id='word_1_172' title='bbox 233 3111 636 3194; x_wconf 83' lang='lat' dir='ltr'><strong>capacitatem</strong></span> <span class='ocrx_word' id='word_1_173' title='bbox 659 3116 909 3176; x_wconf 73' lang='lat' dir='ltr'><strong>naturae</strong></span> <span class='ocrx_word' id='word_1_174' title='bbox 938 3114 1340 3195; x_wconf 83' lang='lat' dir='ltr'><strong>complentia.</strong></span> 
     </span>
    </p>

    <p class='ocr_par' dir='ltr' id='par_1_5' title="bbox 219 3220 1773 4703">
     <span class='ocr_line' id='line_1_27' title="bbox 303 3220 1773 3308; baseline 0.007 -26"><span class='ocrx_word' id='word_1_175' title='bbox 303 3224 362 3283; x_wconf 73' lang='lat'><strong>4.</strong></span> <span class='ocrx_word' id='word_1_176' title='bbox 411 3220 510 3284; x_wconf 90' lang='lat' dir='ltr'><strong>Ad</strong></span> <span class='ocrx_word' id='word_1_177' title='bbox 558 3220 716 3283; x_wconf 93' lang='lat' dir='ltr'><strong>illud</strong></span> <span class='ocrx_word' id='word_1_178' title='bbox 757 3221 930 3303; x_wconf 85' lang='lat' dir='ltr'><strong>quod</strong></span> <span class='ocrx_word' id='word_1_179' title='bbox 973 3222 1298 3303; x_wconf 87' lang='lat' dir='ltr'><strong>objicitur,</strong></span> <span class='ocrx_word' id='word_1_180' title='bbox 1346 3225 1516 3307; x_wconf 84' lang='lat' dir='ltr'><strong>quod</strong></span> <span class='ocrx_word' id='word_1_181' title='bbox 1562 3229 1773 3308; x_wconf 89' lang='lat' dir='ltr'><strong>gratia</strong></span> 
     </span>
     <span class='ocr_line' id='line_1_28' title="bbox 229 3327 1772 3418; baseline 0.006 -28"><span class='ocrx_word' id='word_1_182' title='bbox 229 3327 366 3391; x_wconf 89' lang='lat' dir='ltr'><strong>unit</strong></span> <span class='ocrx_word' id='word_1_183' title='bbox 385 3376 403 3406; x_wconf 95' lang='lat'><strong>,</strong></span> <span class='ocrx_word' id='word_1_184' title='bbox 437 3346 599 3409; x_wconf 92' lang='lat' dir='ltr'><strong>ergo</strong></span> <span class='ocrx_word' id='word_1_185' title='bbox 627 3328 886 3392; x_wconf 88' lang='lat' dir='ltr'><strong>ordines</strong></span> <span class='ocrx_word' id='word_1_186' title='bbox 906 3347 1042 3393; x_wconf 91' lang='lat' dir='ltr'><strong>non</strong></span> <span class='ocrx_word' id='word_1_187' title='bbox 1069 3330 1440 3413; x_wconf 88' lang='lat' dir='ltr'><strong>distinguit,</strong></span> <span class='ocrx_word' id='word_1_188' title='bbox 1471 3333 1609 3399; x_wconf 88' lang='lat' dir='ltr'><strong>sive</strong></span> <span class='ocrx_word' id='word_1_189' title='bbox 1631 3355 1772 3418; x_wconf 91' lang='lat' dir='ltr'><strong>per-</strong></span> 
     </span>
     <span class='ocr_line' id='line_1_29' title="bbox 226 3433 1772 3524; baseline 0.008 -28"><span class='ocrx_word' id='word_1_190' title='bbox 226 3433 384 3514; x_wconf 82' lang='lat' dir='ltr'><strong>flcit3</strong></span> <span class='ocrx_word' id='word_1_191' title='bbox 442 3435 789 3500; x_wconf 90' lang='lat' dir='ltr'><strong>dicendum</strong></span> <span class='ocrx_word' id='word_1_192' title='bbox 844 3437 1019 3518; x_wconf 88' lang='lat' dir='ltr'><strong>quod</strong></span> <span class='ocrx_word' id='word_1_193' title='bbox 1067 3442 1163 3502; x_wconf 87' lang='lat' dir='ltr'><strong>est</strong></span> <span class='ocrx_word' id='word_1_194' title='bbox 1208 3439 1386 3522; x_wconf 90' lang='lat' dir='ltr'><strong>loqui</strong></span> <span class='ocrx_word' id='word_1_195' title='bbox 1429 3441 1508 3505; x_wconf 88' lang='lat' dir='ltr'><strong>de</strong></span> <span class='ocrx_word' id='word_1_196' title='bbox 1559 3444 1772 3524; x_wconf 87' lang='lat' dir='ltr'><strong>gratia</strong></span> 
     </span>
     <span class='ocr_line' id='line_1_30' title="bbox 227 3543 1764 3632; baseline 0.006 -27"><span class='ocrx_word' id='word_1_197' title='bbox 227 3545 538 3624; x_wconf 87' lang='lat' dir='ltr'><strong>quantum</strong></span> <span class='ocrx_word' id='word_1_198' title='bbox 560 3543 639 3607; x_wconf 92' lang='lat' dir='ltr'><strong>ad</strong></span> <span class='ocrx_word' id='word_1_199' title='bbox 664 3543 960 3609; x_wconf 90' lang='lat' dir='ltr'><strong>habitum</strong></span> <span class='ocrx_word' id='word_1_200' title='bbox 975 3594 993 3625; x_wconf 89' lang='lat'><strong>,</strong></span> <span class='ocrx_word' id='word_1_201' title='bbox 1016 3549 1078 3609; x_wconf 91' lang='lat' dir='ltr'><strong>et</strong></span> <span class='ocrx_word' id='word_1_202' title='bbox 1097 3549 1426 3629; x_wconf 87' lang='lat' dir='ltr'><strong>quantum</strong></span> <span class='ocrx_word' id='word_1_203' title='bbox 1436 3549 1514 3612; x_wconf 89' lang='lat' dir='ltr'><strong>ad</strong></span> <span class='ocrx_word' id='word_1_204' title='bbox 1543 3569 1764 3632; x_wconf 90' lang='lat' dir='ltr'><strong>usum,</strong></span> 
     </span>
     <span class='ocr_line' id='line_1_31' title="bbox 225 3652 1769 3738; baseline 0.008 -27"><span class='ocrx_word' id='word_1_205' title='bbox 225 3652 285 3711; x_wconf 87' lang='lat' dir='ltr'><strong>et</strong></span> <span class='ocrx_word' id='word_1_206' title='bbox 324 3654 640 3731; x_wconf 87' lang='lat' dir='ltr'><strong>quantum</strong></span> <span class='ocrx_word' id='word_1_207' title='bbox 681 3652 761 3716; x_wconf 89' lang='lat' dir='ltr'><strong>ad</strong></span> <span class='ocrx_word' id='word_1_208' title='bbox 799 3656 1057 3717; x_wconf 86' lang='lat' dir='ltr'><strong>statum.</strong></span> <span class='ocrx_word' id='word_1_209' title='bbox 1090 3652 1221 3717; x_wconf 88' lang='lat' dir='ltr'><strong>Etsi</strong></span> <span class='ocrx_word' id='word_1_210' title='bbox 1254 3656 1464 3736; x_wconf 86' lang='lat' dir='ltr'><strong>gratia</strong></span> <span class='ocrx_word' id='word_1_211' title='bbox 1507 3662 1769 3738; x_wconf 89' lang='lat' dir='ltr'><strong>gratum</strong></span> 
     </span>
     <span class='ocr_line' id='line_1_32' title="bbox 227 3755 1762 3843; baseline 0.007 -24"><span class='ocrx_word' id='word_1_212' title='bbox 227 3755 450 3821; x_wconf 78' lang='lat' dir='ltr'><strong>faciens</strong></span> <span class='ocrx_word' id='word_1_213' title='bbox 480 3758 663 3822; x_wconf 89' lang='lat' dir='ltr'><strong>uniat</strong></span> <span class='ocrx_word' id='word_1_214' title='bbox 705 3763 767 3822; x_wconf 88' lang='lat' dir='ltr'><strong>et</strong></span> <span class='ocrx_word' id='word_1_215' title='bbox 801 3761 1151 3823; x_wconf 80' lang='lat' dir='ltr'><strong>conformet</strong></span> <span class='ocrx_word' id='word_1_216' title='bbox 1183 3766 1498 3843; x_wconf 88' lang='lat' dir='ltr'><strong>quantum</strong></span> <span class='ocrx_word' id='word_1_217' title='bbox 1531 3765 1612 3829; x_wconf 90' lang='lat' dir='ltr'><strong>ad</strong></span> <span class='ocrx_word' id='word_1_218' title='bbox 1645 3764 1762 3830; x_wconf 91' lang='lat' dir='ltr'><strong>ha-</strong></span> 
     </span>
     <span class='ocr_line' id='line_1_33' title="bbox 223 3861 1766 3951; baseline 0.009 -26"><span class='ocrx_word' id='word_1_219' title='bbox 223 3861 422 3928; x_wconf 86' lang='lat' dir='ltr'><strong>bitum</strong></span> <span class='ocrx_word' id='word_1_220' title='bbox 443 3914 460 3945; x_wconf 91' lang='lat'><strong>,</strong></span> <span class='ocrx_word' id='word_1_221' title='bbox 493 3865 650 3948; x_wconf 84' lang='lat' dir='ltr'><strong>quia</strong></span> <span class='ocrx_word' id='word_1_222' title='bbox 675 3884 898 3930; x_wconf 90' lang='lat' dir='ltr'><strong>omnes</strong></span> <span class='ocrx_word' id='word_1_223' title='bbox 939 3867 1196 3932; x_wconf 87' lang='lat' dir='ltr'><strong>habitus</strong></span> <span class='ocrx_word' id='word_1_224' title='bbox 1222 3870 1489 3951; x_wconf 82' lang='lat' dir='ltr'><strong>gratuiti</strong></span> <span class='ocrx_word' id='word_1_225' title='bbox 1518 3877 1672 3938; x_wconf 91' lang='lat' dir='ltr'><strong>sunt</strong></span> <span class='ocrx_word' id='word_1_226' title='bbox 1699 3875 1766 3939; x_wconf 91' lang='lat' dir='ltr'><strong>in</strong></span> 
     </span>
     <span class='ocr_line' id='line_1_34' title="bbox 223 3971 1767 4061; baseline 0.008 -27"><span class='ocrx_word' id='word_1_227' title='bbox 223 3971 558 4050; x_wconf 88' lang='lat' dir='ltr'><strong>omnibus;</strong></span> <span class='ocrx_word' id='word_1_228' title='bbox 634 3974 970 4055; x_wconf 85' lang='lat' dir='ltr'><strong>distinguit</strong></span> <span class='ocrx_word' id='word_1_229' title='bbox 1026 3980 1243 4040; x_wconf 86' lang='lat' dir='ltr'><strong>tamen</strong></span> <span class='ocrx_word' id='word_1_230' title='bbox 1310 3982 1627 4061; x_wconf 84' lang='lat' dir='ltr'><strong>quantum</strong></span> <span class='ocrx_word' id='word_1_231' title='bbox 1686 3982 1767 4047; x_wconf 87' lang='lat' dir='ltr'><strong>ad</strong></span> 
     </span>
     <span class='ocr_line' id='line_1_35' title="bbox 223 4081 1765 4172; baseline 0.008 -31"><span class='ocrx_word' id='word_1_232' title='bbox 223 4096 442 4156; x_wconf 85' lang='lat' dir='ltr'><strong>usum,</strong></span> <span class='ocrx_word' id='word_1_233' title='bbox 486 4084 551 4144; x_wconf 91' lang='lat' dir='ltr'><strong>et</strong></span> <span class='ocrx_word' id='word_1_234' title='bbox 581 4081 832 4146; x_wconf 85' lang='lat' dir='ltr'><strong>ordinat</strong></span> <span class='ocrx_word' id='word_1_235' title='bbox 862 4088 1178 4165; x_wconf 86' lang='lat' dir='ltr'><strong>quantum</strong></span> <span class='ocrx_word' id='word_1_236' title='bbox 1208 4085 1284 4149; x_wconf 90' lang='lat' dir='ltr'><strong>ad</strong></span> <span class='ocrx_word' id='word_1_237' title='bbox 1315 4089 1551 4150; x_wconf 86' lang='lat' dir='ltr'><strong>statum</strong></span> <span class='ocrx_word' id='word_1_238' title='bbox 1588 4109 1604 4152; x_wconf 72' lang='grc' dir='ltr'>ι</span> <span class='ocrx_word' id='word_1_239' title='bbox 1646 4107 1765 4172; x_wconf 89' lang='lat' dir='ltr'><strong>pro</strong></span> 
     </span>
     <span class='ocr_line' id='line_1_36' title="bbox 219 4187 1766 4277; baseline 0.008 -29"><span class='ocrx_word' id='word_1_240' title='bbox 219 4201 295 4249; x_wconf 87' lang='lat' dir='ltr'><strong>eo</strong></span> <span class='ocrx_word' id='word_1_241' title='bbox 330 4187 503 4268; x_wconf 90' lang='lat' dir='ltr'><strong>quod</strong></span> <span class='ocrx_word' id='word_1_242' title='bbox 544 4206 705 4251; x_wconf 91' lang='lat' dir='ltr'><strong>usus</strong></span> <span class='ocrx_word' id='word_1_243' title='bbox 739 4188 1201 4255; x_wconf 82' lang='lat' dir='ltr'><strong>diversificatur</strong></span> <span class='ocrx_word' id='word_1_244' title='bbox 1241 4192 1309 4255; x_wconf 92' lang='lat' dir='ltr'><strong>in</strong></span> <span class='ocrx_word' id='word_1_245' title='bbox 1347 4192 1616 4259; x_wconf 89' lang='lat' dir='ltr'><strong>diversis</strong></span> <span class='ocrx_word' id='word_1_246' title='bbox 1638 4245 1656 4277; x_wconf 90' lang='lat'><strong>,</strong></span> <span class='ocrx_word' id='word_1_247' title='bbox 1702 4201 1766 4261; x_wconf 91' lang='lat' dir='ltr'><strong>et</strong></span> 
     </span>
     <span class='ocr_line' id='line_1_37' title="bbox 223 4293 1765 4376; baseline 0.008 -21"><span class='ocrx_word' id='word_1_248' title='bbox 223 4293 416 4357; x_wconf 81' lang='lat' dir='ltr'><strong>status</strong></span> <span class='ocrx_word' id='word_1_249' title='bbox 453 4293 651 4357; x_wconf 89' lang='lat' dir='ltr'><strong>unius</strong></span> <span class='ocrx_word' id='word_1_250' title='bbox 680 4294 753 4359; x_wconf 90' lang='lat' dir='ltr'><strong>in</strong></span> <span class='ocrx_word' id='word_1_251' title='bbox 795 4298 1008 4376; x_wconf 88' lang='lat' dir='ltr'><strong>gratia</strong></span> <span class='ocrx_word' id='word_1_252' title='bbox 1037 4302 1134 4362; x_wconf 87' lang='lat' dir='ltr'><strong>est</strong></span> <span class='ocrx_word' id='word_1_253' title='bbox 1159 4299 1568 4365; x_wconf 84' lang='lat' dir='ltr'><strong>excellentior</strong></span> <span class='ocrx_word' id='word_1_254' title='bbox 1594 4306 1765 4369; x_wconf 85' lang='lat' dir='ltr'><strong>statu</strong></span> 
     </span>
     <span class='ocr_line' id='line_1_38' title="bbox 223 4397 1765 4487; baseline 0.008 -26"><span class='ocrx_word' id='word_1_255' title='bbox 223 4397 479 4464; x_wconf 88' lang='lat' dir='ltr'><strong>alterius</strong></span> <span class='ocrx_word' id='word_1_256' title='bbox 505 4422 522 4464; x_wconf 70' lang='grc' dir='ltr'><em>ε</em></span> <span class='ocrx_word' id='word_1_257' title='bbox 558 4405 620 4465; x_wconf 91' lang='lat' dir='ltr'><strong>et</strong></span> <span class='ocrx_word' id='word_1_258' title='bbox 643 4401 765 4467; x_wconf 89' lang='lat' dir='ltr'><strong>hoc</strong></span> <span class='ocrx_word' id='word_1_259' title='bbox 790 4407 886 4467; x_wconf 89' lang='lat' dir='ltr'><strong>est</strong></span> <span class='ocrx_word' id='word_1_260' title='bbox 911 4405 1078 4487; x_wconf 91' lang='lat' dir='ltr'><strong>quod</strong></span> <span class='ocrx_word' id='word_1_261' title='bbox 1112 4405 1261 4469; x_wconf 86' lang='lat' dir='ltr'><strong>facit</strong></span> <span class='ocrx_word' id='word_1_262' title='bbox 1285 4407 1354 4470; x_wconf 92' lang='lat' dir='ltr'><strong>in</strong></span> <span class='ocrx_word' id='word_1_263' title='bbox 1377 4404 1765 4473; x_wconf 82' lang='lat' dir='ltr'><strong>habentibus</strong></span> 
     </span>
     <span class='ocr_line' id='line_1_39' title="bbox 224 4506 1765 4596; baseline 0.007 -27"><span class='ocrx_word' id='word_1_264' title='bbox 224 4506 621 4572; x_wconf 88' lang='lat' dir='ltr'><strong>consimilem</strong></span> <span class='ocrx_word' id='word_1_265' title='bbox 641 4510 917 4591; x_wconf 87' lang='lat' dir='ltr'><strong>gratiam</strong></span> <span class='ocrx_word' id='word_1_266' title='bbox 944 4512 1234 4577; x_wconf 87' lang='lat' dir='ltr'><strong>ordinem</strong></span> <span class='ocrx_word' id='word_1_267' title='bbox 1259 4517 1320 4577; x_wconf 89' lang='lat' dir='ltr'><strong>et</strong></span> <span class='ocrx_word' id='word_1_268' title='bbox 1349 4513 1627 4596; x_wconf 88' lang='lat' dir='ltr'><strong>gradum</strong></span> <span class='ocrx_word' id='word_1_269' title='bbox 1653 4538 1667 4579; x_wconf 71' lang='grc' dir='ltr'><strong>ι</strong></span> <span class='ocrx_word' id='word_1_270' title='bbox 1702 4519 1765 4580; x_wconf 90' lang='lat' dir='ltr'><strong>et</strong></span> 
     </span>
     <span class='ocr_line' id='line_1_40' title="bbox 223 4609 1759 4703; baseline 0.007 -26"><span class='ocrx_word' id='word_1_271' title='bbox 223 4609 341 4677; x_wconf 90' lang='lat' dir='ltr'><strong>hoc</strong></span> <span class='ocrx_word' id='word_1_272' title='bbox 367 4615 560 4681; x_wconf 91' lang='lat' dir='ltr'><strong>modo</strong></span> <span class='ocrx_word' id='word_1_273' title='bbox 586 4634 721 4681; x_wconf 88' lang='lat' dir='ltr'><strong>esse</strong></span> <span class='ocrx_word' id='word_1_274' title='bbox 744 4616 815 4680; x_wconf 91' lang='lat' dir='ltr'><strong>in</strong></span> <span class='ocrx_word' id='word_1_275' title='bbox 840 4618 1089 4699; x_wconf 85' lang='lat' dir='ltr'><strong>angelis</strong></span> <span class='ocrx_word' id='word_1_276' title='bbox 1126 4619 1614 4703; x_wconf 89' lang='lat' dir='ltr'><strong>intelligendum</strong></span> <span class='ocrx_word' id='word_1_277' title='bbox 1644 4625 1759 4686; x_wconf 89' lang='lat' dir='ltr'><strong>est.</strong></span> 
     </span>
    </p>
   </div>
   <div class='ocr_carea' id='block_1_3' title="bbox 714 4857 1228 4956">
    <p class='ocr_par' dir='ltr' id='par_1_6' title="bbox 714 4857 1228 4956">
     <span class='ocr_line' id='line_1_41' title="bbox 714 4857 1228 4956; baseline 0.002 -32"><span class='ocrx_word' id='word_1_278' title='bbox 714 4857 1075 4956; x_wconf 73' lang='lat' dir='ltr'><strong>QUAEs‘no</strong></span> <span class='ocrx_word' id='word_1_279' title='bbox 1119 4858 1228 4925; x_wconf 90' lang='lat'><strong>111.</strong></span> 
     </span>
    </p>
   </div>
   <div class='ocr_carea' id='block_1_4' title="bbox 224 5010 1758 5175">
    <p class='ocr_par' dir='ltr' id='par_1_7' title="bbox 224 5010 1758 5175">
     <span class='ocr_line' id='line_1_42' title="bbox 224 5010 1758 5090; baseline 0.005 -23"><span class='ocrx_word' id='word_1_280' title='bbox 224 5011 315 5067; x_wconf 79' lang='lat' dir='ltr'><strong>An</strong></span> <span class='ocrx_word' id='word_1_281' title='bbox 357 5010 642 5069; x_wconf 78' lang='lat' dir='ltr'><strong>secundum</strong></span> <span class='ocrx_word' id='word_1_282' title='bbox 686 5011 944 5083; x_wconf 70' lang='lat' dir='ltr'><strong>maiorem</strong></span> <span class='ocrx_word' id='word_1_283' title='bbox 985 5016 1341 5086; x_wconf 77' lang='lat' dir='ltr'><strong>capacitatem</strong></span> <span class='ocrx_word' id='word_1_284' title='bbox 1382 5017 1758 5090; x_wconf 75' lang='lat' dir='ltr'><strong>naturalium,</strong></span> 
     </span>
     <span class='ocr_line' id='line_1_43' title="bbox 418 5100 1561 5175; baseline 0.004 -18"><span class='ocrx_word' id='word_1_285' title='bbox 418 5100 613 5158; x_wconf 78' lang='lat' dir='ltr'><strong>dentur</strong></span> <span class='ocrx_word' id='word_1_286' title='bbox 641 5117 676 5157; x_wconf 89' lang='lat' dir='ltr'><strong>a</strong></span> <span class='ocrx_word' id='word_1_287' title='bbox 704 5104 810 5159; x_wconf 88' lang='lat' dir='ltr'><strong>Deo</strong></span> <span class='ocrx_word' id='word_1_288' title='bbox 836 5101 1050 5174; x_wconf 77' lang='lat' dir='ltr'><strong>majora</strong></span> <span class='ocrx_word' id='word_1_289' title='bbox 1077 5102 1221 5160; x_wconf 80' lang='lat' dir='ltr'><strong>dona</strong></span> <span class='ocrx_word' id='word_1_290' title='bbox 1243 5109 1498 5175; x_wconf 79' lang='lat' dir='ltr'><strong>qratuita</strong></span> <span class='ocrx_word' id='word_1_291' title='bbox 1517 5105 1561 5162; x_wconf 84' lang='lat'><strong>¹.</strong></span> 
     </span>
    </p>
   </div>
   <div class='ocr_carea' id='block_1_5' title="bbox 35 5247 1759 5350">
    <p class='ocr_par' dir='ltr' id='par_1_8' title="bbox 35 5247 1759 5350">
     <span class='ocr_line' id='line_1_44' title="bbox 35 5247 1759 5350; baseline 0.004 -25"><span class='ocrx_word' id='word_1_292' title='bbox 35 5247 199 5312; x_wconf 53' lang='grc' dir='ltr'><strong>ΗΜ·</strong></span> <span class='ocrx_word' id='word_1_293' title='bbox 300 5258 388 5326; x_wconf 86' lang='lat' dir='ltr'><strong>De</strong></span> <span class='ocrx_word' id='word_1_294' title='bbox 415 5260 569 5344; x_wconf 91' lang='lat' dir='ltr'><strong>ipsis</strong></span> <span class='ocrx_word' id='word_1_295' title='bbox 593 5262 925 5327; x_wconf 89' lang='lat' dir='ltr'><strong>ordinibus</strong></span> <span class='ocrx_word' id='word_1_296' title='bbox 949 5269 1268 5348; x_wconf 83' lang='lat' dir='ltr'><strong>quantum</strong></span> <span class='ocrx_word' id='word_1_297' title='bbox 1301 5265 1382 5330; x_wconf 89' lang='lat' dir='ltr'><strong>ad</strong></span> <span class='ocrx_word' id='word_1_298' title='bbox 1407 5265 1759 5350; x_wconf 86' lang='lat' dir='ltr'><strong>dispositio-</strong></span> 
     </span>
    </p>
   </div>
   <div class='ocr_carea' id='block_1_6' title="bbox 223 5368 1753 5452">
    <p class='ocr_par' dir='ltr' id='par_1_9' title="bbox 223 5368 1753 5452">
     <span class='ocr_line' id='line_1_45' title="bbox 223 5368 1753 5452; baseline 0.005 -21"><span class='ocrx_word' id='word_1_299' title='bbox 223 5384 372 5432; x_wconf 88' lang='lat' dir='ltr'><strong>nem</strong></span> <span class='ocrx_word' id='word_1_300' title='bbox 407 5368 899 5452; x_wconf 82' lang='lat' dir='ltr'><strong>praeambulam3</strong></span> <span class='ocrx_word' id='word_1_301' title='bbox 925 5374 990 5435; x_wconf 89' lang='lat' dir='ltr'><strong>et</strong></span> <span class='ocrx_word' id='word_1_302' title='bbox 1022 5390 1170 5436; x_wconf 89' lang='lat' dir='ltr'><strong>cum</strong></span> <span class='ocrx_word' id='word_1_303' title='bbox 1202 5371 1342 5437; x_wconf 84' lang='lat' dir='ltr'><strong>haec</strong></span> <span class='ocrx_word' id='word_1_304' title='bbox 1387 5372 1468 5437; x_wconf 90' lang='lat' dir='ltr'><strong>sit</strong></span> <span class='ocrx_word' id='word_1_305' title='bbox 1494 5376 1753 5438; x_wconf 88' lang='lat' dir='ltr'><strong>natura-</strong></span> 
     </span>
    </p>
   </div>
   <div class='ocr_carea' id='block_1_7' title="bbox 3326 401 3445 461">
    <p class='ocr_par' dir='ltr' id='par_1_10' title="bbox 3326 401 3445 461">
     <span class='ocr_line' id='line_1_46' title="bbox 3326 401 3445 461; baseline 0 0"><span class='ocrx_word' id='word_1_306' title='bbox 3326 401 3445 461; x_wconf 76' lang='lat'><strong>469</strong></span> 
     </span>
    </p>
   </div>
   <div class='ocr_carea' id='block_1_8' title="bbox 1871 531 3519 5239">
    <p class='ocr_par' dir='ltr' id='par_1_11' title="bbox 1890 531 3519 1584">
     <span class='ocr_line' id='line_1_47' title="bbox 1899 531 3445 618; baseline -0.001 -21"><span class='ocrx_word' id='word_1_307' title='bbox 1899 532 2067 597; x_wconf 90' lang='lat' dir='ltr'><strong>lium</strong></span> <span class='ocrx_word' id='word_1_308' title='bbox 2115 533 2426 617; x_wconf 81' lang='lat' dir='ltr'><strong>capacitas</strong></span> <span class='ocrx_word' id='word_1_309' title='bbox 2452 537 2516 599; x_wconf 89' lang='lat' dir='ltr'><strong>et</strong></span> <span class='ocrx_word' id='word_1_310' title='bbox 2554 531 2981 618; x_wconf 67' lang='lat' dir='ltr'><strong>praecellentia</strong></span> <span class='ocrx_word' id='word_1_311' title='bbox 2994 580 3014 613; x_wconf 90' lang='lat'><strong>,</strong></span> <span class='ocrx_word' id='word_1_312' title='bbox 3052 534 3148 597; x_wconf 82' lang='lat' dir='ltr'><strong>est</strong></span> <span class='ocrx_word' id='word_1_313' title='bbox 3175 531 3445 615; x_wconf 80' lang='lat' dir='ltr'><strong>quaestio</strong></span> 
     </span>
     <span class='ocr_line' id='line_1_48' title="bbox 1899 640 3442 724; baseline -0.001 -19"><span class='ocrx_word' id='word_1_314' title='bbox 1899 643 2126 705; x_wconf 90' lang='lat' dir='ltr'><strong>utrum</strong></span> <span class='ocrx_word' id='word_1_315' title='bbox 2153 643 2509 707; x_wconf 90' lang='lat' dir='ltr'><strong>secundum</strong></span> <span class='ocrx_word' id='word_1_316' title='bbox 2536 644 2848 724; x_wconf 89' lang='lat' dir='ltr'><strong>majorem</strong></span> <span class='ocrx_word' id='word_1_317' title='bbox 2874 640 3284 724; x_wconf 82' lang='lat' dir='ltr'><strong>capacitatem</strong></span> <span class='ocrx_word' id='word_1_318' title='bbox 3323 658 3442 704; x_wconf 89' lang='lat' dir='ltr'><strong>na-</strong></span> 
     </span>
     <span class='ocr_line' id='line_1_49' title="bbox 1899 746 3439 830; baseline -0.001 -19"><span class='ocrx_word' id='word_1_319' title='bbox 1899 748 2205 812; x_wconf 88' lang='lat' dir='ltr'><strong>turalium</strong></span> <span class='ocrx_word' id='word_1_320' title='bbox 2228 749 2459 814; x_wconf 90' lang='lat' dir='ltr'><strong>dentur</strong></span> <span class='ocrx_word' id='word_1_321' title='bbox 2482 767 2523 813; x_wconf 88' lang='lat' dir='ltr'><strong>a</strong></span> <span class='ocrx_word' id='word_1_322' title='bbox 2545 748 2670 813; x_wconf 91' lang='lat' dir='ltr'><strong>Deo</strong></span> <span class='ocrx_word' id='word_1_323' title='bbox 2691 750 2936 830; x_wconf 80' lang='lat' dir='ltr'><strong>majora</strong></span> <span class='ocrx_word' id='word_1_324' title='bbox 2951 748 3116 813; x_wconf 86' lang='lat' dir='ltr'><strong>dona</strong></span> <span class='ocrx_word' id='word_1_325' title='bbox 3133 746 3439 830; x_wconf 84' lang='lat' dir='ltr'><strong>gratuita.</strong></span> 
     </span>
     <span class='ocr_line' id='line_1_50' title="bbox 1897 857 3442 942; baseline -0.001 -19"><span class='ocrx_word' id='word_1_326' title='bbox 1897 857 1977 923; x_wconf 90' lang='lat' dir='ltr'><strong>Et</strong></span> <span class='ocrx_word' id='word_1_327' title='bbox 1993 860 2165 941; x_wconf 89' lang='lat' dir='ltr'><strong>quod</strong></span> <span class='ocrx_word' id='word_1_328' title='bbox 2185 860 2275 923; x_wconf 89' lang='lat' dir='ltr'><strong>sic</strong></span> <span class='ocrx_word' id='word_1_329' title='bbox 2293 907 2312 941; x_wconf 96' lang='lat'><strong>,</strong></span> <span class='ocrx_word' id='word_1_330' title='bbox 2333 859 2591 923; x_wconf 87' lang='lat' dir='ltr'><strong>videtur</strong></span> <span class='ocrx_word' id='word_1_331' title='bbox 2610 877 2722 940; x_wconf 90' lang='lat' dir='ltr'><strong>per</strong></span> <span class='ocrx_word' id='word_1_332' title='bbox 2739 857 2898 923; x_wconf 88' lang='lat' dir='ltr'><strong>illud</strong></span> <span class='ocrx_word' id='word_1_333' title='bbox 2920 858 3094 942; x_wconf 83' lang='lat' dir='ltr'><strong>quod</strong></span> <span class='ocrx_word' id='word_1_334' title='bbox 3121 858 3351 922; x_wconf 85' lang='lat' dir='ltr'><strong>dicitur</strong></span> <span class='ocrx_word' id='word_1_335' title='bbox 3370 858 3442 922; x_wconf 92' lang='lat' dir='ltr'><strong>in</strong></span> 
     </span>
     <span class='ocr_line' id='line_1_51' title="bbox 1898 961 3441 1044; baseline 0.003 -21"><span class='ocrx_word' id='word_1_336' title='bbox 1898 961 2197 1029; x_wconf 78' lang='lat' dir='ltr'><strong>Matlhoeo</strong></span> <span class='ocrx_word' id='word_1_337' title='bbox 2223 967 2247 1001; x_wconf 78' lang='lat'>²</span> <span class='ocrx_word' id='word_1_338' title='bbox 2276 984 2301 1028; x_wconf 92' lang='lat'><strong>.·</strong></span> <span class='ocrx_word' id='word_1_339' title='bbox 2335 962 2529 1029; x_wconf 78' lang='lat' dir='ltr'><strong>Dedit</strong></span> <span class='ocrx_word' id='word_1_340' title='bbox 2552 962 2902 1043; x_wconf 78' lang='lat' dir='ltr'><strong>unicuique</strong></span> <span class='ocrx_word' id='word_1_341' title='bbox 2929 961 3282 1028; x_wconf 75' lang='lat' dir='ltr'><strong>secundum</strong></span> <span class='ocrx_word' id='word_1_342' title='bbox 3294 976 3441 1044; x_wconf 81' lang='lat' dir='ltr'><strong>pro·</strong></span> 
     </span>
     <span class='ocr_line' id='line_1_52' title="bbox 1890 1068 3440 1151; baseline -0.001 -16"><span class='ocrx_word' id='word_1_343' title='bbox 1890 1071 2112 1151; x_wconf 75' lang='lat' dir='ltr'><strong>priam</strong></span> <span class='ocrx_word' id='word_1_344' title='bbox 2138 1071 2444 1136; x_wconf 79' lang='lat' dir='ltr'><strong>virtutem</strong></span> <span class='ocrx_word' id='word_1_345' title='bbox 2469 1089 2492 1130; x_wconf 91' lang='lat'><strong>.·</strong></span> <span class='ocrx_word' id='word_1_346' title='bbox 2519 1072 2811 1133; x_wconf 88' lang='lat' dir='ltr'><strong>constans</strong></span> <span class='ocrx_word' id='word_1_347' title='bbox 2837 1072 2932 1132; x_wconf 90' lang='lat' dir='ltr'><strong>est</strong></span> <span class='ocrx_word' id='word_1_348' title='bbox 2948 1069 3120 1151; x_wconf 84' lang='lat' dir='ltr'><strong>quod</strong></span> <span class='ocrx_word' id='word_1_349' title='bbox 3151 1068 3440 1151; x_wconf 87' lang='lat' dir='ltr'><strong>loquitur</strong></span> 
     </span>
     <span class='ocr_line' id='line_1_53' title="bbox 1894 1178 3434 1261; baseline 0.001 -21"><span class='ocrx_word' id='word_1_350' title='bbox 1894 1178 2089 1243; x_wconf 91' lang='lat' dir='ltr'><strong>ibide</strong></span> <span class='ocrx_word' id='word_1_351' title='bbox 2118 1179 2286 1243; x_wconf 93' lang='lat' dir='ltr'><strong>dono</strong></span> <span class='ocrx_word' id='word_1_352' title='bbox 2312 1226 2331 1257; x_wconf 88' lang='lat'><strong>,</strong></span> <span class='ocrx_word' id='word_1_353' title='bbox 2359 1179 2495 1244; x_wconf 88' lang='lat' dir='ltr'><strong>sive</strong></span> <span class='ocrx_word' id='word_1_354' title='bbox 2528 1179 2674 1243; x_wconf 86' lang='lat' dir='ltr'><strong>dato</strong></span> <span class='ocrx_word' id='word_1_355' title='bbox 2705 1179 3110 1261; x_wconf 88' lang='lat' dir='ltr'><strong>superaddito</strong></span> <span class='ocrx_word' id='word_1_356' title='bbox 3135 1181 3385 1243; x_wconf 83' lang='lat' dir='ltr'><strong>naturae</strong></span> <span class='ocrx_word' id='word_1_357' title='bbox 3418 1201 3434 1242; x_wconf 74' lang='grc' dir='ltr'>ε</span> 
     </span>
     <span class='ocr_line' id='line_1_54' title="bbox 1894 1286 3519 1368; baseline 0.001 -19"><span class='ocrx_word' id='word_1_358' title='bbox 1894 1303 2053 1368; x_wconf 89' lang='lat' dir='ltr'><strong>ergo</strong></span> <span class='ocrx_word' id='word_1_359' title='bbox 2100 1286 2155 1349; x_wconf 90' lang='lat' dir='ltr'><strong>si</strong></span> <span class='ocrx_word' id='word_1_360' title='bbox 2195 1287 2546 1352; x_wconf 88' lang='lat' dir='ltr'><strong>secundum</strong></span> <span class='ocrx_word' id='word_1_361' title='bbox 2583 1286 2891 1351; x_wconf 84' lang='lat' dir='ltr'><strong>virtutem</strong></span> <span class='ocrx_word' id='word_1_362' title='bbox 2941 1291 3191 1352; x_wconf 67' lang='lat' dir='ltr'><strong>naturae</strong></span> <span class='ocrx_word' id='word_1_363' title='bbox 3236 1287 3435 1367; x_wconf 88' lang='lat' dir='ltr'><strong>dedit,</strong></span> <span class='ocrx_word' id='word_1_364' title='bbox 3512 1354 3519 1363; x_wconf 68' lang='grc'><em>,</em></span> 
     </span>
     <span class='ocr_line' id='line_1_55' title="bbox 1893 1393 3431 1477; baseline 0.001 -19"><span class='ocrx_word' id='word_1_365' title='bbox 1893 1393 2151 1458; x_wconf 84' lang='lat' dir='ltr'><strong>videtur</strong></span> <span class='ocrx_word' id='word_1_366' title='bbox 2181 1393 2353 1477; x_wconf 85' lang='lat' dir='ltr'><strong>quod</strong></span> <span class='ocrx_word' id='word_1_367' title='bbox 2370 1443 2388 1475; x_wconf 90' lang='lat'><strong>,</strong></span> <span class='ocrx_word' id='word_1_368' title='bbox 2429 1393 2783 1459; x_wconf 88' lang='lat' dir='ltr'><strong>secundum</strong></span> <span class='ocrx_word' id='word_1_369' title='bbox 2808 1393 3074 1459; x_wconf 85' lang='lat' dir='ltr'><strong>meliora</strong></span> <span class='ocrx_word' id='word_1_370' title='bbox 3094 1393 3431 1474; x_wconf 86' lang='lat' dir='ltr'><strong>naturalia,</strong></span> 
     </span>
     <span class='ocr_line' id='line_1_56' title="bbox 1891 1499 2915 1584; baseline 0.001 -21"><span class='ocrx_word' id='word_1_371' title='bbox 1891 1499 2022 1564; x_wconf 87' lang='lat' dir='ltr'><strong>sint</strong></span> <span class='ocrx_word' id='word_1_372' title='bbox 2050 1503 2113 1564; x_wconf 91' lang='lat' dir='ltr'><strong>et</strong></span> <span class='ocrx_word' id='word_1_373' title='bbox 2140 1502 2387 1584; x_wconf 89' lang='lat' dir='ltr'><strong>majora</strong></span> <span class='ocrx_word' id='word_1_374' title='bbox 2416 1501 2584 1565; x_wconf 90' lang='lat' dir='ltr'><strong>dona</strong></span> <span class='ocrx_word' id='word_1_375' title='bbox 2612 1501 2915 1582; x_wconf 88' lang='lat' dir='ltr'><strong>gratuita.</strong></span> 
     </span>
    </p>

    <p class='ocr_par' dir='ltr' id='par_1_12' title="bbox 1889 1605 3437 2229">
     <span class='ocr_line' id='line_1_57' title="bbox 1973 1605 3432 1691; baseline 0.003 -21"><span class='ocrx_word' id='word_1_376' title='bbox 1973 1611 2034 1671; x_wconf 75' lang='lat'><strong>2.</strong></span> <span class='ocrx_word' id='word_1_377' title='bbox 2080 1605 2240 1671; x_wconf 87' lang='lat' dir='ltr'><strong>Item</strong></span> <span class='ocrx_word' id='word_1_378' title='bbox 2278 1606 2599 1689; x_wconf 81' lang='lat' dir='ltr'><strong>Magister,</strong></span> <span class='ocrx_word' id='word_1_379' title='bbox 2632 1626 2849 1691; x_wconf 88' lang='lat' dir='ltr'><strong>supra,</strong></span> <span class='ocrx_word' id='word_1_380' title='bbox 2876 1607 3282 1673; x_wconf 88' lang='lat' dir='ltr'><strong>distinctione</strong></span> <span class='ocrx_word' id='word_1_381' title='bbox 3311 1627 3383 1673; x_wconf 90' lang='lat' dir='ltr'><strong>m</strong></span> <span class='ocrx_word' id='word_1_382' title='bbox 3415 1632 3432 1674; x_wconf 75' lang='grc' dir='ltr'><strong><em>ε</em></strong></span> 
     </span>
     <span class='ocr_line' id='line_1_58' title="bbox 1898 1712 3437 1798; baseline 0.003 -20"><span class='ocrx_word' id='word_1_383' title='bbox 1898 1738 1930 1777; x_wconf 78' lang='lat' dir='ltr'><strong>a</strong></span> <span class='ocrx_word' id='word_1_384' title='bbox 1965 1712 2102 1792; x_wconf 76' lang='lat' dir='ltr'><strong>Qui</strong></span> <span class='ocrx_word' id='word_1_385' title='bbox 2148 1718 2382 1778; x_wconf 89' lang='lat' dir='ltr'><strong>natura</strong></span> <span class='ocrx_word' id='word_1_386' title='bbox 2428 1714 2639 1796; x_wconf 89' lang='lat' dir='ltr'><strong>magis</strong></span> <span class='ocrx_word' id='word_1_387' title='bbox 2683 1715 2945 1779; x_wconf 87' lang='lat' dir='ltr'><strong>subtiles</strong></span> <span class='ocrx_word' id='word_1_388' title='bbox 2963 1764 2980 1796; x_wconf 98' lang='lat'><strong>,</strong></span> <span class='ocrx_word' id='word_1_389' title='bbox 3031 1718 3095 1780; x_wconf 93' lang='lat' dir='ltr'><strong>et</strong></span> <span class='ocrx_word' id='word_1_390' title='bbox 3131 1715 3437 1798; x_wconf 86' lang='lat' dir='ltr'><strong>sapientia</strong></span> 
     </span>
     <span class='ocr_line' id='line_1_59' title="bbox 1890 1822 3437 1906; baseline 0.003 -21"><span class='ocrx_word' id='word_1_391' title='bbox 1890 1823 2038 1906; x_wconf 87' lang='lat' dir='ltr'><strong>plus</strong></span> <span class='ocrx_word' id='word_1_392' title='bbox 2078 1822 2467 1905; x_wconf 88' lang='lat' dir='ltr'><strong>perspicaces</strong></span> <span class='ocrx_word' id='word_1_393' title='bbox 2508 1823 2700 1886; x_wconf 87' lang='lat' dir='ltr'><strong>creati</strong></span> <span class='ocrx_word' id='word_1_394' title='bbox 2746 1827 2931 1901; x_wconf 86' lang='lat' dir='ltr'><strong>sunt,</strong></span> <span class='ocrx_word' id='word_1_395' title='bbox 2982 1823 3051 1888; x_wconf 90' lang='lat' dir='ltr'><strong>bi</strong></span> <span class='ocrx_word' id='word_1_396' title='bbox 3086 1824 3437 1906; x_wconf 87' lang='lat' dir='ltr'><strong>majoribus</strong></span> 
     </span>
     <span class='ocr_line' id='line_1_60' title="bbox 1890 1929 3436 2014; baseline 0.001 -22"><span class='ocrx_word' id='word_1_397' title='bbox 1890 1930 2118 2012; x_wconf 83' lang='lat' dir='ltr'><strong>gratiae</strong></span> <span class='ocrx_word' id='word_1_398' title='bbox 2148 1929 2523 1993; x_wconf 89' lang='lat' dir='ltr'><strong>muneribus</strong></span> <span class='ocrx_word' id='word_1_399' title='bbox 2548 1929 2795 2011; x_wconf 74' lang='lat' dir='ltr'><strong>praediti</strong></span> <span class='ocrx_word' id='word_1_400' title='bbox 2821 1932 3009 1994; x_wconf 85' lang='lat' dir='ltr'><strong>sunt:</strong></span> <span class='ocrx_word' id='word_1_401' title='bbox 3036 1951 3067 1988; x_wconf 69' lang='lat' dir='ltr'><strong>n</strong></span> <span class='ocrx_word' id='word_1_402' title='bbox 3098 1933 3162 1993; x_wconf 91' lang='lat' dir='ltr'><strong>et</strong></span> <span class='ocrx_word' id='word_1_403' title='bbox 3187 1930 3309 1994; x_wconf 90' lang='lat' dir='ltr'><strong>hoc</strong></span> <span class='ocrx_word' id='word_1_404' title='bbox 3340 1931 3436 2014; x_wconf 91' lang='lat' dir='ltr'><strong>ip-</strong></span> 
     </span>
     <span class='ocr_line' id='line_1_61' title="bbox 1889 2036 3436 2122; baseline 0.001 -20"><span class='ocrx_word' id='word_1_405' title='bbox 1889 2057 2038 2102; x_wconf 89' lang='lat' dir='ltr'><strong>sum</strong></span> <span class='ocrx_word' id='word_1_406' title='bbox 2056 2037 2207 2103; x_wconf 87' lang='lat' dir='ltr'><strong>dicit</strong></span> <span class='ocrx_word' id='word_1_407' title='bbox 2230 2037 2300 2101; x_wconf 91' lang='lat' dir='ltr'><strong>in</strong></span> <span class='ocrx_word' id='word_1_408' title='bbox 2333 2037 2516 2102; x_wconf 89' lang='lat' dir='ltr'><strong>litera</strong></span> <span class='ocrx_word' id='word_1_409' title='bbox 2543 2055 2560 2100; x_wconf 74' lang='grc' dir='ltr'><strong><em>ε</em></strong></span> <span class='ocrx_word' id='word_1_410' title='bbox 2579 2055 2737 2118; x_wconf 88' lang='lat' dir='ltr'><strong>ergo</strong></span> <span class='ocrx_word' id='word_1_411' title='bbox 2756 2037 3009 2103; x_wconf 84' lang='lat' dir='ltr'><strong>videtur</strong></span> <span class='ocrx_word' id='word_1_412' title='bbox 3027 2036 3199 2120; x_wconf 88' lang='lat' dir='ltr'><strong>quod</strong></span> <span class='ocrx_word' id='word_1_413' title='bbox 3226 2041 3436 2122; x_wconf 89' lang='lat' dir='ltr'><strong>major</strong></span> 
     </span>
     <span class='ocr_line' id='line_1_62' title="bbox 1889 2144 3348 2229; baseline 0.001 -19"><span class='ocrx_word' id='word_1_414' title='bbox 1889 2146 2100 2229; x_wconf 87' lang='lat' dir='ltr'><strong>gratia</strong></span> <span class='ocrx_word' id='word_1_415' title='bbox 2129 2145 2317 2210; x_wconf 86' lang='lat' dir='ltr'><strong>detur</strong></span> <span class='ocrx_word' id='word_1_416' title='bbox 2347 2145 2702 2210; x_wconf 88' lang='lat' dir='ltr'><strong>secundum</strong></span> <span class='ocrx_word' id='word_1_417' title='bbox 2734 2147 2981 2227; x_wconf 86' lang='lat' dir='ltr'><strong>majora</strong></span> <span class='ocrx_word' id='word_1_418' title='bbox 3010 2144 3348 2211; x_wconf 88' lang='lat' dir='ltr'><strong>naturalia.</strong></span> 
     </span>
    </p>

    <p class='ocr_par' dir='ltr' id='par_1_13' title="bbox 1884 2251 3432 2978">
     <span class='ocr_line' id='line_1_63' title="bbox 1970 2251 3431 2319; baseline 0.001 -2"><span class='ocrx_word' id='word_1_419' title='bbox 1970 2258 2030 2317; x_wconf 88' lang='lat'><strong>3.</strong></span> <span class='ocrx_word' id='word_1_420' title='bbox 2068 2252 2228 2317; x_wconf 90' lang='lat' dir='ltr'><strong>Item</strong></span> <span class='ocrx_word' id='word_1_421' title='bbox 2254 2252 2333 2316; x_wconf 90' lang='lat' dir='ltr'><strong>ad</strong></span> <span class='ocrx_word' id='word_1_422' title='bbox 2360 2251 2484 2316; x_wconf 92' lang='lat' dir='ltr'><strong>hoc</strong></span> <span class='ocrx_word' id='word_1_423' title='bbox 2512 2252 2767 2317; x_wconf 88' lang='lat' dir='ltr'><strong>videtur</strong></span> <span class='ocrx_word' id='word_1_424' title='bbox 2793 2270 2927 2316; x_wconf 88' lang='lat' dir='ltr'><strong>esse</strong></span> <span class='ocrx_word' id='word_1_425' title='bbox 2957 2253 3119 2316; x_wconf 89' lang='lat' dir='ltr'><strong>ratio</strong></span> <span class='ocrx_word' id='word_1_426' title='bbox 3147 2254 3431 2319; x_wconf 83' lang='lat' dir='ltr'><strong>materiae</strong></span> 
     </span>
     <span class='ocr_line' id='line_1_64' title="bbox 1889 2357 3432 2443; baseline 0 -19"><span class='ocrx_word' id='word_1_427' title='bbox 1889 2359 2214 2443; x_wconf 71' lang='lat' dir='ltr'><strong>dispositae</strong></span> <span class='ocrx_word' id='word_1_428' title='bbox 2237 2359 2317 2423; x_wconf 85' lang='lat' dir='ltr'><strong>ad</strong></span> <span class='ocrx_word' id='word_1_429' title='bbox 2346 2360 2641 2424; x_wconf 82' lang='lat' dir='ltr'><strong>formam.</strong></span> <span class='ocrx_word' id='word_1_430' title='bbox 2673 2357 3044 2423; x_wconf 90' lang='lat' dir='ltr'><strong>Secundum</strong></span> <span class='ocrx_word' id='word_1_431' title='bbox 3069 2359 3241 2423; x_wconf 91' lang='lat' dir='ltr'><strong>enim</strong></span> <span class='ocrx_word' id='word_1_432' title='bbox 3259 2360 3432 2442; x_wconf 84' lang='lat' dir='ltr'><strong>quod</strong></span> 
     </span>
     <span class='ocr_line' id='line_1_65' title="bbox 1889 2465 3432 2549; baseline -0.001 -17"><span class='ocrx_word' id='word_1_433' title='bbox 1889 2467 2152 2549; x_wconf 90' lang='lat' dir='ltr'><strong>dignius</strong></span> <span class='ocrx_word' id='word_1_434' title='bbox 2178 2470 2242 2531; x_wconf 87' lang='lat' dir='ltr'><strong>et</strong></span> <span class='ocrx_word' id='word_1_435' title='bbox 2269 2466 2496 2531; x_wconf 88' lang='lat' dir='ltr'><strong>melius</strong></span> <span class='ocrx_word' id='word_1_436' title='bbox 2530 2465 2918 2549; x_wconf 89' lang='lat' dir='ltr'><strong>disponitur,</strong></span> <span class='ocrx_word' id='word_1_437' title='bbox 2957 2466 3124 2530; x_wconf 92' lang='lat' dir='ltr'><strong>Deus</strong></span> <span class='ocrx_word' id='word_1_438' title='bbox 3158 2466 3432 2532; x_wconf 89' lang='lat' dir='ltr'><strong>nobilio-</strong></span> 
     </span>
     <span class='ocr_line' id='line_1_66' title="bbox 1885 2573 3432 2655; baseline 0 -17"><span class='ocrx_word' id='word_1_439' title='bbox 1885 2592 2024 2639; x_wconf 89' lang='lat' dir='ltr'><strong>rem</strong></span> <span class='ocrx_word' id='word_1_440' title='bbox 2060 2574 2170 2638; x_wconf 90' lang='lat' dir='ltr'><strong>dat</strong></span> <span class='ocrx_word' id='word_1_441' title='bbox 2206 2573 2480 2638; x_wconf 77' lang='lat' dir='ltr'><strong>sormam</strong></span> <span class='ocrx_word' id='word_1_442' title='bbox 2512 2596 2527 2636; x_wconf 90' lang='lat'>:</span> <span class='ocrx_word' id='word_1_443' title='bbox 2563 2591 2719 2655; x_wconf 90' lang='lat' dir='ltr'><strong>ergo</strong></span> <span class='ocrx_word' id='word_1_444' title='bbox 2746 2590 2895 2637; x_wconf 89' lang='lat' dir='ltr'><strong>cum</strong></span> <span class='ocrx_word' id='word_1_445' title='bbox 2937 2573 3255 2638; x_wconf 83' lang='lat' dir='ltr'><strong>naturalia</strong></span> <span class='ocrx_word' id='word_1_446' title='bbox 3304 2573 3432 2638; x_wconf 91' lang='lat' dir='ltr'><strong>sint</strong></span> 
     </span>
     <span class='ocr_line' id='line_1_67' title="bbox 1885 2680 3423 2764; baseline -0.001 -18"><span class='ocrx_word' id='word_1_447' title='bbox 1885 2681 2051 2746; x_wconf 90' lang='lat' dir='ltr'><strong>sicut</strong></span> <span class='ocrx_word' id='word_1_448' title='bbox 2101 2680 2546 2764; x_wconf 85' lang='lat' dir='ltr'><strong>dispositiones</strong></span> <span class='ocrx_word' id='word_1_449' title='bbox 2612 2680 2911 2763; x_wconf 61' lang='lat' dir='ltr'><strong>quaedam</strong></span> <span class='ocrx_word' id='word_1_450' title='bbox 2966 2680 3047 2744; x_wconf 91' lang='lat' dir='ltr'><strong>ad</strong></span> <span class='ocrx_word' id='word_1_451' title='bbox 3098 2681 3423 2763; x_wconf 81' lang='lat' dir='ltr'><strong>gratuita3</strong></span> 
     </span>
     <span class='ocr_line' id='line_1_68' title="bbox 1885 2786 3429 2872; baseline 0.001 -20"><span class='ocrx_word' id='word_1_452' title='bbox 1885 2793 2124 2872; x_wconf 87' lang='lat' dir='ltr'><strong>quanto</strong></span> <span class='ocrx_word' id='word_1_453' title='bbox 2167 2789 2310 2870; x_wconf 85' lang='lat' dir='ltr'><strong>quis</strong></span> <span class='ocrx_word' id='word_1_454' title='bbox 2343 2787 2535 2852; x_wconf 87' lang='lat' dir='ltr'><strong>habet</strong></span> <span class='ocrx_word' id='word_1_455' title='bbox 2568 2786 2832 2851; x_wconf 84' lang='lat' dir='ltr'><strong>meliora</strong></span> <span class='ocrx_word' id='word_1_456' title='bbox 2870 2788 3219 2867; x_wconf 89' lang='lat' dir='ltr'><strong>naturalia,</strong></span> <span class='ocrx_word' id='word_1_457' title='bbox 3252 2792 3429 2853; x_wconf 89' lang='lat' dir='ltr'><strong>tanto</strong></span> 
     </span>
     <span class='ocr_line' id='line_1_69' title="bbox 1884 2895 3129 2978; baseline -0.001 -17"><span class='ocrx_word' id='word_1_458' title='bbox 1884 2896 2049 2961; x_wconf 91' lang='lat' dir='ltr'><strong>Deus</strong></span> <span class='ocrx_word' id='word_1_459' title='bbox 2075 2896 2250 2961; x_wconf 91' lang='lat' dir='ltr'><strong>dabit</strong></span> <span class='ocrx_word' id='word_1_460' title='bbox 2278 2896 2338 2961; x_wconf 90' lang='lat' dir='ltr'><strong>ei</strong></span> <span class='ocrx_word' id='word_1_461' title='bbox 2361 2899 2608 2978; x_wconf 82' lang='lat' dir='ltr'><strong>maiora</strong></span> <span class='ocrx_word' id='word_1_462' title='bbox 2635 2896 2802 2960; x_wconf 89' lang='lat' dir='ltr'><strong>dona</strong></span> <span class='ocrx_word' id='word_1_463' title='bbox 2825 2895 3129 2978; x_wconf 88' lang='lat' dir='ltr'><strong>gratuita.</strong></span> 
     </span>
    </p>

    <p class='ocr_par' dir='ltr' id='par_1_14' title="bbox 1873 3002 3426 4380">
     <span class='ocr_line' id='line_1_70' title="bbox 1963 3002 3426 3086; baseline -0.001 -18"><span class='ocrx_word' id='word_1_464' title='bbox 1963 3010 2023 3068; x_wconf 72' lang='lat'><strong>4.</strong></span> <span class='ocrx_word' id='word_1_465' title='bbox 2059 3003 2220 3068; x_wconf 92' lang='lat' dir='ltr'><strong>Item</strong></span> <span class='ocrx_word' id='word_1_466' title='bbox 2249 3004 2410 3068; x_wconf 88' lang='lat' dir='ltr'><strong>ratio</strong></span> <span class='ocrx_word' id='word_1_467' title='bbox 2434 3021 2634 3086; x_wconf 84' lang='lat' dir='ltr'><strong>quare</strong></span> <span class='ocrx_word' id='word_1_468' title='bbox 2667 3003 2834 3067; x_wconf 89' lang='lat' dir='ltr'><strong>Deus</strong></span> <span class='ocrx_word' id='word_1_469' title='bbox 2865 3021 2999 3067; x_wconf 90' lang='lat' dir='ltr'><strong>non</strong></span> <span class='ocrx_word' id='word_1_470' title='bbox 3037 3003 3145 3067; x_wconf 91' lang='lat' dir='ltr'><strong>dat</strong></span> <span class='ocrx_word' id='word_1_471' title='bbox 3177 3002 3426 3068; x_wconf 91' lang='lat' dir='ltr'><strong>homini</strong></span> 
     </span>
     <span class='ocr_line' id='line_1_71' title="bbox 1883 3110 3424 3197; baseline -0.001 -19"><span class='ocrx_word' id='word_1_472' title='bbox 1883 3114 2160 3197; x_wconf 89' lang='lat' dir='ltr'><strong>gratiam</strong></span> <span class='ocrx_word' id='word_1_473' title='bbox 2183 3162 2200 3190; x_wconf 92' lang='lat'><strong>,</strong></span> <span class='ocrx_word' id='word_1_474' title='bbox 2235 3117 2330 3177; x_wconf 90' lang='lat' dir='ltr'><strong>est</strong></span> <span class='ocrx_word' id='word_1_475' title='bbox 2364 3110 2515 3195; x_wconf 84' lang='lat' dir='ltr'><strong>quia</strong></span> <span class='ocrx_word' id='word_1_476' title='bbox 2555 3111 2750 3176; x_wconf 92' lang='lat' dir='ltr'><strong>homo</strong></span> <span class='ocrx_word' id='word_1_477' title='bbox 2785 3129 2918 3176; x_wconf 91' lang='lat' dir='ltr'><strong>non</strong></span> <span class='ocrx_word' id='word_1_478' title='bbox 2961 3110 3187 3195; x_wconf 89' lang='lat' dir='ltr'><strong>accipit</strong></span> <span class='ocrx_word' id='word_1_479' title='bbox 3217 3132 3234 3176; x_wconf 75' lang='grc' dir='ltr'>ε</span> <span class='ocrx_word' id='word_1_480' title='bbox 3267 3130 3424 3195; x_wconf 87' lang='lat' dir='ltr'><strong>ergo</strong></span> 
     </span>
     <span class='ocr_line' id='line_1_72' title="bbox 1881 3221 3425 3305; baseline -0.001 -19"><span class='ocrx_word' id='word_1_481' title='bbox 1881 3240 2032 3286; x_wconf 91' lang='lat' dir='ltr'><strong>cum</strong></span> <span class='ocrx_word' id='word_1_482' title='bbox 2082 3223 2215 3305; x_wconf 89' lang='lat' dir='ltr'><strong>ipse</strong></span> <span class='ocrx_word' id='word_1_483' title='bbox 2259 3221 2341 3285; x_wconf 88' lang='lat' dir='ltr'><strong>sit</strong></span> <span class='ocrx_word' id='word_1_484' title='bbox 2382 3238 2634 3303; x_wconf 85' lang='lat' dir='ltr'><strong>semper</strong></span> <span class='ocrx_word' id='word_1_485' title='bbox 2681 3222 3015 3302; x_wconf 90' lang='lat' dir='ltr'><strong>promptus</strong></span> <span class='ocrx_word' id='word_1_486' title='bbox 3060 3223 3126 3284; x_wconf 91' lang='lat' dir='ltr'><strong>et</strong></span> <span class='ocrx_word' id='word_1_487' title='bbox 3165 3223 3425 3303; x_wconf 87' lang='lat' dir='ltr'><strong>paratus</strong></span> 
     </span>
     <span class='ocr_line' id='line_1_73' title="bbox 1879 3327 3424 3408; baseline -0.003 -12"><span class='ocrx_word' id='word_1_488' title='bbox 1879 3331 2052 3396; x_wconf 91' lang='lat' dir='ltr'><strong>dona</strong></span> <span class='ocrx_word' id='word_1_489' title='bbox 2086 3349 2205 3394; x_wconf 91' lang='lat' dir='ltr'><strong>sua</strong></span> <span class='ocrx_word' id='word_1_490' title='bbox 2226 3327 2664 3393; x_wconf 86' lang='lat' dir='ltr'><strong>liberalissime</strong></span> <span class='ocrx_word' id='word_1_491' title='bbox 2689 3327 3059 3408; x_wconf 82' lang='lat' dir='ltr'><strong>infundere,</strong></span> <span class='ocrx_word' id='word_1_492' title='bbox 3099 3331 3162 3391; x_wconf 90' lang='lat' dir='ltr'><strong>et</strong></span> <span class='ocrx_word' id='word_1_493' title='bbox 3187 3327 3424 3391; x_wconf 88' lang='lat' dir='ltr'><strong>libera-</strong></span> 
     </span>
     <span class='ocr_line' id='line_1_74' title="bbox 1876 3434 3417 3521; baseline -0.003 -19"><span class='ocrx_word' id='word_1_494' title='bbox 1876 3438 2020 3502; x_wconf 89' lang='lat' dir='ltr'><strong>litas</strong></span> <span class='ocrx_word' id='word_1_495' title='bbox 2042 3440 2183 3521; x_wconf 90' lang='lat' dir='ltr'><strong>ejus</strong></span> <span class='ocrx_word' id='word_1_496' title='bbox 2203 3436 2660 3520; x_wconf 83' lang='lat' dir='ltr'><strong>superexcedat</strong></span> <span class='ocrx_word' id='word_1_497' title='bbox 2682 3453 2944 3500; x_wconf 91' lang='lat' dir='ltr'><strong>omnem</strong></span> <span class='ocrx_word' id='word_1_498' title='bbox 2973 3434 3417 3518; x_wconf 88' lang='lat' dir='ltr'><strong>capacitatem;</strong></span> 
     </span>
     <span class='ocr_line' id='line_1_75' title="bbox 1878 3541 3420 3628; baseline -0.005 -16"><span class='ocrx_word' id='word_1_499' title='bbox 1878 3546 2135 3612; x_wconf 84' lang='lat' dir='ltr'><strong>videtur</strong></span> <span class='ocrx_word' id='word_1_500' title='bbox 2160 3545 2331 3628; x_wconf 89' lang='lat' dir='ltr'><strong>quod</strong></span> <span class='ocrx_word' id='word_1_501' title='bbox 2358 3544 2436 3608; x_wconf 92' lang='lat' dir='ltr'><strong>de</strong></span> <span class='ocrx_word' id='word_1_502' title='bbox 2466 3542 2809 3627; x_wconf 89' lang='lat' dir='ltr'><strong>capacitate</strong></span> <span class='ocrx_word' id='word_1_503' title='bbox 2842 3546 3094 3606; x_wconf 66' lang='lat' dir='ltr'><strong>naturae</strong></span> <span class='ocrx_word' id='word_1_504' title='bbox 3135 3541 3300 3605; x_wconf 89' lang='lat' dir='ltr'><strong>nihil</strong></span> <span class='ocrx_word' id='word_1_505' title='bbox 3325 3541 3420 3605; x_wconf 90' lang='lat' dir='ltr'><strong>di-</strong></span> 
     </span>
     <span class='ocr_line' id='line_1_76' title="bbox 1877 3648 3421 3734; baseline -0.003 -18"><span class='ocrx_word' id='word_1_506' title='bbox 1877 3655 2088 3717; x_wconf 84' lang='lat' dir='ltr'><strong>mittat</strong></span> <span class='ocrx_word' id='word_1_507' title='bbox 2120 3669 2437 3728; x_wconf 87' lang='lat' dir='ltr'><strong>vacuum,</strong></span> <span class='ocrx_word' id='word_1_508' title='bbox 2470 3648 2727 3734; x_wconf 84' lang='lat' dir='ltr'><strong>quando</strong></span> <span class='ocrx_word' id='word_1_509' title='bbox 2753 3649 2898 3734; x_wconf 86' lang='lat' dir='ltr'><strong>quis</strong></span> <span class='ocrx_word' id='word_1_510' title='bbox 2936 3650 3123 3733; x_wconf 90' lang='lat' dir='ltr'><strong>plene</strong></span> <span class='ocrx_word' id='word_1_511' title='bbox 3162 3667 3231 3713; x_wconf 89' lang='lat' dir='ltr'><strong>se</strong></span> <span class='ocrx_word' id='word_1_512' title='bbox 3262 3667 3421 3714; x_wconf 91' lang='lat' dir='ltr'><strong>con-</strong></span> 
     </span>
     <span class='ocr_line' id='line_1_77' title="bbox 1876 3756 3420 3839; baseline -0.004 -14"><span class='ocrx_word' id='word_1_513' title='bbox 1876 3760 2070 3825; x_wconf 86' lang='lat' dir='ltr'><strong>vertit</strong></span> <span class='ocrx_word' id='word_1_514' title='bbox 2099 3759 2179 3823; x_wconf 90' lang='lat' dir='ltr'><strong>ad</strong></span> <span class='ocrx_word' id='word_1_515' title='bbox 2210 3756 2412 3822; x_wconf 91' lang='lat' dir='ltr'><strong>Deum</strong></span> <span class='ocrx_word' id='word_1_516' title='bbox 2446 3780 2461 3821; x_wconf 87' lang='lat'>:</span> <span class='ocrx_word' id='word_1_517' title='bbox 2493 3761 2557 3820; x_wconf 91' lang='lat' dir='ltr'><strong>et</strong></span> <span class='ocrx_word' id='word_1_518' title='bbox 2587 3756 2641 3819; x_wconf 89' lang='lat' dir='ltr'><strong>si</strong></span> <span class='ocrx_word' id='word_1_519' title='bbox 2669 3756 2827 3835; x_wconf 90' lang='lat' dir='ltr'><strong>hoc,</strong></span> <span class='ocrx_word' id='word_1_520' title='bbox 2869 3758 3065 3820; x_wconf 87' lang='lat' dir='ltr'><strong>restat</strong></span> <span class='ocrx_word' id='word_1_521' title='bbox 3092 3756 3266 3837; x_wconf 90' lang='lat' dir='ltr'><strong>quod</strong></span> <span class='ocrx_word' id='word_1_522' title='bbox 3306 3756 3420 3839; x_wconf 86' lang='lat' dir='ltr'><strong>qui</strong></span> 
     </span>
     <span class='ocr_line' id='line_1_78' title="bbox 1876 3863 3417 3952; baseline -0.002 -20"><span class='ocrx_word' id='word_1_523' title='bbox 1876 3870 2123 3952; x_wconf 87' lang='lat' dir='ltr'><strong>majora</strong></span> <span class='ocrx_word' id='word_1_524' title='bbox 2144 3864 2337 3929; x_wconf 89' lang='lat' dir='ltr'><strong>habet</strong></span> <span class='ocrx_word' id='word_1_525' title='bbox 2355 3864 2673 3928; x_wconf 87' lang='lat' dir='ltr'><strong>naturalia</strong></span> <span class='ocrx_word' id='word_1_526' title='bbox 2688 3912 2706 3942; x_wconf 88' lang='lat'>‚</span> <span class='ocrx_word' id='word_1_527' title='bbox 2727 3881 2876 3926; x_wconf 90' lang='lat' dir='ltr'><strong>cum</strong></span> <span class='ocrx_word' id='word_1_528' title='bbox 2906 3864 3168 3945; x_wconf 84' lang='lat' dir='ltr'><strong>majoris</strong></span> <span class='ocrx_word' id='word_1_529' title='bbox 3189 3863 3417 3945; x_wconf 83' lang='lat' dir='ltr'><strong>gratiae</strong></span> 
     </span>
     <span class='ocr_line' id='line_1_79' title="bbox 1875 3969 3412 4057; baseline -0.003 -18"><span class='ocrx_word' id='word_1_530' title='bbox 1875 3975 1958 4040; x_wconf 88' lang='lat' dir='ltr'><strong>sit</strong></span> <span class='ocrx_word' id='word_1_531' title='bbox 1986 3992 2186 4057; x_wconf 81' lang='lat' dir='ltr'><strong>capax</strong></span> <span class='ocrx_word' id='word_1_532' title='bbox 2207 4020 2225 4049; x_wconf 87' lang='lat'><strong>‚</strong></span> <span class='ocrx_word' id='word_1_533' title='bbox 2256 3973 2566 4054; x_wconf 86' lang='lat' dir='ltr'><strong>majorem</strong></span> <span class='ocrx_word' id='word_1_534' title='bbox 2591 3970 2784 4034; x_wconf 88' lang='lat' dir='ltr'><strong>etiam</strong></span> <span class='ocrx_word' id='word_1_535' title='bbox 2811 3969 3068 4033; x_wconf 89' lang='lat' dir='ltr'><strong>habebit</strong></span> <span class='ocrx_word' id='word_1_536' title='bbox 3096 3969 3412 4051; x_wconf 86' lang='lat' dir='ltr'><strong>gratiam:</strong></span> 
     </span>
     <span class='ocr_line' id='line_1_80' title="bbox 1875 4075 3417 4170; baseline -0.005 -22"><span class='ocrx_word' id='word_1_537' title='bbox 1875 4087 1935 4148; x_wconf 91' lang='lat' dir='ltr'><strong>et</strong></span> <span class='ocrx_word' id='word_1_538' title='bbox 1970 4083 2095 4147; x_wconf 92' lang='lat' dir='ltr'><strong>hoc</strong></span> <span class='ocrx_word' id='word_1_539' title='bbox 2136 4080 2393 4145; x_wconf 83' lang='lat' dir='ltr'><strong>videtur</strong></span> <span class='ocrx_word' id='word_1_540' title='bbox 2427 4096 2653 4142; x_wconf 89' lang='lat' dir='ltr'><strong>sonare</strong></span> <span class='ocrx_word' id='word_1_541' title='bbox 2687 4077 2960 4142; x_wconf 87' lang='lat' dir='ltr'><strong>verbum</strong></span> <span class='ocrx_word' id='word_1_542' title='bbox 3003 4075 3281 4170; x_wconf 77' lang='lat' dir='ltr'><strong>Platonis</strong></span> <span class='ocrx_word' id='word_1_543' title='bbox 3311 4078 3417 4142; x_wconf 89' lang='lat' dir='ltr'><strong>di-</strong></span> 
     </span>
     <span class='ocr_line' id='line_1_81' title="bbox 1874 4183 3413 4271; baseline -0.005 -16"><span class='ocrx_word' id='word_1_544' title='bbox 1874 4190 2076 4255; x_wconf 87' lang='lat' dir='ltr'><strong>centis</strong></span> <span class='ocrx_word' id='word_1_545' title='bbox 2097 4237 2114 4268; x_wconf 91' lang='lat'><strong>,</strong></span> <span class='ocrx_word' id='word_1_546' title='bbox 2144 4186 2315 4271; x_wconf 87' lang='lat' dir='ltr'><strong>quod</strong></span> <span class='ocrx_word' id='word_1_547' title='bbox 2344 4185 2513 4250; x_wconf 90' lang='lat' dir='ltr'><strong>dedit</strong></span> <span class='ocrx_word' id='word_1_548' title='bbox 2540 4184 2890 4268; x_wconf 86' lang='lat' dir='ltr'><strong>unicuique</strong></span> <span class='ocrx_word' id='word_1_549' title='bbox 2915 4183 3371 4249; x_wconf 84' lang='lat' dir='ltr'><strong>beatitudinem</strong></span> <span class='ocrx_word' id='word_1_550' title='bbox 3394 4229 3413 4265; x_wconf 92' lang='lat'><strong>,</strong></span> 
     </span>
     <span class='ocr_line' id='line_1_82' title="bbox 1873 4294 2697 4380; baseline -0.007 -19"><span class='ocrx_word' id='word_1_551' title='bbox 1873 4297 1943 4360; x_wconf 89' lang='lat' dir='ltr'><strong>in</strong></span> <span class='ocrx_word' id='word_1_552' title='bbox 1973 4300 2291 4380; x_wconf 88' lang='lat' dir='ltr'><strong>quantum</strong></span> <span class='ocrx_word' id='word_1_553' title='bbox 2316 4309 2517 4376; x_wconf 88' lang='lat' dir='ltr'><strong>capax</strong></span> <span class='ocrx_word' id='word_1_554' title='bbox 2541 4294 2697 4356; x_wconf 90' lang='lat' dir='ltr'><strong>erat.</strong></span> 
     </span>
    </p>

    <p class='ocr_par' dir='ltr' id='par_1_15' title="bbox 1871 4396 3422 5239">
     <span class='ocr_line' id='line_1_83' title="bbox 1955 4396 3418 4481; baseline -0.003 -14"><span class='ocrx_word' id='word_1_555' title='bbox 1955 4407 2015 4468; x_wconf 76' lang='lat'><strong>5.</strong></span> <span class='ocrx_word' id='word_1_556' title='bbox 2053 4403 2212 4467; x_wconf 82' lang='lat' dir='ltr'><strong>Item</strong></span> <span class='ocrx_word' id='word_1_557' title='bbox 2234 4451 2252 4480; x_wconf 89' lang='lat'><strong>,</strong></span> <span class='ocrx_word' id='word_1_558' title='bbox 2276 4401 2440 4465; x_wconf 89' lang='lat' dir='ltr'><strong>sicut</strong></span> <span class='ocrx_word' id='word_1_559' title='bbox 2468 4400 2675 4481; x_wconf 88' lang='lat' dir='ltr'><strong>gratia</strong></span> <span class='ocrx_word' id='word_1_560' title='bbox 2696 4403 2793 4464; x_wconf 89' lang='lat' dir='ltr'><strong>est</strong></span> <span class='ocrx_word' id='word_1_561' title='bbox 2824 4397 3147 4481; x_wconf 91' lang='lat' dir='ltr'><strong>dispositio</strong></span> <span class='ocrx_word' id='word_1_562' title='bbox 3169 4396 3251 4462; x_wconf 86' lang='lat' dir='ltr'><strong>ad</strong></span> <span class='ocrx_word' id='word_1_563' title='bbox 3281 4396 3418 4479; x_wconf 88' lang='lat' dir='ltr'><strong>glo-</strong></span> 
     </span>
     <span class='ocr_line' id='line_1_84' title="bbox 1872 4504 3422 4589; baseline -0.006 -12"><span class='ocrx_word' id='word_1_564' title='bbox 1872 4514 2041 4577; x_wconf 88' lang='lat' dir='ltr'><strong>riam</strong></span> <span class='ocrx_word' id='word_1_565' title='bbox 2064 4560 2082 4589; x_wconf 95' lang='lat'><strong>,</strong></span> <span class='ocrx_word' id='word_1_566' title='bbox 2109 4510 2199 4574; x_wconf 90' lang='lat' dir='ltr'><strong>ita</strong></span> <span class='ocrx_word' id='word_1_567' title='bbox 2223 4510 2393 4573; x_wconf 88' lang='lat' dir='ltr'><strong>bona</strong></span> <span class='ocrx_word' id='word_1_568' title='bbox 2427 4511 2658 4572; x_wconf 86' lang='lat' dir='ltr'><strong>natura</strong></span> <span class='ocrx_word' id='word_1_569' title='bbox 2684 4510 2777 4571; x_wconf 88' lang='lat' dir='ltr'><strong>est</strong></span> <span class='ocrx_word' id='word_1_570' title='bbox 2799 4504 3123 4588; x_wconf 87' lang='lat' dir='ltr'><strong>dispositio</strong></span> <span class='ocrx_word' id='word_1_571' title='bbox 3148 4504 3230 4568; x_wconf 87' lang='lat' dir='ltr'><strong>ad</strong></span> <span class='ocrx_word' id='word_1_572' title='bbox 3260 4522 3422 4587; x_wconf 88' lang='lat' dir='ltr'><strong>gra-</strong></span> 
     </span>
     <span class='ocr_line' id='line_1_85' title="bbox 1872 4612 3421 4698; baseline -0.006 -15"><span class='ocrx_word' id='word_1_573' title='bbox 1872 4619 2029 4684; x_wconf 89' lang='lat' dir='ltr'><strong>tiam</strong></span> <span class='ocrx_word' id='word_1_574' title='bbox 2066 4635 2082 4677; x_wconf 87' lang='lat'>:</span> <span class='ocrx_word' id='word_1_575' title='bbox 2113 4617 2222 4680; x_wconf 92' lang='lat' dir='ltr'><strong>sed</strong></span> <span class='ocrx_word' id='word_1_576' title='bbox 2253 4615 2415 4679; x_wconf 85' lang='lat' dir='ltr'><strong>Deus</strong></span> <span class='ocrx_word' id='word_1_577' title='bbox 2432 4614 2491 4679; x_wconf 89' lang='lat' dir='ltr'><strong>ei</strong></span> <span class='ocrx_word' id='word_1_578' title='bbox 2513 4613 2626 4698; x_wconf 85' lang='lat' dir='ltr'><strong>qui</strong></span> <span class='ocrx_word' id='word_1_579' title='bbox 2648 4612 2843 4677; x_wconf 90' lang='lat' dir='ltr'><strong>babet</strong></span> <span class='ocrx_word' id='word_1_580' title='bbox 2869 4612 3245 4695; x_wconf 89' lang='lat' dir='ltr'><strong>ampliorem</strong></span> <span class='ocrx_word' id='word_1_581' title='bbox 3263 4630 3421 4694; x_wconf 88' lang='lat' dir='ltr'><strong>gra-</strong></span> 
     </span>
     <span class='ocr_line' id='line_1_86' title="bbox 1871 4719 3418 4806; baseline -0.006 -15"><span class='ocrx_word' id='word_1_582' title='bbox 1871 4727 2029 4791; x_wconf 89' lang='lat' dir='ltr'><strong>tiam</strong></span> <span class='ocrx_word' id='word_1_583' title='bbox 2050 4773 2068 4804; x_wconf 89' lang='lat'><strong>,</strong></span> <span class='ocrx_word' id='word_1_584' title='bbox 2106 4723 2485 4806; x_wconf 89' lang='lat' dir='ltr'><strong>ampliorem</strong></span> <span class='ocrx_word' id='word_1_585' title='bbox 2519 4720 2628 4785; x_wconf 86' lang='lat' dir='ltr'><strong>dat</strong></span> <span class='ocrx_word' id='word_1_586' title='bbox 2657 4720 2931 4803; x_wconf 77' lang='lat' dir='ltr'><strong>gloriam</strong></span> <span class='ocrx_word' id='word_1_587' title='bbox 2966 4738 2984 4784; x_wconf 75' lang='lat'>2</span> <span class='ocrx_word' id='word_1_588' title='bbox 3022 4737 3180 4802; x_wconf 91' lang='lat' dir='ltr'><strong>ergo</strong></span> <span class='ocrx_word' id='word_1_589' title='bbox 3216 4719 3276 4783; x_wconf 91' lang='lat' dir='ltr'><strong>ei</strong></span> <span class='ocrx_word' id='word_1_590' title='bbox 3303 4720 3418 4803; x_wconf 85' lang='lat' dir='ltr'><strong>qui</strong></span> 
     </span>
     <span class='ocr_line' id='line_1_87' title="bbox 1872 4827 3414 4909; baseline -0.004 -10"><span class='ocrx_word' id='word_1_591' title='bbox 1872 4834 2069 4899; x_wconf 89' lang='lat' dir='ltr'><strong>habet</strong></span> <span class='ocrx_word' id='word_1_592' title='bbox 2086 4831 2354 4897; x_wconf 90' lang='lat' dir='ltr'><strong>meliora</strong></span> <span class='ocrx_word' id='word_1_593' title='bbox 2371 4828 2708 4908; x_wconf 89' lang='lat' dir='ltr'><strong>naturalia,</strong></span> <span class='ocrx_word' id='word_1_594' title='bbox 2726 4827 2832 4892; x_wconf 88' lang='lat' dir='ltr'><strong>dat</strong></span> <span class='ocrx_word' id='word_1_595' title='bbox 2849 4829 3095 4909; x_wconf 83' lang='lat' dir='ltr'><strong>majora</strong></span> <span class='ocrx_word' id='word_1_596' title='bbox 3107 4827 3414 4909; x_wconf 90' lang='lat' dir='ltr'><strong>gratuita.</strong></span> 
     </span>
     <span class='ocr_line' id='line_1_88' title="bbox 1875 4933 3419 5021; baseline -0.004 -17"><span class='ocrx_word' id='word_1_597' title='bbox 1875 4938 1943 5004; x_wconf 91' lang='lat' dir='ltr'><strong>Si</strong></span> <span class='ocrx_word' id='word_1_598' title='bbox 1966 4943 2039 5004; x_wconf 89' lang='lat' dir='ltr'><strong>tu</strong></span> <span class='ocrx_word' id='word_1_599' title='bbox 2064 4938 2237 5003; x_wconf 83' lang='lat' dir='ltr'><strong>dicas</strong></span> <span class='ocrx_word' id='word_1_600' title='bbox 2263 4936 2433 5021; x_wconf 85' lang='lat' dir='ltr'><strong>quod</strong></span> <span class='ocrx_word' id='word_1_601' title='bbox 2458 4953 2590 5000; x_wconf 90' lang='lat' dir='ltr'><strong>non</strong></span> <span class='ocrx_word' id='word_1_602' title='bbox 2621 4939 2715 4999; x_wconf 90' lang='lat' dir='ltr'><strong>est</strong></span> <span class='ocrx_word' id='word_1_603' title='bbox 2753 4933 2960 4998; x_wconf 87' lang='lat' dir='ltr'><strong>simile</strong></span> <span class='ocrx_word' id='word_1_604' title='bbox 2977 4982 2996 5011; x_wconf 91' lang='lat'><strong>,</strong></span> <span class='ocrx_word' id='word_1_605' title='bbox 3025 4933 3179 5016; x_wconf 86' lang='lat' dir='ltr'><strong>quia</strong></span> <span class='ocrx_word' id='word_1_606' title='bbox 3207 4933 3419 5015; x_wconf 87' lang='lat' dir='ltr'><strong>gratia</strong></span> 
     </span>
     <span class='ocr_line' id='line_1_89' title="bbox 1871 5040 3413 5127; baseline -0.005 -15"><span class='ocrx_word' id='word_1_607' title='bbox 1871 5051 2159 5112; x_wconf 86' lang='lat' dir='ltr'><strong>meretur</strong></span> <span class='ocrx_word' id='word_1_608' title='bbox 2192 5043 2467 5127; x_wconf 88' lang='lat' dir='ltr'><strong>gloriam</strong></span> <span class='ocrx_word' id='word_1_609' title='bbox 2489 5091 2509 5124; x_wconf 87' lang='lat'>‚</span> <span class='ocrx_word' id='word_1_610' title='bbox 2540 5059 2672 5106; x_wconf 91' lang='lat' dir='ltr'><strong>non</strong></span> <span class='ocrx_word' id='word_1_611' title='bbox 2711 5041 2802 5105; x_wconf 91' lang='lat' dir='ltr'><strong>sic</strong></span> <span class='ocrx_word' id='word_1_612' title='bbox 2835 5044 3068 5105; x_wconf 89' lang='lat' dir='ltr'><strong>natura</strong></span> <span class='ocrx_word' id='word_1_613' title='bbox 3093 5040 3369 5123; x_wconf 88' lang='lat' dir='ltr'><strong>gratiam</strong></span> <span class='ocrx_word' id='word_1_614' title='bbox 3395 5089 3413 5121; x_wconf 91' lang='lat'>‚</span> 
     </span>
     <span class='ocr_line' id='line_1_90' title="bbox 1872 5149 3419 5239; baseline -0.005 -17"><span class='ocrx_word' id='word_1_615' title='bbox 1872 5156 2175 5239; x_wconf 87' lang='lat' dir='ltr'><strong>objicitur</strong></span> <span class='ocrx_word' id='word_1_616' title='bbox 2200 5158 2386 5233; x_wconf 90' lang='lat' dir='ltr'><strong>tunc,</strong></span> <span class='ocrx_word' id='word_1_617' title='bbox 2416 5151 2570 5235; x_wconf 87' lang='lat' dir='ltr'><strong>quia</strong></span> <span class='ocrx_word' id='word_1_618' title='bbox 2596 5149 3086 5233; x_wconf 76' lang='lat' dir='ltr'><strong>qualiscumque</strong></span> <span class='ocrx_word' id='word_1_619' title='bbox 3116 5150 3198 5215; x_wconf 83' lang='lat' dir='ltr'><strong>sit</strong></span> <span class='ocrx_word' id='word_1_620' title='bbox 3235 5168 3419 5215; x_wconf 91' lang='lat' dir='ltr'><strong>com-</strong></span> 
     </span>
    </p>
   </div>
   <div class='ocr_carea' id='block_1_9' title="bbox 1866 5311 3414 5450">
    <p class='ocr_par' dir='ltr' id='par_1_16' title="bbox 1866 5311 3414 5450">
     <span class='ocr_line' id='line_1_91' title="bbox 1934 5311 3414 5382; baseline -0.004 -13"><span class='ocrx_word' id='word_1_621' title='bbox 1934 5320 1949 5353; x_wconf 90' lang='lat'><strong>¹</strong></span> <span class='ocrx_word' id='word_1_622' title='bbox 1981 5317 2061 5382; x_wconf 78' lang='lat' dir='ltr'><strong>Cf.</strong></span> <span class='ocrx_word' id='word_1_623' title='bbox 2106 5315 2295 5380; x_wconf 82' lang='lat' dir='ltr'><strong>Steph..</strong></span> <span class='ocrx_word' id='word_1_624' title='bbox 2321 5314 2532 5378; x_wconf 64' lang='lat' dir='ltr'><strong>Brulef„</strong></span> <span class='ocrx_word' id='word_1_625' title='bbox 2584 5313 2627 5363; x_wconf 89' lang='lat' dir='ltr'><strong>II</strong></span> <span class='ocrx_word' id='word_1_626' title='bbox 2665 5312 2824 5373; x_wconf 64' lang='lat' dir='ltr'><strong>Seni„</strong></span> <span class='ocrx_word' id='word_1_627' title='bbox 2872 5311 2992 5362; x_wconf 80' lang='lat' dir='ltr'><strong>dist.</strong></span> <span class='ocrx_word' id='word_1_628' title='bbox 3026 5323 3078 5363; x_wconf 80' lang='lat' dir='ltr'><strong>tx</strong></span> <span class='ocrx_word' id='word_1_629' title='bbox 3097 5347 3117 5376; x_wconf 93' lang='lat'><strong>,</strong></span> <span class='ocrx_word' id='word_1_630' title='bbox 3159 5327 3212 5377; x_wconf 88' lang='lat' dir='ltr'><strong>q.</strong></span> <span class='ocrx_word' id='word_1_631' title='bbox 3242 5324 3323 5365; x_wconf 76' lang='grc' dir='ltr'><strong>ιιι.</strong></span> <span class='ocrx_word' id='word_1_632' title='bbox 3350 5338 3414 5353; x_wconf 87' lang='lat'><strong>·—</strong></span> 
     </span>
     <span class='ocr_line' id='line_1_92' title="bbox 1866 5387 2362 5450; baseline -0.012 -10"><span class='ocrx_word' id='word_1_633' title='bbox 1866 5391 1890 5424; x_wconf 76' lang='lat'><strong>¹</strong></span> <span class='ocrx_word' id='word_1_634' title='bbox 1907 5387 2117 5450; x_wconf 62' lang='lat' dir='ltr'><strong>Mami„</strong></span> <span class='ocrx_word' id='word_1_635' title='bbox 2137 5396 2262 5450; x_wconf 66' lang='grc' dir='ltr'><strong>Ην,</strong></span> <span class='ocrx_word' id='word_1_636' title='bbox 2282 5387 2362 5435; x_wconf 74' lang='lat'><strong>24.</strong></span> 
     </span>
    </p>
   </div>
  </div>
 </body>
</html>
