4125 6225
732 372 852 435 480

729 506 1003 586 cognata
1026 502 1382 584 virginitas.
1425 501 1547 566 Sed
1572 500 1712 564 haec
1741 498 1969 583 positio
2004 517 2140 565 non
2168 500 2271 566 vi-

727 613 916 677 detur
941 628 1076 675 esse
1102 611 1489 675 conveniens
1517 631 1533 674 t
1567 611 1710 673 tum
1749 607 1902 690 quia
1943 624 2057 690 per
2097 607 2272 672 deci-

725 739 900 784 mam
928 719 1296 783 drachmam
1335 738 1465 784 non
1503 715 1904 780 solummodo
1943 716 2266 798 corrupti,

589 827 600 833 ”
724 828 832 892 sed
878 829 1070 892 etiam
1116 828 1400 909 virgines
1438 825 1730 890 homines
1770 824 2264 906 intelliguntur3

478 1382 608 1441 Opia.
629 1388 670 1430 3.

724 939 865 999 tum
893 936 1084 999 etiam
1123 936 1277 1019 quia
1307 935 1495 999 mulli
1525 952 1715 998 carne
1740 933 2020 1015 corrupti
2047 932 2270 996 multis

721 1042 1086 1123 virginibus
1143 1043 1574 1126 praeferuntur
1602 1089 1621 1121 ,
1680 1044 1756 1104 ut
1821 1039 2004 1103 beata
2067 1037 2269 1103 Maria

721 1147 1095 1231 Magdalena
1139 1156 1203 1215 et
1245 1150 1467 1214 Petrus
1501 1147 1839 1230 Apostolus
1877 1145 2097 1209 multis
2125 1146 2269 1209 aliis

718 1257 1085 1338 virginibus
1107 1258 1404 1322 masculis
1426 1261 1488 1320 et
1509 1254 1789 1319 foeminis
1811 1254 2048 1335 absque
2069 1254 2265 1354 dubio

717 1369 868 1429 sunt
906 1366 1288 1447 superioreS.
1337 1364 1416 1428 Et
1463 1363 1606 1427 ideo
1657 1362 1842 1426 tertia
1885 1361 2111 1444 positio
2171 1366 2266 1426 est

716 1473 957 1553 adhuc,
1003 1472 1173 1554 quod
1211 1489 1407 1553 supra
1442 1488 1678 1534 novem
1709 1468 1961 1534 ordines
1994 1469 2265 1550 angelo-

714 1598 865 1643 rum
888 1579 1155 1644 addetur
1174 1581 1328 1643 ordo
1348 1578 1632 1642 decimus
1649 1595 1732 1641 ex
1757 1576 1877 1653 his,
1901 1577 2105 1659 quiin
2130 1577 2263 1642 vita

713 1686 832 1750 ista
857 1704 986 1750 non
1018 1689 1450 1769 pervenerunt
1483 1684 1563 1749 ad
1601 1688 1845 1748 tantam
1883 1686 2261 1749 meritorum

712 1795 1153 1859 excellentiam
1175 1844 1193 1874 ,
1228 1801 1304 1859 ut
1341 1794 1704 1858 exaltentur
1740 1793 1820 1856 ad
1856 1794 2110 1857 ordines
2136 1812 2259 1857 an-

712 1900 1051 1981 gelorum;
1107 1903 1213 1966 sed
1261 1903 1505 1966 meritis
1544 1901 1773 1965 Christi
1817 1902 2042 1964 salvati
2087 1902 2260 1965 deci-

711 2026 895 2072 mum
922 2014 1140 2074 tenent
1169 2011 1471 2092 gradum,
1492 2010 1658 2073 sicut
1676 2027 1790 2092 pro
1809 2028 2033 2073 eorum
2054 2011 2260 2074 salute

710 2116 804 2179 sol
829 2118 1095 2197 Justitiae
1125 2118 1411 2182 Christus
1449 2136 1563 2201 per
1589 2117 1809 2181 decem
1847 2118 2089 2198 gradus
2115 2118 2258 2182 des-

710 2223 941 2301 cendit,
964 2225 1137 2306 quod
1165 2225 1492 2306 signatum
1521 2225 1725 2288 fuitin
1755 2225 1914 2288 facto
1942 2223 2257 2289 miraculo

708 2328 995 2394 Ezechiae
1025 2332 1072 2395 ¹.
1113 2331 1191 2395 Et
1227 2333 1346 2395 ista
1378 2332 1601 2414 positio
1639 2333 1893 2396 videtur
1935 2351 2070 2396 esse
2105 2333 2257 2397 satis

710 2438 1073 2519 probabiliS,
1096 2443 1238 2503 tum
1268 2444 1526 2522 propter
1553 2441 2097 2522 imperfectionem
2127 2460 2255 2505 me-

707 2545 977 2608 ritorum
1020 2566 1217 2629 quam
1273 2548 1512 2611 habent
1557 2547 1744 2611 multi
1798 2550 1867 2613 in
1912 2549 2060 2629 via,
2116 2554 2253 2613 tum

708 2659 966 2737 propter
990 2656 1442 2737 perfectionem
1470 2656 1818 2721 electorum
1840 2662 2156 2739 quantum
2175 2657 2255 2722 ad

707 2780 1081 2843 numerum,
1110 2782 1257 2846 quae
1276 2765 1396 2827 erit
1425 2764 1495 2827 in
1525 2764 1922 2829 Hierusalem
1950 2783 2249 2848 superna.

708 2866 1008 2935 Perfectio
1035 2876 1254 2935 autem
1288 2872 1571 2936 maxima
1609 2874 1678 2936 in
1713 2873 1973 2938 denario
2015 2875 2255 2937 consis-

704 2975 814 3052 tit,
844 2976 1007 3040 sicut
1052 2979 1216 3042 infra
1242 2981 1266 3014 ¹
1303 2979 1582 3057 dicetur,
1617 2980 1874 3062 quando
1916 2986 2146 3062 agetur
2174 2981 2253 3046 de

705 3082 1008 3166 decalogo
1041 3085 1145 3150 vel
1190 3086 1603 3152 decimatione
1637 3110 1651 3153 ε
1696 3093 1759 3153 et
1800 3088 1944 3155 ideo
1991 3091 2253 3173 positio-

703 3209 853 3255 nem
898 3193 1084 3258 istam
1127 3213 1468 3277 possumus
1504 3198 1853 3278 sustinere,
1901 3200 2053 3281 quia
2105 3219 2248 3265 eam

704 3300 1095 3381 probabilem
1132 3303 1337 3367 reddit
1367 3303 1799 3370 decimationis
1839 3306 2115 3388 signatio
2136 3357 2153 3387 ,
2188 3313 2252 3374 et

703 3404 966 3471 decimae
993 3409 1314 3473 drachmae
1353 3411 1638 3476 inventio
1660 3461 1677 3492 ‚
1709 3418 1773 3476 et
1806 3414 1956 3477 solis
1992 3434 2105 3497 per
2131 3418 2248 3481 de—

704 3531 844 3577 cem
873 3515 1114 3595 gradus
1142 3517 1485 3600 descensi0‚
1516 3524 1579 3583 et
1603 3521 1803 3604 ipsius
1827 3521 2072 3588 denarii
2097 3543 2245 3607 per-

701 3619 910 3686 sectio,

783 3733 842 3793 ⁴.
875 3729 969 3792 Ad
999 3730 1156 3796 illud
1187 3732 1358 3814 quod
1394 3734 1700 3816 obiicitur
1721 3784 1738 3813 ,
1771 3737 1943 3820 quod
1977 3738 2247 3822 quilibet

699 3835 856 3899 ordo
889 3841 983 3900 est
1008 3836 1078 3900 in
1106 3839 1318 3920 aliqua
1353 3840 1752 3922 hierarchia;
1783 3845 2127 3910 dicendum
2153 3851 2249 3912 est

699 3943 870 4026 quod
890 3992 907 4021 ,
945 3945 1112 4009 sicut
1150 3954 1382 4029 praeler
1420 3951 1777 4032 angelicam
1817 3953 2244 4020 hierarchiam

697 4053 791 4114 est
815 4071 993 4116 nunc
1020 4072 1257 4136 ponere
1282 4055 1706 4124 hierarchiam
1735 4062 2239 4146 ecclesiasticam,

699 4157 788 4222 sic
839 4165 1072 4240 praeler
1126 4162 1264 4226 illas
1313 4166 1635 4247 angelicas
1691 4168 2077 4235 hierarchias
2124 4173 2245 4236 erit

697 4265 1055 4348 intelligere
1102 4270 1170 4334 in
1218 4271 1461 4338 decimo
1506 4275 1740 4339 salvari
1790 4277 1999 4357 gradu
2049 4279 2242 4344 simul

696 4374 1010 4439 rationem
1036 4377 1298 4456 ordiniS,
1317 4385 1380 4444 et
1396 4381 1775 4448 hierarchiae
1800 4406 1815 4449 ε
1837 4385 2238 4467 hierarchiae,

696 4481 963 4565 inquam
989 4532 1007 4563 ,
1059 4503 1174 4567 per
1228 4490 1767 4569 comparationem
1824 4493 2112 4575 ipsorum
2160 4497 2241 4562 ad

695 4587 972 4653 invicem
997 4639 1013 4668 ‚
1062 4591 1214 4674 quia
1257 4611 1387 4657 non
1427 4594 1757 4662 habebunt
1801 4601 2240 4668 omnimodam

694 4697 1159 4779 aequalitatem3
1192 4700 1300 4763 sed
1337 4702 1576 4767 ordinis
1596 4753 1614 4784 ,
1648 4724 1760 4788 per
1808 4712 2238 4793 comparatio-

692 4822 844 4869 nem
870 4807 948 4870 ad
977 4807 1229 4872 ordines
1253 4811 1633 4892 superiores,

773 4916 834 4976 2.
867 4913 962 4977 Ad
982 4914 1138 4979 illud
1155 4935 1311 4997 ergo
1329 4918 1501 5000 quod
1521 4920 1821 5002 objicitur
1838 4925 1915 4990 de
1938 4946 2236 5011 expressa

690 5011 1247 5103 repraesentatione
1289 5044 1564 5091 summae
1608 5027 1968 5114 Trinitatis»,
2018 5036 2235 5102 dicen-

689 5126 851 5194 dum
894 5129 1106 5212 quod,
1153 5131 1318 5197 sicut
1356 5134 1571 5199 unitas
1616 5136 1830 5203 addita
1876 5145 2229 5211 novenario

759 5290 777 5323 ¹
807 5289 872 5340 IV
908 5289 1044 5354 λῳ,
1066 5295 1369 5354 xx,11.—²
1404 5294 1535 5346 Dist.
1570 5307 1782 5359 xxxvn,
1806 5303 1903 5350 art.
1941 5305 2001 5367 3,
2033 5317 2086 5368 q.
2124 5316 2228 5355 1.-

690 5358 810 5424 ⁸Cf.
847 5361 1104 5426 Richnsd„
1132 5364 1176 5413 11
1215 5365 1376 5428 Sent„
1402 5367 1519 5418 dist.
1558 5379 1632 5433 11,
1662 5373 1759 5421 art.
1793 5374 1844 5435 2,
1865 5384 2016 5438 q.1v;
2046 5376 2222 5441 Steph.

1851 358 2474 430 SENTENTIARUM
2514 366 2665 432 LIB.
2716 366 2795 436 11.

2382 492 2804 568 novenarium
2844 522 2978 569 non
3014 504 3303 588 perimit,
3333 508 3441 573 sed
3472 508 3715 589 salvat,
3743 514 3807 574 et
3843 511 3919 576 ad

2381 611 2833 693 perfectionem
2860 631 3206 678 numerum
3235 614 3511 696 deducit,
3531 616 3621 679 sic
3640 617 3921 683 decimus

2381 717 2536 782 ordo
2563 738 2647 783 ex
2676 718 3043 784 hominibus
3084 721 3462 786 constitutus
3499 730 3920 807 repraesenta-

2381 824 2621 889 tionem
2650 845 2922 891 summae
2951 826 3277 891 Trinitatis
3304 830 3385 892 ab
3412 831 3720 911 angelicis
3745 832 3919 914 spiri·

2378 928 2548 993 tibus
2573 948 2701 993 non
2740 931 2923 1006 tollit,
2944 931 3076 1008 sed,
3117 932 3294 996 salva
3327 933 3438 997 illa
3480 953 3784 1017 expressa
3821 954 3917 1000 re-

2378 1038 2880 1119 praesentatione,
2904 1039 3048 1103 facit
3063 1039 3141 1103 ad
3163 1059 3459 1123 supernae
3486 1042 3761 1106 civitatis
3784 1062 3917 1106 ma-

2369 1144 2579 1225 jorem
2608 1147 3082 1227 perfectionem.

2455 1256 2515 1316 3.
2558 1252 2657 1317 Ad
2686 1253 2844 1317 illud
2869 1255 3044 1336 quod
3071 1255 3393 1337 obiicitur,
3441 1256 3621 1339 quod
3667 1260 3764 1321 est
3788 1258 3911 1322 dis-

2373 1359 2592 1425 tinctio
2636 1362 2993 1426 secundum
3039 1363 3204 1428 dona
3249 1365 3641 1445 gratiarum3
3691 1366 3906 1430 dicen-

2374 1467 2533 1531 dum
2558 1469 2733 1551 quod
2757 1488 2889 1534 non
2925 1475 3021 1535 est
3047 1472 3402 1535 secundum
3435 1472 3605 1536 dona
3631 1476 3904 1552 tantum,

2372 1574 2483 1639 sed
2530 1576 2889 1640 secundum
2936 1578 3104 1642 dona
3158 1582 3476 1661 quantum
3526 1578 3608 1643 ad
3656 1582 3904 1642 statum.

2373 1679 2545 1746 Infra
2585 1687 2803 1747 autem
2830 1702 3056 1748 omnes
3082 1689 3282 1749 status
3308 1686 3614 1749 ordinum
3650 1685 3905 1767 angelo-

2371 1805 2551 1869 rum,
2580 1790 2789 1854 adhuc
2818 1796 2912 1855 est
2936 1792 3291 1873 intelligere
3312 1773 3564 1856 statum·
3576 1795 3789 1875 magis
3810 1793 3901 1857 in-

2367 1897 2601 1960 fimum
2635 1898 2704 1961 in
2746 1899 3149 1980 hominibuS,
3179 1903 3241 1964 et
3281 1900 3371 1962 ita
3396 1901 3695 1965 ordinem
3741 1901 3903 1966 deci-

2367 2022 2551 2068 mum
2596 2024 2613 2068 :
2658 2008 2990 2088 quamvis,
3028 2027 3110 2070 ex
3145 2007 3365 2071 divina
3410 2009 3807 2089 benignitate
3848 2013 3901 2073 et

2366 2110 2662 2193 largitate
2682 2161 2699 2191 ,
2728 2114 3046 2195 contingit
3070 2114 3138 2177 in
3164 2114 3371 2195 gratia
3392 2115 3687 2179 homines
3710 2115 3899 2199 aequi-

2364 2220 2578 2303 parari
2622 2221 2905 2303 angeliS‚
2955 2221 3190 2304 quibus
3223 2227 3379 2285 sunt
3424 2222 3758 2288 inferiores
3796 2241 3899 2307 per

2365 2331 2689 2391 naturam.

2442 2439 2503 2499 4.
2534 2434 2634 2499 Ad
2660 2434 2815 2500 illud
2843 2437 3015 2519 quod
3043 2437 3360 2521 objicitur,
3400 2436 3577 2520 quod
3598 2442 3753 2503 tunc
3778 2438 3889 2503 erit

2364 2543 2573 2624 major
2629 2544 2927 2626 perfectio
2985 2545 3055 2609 in
3108 2547 3514 2625 hominibus3
3568 2546 3896 2611 dicendum

2363 2650 2537 2731 quod
2570 2649 2801 2714 falsum
2839 2658 2965 2732 est,
3013 2655 3167 2735 quia
3193 2656 3315 2718 hoc
3343 2673 3472 2719 non
3516 2658 3612 2718 est
3652 2659 3895 2736 propter

2361 2758 2487 2838 maj
2496 2775 2674 2822 orem
2694 2759 3165 2841 perfectionem,
3191 2762 3297 2825 sed
3314 2765 3573 2844 propter
3594 2762 3892 2843 majorem

2360 2883 2399 2928 a
2411 2863 2538 2929 Deo
2555 2866 3050 2947 elongationem.
3076 2868 3345 2933 lnssmus
3363 2871 3538 2933 enim
3561 2869 3719 2933 ordo
3739 2869 3893 2932 inter

2359 2987 2581 3036 omnes
2636 2973 2844 3055 magis
2897 2975 3086 3039 distat
3131 2996 3172 3039 a
3226 2976 3352 3040 Deo
3374 3025 3391 3053 ,
3444 2976 3609 3040 sicut
3659 2975 3892 3059 primus

2362 3080 2645 3143 maxime
2672 3083 3144 3166 appropinquat
3174 3105 3190 3149 ε
3222 3088 3287 3148 et
3304 3085 3456 3166 quia
3483 3084 3687 3150 homo
3715 3083 3895 3168 pluri-

2356 3187 2478 3251 bus
2511 3189 2819 3268 gradibus
2842 3196 3034 3255 natus
3069 3196 3164 3255 est
3184 3192 3416 3257 distare
3445 3212 3483 3256 a
3509 3192 3640 3259 Deo
3660 3242 3677 3272 ,
3708 3213 3891 3276 quam

2357 3296 2658 3377 angelus,
2700 3297 2846 3361 licet
2869 3318 2953 3363 ex
2980 3300 3201 3364 divina
3238 3302 3673 3365 misericordia
3700 3303 3888 3366 factus

2356 3402 2436 3466 sit
2461 3403 2521 3465 ei
2548 3404 2756 3485 magis
2784 3406 3153 3488 proximus;
3187 3408 3329 3472 ideo
3365 3413 3539 3472 tenet
3574 3410 3886 3474 decimum

2354 3509 2598 3590 locum,
2628 3517 2702 3575 ut
2729 3513 2819 3577 sic
2844 3514 3246 3595 ostendatur,
3277 3517 3451 3599 quod
3475 3518 3745 3582 excedat
3777 3535 3885 3581 an-

2356 3619 2542 3697 gelus
2586 3619 2917 3685 hominem
2966 3640 3081 3705 per
3137 3627 3467 3703 naturam3
3530 3625 3883 3689 ostendatur

2354 3725 2546 3788 etiam
2572 3726 2997 3792 nihilominus
3021 3737 3337 3812 quantum
3362 3731 3527 3796 Deus
3552 3733 3677 3796 sibi
3696 3734 3881 3798 invis-

2353 3833 2664 3898 ceraverit
2681 3834 3018 3901 hominem
3042 3857 3157 3920 per
3194 3840 3711 3905 misericordiam.

2841 4153 3196 4232 QUAESTIO
3231 4157 3397 4224 vlu.

2397 4327 2493 4384 An
2517 4343 2692 4386 omnes
2717 4330 2903 4402 angeli
2926 4332 3153 4403 ejusdem
3179 4334 3385 4392 ordinis
3408 4339 3525 4394 sint
3548 4339 3773 4412 aequales
3786 4338 3823 4395 ⁸.

2427 4502 2514 4568 De
2540 4504 2872 4571 ordinibus
2907 4509 3291 4589 angelorum
3323 4511 3393 4577 in
3419 4517 3871 4599 comparatione
3907 4541 3966 4587 u
3979 4551 4058 4596 opp.

2346 4609 2423 4675 ad
2453 4629 2645 4677 suum
2688 4615 3087 4696 oppositum3
3119 4623 3183 4682 et
3208 4623 3301 4684 est
3331 4623 3636 4703 quaestio,
3667 4629 3871 4689 utrum

2345 4715 2415 4779 in
2447 4718 2698 4799 angelis
2726 4722 2883 4786 ordo
2910 4726 3331 4807 compatiatur
3356 4747 3579 4794 secum
3620 4732 3872 4814 aequali-

2346 4828 2568 4890 tatem.
2601 4826 2679 4892 Et
2704 4828 2879 4911 quod
2904 4831 3027 4911 sic,
3070 4832 3323 4898 videtur
3346 4855 3461 4918 per
3484 4837 3865 4921 Dionysium.

2343 4928 2505 4995 Dicit
2540 4935 2714 4997 enim
2760 4935 3101 5021 Dionysius
3143 4943 3314 5025 quod
3356 4945 3444 5007 illi
3484 4948 3601 5029 qui
3639 4949 3868 5012 suntin

2342 5057 2474 5103 una
2502 5040 2861 5108 hierarchia
2881 5094 2896 5122 ,
2924 5049 3381 5132 aequipotentes
3408 5060 3559 5119 sunt
3589 5079 3604 5121 :
3636 5058 3739 5121 sed
3765 5055 3865 5139 qui

2339 5152 2492 5212 sunt
2533 5151 2993 5234 aequipotentes
3009 5204 3027 5234 ,
3065 5163 3216 5223 sunt
3245 5162 3524 5244 aequales
3559 5185 3575 5229 ε
3615 5183 3766 5247 ergo
3799 5164 3863 5228 in

2340 5308 2550 5375 Brulet„
2580 5312 2621 5361 ΙΙ
2652 5312 2811 5372 Sent„
2840 5315 2959 5367 dist.
2986 5329 3062 5383 lx,
3091 5330 3285 5386 q.v111;
3314 5322 3468 5375 Gabr.
3495 5326 3619 5392 Biel,
3646 5327 3689 5376 11
3712 5327 3858 5390 Scan,

2339 5379 2454 5434 diet.
2480 5393 2567 5447 rx,
2596 5396 2647 5448 q.
2672 5395 2718 5448 1,
2746 5389 2842 5437 art.
2863 5388 2923 5450 3,
2953 5388 3143 5442 dub.6.
