4125 6225
1117 522 1493 593 DISTINCT.
1541 524 1642 590 IX.
1687 522 1868 589 ART.
1914 522 1963 588 Ι.
2010 520 2311 601 QUAEST.
2351 521 2453 591 IX.

190 662 476 729 minibus
487 666 803 746 competat
819 662 973 727 ordo
987 665 1426 746 pernaturam.
1443 658 1624 738 Quod
1640 659 1720 743 (a)

188 774 242 837 si
278 776 352 838 tu
378 771 549 837 dicas
583 770 756 855 quod
793 771 1093 854 competit
1127 769 1218 835 eis
1263 788 1378 853 per
1410 767 1722 852 gratiam;

191 879 466 947 Contra:
501 879 712 944 Gratia
736 878 1171 962 praesupponit
1197 882 1494 942 naturam
1521 895 1537 936 2
1570 892 1729 957 ergo

189 990 254 1065 et
295 988 453 1053 ordo
498 986 724 1069 gratiae
737 1035 756 1067 ‚
803 986 1095 1052 ordinem
1139 988 1389 1050 naturae
1420 1003 1435 1046 ε
1476 1000 1634 1065 ergo
1674 981 1729 1047 si

189 1114 322 1160 non
350 1099 445 1161 est
471 1096 626 1160 ordo
649 1099 900 1160 natnrae
925 1143 944 1175 ,
968 1112 1089 1158 nec
1112 1095 1362 1176 gratiae.

272 1202 433 1268 Item
497 1202 749 1267 ordines
804 1202 1185 1284 angelorum
1243 1199 1731 1282 distinguuntur

119 1320 124 1327 '
191 1329 388 1394 penes
409 1310 544 1377 vim
568 1309 1124 1393 contemplativam
1145 1357 1164 1389 ,
1193 1310 1258 1373 et
1275 1308 1415 1372 vim
1435 1303 1733 1371 adminis-

192 1418 494 1483 trativam
526 1440 541 1483 :
572 1417 679 1482 sed
720 1417 790 1482 in
837 1417 1178 1482 animabus
1220 1415 1430 1481 exutis
1467 1432 1602 1480 non
1639 1415 1734 1479 est

193 1543 435 1608 ponere
464 1526 601 1592 vim
637 1524 1208 1590 administrativam
1238 1543 1255 1586 ι
1283 1541 1441 1606 ergo
1470 1540 1589 1587 nec
1625 1539 1734 1586 or—

193 1631 422 1698 dinum
448 1632 934 1698 distinctionem.

276 1739 437 1805 Item
462 1791 482 1820 ,
522 1741 579 1805 si
622 1745 899 1824 ponatur
947 1740 1103 1806 ordo
1147 1739 1218 1803 in
1263 1738 1471 1821 gloria
1491 1786 1509 1818 ,
1552 1738 1737 1802 dehet

193 1848 349 1931 poni
377 1848 532 1913 ordo
573 1848 1070 1933 correspondens
1105 1848 1432 1914 ordinibus
1474 1847 1737 1931 repertis

192 1954 266 2018 in
307 1955 414 2019 via
448 1974 649 2038 :ergo
697 1975 849 2021 cum
890 1956 961 2020 in
1007 1956 1174 2021 clero
1221 1956 1347 2020 sint
1386 1954 1574 2020 multi
1624 1972 1737 2019 or-

194 2061 376 2126 dines
396 2112 414 2142 ,
458 2063 527 2127 in
555 2064 869 2145 religiosis
904 2068 1053 2127 sunt
1077 2065 1269 2128 etiam
1300 2062 1522 2127 multae
1559 2061 1739 2127 ordi-

193 2188 358 2235 num
411 2171 871 2251 distinctiones,
919 2172 989 2236 in
1030 2173 1263 2236 sanctis
1311 2172 1502 2236 etiam
1551 2169 1738 2235 multi

193 2280 449 2344 ordines
464 2328 483 2360 ,
519 2283 594 2345 ut
620 2280 775 2344 ordo
801 2279 1305 2362 patriarcharum
1326 2327 1344 2359 ,
1388 2279 1738 2362 propheta-

193 2406 344 2453 rum
356 2436 375 2467 ‚
403 2387 834 2471 apostolorum
851 2408 869 2466 3
892 2391 1037 2466 etc.;
1069 2386 1325 2454 videtur
1342 2385 1515 2469 quod
1534 2385 1737 2450 multo

192 2497 414 2580 plures
438 2500 651 2561 essent
688 2496 939 2561 ordines
963 2495 1306 2561 hominum
1323 2544 1342 2576 ,
1378 2512 1577 2578 quam
1612 2513 1739 2561 an-

191 2601 517 2684 gelorum.

741 2798 1190 2867 CONCLUSIO.

191 2956 342 3012 Inter
387 2955 625 3010 hanzines
661 2957 944 3027 proesentis
994 2957 1170 3011 status
1224 2968 1333 3011 non
1386 2958 1465 3011 eet
1511 2957 1735 3027 proprie

262 3043 517 3101 ordinum
541 3043 849 3115 distinctio,
875 3045 1000 3100 licet
1026 3045 1203 3114 officia
1230 3047 1283 3099 et
1320 3047 1498 3101 stanes
1526 3045 1737 3119 profes-

258 3137 473 3192 sionum
490 3133 807 3191 ordinentur
826 3137 887 3189 in
904 3134 1145 3190 Ecclesia
1160 3152 1178 3189 ε
1198 3136 1353 3205 quia,
1379 3136 1625 3206 quamvis
1652 3132 1730 3208 (b)

259 3227 409 3282 inter
443 3239 528 3282 ecc
565 3225 908 3281 nanti-alium
949 3228 1002 3280 et
1040 3225 1408 3294 qramitorum
1439 3224 1732 3297 praes-eel-

263 3315 441 3372 lentz‘a
482 3318 809 3389 reperiatur,
841 3317 985 3371 inter
1020 3329 1078 3371 se
1122 3318 1302 3373 tamen
1338 3322 1400 3371 ut
1433 3314 1736 3388 plurimum

260 3403 371 3460 haec
396 3419 506 3460 non
542 3404 969 3477 correspondent.

266 3572 460 3657 Resp.
503 3574 585 3639 ad
624 3574 786 3656 Arg.
831 3573 1180 3638 Dicendum
1207 3574 1378 3657 quod
1397 3622 1416 3654 ,
1463 3591 1614 3638 cum
1654 3574 1736 3639 ad

185 3682 532 3765 perfectam
559 3682 874 3747 rationem
895 3681 1138 3747 ordinis
1162 3687 1547 3746 concurrant
1571 3699 1735 3765 [1181-

186 3789 479 3854 cellentia
505 3790 898 3855 naturalium
924 3792 990 3855 et
1005 3789 1437 3873 gratuitorum
1462 3790 1582 3854 sibi
1598 3808 1734 3855 cor·

184 3899 711 3983 respondentium
734 3945 751 3976 ,
785 3897 856 3962 in
881 3898 975 3962 eis
991 3898 1200 3961 solum
1228 3897 1484 3981 proprie
1506 3902 1734 3981 011101-

181 4005 347 4072 fecte
378 4009 475 4070 081
500 4023 736 4089 ponere
774 4005 1071 4070 ordinum
1113 4005 1577 4071 distinctionem
1598 4055 1617 4087 ,
1659 4007 1734 4072 in

181 4114 427 4198 quibus
453 4117 547 4178 est
572 4113 714 4178 haec
755 4112 885 4177 duo
912 4109 1112 4177 simul
1151 4114 1598 4179 concurrentia
1620 4133 1732 4180 re-

177 4227 418 4310 perire.
446 4224 760 4304 Quoniam
794 4242 952 4307 ergo
977 4224 1047 4289 in
1073 4225 1319 4307 angelis
1343 4225 1552 4308 gratia
1583 4244 1730 4291 cor-

176 4335 524 4418 respondet
559 4338 812 4398 naturae
833 4382 850 4411 ,
882 4337 945 4397 et
971 4334 1162 4398 creati
1187 4334 1433 4399 suntin
1460 4338 1728 4401 natura-

173 4441 346 4507 lium
376 4440 797 4523 praecellentia
817 4490 834 4520 ,
864 4444 929 4505 et
951 4441 1291 4507 beatificati
1321 4441 1389 4506 in
1415 4442 1730 4509 differenti

174 4550 504 4615 donorum
544 4548 1014 4632 praerogafiva3
1052 4547 1209 4612 hinc
1243 4550 1535 4633 estquod
1576 4570 1728 4634 pro-

172 4658 320 4741 prie
346 4661 444 4721 est
470 4653 539 4720 in
560 4657 652 4721 eis
668 4661 733 4721 et
755 4656 934 4733 ordo,
956 4660 1018 4720 et
1035 4656 1415 4735 hierarchia,
1442 4660 1725 4725 maxime

172 4785 336 4832 cum
378 4765 489 4831 illa
540 4764 971 4849 praerogativa
1020 4764 1109 4827 ita
1154 4763 1385 4830 habeat
1435 4766 1726 4832 stabilem

170 4873 690 4959 permanentiam
731 4878 795 4938 et
827 4872 1293 4938 distinctionem
1314 4922 1333 4954 ,
1375 4874 1546 4956 quod
1583 4876 1725 4940 nul-

165 4981 308 5047 lam
360 4981 652 5046 admittat
704 4980 1168 5046 contusionem.
1223 4979 1298 5044 ln
1346 4981 1753 5052 hominibus

167 5109 337 5158 vero
359 5138 379 5170 ,
408 5089 527 5154 etsi
555 5088 635 5152 sit
659 5088 938 5172 reperire
966 5089 1458 5172 praecellentiam
1490 5089 1557 5154 in
1599 5110 1720 5156 na-

165 5198 496 5265 turalibus
511 5246 531 5277 ,
560 5201 624 5262 et
643 5198 840 5263 etiam
870 5198 944 5262 in
964 5196 1299 5280 gratuitis,
1329 5200 1546 5261 tamen
1581 5198 1724 5264 haec

169 5305 310 5371 duo
353 5309 429 5370 ut
467 5304 823 5388 plurimum
864 5305 985 5369 sibi
1020 5324 1153 5370 non
1182 5306 1718 5388 correspondent:

167 5413 339 5497 quia
353 5412 471 5478 ubi
487 5414 712 5478 melior
733 5418 826 5479 est
844 5415 1078 5480 natura
1090 5462 1110 5491 ,
1129 5414 1493 5498 frequenter
1507 5414 1724 5478 minor

236 5539 308 5604 (α)
351 5537 476 5589 Coet.
507 5537 633 5589 edit.
667 5521 874 5597 01118.-
896 5537 964 5604 (b)
989 5540 1118 5591 coet.
1147 5539 1269 5593 edit.
1298 5539 1432 5591 deest
1462 5539 1717 5603 quamvis.

3253 524 3370 590 483

1836 662 1932 724 est
1951 660 2192 741 gratia3
2223 665 2287 725 et
2312 660 2422 744 qui
2448 659 2638 726 hodie
2663 660 2875 725 minor
2897 661 3078 726 estin
3108 661 3367 742 merito,

1835 784 1975 832 cras
2000 766 2282 831 fortassis
2306 767 2424 832 erit
2463 769 2670 850 major
2694 767 2765 832 in
2801 767 3086 850 praemio.
3131 765 3277 833 Ideo
3302 766 3374 832 in

1836 872 2208 938 hominibus
2220 874 2573 940 secundum
2591 877 2828 939 statum
2844 880 3223 959 praesentem
3242 893 3373 939 non

1838 983 1934 1054 est
1975 981 2229 1065 proprie
2283 982 2582 1048 ordinum
2645 984 2963 1048 distinctio
3020 982 3374 1048 secundum

1838 1088 2120 1168 gratuita
2141 1138 2159 1169 ,
2201 1089 2347 1155 licet
2372 1091 2587 1175 aliquo
2624 1091 2812 1157 modo
2849 1092 3205 1157 secundum
3233 1109 3378 1157 auc-

1837 1196 2142 1279 toritates,
2167 1201 2230 1263 et
2255 1200 2462 1264 officia
2479 1247 2496 1278 ,
2539 1205 2603 1266 et
2642 1204 2845 1266 status
2888 1201 3375 1285 professionum,

1841 1303 2169 1369 ordinetur
2187 1304 2482 1372 Ecclesia.
2505 1307 2852 1373 Dicendum
2875 1312 2970 1373 est
2987 1308 3188 1390 igitur
3205 1309 3379 1392 quod

1840 1412 2096 1495 proprie
2134 1416 2199 1478 et
2226 1415 2496 1498 perfecte
2520 1414 2591 1479 in
2619 1415 2770 1480 solis
2809 1415 3057 1498 angelis
3089 1415 3382 1499 ponenda

1843 1525 1937 1587 est
1965 1523 2282 1590 distinctio
2309 1525 2610 1591 ordinum
2633 1548 2650 1605 ;
2686 1526 2755 1592 in
2777 1526 3151 1592 hominibus
3183 1545 3339 1593 vero
3360 1577 3377 1608 ,

1842 1633 1959 1697 etsi
1984 1632 2200 1718 aliquo
2230 1636 2421 1701 modo
2452 1638 2807 1721 reperiatur
2832 1637 2900 1702 in
2928 1637 3253 1722 praesenti,
3274 1654 3377 1702 re-

1844 1739 2090 1822 peritur
2111 1742 2472 1826 imperfecte
2494 1746 2560 1809 et
2581 1743 2846 1824 incerte;
2874 1745 2945 1809 in
2968 1745 3183 1811 futuro
3202 1763 3382 1827 vero,

1845 1849 2142 1931 quamvis
2200 1851 2554 1935 reperiatur
2608 1852 2945 1934 stabiliter,
2988 1872 3122 1918 non
3168 1858 3386 1919 tamen

1844 1955 2161 2038 reperitur
2196 1959 2513 2042 undique,
2554 1962 2629 2026 ut
2672 1961 2763 2025 sic
2803 1964 3089 2045 oporteat
3127 1979 3236 2026 eos
3275 1962 3387 2045 qui

1845 2063 2219 2146 praecellunt
2246 2066 2313 2129 18
2340 2067 2578 2149 gratia,
2626 2068 2989 2151 praecellere
3017 2069 3088 2133 in
3129 2072 3382 2133 natura.

1924 2170 2023 2235 Ex
2075 2172 2177 2237 his
2229 2178 2403 2257 patet
2452 2176 2780 2257 responsio
2835 2176 2917 2241 ad
2978 2177 3254 2241 rationes
3307 2176 3388 2242 ad
3416 2220 3550 2277 ΜΡ,
3570 2220 3627 2266 ,d

1845 2280 2191 2363 utramque
2208 2285 2475 2364 partem.
2494 2282 2792 2347 Rationes
2814 2287 3029 2347 autem
3049 2283 3389 2366 probantes
3415 2296 3627 2404 3353

1846 2386 2018 2467 qnod
2045 2405 2179 2451 non
2206 2388 2415 2452 solum
2443 2388 2688 2470 angelis
2731 2390 3032 2472 competit
3062 2389 3216 2454 ordo
3237 2438 3257 2467 ,
3290 2388 3390 2453 10-
3415 2416 3557 2467 pute.

1846 2498 2137 2575 quuntur
2150 2494 2231 2559 de
2242 2496 2468 2560 ordine
2479 2496 2838 2562 secundum
2853 2496 3390 2580 qualemcumque

1846 2600 2332 2683 completionem
2346 2651 2367 2683 ,
2413 2603 2548 2669 sive
2591 2604 2927 2688 perfectam
2949 2651 2968 2684 ,
3012 2603 3148 2668 sive
3192 2605 3390 2669 semi-

1845 2705 2124 2789 plenam.
2152 2708 2450 2774 Rationes
2475 2724 2631 2777 11010
2655 2711 2735 2776 ad
2776 2711 3143 2794 oppositum
3171 2717 3387 2776 osten-

1845 2813 2063 2880 dentes
2089 2816 2261 2899 quod
2290 2816 2358 2882 in
2379 2817 2753 2883 hominihus
2775 2837 2908 2884 808
2928 2818 3010 2883 sit
3037 2819 3218 2897 ordo,
3239 2837 3390 2902 pro·

1846 2924 2078 2989 cedunt
2094 2925 2220 2991 alia
2236 2927 2347 2991 via
2372 2946 2388 2989 2
2420 2946 2552 2993 non
2578 2927 2753 2993 enim
2780 2927 3192 3008 concludunt,
3214 2929 3386 3012 quod

1844 3029 2060 3094 nullus
2090 3031 2171 3095 sit
2207 3033 2299 3096 ibi
2340 3033 2531 3115 ordo,
2579 3034 2689 3098 sed
2717 3035 2887 3118 quod
2927 3033 3066 3120 ipsa
3100 3036 3389 3101 humana

1844 3142 2081 3204 natura
2109 3158 2242 3205 808
2268 3140 2500 3206 11811081
2519 3146 2761 3207 tantam
2788 3141 3091 3208 ordinum¹
3124 3143 3388 3210 distinc-

1842 3246 2117 3325 tionem,
2151 3252 2459 3330 quantam
2487 3249 2680 3314 habet
2706 3249 2996 3332 angelica
3017 3298 3036 3329 ‚
3067 3249 3221 3334 quia
3246 3251 3389 3317 haec

1842 3353 2035 3420 1181101
2066 3356 2467 3423 solummodo
2508 3376 2621 3440 per
2646 3359 2991 3441 quamdam
3028 3360 3390 3426 conforma-

1843 3461 2192 3528 tionem-ad
2219 3464 2418 3528 illam.
2470 3463 2583 3529 Illa
2618 3469 2832 3531 tamen
2870 3465 3030 3530 ratio
3070 3485 3203 3532 non
3232 3486 3388 3533 con-

1843 3569 2039 3635 cludit
2072 3593 2090 3637 :
2128 3594 2160 3632 α
2212 3569 2353 3637 Νο8
2399 3576 2493 3637 est
2543 3571 2634 3635 ibi
2677 3571 2834 3638 ordo
2885 3591 2998 3657 per
3044 3580 3341 3639 naturam
3362 3624 3382 3656 ,

1842 3695 2004 3760 ergo
2020 3695 2150 3744 non
2164 3697 2278 3763 per
2294 3681 2593 3761 gratiam.
2613 3700 2644 3739 ¹>
2673 3679 2833 3745 Cum
2850 3681 3027 3746 enim
3044 3699 3175 3746 non
3195 3700 3385 3765 opor-

1840 3787 1971 3850 teat
1995 3787 2274 3868 gratiam
2301 3787 2624 3871 adaequari
2654 3790 2905 3852 naturae
2927 3835 2944 3865 ‚
2974 3806 3109 3853 808
3139 3793 3388 3871 oportet

1842 3893 2131 3959 ordinem
2178 3895 2405 3976 gratiae
2450 3912 2944 3979 praempponere
2987 3895 3279 3961 ordinem
3315 3896 3385 3960 in

1841 4006 2106 4081 natura3
2148 4003 2445 4086 quamvis
2475 4004 2685 4085 gratia
2709 4008 3163 4087 praesupponat
3192 4009 3384 4070 natu-

1842 4126 2005 4190 ram,
2035 4110 2199 4175 sicut
2219 4111 2510 4176 accidens
2527 4112 2963 4195 praesupponit
2991 4114 3379 4195 subjectum.

1842 4214 1920 4282 Et
1946 4218 2101 4300 quia
2129 4218 2340 4300 gratia
2377 4223 2596 4284 nostra
2640 4220 2986 4284 conformis
3016 4225 3115 4286 est
3150 4222 3380 4304 grau’ae

1841 4323 2223 4407 angelorum
2236 4373 2255 4406 ,
2286 4325 2584 4408 quamvis
2613 4331 2850 4392 natura
2885 4331 3102 4391 nostra
3126 4346 3258 4393 non
3301 4331 3383 4394 sit

1840 4434 1897 4515 ej
1907 4433 2130 4498 usdem
2154 4435 2388 4518 speciei
2419 4453 2568 4499 cum
2601 4452 2828 4499 001881
2856 4439 3118 4515 natura;
3153 4436 3296 4502 ideo
3324 4438 3383 4504 si

1840 4558 1969 4622 qua
1993 4540 2066 4604 in
2103 4541 2290 4606 nobis
2318 4540 2438 4606 erit
2463 4540 2761 4606 ordinum
2787 4541 3102 4608 distinctio
3123 4592 3143 4623 ,
3170 4549 3379 4611 atten-

1839 4648 2019 4715 ditur·
2043 4668 2154 4735 per
2192 4651 2697 4716 conformitatem
2732 4651 2812 4716 ad
2835 4650 3089 4716 ordines
3130 4655 3380 4746 angeli-

1839 4787 1946 4833 cos
1992 4791 2008 4833 z
2047 4768 2191 4833 ideo
2248 4786 2379 4832 non
2434 4766 2746 4851 oportebit
2797 4767 3015 4851 plures
3064 4772 3129 4834 et
3176 4788 3379 4838 novos

1837 4875 2094 4940 ordines
2149 4893 2233 4940 ex
2280 4874 2651 4940 hominibus
2696 4894 2865 4955 esse,
2923 4876 3047 4940 nisi
3099 4877 3379 4945 fortassis

1838 4980 2158 5046 decimum
2176 5030 2195 5061 ,
2234 4981 2352 5064 qui
2390 4982 2470 5046 ad
2510 4982 2893 5064 angelorum
2929 4983 3377 5065 perfectionem

1835 5107 1970 5153 non
2015 5088 2246 5172 poterit
2288 5089 2644 5172 pervenire.
2701 5085 2836 5154 Hoc
2886 5092 3104 5155 tamen
3125 5141 3144 5171 ,
3201 5095 3375 5176 quod

1833 5213 2011 5260 nunc
2045 5196 2289 5260 dictum
2315 5204 2410 5261 est
2429 5244 2447 5273 ‚
2494 5195 2767 5260 dubium
2794 5200 2887 5259 est
2916 5215 2935 5260 z
2966 5204 3029 5261 et
3070 5196 3375 5281 Magister

1834 5320 1968 5368 non
1990 5302 2243 5368 videtur
2268 5307 2625 5387 acceptare,
2653 5303 2985 5386 quamvis,
3014 5305 3179 5371 sicut
3204 5325 3375 5390 [11εο-

1834 5411 2079 5475 dictum
2124 5410 2248 5474 fuit
2264 5459 2282 5488 ,
2323 5410 2617 5477 videatur
2658 5411 2812 5475 satis
2855 5413 3201 5495 probabile.
3245 5413 3374 5484 Nec

1831 5517 1942 5585 ffla
1967 5520 2131 5586 ratio
2155 5522 2327 5603 cogit
2351 5520 2427 5586 de
2454 5521 2520 5587 vi
2550 5521 3089 5606 administrativa3
3120 5528 3277 5610 quia
3300 5528 3372 5593 in
