4125 6225
644 369 766 430 ‘246

647 506 887 579 autem,
916 498 1149 564 scilicet
1174 495 1341 580 quod
1371 489 1651 556 muudus
1685 487 1961 553 totaliter
1990 498 2030 550 a
2056 485 2183 550 Deo

647 607 1061 690 producatur,
1089 606 1263 713 patet
1284 620 1366 666 ex
1392 598 1516 664 alio
1541 595 1951 679 problemate.

1187 849 1635 921 CONCLUSIO.

650 1025 780 1082 Cum
805 1038 890 1081 res
909 1037 1081 1080 omnes
1102 1022 1167 1078 de
1186 1020 1360 1077 nihilo
1385 1016 1657 1090 productae
1673 1015 1902 1083 fuer-int,
1934 1011 2187 1082 implicat

717 1114 890 1169 dicere
931 1111 1186 1168 mundum
1232 1109 1303 1167 ab
1340 1110 1538 1163 (πει-πο
1578 1103 1898 1177 productum
1939 1102 2105 1170 fuisse
2147 1116 2185 1153 a

712 1203 990 1274 principio
1014 1217 1114 1272 per
1138 1200 1470 1256 voluntatem
1498 1198 1705 1265 apeme,
1743 1196 1793 1247 et
1822 1207 1930 1246 non
1957 1194 2186 1246 natura-

720 1293 846 1347 liter
872 1294 1127 1363 operante
1153 1289 1192 1344 ¹.

726 1463 911 1547 Resp.
971 1464 1052 1528 ad
1108 1464 1270 1545 Arg.
1326 1459 1672 1526 Dicendum
1722 1457 1894 1540 quod
1947 1470 2184 1537 ponere

645 1572 962 1637 mundum
985 1576 1302 1635 aeternum
1322 1588 1478 1647 esse,
1497 1567 1630 1630 sive
1645 1563 2021 1631 aeternaliter
2038 1579 2183 1643 pro-

644 1680 932 1758 ductum,
967 1679 1258 1761 ponendo
1296 1694 1399 1740 tes
1425 1691 1649 1739 omnes
1690 1690 1771 1736 ex
1799 1669 1998 1733 nihilo
2025 1687 2181 1751 pro-

644 1786 885 1863 ductaS‚
915 1785 1177 1849 omnino
1217 1786 1312 1847 est
1351 1785 1570 1845 contra
1597 1777 1931 1845 veritatem
1973 1779 2036 1840 et
2074 1793 2183 1838 ra-

642 1892 918 1969 tionem,
959 1892 1123 1955 sicut
1161 1889 1388 1953 ultima
1427 1886 1587 1950 ratio
1624 1884 1875 1967 probat3
1920 1886 1984 1945 et
2023 1882 2181 1944 adeo

644 2005 864 2065 contra
885 1999 1223 2072 rationem,
1250 2000 1324 2060 ut
1346 1993 1598 2057 nullum
1627 1989 2176 2073 philosophorum,

641 2111 1234 2191 quantumcumque
1269 2101 1451 2185 parvi
1486 2099 1857 2175 intellectuS‚
1894 2097 2179 2161 credide-

642 2214 768 2278 rim
802 2213 924 2277 hoc
968 2213 1291 2295 posuisse:
1332 2208 1455 2274 hoc
1490 2209 1662 2271 enim
1704 2206 1986 2288 implicat
2013 2206 2081 2269 in
2112 2223 2180 2268 se

642 2321 1043 2386 manifestam
1087 2317 1672 2385 contradictionem.
1696 2313 1938 2378 Ponere
1964 2317 2179 2376 autem

642 2431 959 2496 mundum
978 2433 1315 2506 aeternum,
1343 2422 1805 2508 praesupposita
1827 2421 2180 2485 aeternitate

642 2539 950 2618 materiae,
977 2534 1345 2600 rationabile
1379 2533 1634 2596 videtur
1658 2533 1719 2593 et
1756 2528 2176 2609 intelligibile,

641 2649 704 2711 et
714 2646 838 2711 hoc
855 2645 1084 2727 duplici
1106 2641 1420 2724 exemplo,
1446 2639 1754 2721 Egressus
1768 2639 1941 2701 enim
1957 2655 2179 2700 rerum

641 2753 1118 2817 mundanarum
1136 2770 1174 2814 a
1192 2750 1340 2830 Deo,
1369 2753 1462 2812 est
1480 2765 1595 2830 per
1611 2746 1878 2811 modum
1894 2744 2177 2826 vestigii.

643 2859 821 2925 Unde
848 2862 872 2896 ¹
897 2860 950 2923 si
980 2877 1091 2942 pes
1123 2862 1285 2922 esset
1311 2859 1610 2934 aeternus,
1640 2858 1702 2919 et
1720 2853 1933 2936 pulvis
1958 2852 2028 2916 in
2049 2870 2181 2934 quo

641 2967 954 3031 formatur
998 2966 1380 3046 vestigium,
1432 2966 1594 3028 esset
1643 2965 1925 3025 aeternus
1944 3009 1962 3040 ,
2018 2959 2182 3024 nihil

640 3073 1004 3158 prohiberet
1044 3070 1400 3155 intelligere
1438 3070 1787 3152 vestigium
1827 3067 2004 3152 pedis
2046 3085 2181 3132 esse

642 3186 1054 3258 coaeternum,
1078 3183 1140 3242 et
1155 3183 1373 3243 tamen
1400 3196 1439 3240 a
1464 3176 1623 3259 pede
1649 3194 1782 3241 esse
1806 3176 2176 3257 vestigium.

643 3285 763 3351 Per
783 3287 958 3350 hunc
976 3284 1241 3348 modum
1257 3284 1310 3346 si
1328 3284 1614 3361 materia,
1638 3283 1774 3348 sive
1791 3281 2181 3364 principium

643 3393 1016 3480 potentiale,
1066 3396 1222 3455 esset
1279 3394 1666 3454 coaeternum
1707 3389 1984 3465 auctori,
2028 3389 2182 3471 quid

590 3517 598 3526 ·
642 3498 938 3582 prohibet
979 3499 1192 3581 ipsum
1235 3496 1582 3577 vestigium
1634 3515 1769 3559 esse
1820 3498 2181 3560 aeternum?

641 3606 775 3669 imo
801 3605 1054 3669 videtur
1079 3621 1462 3684 congruum.
1491 3602 1735 3666 Rursus
1760 3603 1931 3668 aliud
1958 3621 2182 3667 exem-

642 3714 844 3795 plum.
894 3709 1238 3777 Rationalis
1274 3711 1445 3774 enim
1485 3714 1776 3775 creatura
1818 3711 2099 3793 procedit
2143 3731 2182 3775 a

643 3819 792 3896 Deo,
823 3823 897 3883 ut
918 3820 1152 3884 umbra
1170 3841 1186 3897 ;
1205 3818 1404 3882 Filius
1427 3817 1727 3900 procedit,
1753 3823 1826 3881 ut
1848 3817 2176 3900 splendor:

644 3927 751 3990 sed
776 3943 972 4008 quam
994 3926 1116 3989 cito
1140 3930 1234 3989 est
1253 3926 1392 4003 lux,
1419 3925 1631 3989 statim
1649 3929 1751 3988 est
1774 3925 2089 4007 splendor,
2120 3929 2181 3990 et

644 4034 857 4098 statim
894 4035 990 4098 est
1014 4035 1275 4112 umbra,
1307 4033 1362 4096 si
1397 4034 1476 4096 sit
1514 4051 1779 4114 corpum
1817 4050 2090 4114 opacum
2119 4033 2180 4097 ei

647 4143 987 4224 objectum.
1025 4140 1091 4205 Si
1118 4158 1275 4222 ergo
1301 4140 1564 4204 materia
1582 4144 1896 4204 coaeterna
1916 4144 2010 4203 est
2033 4159 2181 4204 auc-

646 4249 791 4326 tori,
814 4253 1120 4331 tanquam
1136 4266 1406 4330 opacum
1430 4247 1558 4311 luci
1578 4265 1597 4326 3
1622 4247 1784 4309 sicut
1808 4248 2182 4314 rationabile

645 4362 744 4422 est
780 4375 1014 4439 ponere
1055 4356 1313 4432 Filium,
1344 4355 1456 4438 qui
1497 4360 1590 4419 est
1624 4355 1918 4437 splendor
1955 4355 2178 4437 Patris„

649 4467 1061 4540 coaeternum,
1086 4464 1175 4527 ita
1194 4463 1564 4528 rationabile
1584 4463 1839 4528 videtur
1858 4469 2184 4529 creaturas

648 4571 788 4634 sive
813 4571 1149 4640 mundum.
1179 4571 1291 4653 qui
1316 4574 1411 4634 est
1438 4571 1672 4634 umbra
1696 4591 1970 4636 summas
1996 4573 2179 4653 luciS,

649 4697 785 4742 esse
816 4683 1131 4742 aeternum
1161 4702 1175 4742 ε
1203 4682 1265 4742 et
1290 4679 1502 4758 magis
1528 4678 1831 4743 rationale
1858 4684 1952 4744 est
1986 4699 2184 4762 quam

650 4805 843 4850 suum
867 4785 1249 4869 oppositum,
1270 4785 1502 4848 scilicet
1527 4786 1697 4866 quod
1717 4788 1980 4851 materia
2004 4793 2187 4854 aeter-

651 4894 881 4958 naliter
928 4894 1119 4959 fuerit
1182 4895 1577 4977 imperfecta,
1634 4897 1772 4961 sine
1827 4899 2032 4963 forma
2085 4902 2185 4965 vel

653 5000 870 5065 divina
915 5001 1282 5082 influentia,
1325 5002 1489 5067 sicut
1531 5009 1886 5085 posuerunt
1925 5008 2187 5088 quidam

653 5107 1217 5191 philosophorum:
1275 5113 1340 5174 et
1387 5110 1543 5175 adeo
1597 5111 2032 5180 rationabilius
2047 5162 2067 5195 ,
2117 5121 2189 5180 ut

718 5273 737 5307 ¹
772 5274 856 5336 Cf.
885 5277 1036 5338 Aug„
1062 5276 1146 5326 vel
1175 5276 1345 5340 potius
1382 5277 1633 5342 Fulgent.,
1675 5277 1736 5327 de
1779 5278 1904 5327 Fide
1939 5279 2007 5329 ad
2025 5282 2186 5344 Peir„

654 5355 703 5398 ο.
732 5354 832 5409 111,
861 5357 916 5394 n.
938 5348 1028 5412 25,
1062 5345 1196 5397 inter
1213 5362 1371 5413 opera
1397 5350 1450 5402 S.
1481 5351 1631 5414 Aug„
1661 5349 1716 5400 in
1743 5351 1986 5420 append,
2015 5355 2053 5401 t.
2080 5354 2143 5402 Vl
2166 5390 2183 5419 ,

1796 348 2412 415 SENTENTIARUM
2452 348 2599 414 LIB.
2642 348 2723 415 11.

2287 484 2479 548 etiam
2495 484 2601 549 ille
2617 484 3021 551 excellentior
3036 486 3204 551 inter
3220 488 3626 573 philosophos
3646 490 3815 555 Aris-
3854 519 4069 564 m

2288 591 2527 668 toteles,
2557 592 2721 657 sicut
2760 593 2973 657 Sancti
2999 595 3360 678 imponunt,
3392 601 3453 660 et
3489 614 3818 662 commen·-

2289 701 2519 763 tatores
2544 704 2895 782 exponunt,
2925 706 2986 766 et
3009 703 3205 767 verba
3228 705 3369 784 ejus
3390 704 3813 785 praetendunt,

2289 806 2361 870 in
2405 807 2582 870 hunc
2628 825 2910 872 errorem
2962 809 3244 891 dilapsus
3286 810 3497 874 fuerit.
3551 809 3817 888 Quidam

2290 915 2503 977 tamen
2528 915 2818 978 moderni
2843 915 3062 979 dicunt
3092 914 3550 1000 Philosophum
3579 936 3818 1000 nequa-

2290 1039 2483 1105 quam
2519 1023 2678 1087 illud
2704 1023 3004 1098 sensisse,
3034 1043 3151 1088 nec
3175 1025 3515 1091 intendisse
3554 1028 3821 1108 probare

2290 1130 2460 1210 quod
2482 1130 2764 1194 mundus
2780 1131 3039 1194 omnino
3057 1150 3187 1196 non
3212 1133 3499 1215 coeperit3
3525 1133 3633 1197 sed
3651 1134 3819 1215 quod

2289 1252 2420 1300 non
2469 1238 2729 1319 coeperit
2777 1239 3049 1302 naturali
3104 1243 3304 1303 motu.
3359 1238 3536 1314 Quod
3585 1239 3820 1305 horum

2291 1345 2497 1425 magis
2541 1345 2623 1408 sit
2665 1363 2895 1410 verum
2917 1394 2933 1423 ‚
2978 1365 3100 1428 ego
3141 1349 3396 1412 nescio:
3446 1349 3570 1412 hoc
3615 1367 3815 1414 unum

2288 1450 2437 1530 scio,
2464 1451 2634 1533 quod
2665 1452 2718 1515 si
2754 1454 2964 1534 posuit
2991 1453 3307 1518 mundum
3339 1473 3468 1518 non
3494 1455 3821 1538 incoepisse

2288 1558 2642 1622 secundum
2681 1563 3002 1637 naturam,
3050 1579 3277 1625 verum
3317 1563 3562 1644 posuit,
3609 1565 3673 1627 et
3716 1582 3821 1626 ra-

2286 1664 2488 1728 tiones
2515 1667 2675 1747 ejuS,
2703 1671 2977 1750 sumptae
2995 1686 3033 1730 a
3054 1671 3233 1732 motu
3255 1673 3319 1732 ct
3338 1673 3645 1751 tempore,
3669 1674 3820 1733 sunt

2287 1771 2587 1836 efficaces
2628 1772 2695 1837 Si
2735 1779 2951 1838 autem
2990 1775 3112 1838 hoc
3153 1775 3380 1852 sensit,
3426 1776 3597 1858 quod
3638 1777 3814 1840 nullo

2285 1879 2474 1942 modo
2500 1882 2762 1963 coeperit
2778 1929 2795 1960 ,
2828 1883 3154 1947 manifeste
3180 1883 3455 1958 erravit,
3483 1884 3645 1947 sicut
3669 1885 3813 1966 plu-

2284 1985 2463 2049 ribus
2501 1987 2851 2052 rationibus
2875 1993 3197 2052 ostensum
3222 1993 3316 2053 est
3345 2008 3577 2072 supra:
3609 1993 3675 2054 et
3703 2008 3815 2053 ne-

2286 2110 2454 2155 cesse
2498 2093 2622 2157 fuit
2662 2112 2837 2174 eum,
2880 2097 2960 2158 ad
2999 2094 3324 2159 vitandam
3370 2097 3815 2161 contradictio-

2286 2215 2464 2279 nem,
2513 2217 2747 2282 ponere
2788 2207 2901 2265 aut
2944 2202 3262 2266 mundum
3302 2222 3435 2267 esse
3468 2203 3708 2268 factum
3734 2223 3812 2268 ex

2285 2308 2592 2389 tempore,
2625 2312 2898 2373 autnon
2924 2328 3059 2373 esse
3085 2311 3322 2375 factum
3353 2329 3434 2374 ex
3461 2311 3685 2375 nihilo.
3717 2312 3811 2374 Ad

2283 2414 2609 2479 vitandam
2653 2420 2869 2480 autem
2908 2417 3289 2481 infinitatem
3318 2419 3653 2497 actualem,
3700 2437 3809 2483 nc·

2285 2534 2453 2585 cesse
2479 2523 2601 2587 fuit
2625 2540 2862 2606 ponere
2897 2530 3010 2589 aut
3048 2525 3280 2591 animae
3326 2528 3649 2592 rationalis
3676 2548 3815 2594 cor-

2285 2629 2672 2710 ruptionem,
2693 2634 2808 2694 aut
2825 2631 3157 2709 unitatem,
3179 2638 3292 2697 aut
3315 2633 3810 2718 circulationem,

2285 2736 2348 2797 et
2381 2733 2469 2798 ita
2494 2737 2743 2800 auferre
2771 2737 3268 2803 beatitudinem:
3302 2739 3470 2804 unde
3496 2741 3612 2805 iste
3640 2760 3814 2806 error

2284 2844 2348 2904 et
2372 2843 2614 2906 malum
2641 2833 2829 2907 habct'
2849 2844 3127 2924 initium,
3150 2851 3211 2910 et
3229 2847 3575 2929 pessimum
3594 2850 3810 2913 finem.

3890 1934 4055 2154 er}

3904 2117 4043 2154 {-

3847 575 3903 617 lis
3915 574 4064 630 opinio

2367 2954 2427 3012 1.
2479 2948 2657 3026 Quod
2705 2969 2863 3032 ergo
2911 2953 3211 3034 objicitur
3254 2955 3464 3037 primo
3514 2956 3591 3020 de
3635 2963 3816 3023 motu
3894 2948 3908 2970 ⁴

2285 3059 2476 3140 primi
2521 3059 2803 3136 mobilis,
2843 3061 2954 3142 qui
2992 3068 3087 3126 est
3120 3064 3366 3145 primus
3389 3065 3554 3130 iuter
3594 3084 3815 3132 omnes

2286 3170 2498 3229 motus
2535 3171 2599 3229 et
2640 3168 3023 3232 mutationes
3040 3217 3058 3247 ,
3099 3170 3251 3251 quia
3293 3173 3808 3255 perfectissimus3

2284 3271 2623 3336 dicendum
2646 3274 2839 3355 quod,
2860 3275 3176 3357 loquendo
3197 3277 3273 3341 de
3295 3280 3570 3344 motibus
3586 3287 3650 3345 et
3671 3301 3814 3348 mu-

2285 3379 2631 3443 tationibus
2653 3382 3087 3461 naturalibuS,
3120 3402 3351 3447 verum
3381 3385 3556 3466 dicit,
3589 3395 3650 3453 et
3684 3407 3815 3455 non

2285 3486 2476 3550 hibet
2506 3487 2906 3567 instantiam3
2949 3489 3266 3573 loquendo
3301 3497 3519 3558 autem
3548 3497 3625 3561 de
3665 3517 3816 3562 mu-

2286 3593 2520 3657 tatione
2545 3597 3050 3677 supernaturali,
3081 3617 3196 3680 per
3221 3618 3417 3681 quam
3440 3603 3652 3684 ipsum
3678 3625 3815 3671 mo-

2287 3700 2409 3765 bile
2440 3703 2739 3784 processit
2764 3704 2831 3767 in
2859 3724 3024 3783 esse,
3056 3725 3185 3770 non
3211 3708 3406 3772 hahet
3434 3712 3766 3778 veritatem
3795 3734 3813 3778 ε

2287 3827 2438 3872 nam
2457 3811 2563 3873 illa
2588 3812 2904 3893 praecessit
2921 3831 3112 3877 omne
3131 3823 3414 3880 creatum
3435 3866 3451 3896 ,
3478 3823 3541 3882 et
3564 3819 3652 3883 ita
3680 3840 3819 3888 mo·

2288 3918 2413 3982 bile
2438 3918 2752 4002 primum,
2782 3939 2856 3984 ac
2883 3939 2995 4003 per
3018 3923 3140 3986 hoc
3167 3929 3229 3988 et
3252 3927 3392 4006 ejus
3418 3932 3693 3993 motum.

2368 4030 2430 4089 2.
2478 4026 2658 4103 Quod
2700 4027 2998 4107 objicitur
3034 4051 3049 4093 ε
3092 4028 3313 4095 Omnis
3356 4039 3568 4098 motus
3592 4037 3727 4101 exit
3751 4038 3818 4101 in

2288 4151 2424 4197 esse
2452 4153 2567 4218 per
2594 4139 2870 4215 motum3
2903 4136 3241 4202 dicendum
3263 4141 3435 4222 quod
3456 4147 3669 4208 motus
3689 4162 3816 4208 non

2288 4243 2422 4305 exit
2438 4243 2507 4305 in
2530 4260 2665 4306 esse
2695 4260 2809 4325 per
2841 4261 2906 4306 se
2925 4292 2942 4320 ,
2976 4262 3095 4308 nec
3128 4246 3195 4308 in
3223 4265 3323 4326 se,
3354 4248 3463 4311 sed
3489 4268 3639 4313 cum
3667 4252 3811 4330 ali0,

2290 4351 2448 4414 etin
2474 4350 2598 4414 alio
2639 4373 2655 4414 ε
2699 4355 2762 4414 et
2787 4352 2941 4434 quia
2984 4352 3149 4417 Deus
3187 4354 3255 4418 in
3306 4355 3526 4420 eodem
3558 4359 3818 4424 instanti

2291 4467 2523 4531 mobile
2564 4468 2743 4547 fecit,
2773 4472 2836 4531 et
2865 4475 2937 4532 ut
2975 4475 3181 4534 motor
3214 4490 3404 4554 super
3450 4475 3683 4541 mobile
3719 4477 3821 4539 in-

2291 4576 2507 4656 fluxit3
2554 4577 2697 4641 ideo
2742 4582 2991 4641 motum
3044 4581 3261 4643 mobili
3315 4584 3693 4648 concreavit.
3754 4584 3821 4649 Si

2291 4688 2507 4748 autem
2546 4699 2798 4766 quaeras
2839 4684 2917 4748 de
2957 4685 3066 4748 illa
3096 4687 3408 4752 creatione
3424 4736 3441 4767 ,
3477 4690 3815 4756 dicendum

2292 4792 2464 4874 quod
2495 4792 2581 4855 ibi
2620 4795 2788 4857 stare
2829 4797 2923 4857 cst
2965 4793 3128 4857 sicut
3167 4794 3236 4857 in
3285 4797 3540 4877 primis,
3589 4803 3655 4863 et
3700 4800 3819 4864 hoc

2292 4900 2523 4963 melius
2548 4900 2713 4965 infra
2742 4900 3000 4984 patebit.
3489 4903 3493 4907 ’

2375 5011 2434 5070 3.
2477 5009 2655 5084 Quod
2682 5008 2867 5073 tertio
2902 5008 3198 5091 objicitur
3245 5010 3323 5074 de
3362 5029 3538 5075 nunc
3582 5019 3820 5098 tempo-

2293 5114 2403 5194 riS,
2427 5120 2580 5193 etc.;
2610 5116 2951 5180 dicendum
2971 5116 3162 5198 quod,
3191 5117 3354 5182 sicut
3374 5119 3443 5182 in
3474 5120 3821 5189 circuloest

2295 5276 2418 5328 edit.
2446 5278 2665 5343 Bened.;
2696 5281 2853 5342 Aug,
2875 5278 2935 5327 de
2960 5277 3116 5328 civit.
3153 5279 3242 5329 Dei
3257 5316 3275 5343 ‚
3312 5279 3403 5330 lib.
3429 5282 3517 5334 xli
3533 5318 3548 5344 ,
3582 5297 3628 5334 c.
3648 5295 3733 5335 xv,
3757 5310 3810 5324 -

2299 5353 2322 5390 θ
2342 5351 2422 5416 Cf.
2456 5352 2606 5415 Aug„
2631 5350 2693 5400 de
2712 5352 2869 5404 civit.
2896 5350 3016 5415 Dei,
3047 5350 3136 5402 lib.
3161 5352 3234 5417 X,
3265 5365 3313 5402 c.
3333 5363 3482 5409 xxxi.
