4125 6225
1281 431 1478 499 DIST.
1514 427 1644 498 XV.
1686 429 1876 498 ART.
1919 428 1998 495 11.
2043 429 2341 508 QUAEST.
2389 431 2468 495 ΙΙ.

287 566 564 632 hominis
585 568 944 646 utilitatem,
994 567 1346 633 secundum
1369 569 1648 633 rationes
1664 585 1823 652 prae·

284 673 500 738 dictas.
535 673 902 740 Secundum
933 679 1169 740 statum
1214 680 1463 740 naturae
1489 676 1683 760 lapsae
1717 696 1826 741 or-

284 782 586 847 dinantur
627 784 747 848 ista
777 784 1082 849 animalia
1122 784 1200 848 ad
1235 785 1569 849 utilitatem
1612 786 1820 850 bomi-

283 891 420 968 nis;
453 892 563 955 sed
606 892 788 956 aliter
832 893 1073 971 bestiae,
1116 897 1180 956 et
1210 893 1391 957 aliter
1428 896 1723 975 jumenta
1762 898 1826 958 et
1861 895 1868 905 '

287 1017 540 1081 pecora.
576 998 610 1063 J
616 1003 873 1063 umenta
910 1000 1081 1065 enim
1110 1004 1173 1065 et
1198 1020 1425 1084 pecora
1449 1003 1826 1066 ordinantur

284 1105 362 1168 ad
391 1106 800 1172 relevandam
836 1107 1118 1171 bominis
1159 1108 1581 1190 indigentiam
1614 1128 1826 1192 quau-

282 1217 427 1277 tum
455 1214 534 1278 ad
560 1215 798 1292 cibum,
821 1219 884 1279 et
900 1220 1216 1298 quantum
1241 1217 1321 1280 ad
1344 1217 1822 1294 vestimentum,

284 1323 347 1383 et
388 1325 701 1401 quantum
728 1323 808 1386 ad
849 1322 1254 1405 obsequium,
1287 1323 1450 1388 sicut
1478 1328 1628 1388 sunt
1672 1325 1824 1406 equi

285 1429 348 1490 et
373 1426 561 1504 asini,
592 1431 656 1491 et
676 1433 991 1511 quantum
1013 1430 1091 1494 ad
1119 1431 1438 1509 solatium,
1462 1431 1626 1495 sicut
1653 1450 1826 1514 quae-

286 1532 435 1597 dam
464 1553 638 1615 aveS,
682 1540 746 1600 et
772 1537 988 1616 catuli,
1018 1541 1081 1600 et
1115 1538 1349 1602 similia
1389 1562 1404 1603 ε
1446 1540 1624 1602 etsie
1663 1539 1828 1602 facta

287 1645 442 1706 sunt
479 1647 737 1727 propter
762 1645 1093 1709 bominem
1124 1648 1369 1711 ratione
1405 1647 1823 1730 quadruplici.

286 1748 588 1814 Similiter
636 1752 935 1817 animalia
965 1754 1099 1818 sive
1143 1755 1360 1818 bestiae
1402 1755 1615 1819 noxiae
1658 1755 1830 1818 ordi-

285 1862 523 1923 nantur
568 1859 648 1923 ad
688 1860 1020 1925 bominem
1061 1863 1414 1926 secundum
1450 1863 1830 1945 quadrupli-

288 1983 426 2029 cem
456 1967 770 2031 rationem
797 1972 862 2032 et
888 1969 1248 2046 utilitatem,
1270 1988 1467 2052 quam
1494 1970 1673 2051 ponit
1699 1970 1833 2035 Au-

289 2074 624 2153 gustinuS,
682 2090 874 2156 super
924 2076 1209 2142 Genesim
1249 2077 1337 2142 ad
1380 2077 1695 2157 litteram,
1744 2077 1831 2141 li·-

288 2180 406 2243 bro
448 2179 569 2244 111¹
603 2183 802 2247 :dicit
841 2184 1016 2247 enim
1056 2184 1229 2267 quod
1278 2207 1308 2246 α
1346 2191 1458 2248 aut
1504 2184 1833 2266 poenaliter

288 2286 554 2367 laedunt,
593 2293 707 2352 aut
731 2290 1070 2355 salubriter
1098 2297 1417 2370 exercent,
1450 2296 1562 2355 aut
1591 2292 1835 2357 utiliter

293 2397 584 2477 probant,
606 2401 719 2461 aut
742 2398 1112 2479 ignoranter
1131 2400 1373 2464 docent.
1396 2421 1427 2459 n
1457 2400 1535 2464 Et
1555 2401 1643 2464 sic
1666 2404 1837 2483 patet
1903 2410 1907 2414 ⁴

291 2504 462 2585 quod
485 2508 618 2569 tam
645 2505 888 2584 bestiae,
915 2525 1111 2588 quam
1137 2508 1387 2589 reptilia
1413 2512 1476 2571 et
1497 2509 1792 2589 jumenta
1812 2554 1831 2587 ,

291 2611 454 2676 facta
492 2616 644 2676 sunt
678 2617 935 2697 propter
968 2613 1322 2692 hominem,
1373 2615 1507 2677 sive
1551 2614 1622 2677 in
1667 2618 1835 2678 statu

292 2718 696 2799 innocentiae,
720 2720 855 2784 sive
880 2721 950 2784 in
976 2725 1146 2784 statu
1169 2724 1418 2785 naturae
1443 2720 1659 2803 lapsae.
1689 2718 1836 2783 Pla-

293 2844 455 2890 num
481 2831 575 2891 est
603 2828 796 2891 etiam
826 2846 941 2910 per
975 2828 1099 2893 hoc
1130 2828 1286 2893 illud
1326 2828 1499 2910 quod
1538 2827 1836 2910 objicitur

300 2935 369 2996 in
395 2935 809 2999 contrarium.

384 3048 442 3106 1.
464 3042 566 3107 Ad
591 3042 747 3108 illud
774 3042 945 3106 enim
973 3041 1144 3125 quod
1164 3042 1483 3124 obJ'icitur,
1506 3043 1678 3125 quod
1702 3061 1836 3107 esse

300 3150 498 3214 finem
525 3155 619 3215 est
645 3168 904 3233 magnae
928 3150 1281 3232 dignitatis;
1304 3149 1645 3215 dicendum
1667 3150 1838 3233 quod

299 3277 529 3323 verum
569 3265 662 3324 est
709 3260 788 3324 de
828 3260 957 3323 fine
998 3256 1359 3341 principali,
1410 3257 1524 3340 qui
1559 3259 1655 3322 est
1694 3257 1840 3321 finis

301 3386 522 3434 carens
551 3372 679 3434 fine
725 3390 742 3434 ε
772 3388 904 3434 non
945 3372 1163 3432 autem
1203 3371 1297 3432 est
1334 3386 1567 3433 verum
1599 3367 1676 3431 de
1705 3369 1835 3431 fine

301 3477 413 3558 qui
439 3481 535 3540 est
558 3477 706 3540 flnis
730 3476 1010 3560 quodam
1038 3476 1248 3539 mod0.

291 3664 298 3673 .
380 3587 440 3647 2.
474 3583 573 3646 Ad
611 3584 770 3646 illud
798 3583 969 3666 quod
1005 3582 1304 3663 objicitur
1347 3581 1426 3645 de
1456 3580 1844 3646 animalibus

301 3708 434 3754 non
477 3691 834 3755 valentibus
875 3690 955 3754 ad
999 3707 1184 3753 esum
1231 3692 1295 3752 et
1339 3688 1668 3766 vestitum,
1708 3705 1843 3751 res-

301 3798 567 3881 ponderi
612 3802 814 3882 potest
858 3799 1029 3881 quod
1074 3798 1186 3861 illa
1240 3797 1388 3861 fecit
1435 3796 1633 3877 DeuS,
1692 3798 1847 3879 quia

304 3909 599 3991 praevidit
634 3908 964 3973 hominem
1011 3910 1345 3992 lapsurum
1394 3929 1410 3971 ι
1456 3912 1588 3970 esto
1628 3912 1845 3971 tamen

304 4019 475 4099 quod
514 4035 645 4081 non
683 4017 1033 4097 laberetur,
1063 4034 1194 4080 non
1222 4019 1437 4079 tamen
1468 4021 1631 4080 esset
1672 4018 1846 4081 frus-

302 4129 404 4190 tra
451 4149 468 4191 :
510 4126 818 4195 haberent
858 4126 1063 4204 enim,
1116 4126 1345 4206 praeter
1387 4124 1845 4188 relevationem

304 4232 701 4315 indigentiae,
750 4232 1232 4317 quadruplicem
1275 4231 1637 4310 utilitatem,
1682 4232 1848 4297 sicut

307 4340 801 4404 determinatum
828 4342 925 4404 est
950 4359 1167 4423 supra.

388 4452 447 4512 3.
480 4448 577 4511 Ad
601 4447 761 4510 illud
787 4446 958 4529 quod
995 4446 1294 4528 objicitur
1331 4445 1409 4510 de
1454 4444 1668 4509 bestiis
1694 4462 1840 4528 quae

308 4557 459 4618 sunt
479 4558 699 4618 contra
724 4553 1058 4617 hominem
1075 4601 1093 4631 ,
1123 4553 1464 4617 dicendum
1491 4554 1693 4636 quod,
1725 4553 1846 4618 ho-

308 4661 481 4725 mine
505 4666 732 4741 stante,
764 4658 946 4724 nulla
977 4661 1285 4725 animalia
1321 4662 1535 4743 ipsum
1564 4661 1845 4726 offende-

308 4775 473 4847 rent,
506 4770 615 4833 sed
642 4769 859 4833 omnia
889 4768 1012 4832 sibi
1051 4773 1382 4833 mansueta
1411 4774 1649 4850 essent,
1684 4773 1848 4835 sicut

310 4880 650 4963 aliquando
676 4878 893 4943 divino
920 4879 1185 4961 imperio
1211 4879 1360 4942 ferae
1390 4879 1841 4945 crudelissimae

311 4988 539 5052 sanctis
566 4987 675 5050 Dei
711 4990 1060 5050 mansuetae
1085 4986 1265 5049 factae
1293 4988 1476 5062 sunt,
1521 4991 1594 5050 ut
1634 4986 1848 5052 leones

310 5093 551 5158 Danieli
606 5112 623 5156 ι
669 5093 840 5176 quod
886 5097 1102 5158 autem
1148 5096 1449 5173 noceant,
1492 5094 1598 5158 vel
1644 5095 1846 5159 offen-

312 5201 496 5283 dant,
539 5202 662 5266 hoc
700 5204 795 5266 est
835 5206 1092 5283 propter
1130 5202 1461 5283 peccatum
1500 5201 1780 5265 hominis
1825 5220 1844 5265 τ

312 5327 444 5376 non
468 5315 723 5395 propter
737 5327 977 5375 novam
993 5308 1341 5391 potentiam
1357 5307 1448 5373 eis
1461 5311 1674 5374 datam
1691 5333 1705 5387 ;
1736 5308 1846 5374 sed

377 5437 397 5473 ²
414 5440 647 5503 August„
681 5436 744 5488 de
769 5436 891 5487 Gen.
916 5434 987 5487 ad
1012 5433 1140 5495 litt„
1169 5448 1215 5485 c.
1233 5445 1373 5498 xm,
1403 5449 1459 5486 n.
1478 5439 1558 5489 26.
1576 5461 1640 5475 -
1658 5433 1847 5501 ⁸Ibid„

3353 437 3465 498 621

1933 571 2190 649 propter
2226 566 2555 648 dignitatis
2581 565 3051 648 praesidentiam
3080 567 3162 630 ab
3206 566 3471 632 homine

1934 672 2232 737 amissam
2266 692 2284 737 ε
2333 673 2505 737 unde
2549 676 2713 737 sicut
2754 673 2978 738 oculus
3016 692 3210 737 sanus
3253 693 3292 738 a
3337 675 3469 739 sole

1934 800 2067 845 non
2090 783 2363 863 laeditur,
2396 784 2504 847 sed
2527 802 2676 846 cum
2703 784 2973 847 efficitur
2994 784 3227 866 lippuS,
3255 785 3470 848 statim

1935 890 2298 970 offenditur,
2312 910 2443 955 non
2457 896 2712 975 propter
2728 891 3147 956 mutationem
3161 893 3387 955 factam
3404 892 3473 955 in

1936 997 2089 1074 sole,
2131 999 2337 1062 sedin
2374 999 2595 1077 oculo,
2626 999 2716 1062 sic
2743 998 2900 1062 etin
2939 999 3260 1081 proposito
3286 999 3473 1064 intel-

1935 1106 2051 1187 ligi
2080 1109 2308 1189 potest.

2016 1219 2056 1278 4
2085 1220 2147 1279 et
2173 1219 2232 1279 5.
2264 1216 2361 1280 Ad
2388 1215 2544 1279 illud
2571 1217 2744 1298 quod
2775 1216 3107 1299 objicitur,
3139 1215 3314 1299 quod
3349 1216 3475 1280 ho-

1938 1323 2113 1388 mine
2165 1327 2369 1389 stante
2415 1342 2542 1388 non
2593 1324 2954 1389 debuerunt
2998 1326 3138 1388 fieri
3178 1323 3478 1388 animalia

1938 1431 2232 1494 mortalia
2280 1453 2295 1495 :
2350 1431 2690 1495 dicendum
2732 1432 2903 1513 quod
2918 1480 2934 1507 ‚
2981 1432 3149 1495 sicut
3189 1429 3479 1495 animalia

1938 1557 2056 1602 sua
2090 1539 2224 1604 vita
2256 1539 2714 1603 habitationem
2752 1540 3033 1603 hominis
3074 1540 3373 1604 decorant
3415 1541 3479 1602 et

1939 1650 2194 1723 ornant,
2223 1648 2314 1710 sic
2339 1648 2531 1711 etiam
2575 1651 2780 1711 morte
2806 1666 2924 1711 sua
2958 1665 3042 1711 ex
3084 1646 3478 1711 successione

1937 1754 2177 1818 faciunt
2206 1755 2286 1818 ad
2324 1755 2610 1820 universi
2634 1755 3102 1820 decorationem
3148 1777 3164 1819 ε
3211 1759 3274 1818 et
3316 1755 3482 1820 sicut

1939 1862 2241 1926 animalia
2267 1881 2333 1926 se
2366 1862 2645 1926 invicem
2681 1863 2979 1944 juvantia
3006 1865 3161 1927 sunt
3183 1863 3346 1926 ratio
3376 1881 3478 1926 sa-

1941 1969 2197 2051 pientiae
2239 1970 2709 2051 excogitandae,
2744 1971 2835 2034 sic
2866 1971 3060 2034 etiam
3090 1971 3390 2034 animalia
3413 1988 3481 2034 se

1941 2077 2355 2156 offendentia,
2387 2080 2451 2140 et
2489 2078 2567 2141 de
2603 2078 2903 2141 carnibus
2929 2078 3206 2142 aliorum
3232 2078 3478 2142 anima-

1940 2185 2103 2249 lium
2133 2186 2599 2249 nutrimentum
2632 2186 2984 2249 sumentia:
3018 2186 3169 2268 quia
3198 2185 3308 2249 illa
3334 2203 3480 2248 cor-

1943 2292 2158 2374 ruptio
2198 2312 2410 2357 aerem
2453 2293 2735 2357 hominis
2781 2311 2912 2357 non
2958 2293 3260 2369 inficeret,
3309 2292 3478 2374 quod

1944 2403 2087 2482 ejus
2120 2401 2454 2465 odoratum
2499 2400 2880 2479 offenderet3
2911 2400 3021 2463 sed
3063 2400 3277 2481 potius
3320 2417 3483 2481 qua-

1944 2506 2094 2570 dam
2137 2508 2533 2571 successione
2576 2511 2639 2570 et
2682 2509 2939 2583 ordine,
2981 2506 3138 2569 dum
3182 2505 3482 2569 animalia

1944 2614 2071 2677 sibi
2132 2615 2575 2695 succederent,
2637 2615 3020 2679 universum
3076 2613 3476 2692 decorarent,

1943 2726 2275 2804 tamquam
2336 2722 2843 2805 pulcherrimum
2902 2739 3196 2796 carmen,
3241 2721 3311 2783 in
3353 2737 3482 2801 quo

1944 2829 2186 2912 syllaba
2214 2830 2491 2893 succedit
2515 2829 2797 2912 syllabae.
2831 2827 3134 2892 Similiter
3164 2828 3321 2892 dum
3350 2827 3483 2891 bes-

1944 2936 2033 3000 tia
2058 2937 2232 3000 aliud
2259 2936 2497 3000 animal
2516 2935 2901 2999 comedendo
2925 2935 3251 3014 occideret,
3274 2934 3344 2998 in
3369 2934 3483 2997 bo-

1947 3044 2140 3106 minis
2177 3044 2563 3107 habitatione
2604 3042 2984 3107 discordiam
3034 3060 3167 3105 non
3212 3042 3476 3123 faceret,

1947 3152 2057 3216 sed
2101 3153 2312 3235 potius
2361 3151 2753 3216 occasionem
2812 3151 3186 3215 eruditionis
3234 3150 3483 3215 homini

1949 3259 2281 3342 praeberet.
2311 3258 2389 3323 Et
2412 3258 2533 3323 hoc
2559 3264 2653 3323 est
2690 3258 2862 3341 quod
2888 3258 3036 3321 dicit
3071 3257 3481 3339 Augustinus

1949 3366 2020 3430 in
2047 3367 2210 3430 libro
2238 3365 2346 3444 III,
2375 3382 2568 3449 super
2610 3368 2903 3432 Genesim
2942 3365 3033 3432 acl
3076 3365 3355 3432 litteram
3407 3373 3431 3407 ²
3463 3386 3488 3430 .·

1958 3497 1990 3535 α
2013 3473 2335 3539 Nimirum
2381 3475 2523 3539 aliae
2565 3475 2781 3539 bestiae
2826 3473 2949 3536 cibi
2999 3478 3148 3537 sunt
3185 3473 3479 3538 aliorum.

1949 3581 2005 3647 N
2008 3601 2080 3647 ec
2101 3589 2268 3648 recte
2295 3601 2636 3666 possumus
2663 3583 2893 3661 dicere,
2924 3581 3096 3663 quod
3121 3599 3252 3644 non
3279 3584 3487 3645 essent

1950 3689 2117 3766 aliae,
2150 3691 2383 3772 quibus
2406 3690 2550 3754 aliae
2582 3691 3020 3767 vescerentur3
3051 3687 3285 3752 habent
3311 3688 3483 3751 enim

1952 3798 2193 3877 omnia,
2223 3798 2510 3880 quandiu
2536 3801 2721 3876 sunt,
2752 3814 3121 3875 mensuraS,
3150 3812 3483 3875 numeroS,

1952 3908 2016 3969 et
2042 3905 2295 3969 ordines
2317 3923 2490 3984 su05,
2520 3922 2666 3987 quae
2690 3906 2919 3967 cuncta
2948 3902 3175 3966 merito
3202 3902 3487 3966 conside-

1951 4017 2091 4076 rata
2129 4013 2501 4091 laudantur,
2551 4030 2670 4075 nee
2715 4010 2852 4073 sine
2888 4008 3163 4086 occulta,
3211 4027 3328 4092 pro
3368 4028 3487 4074 suo

1953 4138 2223 4202 genere,
2266 4119 2696 4183 moderatione
2722 4115 3211 4200 pulchritudinis
3242 4120 3486 4198 tempo-

1953 4228 2128 4308 raIiS,
2157 4246 2240 4292 ex
2265 4228 2389 4291 alio
2412 4227 2481 4290 in
2507 4226 2681 4290 aliud
2706 4224 3094 4289 transeundo
3113 4228 3485 4289 mutantur:

1957 4341 2125 4400 certe
2174 4334 2474 4399 omnibus
2520 4334 2753 4398 talibus
2780 4320 3125 4397 'inferioris
3182 4338 3490 4401 creaturae

1957 4445 2237 4509 motibus
2272 4445 2642 4527 praebentur
2674 4442 2922 4507 homini
2957 4441 3240 4506 salubres
3267 4444 3492 4509 admo-

1955 4553 2250 4617 nitiones.
2289 4574 2319 4612 n
2358 4552 2593 4616 Deinde
2626 4550 2881 4634 planius
2909 4549 3352 4633 exemplificat.
3392 4551 3492 4618 Ex

1957 4661 2060 4725 his
2081 4665 2253 4746 patet
2277 4659 2604 4744 responsio
2635 4659 2717 4724 ad
2743 4659 3007 4741 objecta.

2505 4890 2859 4970 QUAESTIO
2901 4890 2979 4955 ΙΙ.

1998 5044 2092 5103 An
2123 5046 2260 5103 Deus
2285 5048 2424 5104 recto
2449 5044 2634 5103 ordine
2652 5043 2975 5120 produxerit
3001 5060 3083 5102 res
3107 5042 3383 5102 sensibiles
3397 5043 3440 5102 ³.

2034 5195 2123 5262 De
2148 5196 2369 5262 ordine
2393 5195 2821 5281 productionis
2838 5196 3254 5277 sensibilium,
3279 5216 3481 5280 quan-

1957 5373 2005 5411 c.
2021 5370 2132 5426 ΧΠ,
2150 5372 2204 5410 n.
2226 5359 2419 5410 25.—³
2439 5359 2522 5423 Cf.
2542 5358 2801 5424 Richard.‚
2825 5360 2869 5410 11
2894 5359 3052 5423 Sena,
3075 5360 3194 5411 dist.
3208 5371 3295 5425 xv,
3318 5363 3418 5411 art.
3436 5362 3486 5423 3,

1955 5446 2009 5498 q.
2035 5445 2089 5499 13
2116 5434 2295 5499 Steph.
2319 5431 2529 5498 Bnnet,
2557 5433 2602 5485 ll
2629 5432 2788 5495 Sent„
2816 5432 2934 5486 dist.
2956 5443 3045 5498 xv,
3073 5447 3126 5499 q.
3148 5444 3204 5483 v.
