4125 6225
698 351 817 415 37⁴

682 484 957 548 verbum
978 478 1345 563 Philosophi
1360 479 1546 545 debet
1566 476 1860 559 intelligi,
1880 480 1955 540 ut
1969 476 2218 539 dicatur

683 609 934 674 semper
958 608 1095 655 esse
1122 592 1335 653 rectus
1359 589 1652 669 respectu
1678 585 1937 648 illorum
1959 583 2040 647 ad
2068 599 2217 664 quae

683 702 980 766 movetur
1012 702 1087 762 ut
1123 700 1356 760 natura
1370 743 1388 774 ,
1431 695 1566 758 sive
1598 691 2003 769 naturaliter3
2032 693 2100 753 et
2124 690 2216 753 sic

681 825 800 870 nos
822 805 1093 870 dicimus
1116 804 1184 866 in
1209 801 1529 882 theologia
1544 798 1937 883 synderesim
1961 813 2214 879 semper

681 919 942 980 rectam.
982 912 1050 977 Si
1092 915 1306 975 autem
1338 909 1729 990 intelligatur
1770 909 2056 988 respectu
2096 922 2211 967 eo-

679 1042 829 1088 rum
858 1023 936 1086 ad
965 1038 1113 1104 quae
1138 1021 1435 1083 movetur
1454 1019 1529 1080 ut
1557 1015 1912 1080 deliberans
1930 1062 1947 1086 ,
1978 1013 2211 1077 falsum

680 1135 809 1209 est;
838 1130 993 1206 imo,
1027 1125 1497 1207 circumscripto
1518 1121 1696 1186 omni
1722 1118 2120 1201 imaginabili
2147 1122 2212 1182 et

677 1236 1139 1320 phantasmate,
1168 1235 1374 1317 posset
1389 1231 1742 1295 intellectus
1766 1245 2046 1312 peccare,
2074 1227 2211 1290 sive

678 1343 1082 1426 praevaricari
1108 1362 1125 1405 ι
1150 1345 1215 1405 et
1238 1341 1330 1404 sic
1353 1340 1513 1404 forte
1540 1338 1684 1402 fecit
1706 1336 1997 1418 angelus,
2089 1422 2096 1428 ι

759 1455 819 1514 3.
860 1449 957 1513 Ad
987 1449 1144 1513 illud
1180 1447 1350 1530 quod
1388 1445 1717 1528 objicitur,
1758 1443 1929 1525 quod
1963 1442 2211 1507 facilius

678 1560 885 1641 potest
904 1557 1050 1639 quis
1072 1556 1141 1619 in
1165 1555 1231 1619 id
1253 1555 1333 1619 ad
1360 1553 1531 1636 quod
1556 1552 1910 1630 ordinatur,
1940 1555 2086 1629 etc„
2119 1550 2211 1613 di-

679 1665 950 1729 cendum
993 1663 1163 1746 quod
1202 1679 1431 1725 verum
1464 1666 1593 1738 est,
1622 1660 1679 1723 si
1717 1658 1878 1723 illud
1915 1659 1997 1722 sit
2042 1659 2212 1722 intra

674 1771 981 1837 terminos
1006 1775 1253 1835 naturae
1285 1793 1298 1834 :
1341 1769 1450 1833 sed
1477 1768 1761 1832 converti
1798 1767 2210 1832 conversione

675 1877 951 1962 perlecta
967 1881 1031 1942 et
1050 1878 1397 1955 meritoria,
1414 1876 1537 1940 hoc
1550 1880 1644 1940 est
1661 1892 1853 1957 supra
1870 1877 2169 1937 naturam
2190 1892 2208 1937 z

676 1986 786 2051 sed
807 1986 1097 2064 deficere,
1125 1983 1247 2049 hoc
1273 1989 1368 2048 est
1392 1984 1559 2047 infra
1598 2006 1612 2047 ε
1645 1987 1708 2046 et
1732 1981 1871 2046 ideo
1916 1982 2078 2045 ratio
2105 1981 2212 2046 illa

674 2110 806 2156 non
849 2091 1043 2172 cogit.
1089 2088 1202 2154 Vel
1243 2090 1343 2154 dic
1387 2090 1556 2172 quod
1603 2088 1755 2152 illud
1805 2092 1899 2151 est
1941 2105 2170 2153 verum
2188 2135 2207 2167 ‚

675 2198 931 2281 quando
956 2215 1166 2279 genus
1187 2197 1425 2279 operis,
1460 2196 1541 2260 ad
1573 2195 1920 2278 potentiam
1947 2213 2210 2277 compa-

676 2310 887 2370 ratum
908 2353 925 2382 ‚
956 2309 1050 2369 est
1083 2304 1350 2388 aequalis
1389 2303 1774 2368 difficultatis
1791 2353 1809 2380 ,
1842 2302 2002 2367 sicut
2040 2304 2110 2366 in
2141 2321 2212 2392 se

677 2414 1108 2478 consideratur
1155 2434 1169 2474 ε
1221 2411 1374 2475 alias
1414 2429 1545 2474 non
1594 2412 1789 2475 habet
1832 2410 2166 2474 veritatem
2191 2456 2208 2486 ,

675 2521 839 2585 sicut
860 2524 1031 2604 patet
1051 2521 1118 2583 in
1145 2519 1364 2583 multis
1388 2515 1718 2600 exemplis.

755 2634 817 2693 4.
848 2628 948 2694 Ad
974 2629 1137 2693 illud
1158 2628 1332 2711 quod
1352 2627 1649 2709 objicitur
1670 2627 1748 2691 de
1771 2626 2208 2706 conversione,

676 2736 850 2818 quod
880 2736 1167 2818 sequitur
1194 2735 1625 2813 dilectionem3
1666 2734 2007 2799 dicendum
2041 2735 2213 2816 quod

676 2844 1076 2908 uniformiter
1122 2848 1376 2926 sumpta
1421 2841 1832 2906 conversione
1879 2861 2029 2905 cum
2077 2843 2216 2924 ipsa

676 2950 1026 3029 dilectione,
1055 2968 1185 3014 non
1209 2949 1401 3013 habet
1422 2948 1790 3012 instantiam
1814 2969 1828 3010 z
1853 2949 2214 3012 sicutenim

676 3056 971 3139 quaedam
997 3055 1243 3135 dilectio
1269 3058 1363 3120 est
1389 3073 1428 3119 a
1453 3055 1779 3121 voluntate
1802 3054 2109 3134 naturali,
2141 3059 2218 3118 ut

678 3182 807 3246 qua
848 3163 1238 3227 desideratur
1274 3162 1438 3228 Deus
1478 3167 1554 3228 ut
1591 3163 1990 3242 beatificans;
2032 3181 2216 3245 quae-

677 3252 826 3335 dam
869 3289 909 3335 a
956 3270 1286 3334 voluntate
1329 3269 1593 3335 electiva
1610 3318 1626 3346 ,
1679 3287 1809 3351 qua
1855 3270 2002 3351 quis
2044 3276 2219 3353 optat

679 3378 807 3442 Deo
848 3378 1160 3442 honorem
1204 3382 1267 3442 et
1310 3378 1620 3459 gloriam;
1666 3380 1963 3461 quaedam
1993 3396 2033 3441 a
2059 3397 2216 3459 gra-

678 3484 876 3563 tuita,
914 3504 1044 3567 qua
1079 3485 1148 3548 in
1185 3485 1561 3567 obsequium
1601 3486 1891 3550 divinum
1932 3486 2216 3567 captiva-

679 3596 788 3655 tur
824 3592 960 3673 ipsa
991 3592 1286 3658 voluntas
1310 3595 1442 3656 tota
1474 3613 1490 3655 ε
1522 3592 1612 3655 sic
1646 3596 1709 3656 et
1742 3592 2070 3657 conversio
2105 3611 2219 3674 per

682 3699 1032 3780 appetitum
1056 3700 1579 3783 concupiscentiae
1602 3705 1697 3765 est
1719 3719 1756 3763 a
1778 3703 2036 3778 natura3
2070 3717 2217 3763 con-

679 3806 891 3870 versio
916 3825 1029 3888 per
1055 3807 1453 3872 affectionem
1481 3807 1781 3873 amicitiae
1807 3813 1901 3871 est
1926 3825 1966 3870 a
1990 3806 2215 3870 volun·

678 3914 808 3976 tate
853 3912 1260 3979 deliberativa
1278 3963 1295 3991 ,
1341 3915 1475 3980 sive
1520 3915 1827 3981 electiva:
1884 3913 2215 3980 conversio

680 4039 836 4086 vero
854 4040 968 4103 per
987 4023 1363 4105 obsequium
1376 4023 1753 4087 obedientiae
1771 4022 1998 4104 gratiae
2017 4023 2098 4105 (α)
2119 4028 2215 4086 est

678 4127 920 4209 abipsa
945 4129 1182 4210 gratia,
1220 4129 1399 4193 etsie
1428 4132 1596 4211 patet
1618 4128 1795 4192 illud.

756 4235 815 4295 5.
848 4233 946 4297 Ad
980 4233 1139 4298 illud
1168 4235 1339 4317 quod
1377 4235 1698 4317 objicitur,
1730 4235 1902 4318 quod
1940 4235 2009 4299 in
2035 4235 2212 4299 nullo

674 4340 1084 4421 differebant3
1117 4341 1459 4407 dicendum
1493 4343 1665 4425 quod
1701 4344 1858 4407 illud
1893 4344 2211 4408 concludit

673 4449 846 4530 quod
869 4450 1077 4530 gratia
1097 4467 1230 4514 non
1253 4449 1675 4530 inchoaverit,
1705 4451 1813 4515 sed
1840 4469 1972 4515 non
1997 4452 2210 4516 exclu-

673 4554 768 4620 dit
791 4556 950 4638 quiu
977 4557 1437 4621 consummarit
1464 4580 1479 4623 ε
1506 4562 1570 4622 et
1592 4558 1713 4622 hoc
1741 4562 1835 4623 est
1861 4576 2114 4623 verum.

753 4667 814 4726 6.
845 4662 944 4729 Ad
967 4664 1124 4729 illud
1153 4665 1321 4747 quod
1349 4664 1667 4747 objicitur,
1696 4667 1869 4748 quod
1895 4683 2027 4731 non
2049 4670 2210 4730 esset

672 4770 1122 4852 imputandum
1151 4771 1355 4849 malis,
1382 4773 1437 4835 si
1463 4772 1791 4837 conversio
1818 4777 1982 4838 esset
2002 4792 2042 4837 a
2062 4791 2210 4854 gra-

672 4875 796 4953 tia3
835 4877 1177 4942 dicendum
1209 4880 1381 4961 quod
1414 4879 1645 4943 falsum
1685 4885 1813 4961 est,
1852 4880 2005 4963 quia
2037 4884 2206 4944 stare

743 5035 763 5069 ¹
778 5033 861 5098 Cf.
879 5035 1025 5088 Alex.
1046 5037 1241 5102 Mens„
1261 5053 1309 5103 p.
1333 5040 1397 5105 ll,
1417 5054 1469 5104 q.
1486 5051 1592 5105 mx,
1610 5040 1801 5093 memb.
1818 5044 1870 5091 11
1888 5056 1905 5105 3
1930 5043 1984 5092 S.
2004 5042 2205 5108 Thom.,

676 5120 727 5170 p.
752 5110 804 5170 1,
849 5122 901 5172 q.
932 5120 1061 5173 mm,
1089 5114 1185 5161 art.
1207 5114 1267 5174 43
1300 5117 1352 5163 et
1377 5113 1421 5163 ΙΙ
1452 5114 1611 5177 Sena,
1640 5112 1757 5163 dist.
1776 5125 1826 5177 v,
1854 5128 1905 5177 q.
1927 5126 1999 5177 11,
2028 5118 2124 5165 art.
2145 5119 2203 5179 23

679 5179 838 5245 Scot„
869 5180 911 5230 11
938 5182 1093 5238 Sent..
1131 5182 1248 5233 dist.
1272 5195 1328 5247 v,
1372 5200 1422 5250 q.
1454 5198 1523 5249 113
1562 5186 1731 5249 AEgid.
1762 5187 1930 5248 Rom„
1966 5187 2005 5235 ΙΙ
2046 5186 2206 5247 Sene„

680 5250 795 5300 dist.
819 5263 870 5315 v,
898 5266 950 5316 q.
976 5263 1044 5312 11,
1070 5258 1166 5305 art.
1187 5257 1216 5305 2
1231 5271 1248 5318 3
1279 5261 1331 5306 et
1358 5256 1554 5318 Quolib.
1586 5257 1655 5317 ll,
1685 5271 1737 5321 q.
1760 5268 1917 5320 xx1x3
1948 5257 2207 5323 Richard.‚

680 5321 722 5371 11
742 5321 901 5386 Seni„
926 5323 1045 5374 dist.
1066 5328 1117 5389 v,
1134 5329 1229 5376 art.
1250 5328 1299 5391 2,
1323 5342 1375 5395 q.
1396 5341 1466 5393 115
1498 5328 1747 5391 Durand„
1772 5329 1811 5378 ll
1835 5329 1992 5392 Sena,
2015 5328 2134 5381 dist.
2155 5340 2206 5395 V,

1802 333 2428 408 SENTENTIARUM
2469 336 2618 404 LIB.
2664 331 2743 404 11.

2321 479 2612 556 poterant
2643 478 2707 539 et
2738 491 2870 539 non
2900 475 3139 552 averti,
3169 475 3226 538 si
3250 472 3548 540 volebant
3571 492 3589 536 z
3612 475 3680 535 et
3705 471 3840 536 ideo

2320 582 2568 647 aversio
2597 583 2692 648 eis
2716 583 3071 665 imputatur
3097 583 3169 646 in
3195 582 3470 664 culpam.

2838 829 3193 909 QUAESTIO
3233 830 3312 896 Il.

2315 985 2411 1042 An
2455 989 2518 1042 in
2547 988 2885 1042 conversione
2927 986 3179 1040 bonorum
3211 985 3551 1054 angelornm,
3597 986 3840 1041 meritum

2740 1076 3066 1146 prcecesserit
3085 1076 3370 1145 proemium
3389 1074 3432 1128 ¹.

2394 1234 2481 1300 De
2503 1235 2914 1301 conversione
2937 1236 3254 1299 bonorum
3279 1235 3352 1297 in
3375 1233 3838 1315 comparatione
3862 1256 4029 1300 rma.

2315 1343 2393 1406 ad
2429 1343 2810 1426 praemium3
2843 1347 2906 1407 et
2934 1343 3246 1424 quaeritur
3271 1346 3491 1405 utrum
3523 1339 3590 1402 in
3623 1357 3836 1403 eornm

2314 1451 2729 1515 conversione
2772 1450 3074 1514 meritum
3124 1453 3424 1530 sequatur
3469 1445 3835 1529 praemium,

2312 1558 2417 1624 vel
2441 1557 2774 1640 praecedat.
2800 1557 2878 1621 Et
2903 1556 3073 1639 quod
3101 1555 3432 1637 praecedat,
3459 1554 3713 1618 videtur
3736 1572 3841 1636 per

2312 1665 2785 1746 Augustiuurn,
2837 1663 2916 1730 de
2968 1663 3357 1730 correctione
3411 1667 3472 1727 et
3514 1663 3742 1728 Gratia
3774 1664 3838 1727 ¹:

2321 1795 2353 1833 α
2391 1772 2622 1854 Angeli
2666 1773 2868 1836 sancti
2910 1771 3024 1854 qui
3067 1769 3432 1834 cadentibus
3474 1769 3615 1833 aliis
3655 1773 3838 1832 stete-

2313 1882 2504 1956 runt,
2531 1878 2702 1943 illius
2728 1879 2879 1943 vitae
2902 1877 3258 1942 mercedem
3281 1876 3560 1959 recipere
3590 1893 3838 1939 merue-

2315 1991 2488 2050 runt.
2519 2007 2549 2044 n
2583 1984 2652 2049 Si
2684 2004 2844 2066 ergo
2875 1985 3231 2050 mercedem
3269 1988 3646 2047 meruerunt
3681 1984 3838 2047 reci-

2314 2111 2464 2175 pere
2484 2141 2500 2168 ‚
2531 2092 2836 2156 meritum
2871 2092 3189 2174 praecessit
3215 2090 3639 2173 receptionem
3672 2108 3841 2154 mer-

2313 2200 2501 2264 cedis.

2396 2306 2555 2370 Item
2591 2307 2897 2372 meritum
2933 2311 3028 2371 est
3060 2307 3169 2372 via
3201 2306 3282 2371 ad
3321 2307 3665 2389 praemium
3693 2304 3840 2368 :sed

2315 2417 2488 2478 recto
2535 2414 2756 2479 ordine
2804 2414 3199 2495 procedendo
3216 2461 3233 2488 ‚
3293 2414 3466 2495 prior
3506 2417 3602 2477 aet
3651 2415 3841 2476 status

2315 2522 2579 2587 viatoris
2597 2569 2615 2599 ,
2671 2540 2868 2604 quam
2923 2520 3502 2603 comprehensoris3
3560 2525 3622 2583 et
3679 2519 3798 2584 viae
3819 2568 3835 2593 ,

2317 2646 2510 2710 quam
2546 2628 2771 2710 patriae
2797 2648 2812 2692 :
2839 2647 2997 2709 ergo
3021 2628 3094 2691 in
3119 2628 3366 2709 augelis
3399 2628 3520 2691 fuit
3545 2626 3839 2690 meritum

2315 2738 2463 2798 ante
2495 2736 2859 2816 praemium.
3729 2721 3742 2734 ⁶

2399 2841 2557 2905 Item
2579 2842 2900 2925 dispositio
2929 2841 3222 2923 praecedit
3249 2841 3405 2905 illud
3429 2842 3510 2906 ad
3534 2842 3706 2925 quod
3727 2843 3842 2906 dis-

2317 2950 2498 3032 ponit
2535 2949 2639 3013 vel
2683 2954 3002 3031 tempore,
3044 2948 3149 3012 vel
3188 2951 3418 3012 natura
3448 2971 3462 3012 :
3493 2948 3603 3013 sed
3645 2950 3843 3030 gratia

2319 3060 2413 3120 est
2438 3056 2759 3139 dispositio
2783 3057 2862 3121 ad
2885 3057 3158 3138 gloriam
3186 3078 3200 3120 :
3228 3073 3386 3138 ergo
3413 3056 3466 3118 si
3495 3055 3657 3120 Deus
3682 3056 3844 3121 dedit

2318 3165 2564 3245 angelis
2590 3165 2865 3245 gratiam
2889 3183 3020 3247 qua
3047 3169 3298 3246 possent
3327 3165 3584 3242 mereri,
3614 3169 3677 3228 et
3709 3163 3840 3245 glo-

2320 3271 2483 3334 riam
2511 3290 2636 3353 qua
2676 3275 2827 3335 sunt
2855 3273 3058 3350 beati,
3090 3271 3270 3352 prius
3299 3271 3665 3335 habuerunt
3701 3290 3842 3353 gra-

2318 3378 2472 3440 tiam
2501 3396 2697 3460 quam
2723 3379 2992 3460 gloriam
3025 3401 3040 3442 ε
3070 3379 3180 3442 sed
3205 3379 3440 3458 gratia,
3473 3379 3727 3460 quando
3750 3378 3842 3441 in-

2326 3485 2502 3551 venit
2525 3486 2796 3550 liberum
2821 3485 3157 3551 arbitrium
3183 3486 3253 3550 in
3277 3492 3425 3550 actu
3452 3485 3681 3565 debito,
3711 3486 3849 3550 facit

2326 3591 2512 3655 illum
2539 3598 2808 3671 motum,
2834 3593 2968 3657 sive
2993 3598 3229 3670 actum,
3255 3612 3389 3657 esse
3417 3594 3840 3657 meritorium:

2327 3714 2484 3779 ergo
2503 3698 2557 3761 si
2582 3699 2855 3764 liberum
2877 3700 3211 3764 arbitrium
3234 3701 3447 3782 angeli
3466 3701 3534 3763 in
3558 3700 3845 3781 ingressu

2324 3805 2552 3885 gratiae
2592 3810 2657 3869 et
2699 3806 2925 3887 gloriae
2968 3811 3104 3871 erat
3142 3808 3211 3870 in
3254 3810 3397 3871 actu
3415 3855 3433 3885 ,
3473 3824 3631 3887 ergo
3675 3807 3847 3889 prius

2325 3912 2549 3976 habuit
2559 3914 2808 3976 motum
2819 3913 3239 3988 meritorium,
3258 3931 3456 3995 quam
3475 3912 3842 3994 gloriosum.

2404 4018 2562 4084 Item
2592 4039 2705 4102 per
2730 4022 3114 4104 impossibile
3137 4023 3409 4101 videtur,
3433 4021 3586 4103 quia
3613 4021 3668 4083 si
3690 4020 3846 4085 Deus

2322 4126 2491 4191 dedit
2519 4128 2764 4210 angelis
2801 4129 3074 4211 gloriam
3092 4177 3111 4208 ,
3140 4132 3252 4191 aut
3285 4146 3442 4208 ergo
3472 4128 3712 4209 digniS,
3746 4132 3849 4191 aut

2321 4233 2605 4316 indignis
2632 4257 2647 4299 ε
2678 4236 2732 4299 si
2771 4235 3089 4316 indignis,
3129 4236 3367 4316 injuste
3401 4239 3464 4299 et
3499 4235 3848 4299 inordinate

2320 4340 2466 4405 fecit
2496 4360 2512 4405 z
2543 4343 2713 4424 quod
2740 4346 2832 4406 est
2861 4342 3247 4425 impossibile
3276 4361 3292 4405 z
3323 4359 3481 4422 ergo
3508 4341 3679 4405 dedit
3710 4342 3844 4423 dig-

2320 4448 2421 4511 nis
2451 4471 2466 4512 :
2499 4449 2607 4513 sed
2640 4449 2860 4513 nullus
2892 4455 2986 4512 est
3018 4448 3255 4530 dignus
3285 4467 3518 4514 corona
3537 4497 3553 4528 ,
3583 4450 3705 4513 nisi
3741 4467 3847 4532 per

2320 4555 2547 4619 merita
2578 4574 2595 4619 ε
2623 4574 2803 4638 ergO,
2832 4560 2950 4620 etc.

2400 4662 2556 4727 Item
2573 4711 2591 4741 ,
2626 4662 2681 4726 si
2720 4662 2960 4727 mereri·
2993 4663 3306 4744 contingit
3338 4663 3629 4727 habitum
3647 4711 3665 4741 ‚
3700 4664 3846 4728 dum

2319 4771 2462 4853 quis
2487 4771 2685 4836 servit
2721 4768 2871 4850 Deo,
2901 4775 2966 4835 et
2994 4771 3156 4835 bene
3181 4771 3385 4835 utitur
3417 4772 3670 4851 habito;
3696 4791 3845 4855 ergo

2318 4982 2370 5032 q.
2390 4981 2484 5032 1113
2512 4968 2691 5020 Thom.
2717 4970 2860 5033 Arg„
2894 4968 2933 5017 ll
2958 4967 3118 5027 sent„
3143 4966 3259 5017 dist.
3280 4978 3331 5030 v,
3355 4983 3406 5034 q.
3428 4981 3467 5030 1,
3486 4972 3585 5019 art.
3605 4972 3634 5020 4
3648 4985 3667 5033 ;
3698 4971 3843 5033 Greg.

2317 5040 2552 5103 Arimin„
2583 5041 2620 5090 ll
2652 5041 2811 5103 Seni„
2839 5038 2954 5089 dist.
2974 5049 3117 5100 xnw,
3146 5052 3194 5101 q.
3217 5050 3256 5101 1,
3284 5043 3377 5088 art.
3398 5042 3461 5102 33
3505 5039 3759 5089 Francisc.
3782 5039 3840 5087 de

2316 5114 2499 5177 Mayr„
2523 5112 2563 5160 ll
2586 5113 2743 5175 sent„
2759 5112 2873 5162 dist.
2897 5122 2968 5174 v1‚
2987 5124 3037 5175 q.
3063 5123 3112 5173 13
3135 5112 3267 5160 Joan
3287 5110 3350 5160 de
3379 5110 3595 5174 Bassol„
3621 5113 3666 5161 ΙΙ
3691 5112 3838 5173 Sene„

2317 5182 2431 5234 dist.
2451 5195 2504 5247 v,
2523 5197 2574 5247 q.
2599 5194 2611 5231 ι
2628 5198 2645 5246 3
2679 5183 2832 5232 Gabr.
2862 5181 2998 5242 Biel,
3030 5183 3073 5231 11
3100 5181 3257 5242 Sem„
3287 5181 3406 5232 dist.
3427 5194 3476 5244 V,
3506 5195 3557 5245 q.
3580 5194 3600 5232 1
3628 5185 3679 5232 et
3707 5194 3765 5230 11.
3783 5205 3841 5216 —

2315 5257 2504 5321 ²Aug„
2533 5254 2597 5303 de
2641 5254 2856 5306 Comei.
2880 5256 2931 5305 et
2957 5253 3123 5314 Grai„
3165 5266 3210 5305 e.
3256 5265 3332 5319 11,
3359 5268 3414 5304 n.
3436 5255 3515 5304 32.
3547 5281 3603 5292 -
3623 5253 3695 5319 (a)
3723 5252 3834 5309 Goet„

2315 5326 2440 5379 edit.
2464 5331 2642 5392 gratae.
