4125 6225
1026 410 1219 478 DIST.
1263 410 1429 478 Vm.
1475 410 1703 478 PART.
1751 410 1829 477 Π.
1874 410 2055 479 An'r.
2094 413 2151 478 Ἰ.
2196 409 2496 490 QUAEST.
2539 411 2647 477 VT.

267 553 501 617 sentare
514 596 532 628 ,
577 566 696 613 nec
721 566 789 613 se
836 548 1150 613 occultare
1201 551 1427 631 potest,
1468 547 1635 612 sicut
1671 566 1789 612 nec

266 656 602 721 substantia
632 679 648 717 ε
693 657 893 722 immo
936 676 1051 740 per
1093 657 1300 739 ipsam
1347 656 1788 720 manifestatur

265 765 625 841 substantia,
651 765 809 829 dum
830 765 975 848 plus
999 766 1193 831 habet
1217 767 1295 831 de
1308 765 1551 830 ratione
1568 746 1787 830 actua-

261 871 465 948 litatis,
488 890 561 935 ac
583 890 696 954 per
720 872 843 938 hoc
871 874 1390 939 manifestationis
1416 860 1685 939 etluciS.
1712 875 1785 940 In

262 979 614 1063 operatione
640 983 855 1044 autem
873 981 1234 1047 voluntaria
1263 1000 1443 1047 secus
1465 987 1559 1047 est
1589 1006 1604 1048 ε
1634 1003 1785 1049 nam

262 1106 402 1153 cum
459 1087 812 1152 substantia
851 1107 919 1153 se
968 1089 1340 1154 naturaliter
1379 1095 1787 1173 repraesentet

261 1195 413 1259 sicut
431 1194 807 1258 naturaliter
835 1198 950 1271 est,
982 1194 1071 1259 sic
1090 1214 1155 1260 se
1173 1195 1486 1260 occultare
1512 1216 1644 1262 non
1670 1217 1787 1281 po-

261 1304 392 1366 test.
443 1298 734 1383 Operatio
781 1301 1167 1382 voluntaria,
1220 1302 1382 1368 sicut
1424 1303 1786 1372 voluntarie

261 1409 387 1473 exit
409 1409 474 1471 in
503 1427 637 1473 esse
654 1457 670 1487 ,
701 1407 790 1472 ita
826 1412 887 1472 et
928 1409 1290 1474 voluntarie
1318 1410 1780 1493 manifestatur,

260 1521 320 1580 et
338 1517 425 1580 ita
449 1516 751 1581 occultari
779 1520 983 1599 potest
1019 1536 1035 1582 :
1067 1517 1269 1582 immo
1309 1536 1440 1583 non
1484 1520 1783 1586 manifes-

259 1626 443 1703 tatur,
480 1622 609 1686 nisi
658 1622 853 1688 homo
904 1624 1064 1689 velit
1091 1647 1106 1689 ε
1141 1624 1292 1689 talia
1339 1629 1557 1691 autem
1608 1632 1781 1708 sunt,

259 1750 396 1815 quae
421 1730 614 1796 latent
653 1731 722 1795 in
769 1735 1010 1796 secreto
1056 1732 1456 1797 conscientiae
1503 1738 1779 1800 nostrae:

257 1844 390 1912 ideo
412 1843 711 1925 quamvis
737 1842 1023 1907 diabolus
1045 1843 1241 1926 possit
1259 1844 1474 1910 videre
1501 1846 1783 1912 animam

257 1952 506 2035 propria
531 1951 798 2031 virtute,
822 1954 1038 2016 tamen
1063 1970 1196 2017 non
1229 1956 1433 2035 potest
1466 1953 1576 2019 illa
1600 1974 1783 2022 cons-

255 2059 472 2142 picere.

329 2172 386 2232 5.
412 2171 506 2236 Ad
534 2170 692 2236 illud
716 2168 889 2253 quod
913 2166 1231 2251 objicitur,
1254 2168 1424 2248 quod
1450 2171 1781 2251 speculum

254 2285 660 2361 repraesentat
686 2279 857 2345 aliud
887 2278 1249 2360 speculum,
1276 2280 1338 2341 et
1365 2295 1514 2359 quae
1540 2281 1781 2344 suntin

252 2403 323 2449 eo
341 2391 670 2468 contenta3
698 2386 1039 2451 dicendum
1069 2383 1238 2465 quod
1266 2387 1360 2448 est
1380 2384 1614 2466 duplex
1638 2406 1780 2471 spe-

250 2493 458 2557 culum
492 2516 508 2559 t
541 2494 861 2577 quoddam
887 2490 1207 2569 naturale;
1240 2494 1304 2554 et
1323 2491 1643 2587 quoddam
1669 2514 1782 2560 vo-

247 2597 615 2666 luntarium.
656 2599 1002 2683 Speculum
1045 2597 1364 2675 naturale,
1394 2599 1559 2664 sicut
1598 2607 1781 2668 natu-

247 2704 452 2771 raliter
481 2707 765 2790 suscipit,
798 2706 885 2770 ita
929 2710 993 2769 et
1037 2705 1411 2770 naturaliter
1449 2708 1690 2787 reddit,
1717 2715 1780 2775 et

245 2812 327 2875 ita
349 2813 511 2878 nihil
540 2814 812 2879 occultat
846 2832 861 2873 t
891 2812 1033 2877 ideo
1060 2813 1390 2894 speculum
1422 2814 1546 2878 sibi
1578 2834 1779 2901 oppo-

243 2920 428 2985 situm
473 2940 610 2986 non
658 2921 865 2987 solum
912 2921 1126 3004 ipsum
1145 2969 1161 2997 ,
1192 2921 1302 2985 sed
1347 2923 1541 2986 etiam
1586 2942 1777 2991 omne

243 3029 403 3109 quod
430 3028 605 3093 lucet
627 3029 697 3093 in
719 3047 795 3094 eo
817 3031 1248 3111 repraesentat.
1280 3026 1626 3111 Speculum
1655 3052 1779 3097 au-

243 3139 363 3200 tem
391 3138 830 3203 voluntarium
854 3156 986 3202 non
1012 3140 1109 3201 est
1142 3137 1210 3201 in
1239 3141 1387 3202 actu
1412 3140 1777 3207 manifesta-

241 3241 421 3308 tionis
465 3262 696 3310 eorum
737 3262 885 3327 quse
921 3243 990 3307 in
1017 3262 1084 3309 se
1128 3244 1432 3323 continet,
1474 3247 1598 3311 nisi
1625 3266 1775 3314 cum

239 3349 353 3415 hoc
373 3352 522 3417 facit
550 3352 849 3416 voluntas
879 3372 896 3417 ε
931 3354 996 3417 et
1015 3352 1139 3415 tale
1163 3356 1258 3416 est
1282 3354 1612 3436 speculum
1638 3357 1775 3440 spi-

238 3458 454 3526 rituale
480 3484 496 3526 :
526 3465 592 3526 et
612 3461 755 3525 ideo
785 3479 917 3525 non
943 3464 1037 3525 est
1060 3460 1290 3525 simile.

313 3572 372 3632 6.
402 3568 499 3632 Ad
527 3567 688 3632 illud
717 3568 888 3651 quod
906 3567 1206 3649 objicitur
1232 3569 1309 3633 de
1336 3570 1522 3634 oculo
1549 3589 1776 3656 corpo-

236 3672 379 3755 rali3
401 3694 518 3758 per
539 3675 711 3739 hanc
736 3675 942 3758 ipsam
964 3675 1277 3740 rationem
1296 3678 1433 3759 jam
1455 3682 1625 3760 patet
1646 3698 1774 3745 res-

234 3781 468 3863 ponsio,
517 3782 753 3848 Oculus
799 3783 973 3846 enim
1016 3800 1190 3847 unus
1233 3785 1576 3867 corporalis
1602 3787 1774 3853 videt

235 3887 542 3971 quidquid
570 3889 744 3953 videt
771 3889 954 3968 aliuS,
986 3888 1041 3952 si
1067 3889 1384 3973 objectum
1411 3891 1493 3955 sit
1518 3894 1771 3977 utrique

232 3996 583 4062 revelatum
620 4018 637 4061 z
665 3997 721 4061 si
750 4001 964 4061 autem
989 3996 1107 4060 uni
1140 3998 1425 4079 aperitur
1445 4046 1463 4079 ,
1501 4004 1566 4063 et
1591 4001 1772 4066 alteri

231 4101 487 4184 tegitur,
517 4121 694 4167 unus
737 4107 943 4185 potest
978 4102 1194 4168 videre
1225 4104 1393 4185 quod
1439 4123 1572 4169 non
1597 4107 1773 4173 videt

231 4205 407 4271 alius.
439 4208 609 4286 Quia
636 4227 793 4290 ergo
815 4209 1035 4274 nullus
1063 4228 1130 4274 se
1158 4209 1278 4274 sibi
1313 4229 1429 4274 nec
1456 4211 1618 4289 vult,
1652 4233 1772 4280 nec

234 4316 428 4393 potest
460 4317 697 4395 velare,
723 4316 882 4400 quia
908 4317 1030 4380 sibi
1050 4335 1300 4399 semper
1322 4336 1604 4402 praesens
1630 4325 1764 4403 est,

229 4416 362 4484 ideo
389 4423 652 4487 oculum
678 4424 1036 4506 proprium,
1059 4424 1110 4488 si
1131 4424 1282 4506 quid
1306 4423 1376 4488 in
1401 4444 1469 4490 se
1494 4430 1610 4507 est,
1637 4447 1768 4493 non

228 4529 425 4605 potest
467 4529 706 4609 latere3
752 4529 1035 4595 alienum
1082 4549 1236 4598 vero
1279 4533 1539 4598 oculum
1566 4540 1770 4617 potest

228 4633 689 4718 subterfugere,
738 4641 802 4702 et
851 4656 921 4703 se
963 4638 1054 4702 illi
1091 4642 1374 4706 revelare
1393 4691 1411 4720 ,
1456 4645 1768 4727 quoniam

229 4756 352 4806 non
383 4748 478 4808 est
498 4745 621 4828 ipsi
644 4763 945 4828 praesenS,
962 4765 1083 4812 nec
1107 4767 1300 4831 super
1326 4767 1478 4815 eum
1502 4757 1762 4835 potens:

227 4850 287 4911 et
323 4848 467 4915 ideo
507 4871 769 4918 omnem
810 4855 1074 4920 oculum
1127 4858 1522 4940 spiritualem
1564 4866 1769 4944 potest

233 4957 614 5024 conscientia
642 4965 863 5025 nostra
887 4961 1106 5040 latere,
1132 4969 1396 5048 excepto
1434 4984 1503 5031 se
1523 5015 1541 5047 ,
1570 4970 1635 5032 et
1661 4969 1767 5034 illo

228 5062 337 5144 qui
380 5070 472 5131 est
507 5086 701 5150 supra
726 5087 815 5134 se.
855 5068 935 5133 Et
968 5070 1111 5135 ideo
1157 5071 1307 5135 dicit
1332 5072 1761 5158 AugustinuS,

285 5261 300 5294 ¹
343 5265 584 5327 August„
628 5264 689 5313 de
733 5264 854 5316 Gen.
890 5264 961 5316 ad
991 5265 1117 5327 litt„
1160 5267 1250 5317 lib.
1274 5269 1393 5330 xlx,
1436 5284 1480 5320 c.
1526 5282 1658 5323 xvn.
1702 5300 1765 5311 —

99 5361 118 5380 .
224 5330 478 5386 ’.Sanctus
511 5334 696 5386 doctor
730 5336 947 5397 laborat,
969 5341 1028 5389 ut
1048 5341 1217 5403 patet,
1259 5339 1548 5405 ignorantia
1575 5343 1766 5410 lingum

224 5414 419 5465 σωθῶ.
451 5407 576 5458 Hoc
595 5420 699 5459 vox
713 5444 731 5473 ‚
759 5410 1106 5474 enerqumem‘,
1134 5409 1265 5463 sicut
1300 5416 1354 5465 et
1372 5411 1468 5464 ista
1483 5450 1502 5479 ,
1528 5417 1757 5480 enerqia,

3321 414 3439 476 457

1896 565 2087 632 super
2109 548 2394 615 Genesim
2436 546 2526 614 ad
2555 547 2810 614 literam
2836 548 2881 627 ¹,
2907 547 3078 631 quod
3106 547 3270 611 sicut
3293 547 3439 611 sub-

1895 659 2144 723 stantiae
2172 657 2529 741 corporales
2546 657 2784 721 habent
2824 657 3038 739 aliqua
3078 657 3438 723 velamenta

1895 764 2131 847 quibus
2156 783 2224 828 se
2246 764 2470 828 alienis
2497 764 2852 846 aspectibus
2885 762 3223 838 occultant,
3255 761 3347 826 sic
3375 766 3439 826 et

1892 871 1963 935 in
1991 871 2092 935 his
2118 872 2483 935 substantiis
2508 869 2949 953 spiritualibus
2985 887 3104 934 suo
3131 870 3320 933 modo
3344 869 3438 934 in-

1893 978 2318 1060 telligendum
2343 984 2437 1045 est
2463 1002 2478 1044 :
2508 980 2648 1044 haec
2679 982 2773 1042 est
2797 978 3144 1042 verborum
3166 994 3435 1041 suorum

1894 1087 2226 1151 sententia.
2259 1087 2336 1152 Et
2373 1088 2426 1151 si
2463 1092 2535 1152 tu
2576 1104 2827 1169 quaeras
2869 1084 3188 1168 quomodo
3234 1088 3439 1167 potest

1893 1196 2018 1260 hoc
2044 1215 2179 1262 esse
2210 1197 2311 1263 vel
2339 1198 2613 1279 intelligi
2636 1247 2654 1278 ,
2687 1215 2837 1261 cum
2864 1195 3219 1259 substantia
3244 1194 3438 1277 spiri-

1893 1303 2087 1368 tualis
2114 1304 2389 1387 simplex
2407 1305 2482 1367 sit
2512 1311 2575 1368 et
2601 1303 2944 1368 uniformis
2972 1320 3084 1385 per
3110 1306 3353 1379 totum3
3377 1309 3440 1366 et

1895 1411 1985 1474 ita
2019 1411 2274 1476 videtur
2316 1411 2487 1493 quod
2531 1412 2642 1494 qui
2673 1410 2848 1475 videt
2886 1409 3239 1488 modicum,
3276 1409 3438 1473 nihil
3512 1497 3517 1500 ἤ

1894 1517 2085 1596 latet3
2116 1522 2358 1582 etcum
2386 1517 2727 1582 uniformis
2757 1518 2875 1593 sit,
2904 1534 3035 1581 non
3060 1519 3264 1599 potest
3301 1535 3438 1582 esse

1892 1626 1979 1690 ibi
2007 1625 2246 1709 aliquid
2267 1625 2609 1704 occultans,
2637 1628 2700 1688 et
2727 1623 2967 1706 aliquid
2994 1623 3383 1688 occultatum
3415 1643 3433 1687 z

1892 1733 2229 1797 dicendum
2257 1731 2428 1815 quod
2458 1731 2857 1796 obstaculum
2886 1730 3043 1793 illud
3089 1748 3221 1794 non
3245 1731 3438 1796 habet

1891 1836 2163 1921 intelligi
2201 1858 2314 1922 per
2340 1838 2886 1921 interpositionem
2929 1838 3201 1919 alicujus
3246 1842 3437 1904 natu-

1890 1964 1981 2012 rae
2008 1965 2249 2031 opacae,
2280 1947 2445 2011 sicut
2472 1947 2656 2012 estin
2680 1948 2829 2011 visu
2862 1949 3079 2011 nostro
3109 1964 3431 2029 corpore0‚

1889 2055 1994 2119 vel
2020 2056 2312 2132 obscure,
2337 2056 2441 2121 vel
2469 2056 2686 2120 minus
2704 2055 2905 2134 clare3
2930 2054 3035 2119 sed
3063 2054 3156 2118 ibi
3181 2053 3435 2121 abscon-

1890 2161 2037 2229 dere
2056 2165 2227 2229 idem
2243 2169 2338 2228 est
2364 2165 2537 2246 quod
2561 2163 2727 2227 nolle
2747 2162 3171 2227 manifestare.
3197 2161 3273 2226 Et
3293 2163 3437 2227 lic-et

1888 2289 2022 2335 non
2066 2272 2190 2335 sint
2225 2272 2317 2335 ibi
2359 2254 2752 2335 diversitates
2786 2271 3096 2355 plicarum
3132 2290 3214 2335 ex
3258 2289 3432 2335 com-

1887 2378 2198 2461 positione
2238 2378 2637 2443 diversarum
2677 2384 3055 2443 naturarum
3077 2428 3094 2457 ,
3144 2383 3297 2443 sunt
3330 2382 3436 2444 ta·-

1888 2485 2133 2549 meniu
2175 2486 2396 2550 anima
2440 2485 2680 2567 gradus
2718 2486 3151 2569 potentiarum
3201 2491 3265 2549 et
3301 2491 3434 2550 sta—

1886 2597 2107 2672 tuum,
2167 2595 2518 2658 secundum
2569 2612 2732 2676 quos
2784 2593 3084 2675 quaedam
3133 2594 3436 2658 dicuntur

1887 2718 2021 2765 esse
2043 2702 2281 2767 animae
2311 2702 2519 2784 magis
2545 2701 2793 2779 intima;
2813 2704 3035 2783 utpote
3061 2719 3206 2783 quae
3228 2701 3435 2785 respi-

1885 2808 2066 2872 ciunt
2099 2808 2411 2892 potentias
2436 2808 2851 2890 superiores,
2882 2811 2945 2870 et
2995 2808 3431 2889 simpliciores,

1884 2920 2018 2984 sive
2052 2919 2373 3004 puriores,
2405 2918 2755 2983 secundum
2786 2936 2948 3001 quas
2984 2920 3200 2982 anima
3223 2921 3436 3001 magis

1883 3026 1954 3091 in
2002 3028 2209 3110 seipsa
2260 3026 2692 3109 recolligitur,
2725 3030 2790 3090 et
2828 3027 2885 3090 ei
2908 3074 2925 3102 ,
2956 3026 3129 3109 quod
3180 3046 3434 3091 summe

1883 3155 2093 3201 unum
2110 3140 2225 3216 est,
2255 3138 2486 3201 unitur
2515 3140 2580 3201 et
2625 3136 3072 3219 simplificatur
3103 3159 3118 3201 :
3150 3139 3215 3200 et
3238 3155 3433 3221 penes

1881 3245 2000 3308 has
2038 3244 2322 3309 maxime
2369 3244 2603 3309 residet
2643 3243 3045 3308 conscientiae
3073 3248 3426 3307 secretum:

1881 3357 1945 3418 et
1978 3353 2071 3417 sic
2109 3357 2281 3435 patet
2318 3353 2550 3417 solutio
2587 3354 2985 3436 objectorum
3023 3374 3037 3416 :
3082 3370 3165 3416 ex
3193 3350 3434 3433 quibus

1881 3461 2077 3527 etiam
2105 3461 2595 3524 manifestantur
2621 3460 2841 3524 omnia
2860 3477 3008 3542 quae
3033 3460 3102 3523 in
3127 3459 3311 3522 litera
3337 3457 3429 3520 di-

1880 3573 2140 3633 cuntur.
2173 3567 2307 3632 Hoc
2347 3568 2556 3632 solum
2583 3571 2801 3632 autem
2841 3567 3088 3648 indiget
3127 3568 3432 3650 explana·

1799 3683 1807 3692 ‘
1878 3675 2072 3756 tione,
2103 3674 2274 3758 quod
2302 3674 2452 3738 dicit
2480 3673 2839 3738 Gennadius
2870 3673 2949 3756 (a)
2972 3723 2991 3751 ,
3018 3675 3189 3757 quod
3229 3699 3261 3736 α
3291 3676 3429 3742 dae-

1879 3799 2102 3846 mones
2119 3800 2232 3865 per
2251 3780 2533 3862 energiae
2549 3780 3004 3863 operationem,
3029 3802 3059 3839 n
3085 3786 3204 3845 etc.
3228 3804 3242 3846 :
3272 3783 3425 3865 quid

1877 3889 2149 3973 appellet
2175 3890 2520 3970 enerqz’am.
2551 3886 2629 3950 Et
2664 3887 3000 3952 dicendum
3043 3888 3212 3971 quod
3250 3908 3426 3954 ener-
3482 3920 3666 3978 snm„

1877 3997 1988 4078 gia
2026 3997 2257 4061 dicitur
2296 3996 2378 4059 ab
2424 4012 2540 4071 en,
2578 3994 2750 4079 quod
2795 3999 2894 4059 est
2940 3996 3045 4074 in,
3098 3999 3159 4059 et
3207 4013 3420 4080 emon,
3454 3989 3575 4043 quia.

1877 4105 2048 4188 quod
2073 4108 2167 4168 est
2189 4105 2389 4182 labor,
2421 4108 2486 4168 et
2517 4119 2692 4169 mene
2720 4105 2762 4182 ²,
2784 4104 2956 4185 quod
2983 4108 3077 4167 est
3101 4103 3377 4170 defectus
3404 4130 3417 4171 :

1875 4213 2023 4277 inde
2052 4212 2319 4294 energia
2359 4212 2540 4295 quasi
2580 4211 2846 4275 interior
2885 4211 3087 4291 labor,
3120 4211 3224 4277 vel
3267 4213 3424 4279 inte-

1874 4321 2007 4385 rior
2026 4320 2326 4384 derectus.
2341 4318 2521 4384 Unde
2540 4318 2631 4382 illi
2651 4318 2951 4382 dicuntur
2971 4321 3419 4402 energumeni,

1875 4427 1987 4510 qui
2007 4427 2279 4491 interius
2299 4427 2590 4491 laborant
2611 4444 2726 4510 per
2751 4425 3161 4491 vexationem
3188 4427 3423 4494 daemo·

1874 4535 1975 4597 nis
2002 4534 2270 4598 interius
2299 4534 2640 4599 obsidentis
2662 4582 2679 4613 ,
2715 4536 2779 4597 et
2817 4534 3102 4597 animam
3132 4532 3421 4599 laborare

1873 4640 2200 4705 facientis:
2230 4645 2294 4705 et
2339 4641 2462 4705 hoc
2499 4641 2788 4723 estquod
2815 4640 3177 4706 Gennadius
3211 4640 3290 4725 (a)
3322 4642 3422 4706 di-

1874 4768 2017 4815 cere
2047 4750 2337 4815 intendit.
2386 4748 2623 4815 Caetera
2661 4753 2913 4833 patent,
2942 4768 3090 4833 quae
3124 4751 3195 4815 in
3235 4750 3419 4816 litera

1874 4861 2201 4926 dicuntur.

1872 5004 2028 5056 habet
2051 5017 2149 5069 pro
2179 5003 2491 5070 etymologia
2514 5002 2934 5070 praepositionem
2960 5008 3033 5077 ἐν,
3064 5004 3203 5070 quod
3224 5007 3303 5056 est
3329 5005 3412 5071 in,

1873 5090 1932 5136 ut
1965 5085 2072 5149 ipse
2106 5084 2262 5149 dicit,
2291 5089 2342 5136 et
2368 5089 2500 5159 ἰργὸν
2516 5128 2534 5156 ,
2575 5085 2714 5149 quod
2747 5089 2824 5136 est
2867 5084 3010 5136 labor
3043 5100 3134 5137 seu
3161 5088 3416 5153 operatio,-

1875 5165 2175 5216 desinentioe
2204 5179 2329 5216 vero
2360 5167 2495 5215 meni
2520 5165 2663 5216 vocis
2699 5167 3017 5230 enerqumeni
3029 5204 3048 5231 ,
3085 5167 3259 5232 nulla,
3296 5182 3415 5220 cum

1872 5251 1979 5288 non
1999 5238 2084 5302 sit,
2114 5237 2426 5303 etymologia
2451 5237 2731 5302 quoerenda
2747 5240 2843 5288 est.

1937 5328 2000 5393 (a)
2035 5329 2160 5380 Coet.
2179 5328 2302 5379 edit.
2333 5326 2643 5379 GennaiduS.
