4125 6225
1329 449 1705 517 DlSTlNCT.
1750 449 1827 515 Il.
1872 450 2077 516 PARS
2119 450 2167 515 l.

170 594 383 657 batam
415 587 772 667 concludit,
800 585 1331 650 etauctoritatem
1357 585 1423 647 in
1453 586 1710 668 opposi-

167 707 308 766 tum
335 698 751 774 determinat,
782 695 873 759 ibi
913 716 926 755 ;
959 693 1176 758 Simul
1199 709 1343 776 erqo
1370 709 1517 758 cum
1554 698 1710 760 tem-

162 824 345 890 pore,
375 810 495 870 etc.

828 900 966 947 nun.
1013 901 1059 944 1.

324 1012 401 1062 Tu
428 1009 483 1060 in
509 1006 759 1073 principio
774 1045 793 1073 ‚
821 1006 1037 1057 Domine
1052 1045 1070 1072 ,
1096 1008 1287 1057 terram
1315 1004 1555 1056 fundasti.

246 1127 515 1193 Videtur
540 1126 663 1188 hoc
700 1124 933 1188 falsum
966 1123 1217 1206 :primo
1261 1140 1344 1187 ex
1381 1122 1505 1186 hoc
1536 1120 1711 1203 quod

166 1235 321 1301 dicit
346 1238 587 1297 terram
613 1250 747 1295 esse
771 1231 1104 1296 fundatam
1120 1278 1138 1309 ,
1172 1231 1327 1313 quia
1354 1247 1483 1293 non
1524 1228 1714 1293 vide-

165 1346 277 1406 tur
308 1358 444 1404 esse
460 1338 757 1415 fundata,
784 1338 892 1401 sed
913 1337 1125 1420 potius
1151 1354 1457 1419 appensa,
1478 1353 1711 1399 secun-

164 1449 328 1514 dum
359 1447 529 1529 quod
568 1446 846 1509 dicitur¹
888 1467 904 1508 ε
954 1445 1110 1517 Quis
1151 1443 1471 1526 appendit
1503 1443 1713 1510 tribus

165 1556 405 1637 divitis
427 1554 651 1619 molem
669 1554 898 1620 cerroe?
915 1556 979 1616 et
998 1553 1023 1587 ²
1049 1575 1062 1615 ε
1092 1551 1358 1626 Quando
1381 1549 1715 1633 appende-

168 1664 281 1730 bat
306 1661 739 1743 fundamenta
767 1667 974 1728 terrae.
1013 1659 1172 1723 Item
1199 1660 1433 1723 falsum
1457 1659 1717 1723 videtur

166 1771 411 1847 dicere,
444 1787 596 1833 cum
634 1769 722 1832 ait
754 1791 768 1832 :
799 1770 881 1832 In
902 1768 1234 1849 principio
1276 1773 1506 1832 terram
1559 1767 1717 1845 fun-

166 1879 351 1944 dasti
370 1896 400 1958 ;
425 1877 579 1959 quia
621 1880 791 1939 terra
813 1877 975 1939 faeta
1019 1875 1139 1940 fuit
1173 1874 1360 1938 tertio
1379 1873 1480 1937 die
1512 1896 1526 1938 ε
1559 1890 1720 1954 ergo

167 2002 303 2049 non
319 1984 442 2047 fuit
460 1982 719 2047 fundata
737 1982 803 2045 in
823 1981 1159 2064 principio.
1180 1980 1376 2045 Juxta
1398 1980 1523 2043 hoc
1542 1997 1720 2061 quae-

168 2092 359 2169 fitur,
389 2107 594 2172 supra
619 2090 774 2172 quid
814 2087 982 2153 terra
1018 2088 1281 2152 fundata
1318 2088 1418 2150 sit.
1456 2085 1723 2151 Videtur

168 2198 345 2282 quod
388 2215 581 2279 super
623 2215 854 2278 aquas»,
900 2199 1159 2277 propter
1186 2193 1343 2260 illud
1381 2192 1615 2257 Psalmi
1641 2197 1664 2232 ⁸
1697 2211 1714 2256 ε

173 2307 302 2383 Qui
345 2304 654 2385 fundavit
697 2303 776 2385 (a)
807 2306 1046 2369 terram
1070 2317 1264 2382 super
1292 2316 1517 2382 aquas.
1550 2299 1720 2364 Con-

168 2412 455 2478 trarium
480 2414 697 2474 autem
724 2409 976 2472 videtur
1003 2425 1117 2489 per
1143 2406 1538 2488 Scripturam
1569 2423 1719 2488 quae

170 2521 324 2585 dicit
344 2524 366 2559 ¹·
398 2540 414 2582 :
449 2519 571 2591 Qui
591 2516 900 2598 fundavit
927 2522 1157 2582 terram
1181 2529 1371 2595 super
1397 2514 1719 2579 stabilita-

173 2636 303 2695 tem
321 2642 542 2704 suam3
564 2630 628 2688 et
644 2642 757 2707 per
775 2628 1099 2700 naturam,
1120 2639 1266 2704 quae
1281 2621 1469 2685 dictat
1481 2639 1717 2704 aquam

173 2754 313 2801 esse
342 2734 561 2798 minus
599 2750 867 2814 gravem
889 2748 1086 2812 quam
1114 2734 1384 2806 terram,
1415 2733 1478 2793 et
1501 2729 1590 2792 ita
1615 2745 1717 2792 se-

173 2844 468 2909 cundum
494 2841 783 2906 ordinem
810 2844 1057 2903 naturae
1092 2857 1228 2903 non
1262 2844 1498 2903 terram
1525 2856 1720 2921 super

174 2969 449 3035 aquam,
476 2948 584 3013 sed
608 2967 644 3013 e
673 2965 1001 3011 converso.

258 3056 450 3140 Resp.
490 3053 843 3121 Dicendum
893 3053 1068 3137 quod
1123 3053 1385 3118 nomine
1422 3056 1611 3117 terrae
1648 3050 1720 3116 in

176 3165 513 3247 Scriptura
552 3162 932 3244 intelligitur
964 3161 1227 3226 materia
1256 3160 1716 3243 corporalium3

176 3271 563 3353 intelligitur
588 3270 780 3335 etiam
803 3269 1190 3334 elementum
1208 3273 1430 3350 terrae3
1465 3271 1528 3332 et
1549 3271 1722 3333 utro-

181 3400 310 3465 que
338 3378 529 3444 modo
557 3377 753 3460 accipi
783 3380 987 3461 potest
1009 3377 1079 3439 in
1103 3378 1406 3458 praedicta
1437 3376 1721 3440 auctori-

182 3492 313 3552 tate
331 3536 350 3564 ,
394 3491 458 3551 et
494 3503 666 3550 vere.
705 3481 773 3548 Si
807 3484 983 3549 enim
1009 3488 1181 3548 terra
1215 3484 1561 3566 accipiatur
1604 3501 1722 3566 pro

186 3593 456 3658 materia
489 3591 746 3656 informi
770 3639 788 3671 ,
821 3592 910 3655 sic
937 3594 1106 3655 recte
1133 3590 1363 3655 dicitur
1385 3614 1400 3655 :
1422 3592 1505 3655 In
1526 3592 1724 3673 prin-

186 3701 383 3784 cipio,
420 3701 715 3777 Domine,
758 3705 994 3764 terram
1026 3696 1360 3778 fundasti,
1403 3697 1468 3763 id
1494 3701 1621 3777 est,
1653 3697 1724 3761 in

184 3807 503 3892 principio
529 3805 731 3871 fecisti
765 3805 1099 3869 materiam
1139 3805 1510 3883 informem,
1541 3803 1723 3886 quasi

183 3917 676 3982 fundamentum
693 3913 987 3978 omnium
1004 3913 1381 3976 formarum.
1403 3910 1559 3988 Quae
1583 3912 1724 3976 ideo

183 4030 422 4096 dicitur
448 4046 585 4093 esse
610 4027 897 4105 fundata,
918 4026 1071 4109 quia
1089 4044 1310 4090 omnes
1330 4026 1553 4090 formae
1577 4043 1724 4090 sus-

183 4141 510 4203 tentantur
537 4154 577 4200 a
607 4134 894 4212 materia,
926 4138 990 4197 et
1010 4133 1148 4217 ipsa
1173 4151 1307 4198 non
1334 4136 1726 4197 sustentatur

185 4246 267 4310 ab
292 4245 418 4309 alio
437 4290 455 4320 ‚
484 4243 605 4307 nisi
631 4261 672 4306 a
704 4241 855 4306 Deo.
886 4239 1032 4305 Ideo
1059 4244 1276 4305 autem
1305 4240 1539 4305 dicitur
1565 4240 1724 4305 fun-

185 4352 334 4417 data
351 4352 423 4415 in
449 4350 786 4433 principie,
814 4346 968 4431 quia
986 4348 1149 4411 nihil
1166 4351 1314 4412 ante
1335 4347 1537 4431 ipsam
1556 4365 1728 4411 crea-

187 4464 333 4525 tum
358 4462 474 4523 est.
506 4456 574 4522 Si
598 4461 817 4522 autem
843 4456 1105 4520 nomine
1134 4459 1322 4519 terrae
1348 4454 1729 4535 intelligitur

188 4566 581 4632 elementum
606 4568 797 4627 terrae
812 4610 833 4641 ,
870 4560 1081 4626 adhuc
1114 4579 1310 4626 verus
1336 4565 1430 4625 est
1453 4560 1730 4643 praedic-

190 4680 298 4741 tus
314 4690 549 4738 sermo.
577 4669 772 4735 Terra
795 4670 970 4734 enim
994 4669 1259 4734 fundata
1283 4668 1514 4732 dicitur
1538 4686 1727 4751 prop-

192 4788 290 4847 ter
317 4781 420 4845 sui
444 4778 871 4857 stabilitatem,
893 4777 1247 4840 secundum
1267 4775 1428 4841 illud
1449 4776 1472 4811 ⁸
1496 4794 1512 4838 ε
1540 4775 1729 4841 Gene-

194 4891 368 4957 ratio
406 4886 725 4970 praeterit,
765 4890 829 4951 et
864 4885 1185 4968 ueneratio
1226 4882 1522 4953 advenit:
1560 4887 1734 4950 terra

195 5001 411 5064 autem
461 4997 537 5061 in
578 4999 889 5061 <eternum
936 4997 1089 5059 stat.
1121 4989 1253 5056 Hoc
1299 4992 1688 5057 elementum
1711 5038 1729 5069 ‚

193 5102 432 5170 scilicet
474 5104 664 5165 terrae
680 5147 698 5175 ,
741 5102 806 5163 et
830 5098 1059 5163 dicitur
1084 5098 1420 5163 fundatum
1435 5148 1453 5179 ,
1484 5102 1549 5164 et
1573 5099 1733 5164 dici-

194 5216 306 5278 tur
329 5225 685 5294 appensum
712 5207 1086 5271 :fundatum
1113 5224 1307 5288 super
1327 5206 1735 5271 stabilitatem

274 5372 431 5436 ¹13a.,
452 5382 555 5432 n,
576 5372 731 5420 12.-
746 5368 953 5432 ’Pr-ov„
980 5378 1106 5429 vm,
1128 5371 1208 5420 2⁹.
1227 5393 1293 5406 —
1309 5367 1333 5405 ⁸
1359 5344 1440 5418 13⁸.
1461 5380 1633 5421 cxxxv
1650 5403 1666 5431 ‚
1687 5371 1735 5420 6.

200 5471 268 5486 -
286 5445 311 5479 δ
342 5444 429 5494 Pr.
462 5451 587 5502 cul,
611 5442 663 5489 5.
685 5462 751 5477 —-
769 5438 791 5474 ⁸
810 5437 1023 5505 Eccles„
1041 5452 1083 5505 1,
1101 5442 1152 5491 4.

3245 451 3363 510 275

1820 603 2028 664 suam,
2055 590 2116 649 et
2142 586 2477 649 fundatum
2504 585 2699 650 etiam
2724 603 2916 667 super
2942 601 3162 665 aquas,
3189 580 3363 645 Fun-

1820 693 2043 757 datum
2071 693 2332 772 dicitur,
2376 694 2528 776 quia
2552 693 2715 757 sicut
2742 693 3241 755 fundamentum
3269 693 3364 753 est

1821 800 2121 863 infimum
2144 799 2312 863 inter
2333 817 2557 863 omnes
2581 803 2789 882 partes
2807 798 3058 875 domm,
3078 798 3168 861 sie
3194 802 3363 860 terra

1822 912 1918 972 est
1944 908 2248 971 infimum
2275 908 2442 971 inter
2469 907 2686 971 omnia
2723 925 2988 989 corpora
3015 904 3263 983 mundi,
3301 907 3364 966 et

1823 1015 1894 1079 in
1922 1020 2139 1079 centro
2159 1016 2453 1095 existens,
2485 1019 2658 1080 tenet
2681 1016 2895 1079 locum
2925 1011 3355 1088 fundamenti3

1823 1127 2059 1186 etcum
2079 1170 2097 1200 ,
2135 1122 2368 1187 virtute
2395 1123 2650 1204 propria
2696 1123 2815 1185 sibi
2841 1115 3147 1186 divinitus
3172 1120 3318 1189 data
3340 1166 3359 1195 ,

1823 1236 2116 1294 centrum
2139 1233 2390 1314 appetat
2406 1235 2478 1293 ut
2495 1230 2560 1292 in
2576 1233 2792 1293 centro
2815 1230 3190 1311 requiescat,
3208 1228 3363 1290 fun-

1823 1336 1969 1402 data
1996 1338 2228 1403 dicitur
2254 1356 2445 1420 super
2472 1337 2871 1401 stabilitatem
2902 1354 3109 1400 suam.
3137 1334 3214 1398 Et
3235 1334 3359 1397 hoc

1824 1444 2068 1509 dictum
2126 1463 2261 1510 esse
2316 1444 2810 1525 intelligendum
2860 1447 2951 1507 est
3002 1441 3359 1505 secundum

1825 1552 2183 1617 veritatem.
2222 1552 2587 1617 Secundum
2630 1556 2846 1615 autem
2882 1555 3166 1614 nostram
3192 1548 3363 1611 ima-

1825 1658 2257 1740 ginationem,
2296 1664 2359 1722 et
2392 1658 2731 1739 vulgarem
2772 1657 3181 1739 opinionem,
3212 1674 3362 1719 cum

1827 1788 2013 1852 aquae
2089 1770 2453 1853 cooperiant
2527 1770 2892 1834 inferiorem
2954 1769 3361 1851 superficiem

1830 1881 2017 1943 terrae
2038 1882 2330 1962 respectu
2346 1878 2567 1958 nostri,
2599 1882 2663 1941 et
2685 1879 2854 1943 ultra
2875 1896 3109 1960 aquam
3133 1877 3215 1940 sit
3231 1894 3360 1956 aer,

1827 1990 1890 2051 et
1909 1988 2081 2052 ultra
2106 2007 2318 2052 aerem
2339 1987 2418 2052 sit
2436 1987 2628 2069 igniS,
2658 1987 2889 2052 dicitur
2909 1991 3077 2050 terra
3103 1985 3365 2050 fundata

1826 2114 2019 2178 super
2050 2115 2273 2178 aquas.
2319 2094 2446 2159 Nos
2481 2096 2655 2159 enim
2685 2097 3079 2159 aestimamus
3117 2097 3359 2157 terram

1827 2223 1962 2270 esse
1980 2224 2443 2289 superaquam,
2462 2194 2619 2269 dum
2634 2205 3112 2269 consideramus
3129 2221 3364 2285 aquam

1827 2314 1949 2376 sub
1969 2314 2238 2395 pedibus
2255 2313 2510 2378 nostris.
2533 2313 2776 2377 Dicitur
2792 2313 2983 2377 etiam
3004 2330 3139 2377 esse
3164 2311 3368 2374 tribus

1826 2419 2050 2500 digitis
2077 2438 2391 2503 appensa,
2427 2439 2541 2503 pro
2568 2439 2644 2485 eo
2666 2420 2839 2503 quod
2865 2420 3070 2484 tribus
3092 2419 3368 2482 elemen-

1826 2527 1908 2590 tis
1942 2528 2334 2592 intermediis
2359 2529 2547 2593 distat
2571 2547 2612 2592 a
2650 2528 2793 2593 coeli
2822 2525 3362 2603 circumferentia,

1827 2638 1892 2700 et
1912 2636 2341 2700 mediantibus
2356 2636 2480 2700 illis
2497 2636 2752 2702 videtur
2770 2654 2905 2699 esse
2925 2633 3108 2716 quasi
3125 2650 3370 2715 appen-

1826 2760 1920 2806 sa.
1948 2742 2030 2806 Et
2059 2761 2171 2825 per
2200 2743 2323 2807 hoc
2350 2748 2520 2825 patet
2540 2742 2866 2825 responsio
2895 2742 2975 2806 ad
3001 2741 3218 2804 omnia
3245 2740 3369 2804 ob-

1819 2848 2009 2930 jecta.
2036 2846 2199 2913 Nota
2219 2854 2438 2913 tamen
2456 2848 2628 2930 quod
2655 2847 2838 2913 aliter
2860 2848 3163 2931 accipitur
3184 2848 3372 2928 prin-

1827 2957 2074 3039 cipium
2101 2956 2454 3020 secundum
2481 2955 2653 3038 quod
2677 2954 2937 3019 nomine
2964 2959 3152 3019 terrae
3179 2954 3371 3018 intel-

1826 3062 2050 3146 ligitur
2063 3062 2328 3128 materia
2345 3080 2363 3142 ;
2381 3062 2586 3144 aliter,
2613 3062 2966 3127 secundum
2995 3062 3166 3146 quod
3181 3060 3371 3126 intel-

1825 3170 2055 3253 ligitur
2094 3171 2483 3235 elementum
2533 3175 2740 3234 terrae.
2785 3167 3150 3235 Secundum
3190 3170 3368 3233 enim

1828 3280 2001 3363 quod
2053 3279 2313 3344 nomine
2376 3283 2564 3343 terrae
2633 3278 3014 3360 intelligitur
3064 3277 3331 3341 materia
3347 3324 3365 3356 ,

1827 3393 1983 3452 tunc
2007 3387 2240 3453 dicitur
2271 3388 2534 3454 fundata
2573 3388 2647 3453 in
2669 3387 3024 3468 principio,
3052 3385 3117 3451 id
3148 3390 3270 3465 est,
3298 3385 3369 3448 in

1828 3495 2183 3580 primordio
2220 3495 2658 3578 productionis
2688 3512 2944 3572 rerum3
2990 3493 3098 3557 sed
3139 3510 3371 3556 secun-

1829 3601 1988 3667 dum
2025 3601 2203 3684 quod
2245 3605 2416 3665 terra
2468 3601 2700 3665 dicitur
2748 3602 3132 3665 elementum
3154 3648 3172 3680 ,
3216 3604 3373 3664 tunc

1831 3707 2066 3771 dicitur
2092 3725 2227 3771 esse
2273 3707 2536 3772 fundata
2580 3708 2655 3773 in
2674 3709 3042 3790 principie,
3080 3706 3147 3771 id
3182 3706 3372 3770 estin

1830 3817 2056 3899 primis
2076 3816 2377 3900 operibus
2403 3833 2517 3880 sex
2538 3815 2815 3881 dierum.

2484 4004 2621 4051 mm.
2665 4004 2732 4049 u.

1999 4120 2108 4171 Nec
2128 4119 2304 4185 utique
2331 4121 2536 4183 tempus
2563 4118 2722 4183 coepit
2746 4131 2859 4169 esse
2884 4117 2940 4168 in
2967 4122 3217 4183 tempore.

1914 4243 2181 4308 Contra:
2206 4242 2408 4309 Omne
2446 4245 2621 4309 enim
2650 4244 2824 4327 quod
2845 4245 3038 4327 coepit
3062 4263 3196 4310 esse
3215 4293 3232 4325 ,
3260 4248 3374 4310 aut

1834 4349 2026 4433 coepit
2049 4368 2186 4415 esse
2208 4350 2283 4416 in
2308 4355 2615 4433 tempore,
2647 4354 2759 4416 aut
2784 4351 2854 4415 in
2884 4353 3239 4417 aeternitate
3270 4373 3288 4417 ε
3320 4353 3374 4416 si

1788 4500 1800 4513 ·
1835 4457 2039 4539 igitur
2063 4463 2315 4540 tempus
2334 4458 2524 4542 coepit
2540 4476 2697 4538 esse,
2720 4462 2784 4524 et
2800 4477 2931 4523 non
2944 4460 3133 4542 coepit
3145 4477 3277 4524 esse
3305 4461 3377 4523 in

1836 4564 2211 4644 aeternitate,
2241 4582 2400 4646 ergo
2418 4565 2608 4649 coepit
2623 4584 2758 4631 esse
2788 4567 2857 4631 in
2880 4572 3185 4650 tempore.
3217 4567 3376 4632 Item

1837 4672 1992 4738 dicit
2027 4672 2199 4754 quod
2235 4671 2399 4737 Deus
2432 4691 2566 4737 non
2592 4675 2780 4759 coepit
2801 4694 2935 4740 esse
2962 4675 3267 4740 Dominus
3292 4693 3377 4739 ex

1837 4783 2122 4861 tempore
2140 4798 2158 4858 ;
2179 4782 2243 4843 et
2255 4778 2507 4845 videtur
2517 4799 2652 4847 esse
2667 4782 2922 4860 falsum,
2938 4784 3093 4865 quia
3107 4802 3238 4848 non
3255 4784 3380 4849 fuit

1838 4887 2146 4952 Dominus
2188 4890 2534 4971 antequam
2570 4889 2832 4955 haberet
2884 4908 3142 4957 servum
3195 4912 3210 4954 :
3268 4890 3379 4956 sed

1841 5013 1973 5060 non
2015 4995 2247 5059 habuit
2271 5015 2534 5062 servum
2559 4998 2685 5064 nisi
2728 5017 2813 5064 ex
2852 5003 3137 5082 tempore
3167 5017 3184 5063 ε
3217 5018 3377 5083 ergo

1841 5101 2030 5185 coepit
2056 5120 2193 5168 esse
2221 5102 2531 5170 Dominus
2566 5124 2649 5170 ex
2678 5109 2987 5188 tempore.
3031 5105 3229 5171 Juxta
3254 5109 3379 5174 hoc

1842 5209 2182 5293 quaeritur,
2238 5216 2462 5276 utrum
2512 5213 2700 5297 coepit
2753 5230 2888 5277 esse
2929 5213 3234 5278 Dominus
3245 5237 3263 5295 ;
3317 5219 3382 5280 et

1843 5317 2017 5399 quod
2045 5335 2208 5395 non,
2247 5318 2524 5396 videtur,
2563 5319 2722 5402 quia
2747 5318 3111 5385 dominium
3147 5326 3241 5385 est
3267 5340 3384 5405 po-

1911 5442 1979 5507 (a)
2014 5441 2161 5507 ναις.
2189 5442 2428 5495 firmavit.
3095 5440 3101 5447 ’
