4125 6225
534 4042 692 4099 Opinio

677 440 795 500 252

683 588 839 652 ergo
866 571 919 635 si
956 571 1125 636 Deus
1161 573 1477 638 mediante
1520 572 1644 637 alio
1678 571 2053 654 produceret
2080 588 2211 649 reS,

1803 433 2419 501 SENTENTIARUM
2458 435 2605 500 LlB.
2651 435 2728 499 Il.

2327 571 2526 635 cendo
2545 620 2561 650 ,
2593 570 2682 634 ita
2707 572 2773 634 et
2809 569 2878 632 in
2922 568 3307 636 irradiando.
3355 569 3478 634 Sed
3520 570 3633 634 iste
3676 587 3846 634 error

3908 586 4119 658 12va

683 678 935 741 videtur
976 680 1147 761 quod
1190 681 1503 745 mediante
1551 680 1674 743 alio
1715 682 2117 744 conservaret
2159 682 2221 740 et
2326 678 2561 742 falsum
2596 677 3088 742 fundamentum
3128 679 3349 757 babet,
3390 678 3653 756 scilicet,
3683 678 3850 760 quod
3871 649 3982 693 m*

691 785 1018 866 perficeret
1055 803 1071 846 :
1103 805 1259 868 ergo
1283 806 1384 851 res
1409 785 1583 850 nullo
1606 785 1795 850 modo
1813 784 1941 849 Deo
1963 784 2221 865 indige-

687 892 869 953 rent:
897 908 1053 972 ergo
1074 909 1190 954 nec
1215 890 1293 955 ad
1325 890 1524 954 Deum
1549 890 1913 953 tenderent:
1940 890 2048 953 sed
2078 907 2219 952 om-

687 997 797 1059 nia
828 1001 980 1061 sunt
1013 998 1217 1075 bona,
1247 1000 1401 1081 quia
1440 998 1707 1063 tendunt
1736 997 1814 1061 ad
1867 998 2079 1080 ipsum
2100 1045 2117 1076 ,
2152 1001 2223 1061 ut

687 1103 977 1169 ordinata
1006 1126 1021 1165 ε
1048 1124 1208 1186 ergo
1235 1106 1399 1169 nihil
1420 1111 1582 1169 esset
1600 1106 1841 1168 bonum
1858 1154 1875 1184 ,
1906 1123 2024 1169 nec
2051 1106 2225 1170 ordi-

692 1217 940 1275 natum.
978 1211 1049 1276 In
1094 1231 1221 1295 quo
1259 1213 1429 1277 enim
1477 1212 1905 1295 principaliter
1942 1217 2036 1277 est
2061 1213 2224 1278 ratio

693 1318 839 1381 finis
858 1367 875 1396 ,
907 1319 973 1381 in
1002 1320 1224 1383 eodem
1257 1324 1350 1383 est
1374 1320 1536 1384 ratio
1563 1320 1714 1384 boni
1741 1322 1786 1383 ¹.

772 1425 929 1489 Item
968 1448 982 1491 τ
1013 1427 1183 1507 quod
1214 1428 1293 1490 sit
1322 1427 1742 1510 impossibile,
1773 1426 2025 1491 videtur
2056 1450 2071 1491 ε
2107 1428 2229 1491 Im-

692 1534 983 1615 possibile
1022 1538 1115 1597 est
1141 1540 1497 1599 creaturam
1529 1553 1721 1616 agere
1760 1554 1826 1597 se
1868 1538 2031 1613 tota,
2077 1553 2228 1599 cum

692 1642 871 1705 nulla
897 1642 978 1704 sit
1004 1643 1266 1706 omnino
1304 1642 1574 1725 simplex
1609 1664 1623 1705 :
1656 1660 1812 1722 ergo
1839 1642 2227 1723 impossibile

694 1749 982 1833 estquod
1026 1754 1176 1830 agat
1220 1753 1426 1814 totum
1460 1770 1476 1814 ε
1510 1759 1667 1831 ergo
1705 1749 1913 1813 solum
1959 1754 2228 1832 partem.

776 1858 934 1921 Item
958 1879 972 1920 t
1001 1858 1390 1940 impossibile
1405 1863 1497 1921 est
1525 1862 1883 1921 creaturam
1903 1876 2099 1939 agere
2119 1877 2233 1941 per

697 1966 1045 2047 potentiam
1065 1965 1383 2028 infinitam
1413 1989 1426 2029 :
1453 1966 1559 2029 sed
1582 1966 1746 2028 inter
1764 1965 2026 2028 omnino
2046 1965 2230 2043 nihil,

698 2077 761 2135 et
791 2071 1064 2152 aliquid,
1110 2078 1204 2135 est
1235 2073 1530 2136 distantia
1562 2072 1813 2135 infinita
1863 2097 1877 2135 :
1910 2090 2068 2153 ergo
2106 2089 2236 2135 non

700 2182 906 2261 potest
923 2178 1107 2242 educi
1130 2178 1250 2242 nisi
1274 2179 1356 2242 ab
1383 2185 1612 2259 agente
1641 2178 1897 2241 virtutis
1918 2177 2185 2240 infinitae
2214 2196 2230 2239 :

699 2286 823 2350 tale
849 2291 1066 2350 autem
1093 2291 1187 2351 est
1211 2287 1384 2350 solus
1409 2285 1574 2350 Deus
1608 2309 1621 2349 ε
1655 2304 1834 2367 ergo,
1877 2290 1994 2350 etc.

1244 2517 1694 2585 CONCLUSIO.

731 2677 894 2738 Deus,
935 2689 1051 2730 cum
1082 2677 1158 2730 sit
1193 2678 1343 2731 aetus
1363 2691 1566 2748 purus,
1597 2678 1758 2745 atque
1791 2688 1952 2730 causa
1979 2676 2217 2729 omnium

802 2780 979 2820 rerum
1003 2766 1283 2834 sufficiens,
1317 2765 1627 2822 immediate
1653 2768 1837 2821 omnia
1857 2764 2142 2837 produxit.

787 2931 970 3014 Resp.
1020 2934 1099 2998 ad
1144 2934 1303 3017 Arg.
1359 2935 1705 2999 Dicendum
1752 2934 1920 3017 quod
1975 2952 2241 3017 ponere,

706 3041 878 3123 quod
897 3041 1061 3105 Deus
1080 3043 1405 3107 reduxerit
1437 3044 1516 3126 (a)
1548 3062 1649 3107 res
1667 3062 1781 3127 per
1805 3043 1977 3107 aliud
2004 3059 2207 3124 agens
2224 3090 2243 3119 ,

708 3151 802 3211 est
838 3153 1058 3214 contra
1099 3150 1469 3226 veritatem,
1503 3154 1567 3213 et
1606 3153 1824 3214 contra
1864 3150 2089 3229 fidem,
2138 3148 2248 3212 sed

710 3255 920 3319 solum
962 3275 1074 3337 per
1114 3256 1347 3320 Filium
1387 3276 1583 3321 suum
1611 3281 1624 3321 :
1657 3258 1854 3322 Dixit
1893 3257 2066 3319 enim
2098 3263 2145 3334 ²,
2190 3261 2250 3322 et

711 3362 888 3440 facta
912 3371 1065 3429 sunt
1091 3384 1112 3422 :
1136 3382 1255 3427 nec
1283 3365 1492 3427 solum
1519 3368 1738 3427 contra
1759 3364 1952 3427 fidem
1970 3411 1985 3439 ,
2019 3381 2249 3427 verum

714 3468 906 3532 etiam
952 3475 1173 3534 contra
1219 3472 1528 3535 rationem
1575 3491 1592 3534 :
1641 3489 1879 3554 ponere
1925 3470 2100 3533 enim
2146 3487 2250 3533 res

716 3593 938 3639 omnes
966 3578 1302 3659 productas
1323 3598 1404 3642 ex
1427 3579 1659 3656 nihilo,
1684 3578 1946 3641 omnino
1975 3582 2069 3641 est
2095 3595 2252 3640 con-

715 3687 815 3746 tra
836 3685 1168 3765 rationem,
1190 3686 1277 3750 ita
1302 3693 1520 3750 utnon
1546 3687 1739 3769 possit
1765 3687 1903 3768 capi
1928 3685 2249 3767 quomodo

717 3809 917 3871 agens
948 3795 1244 3874 potentiae
1276 3795 1472 3859 finitae
1500 3794 1736 3876 aliquid
1764 3812 1845 3856 ex
1875 3792 2077 3857 nihilo
2105 3809 2249 3874 pro-

718 3899 935 3978 ducat3
983 3919 1102 3964 nec
1151 3901 1337 3965 credo
1392 3902 1671 3984 aliquem
1720 3901 2250 3983 philosophorum

719 4007 840 4070 hoc
866 4008 1170 4089 posuisse.
1215 4009 1336 4073 Sed
1368 4010 1692 4092 supposito
1721 4008 2081 4091 potentiali,
2115 4008 2252 4071 sive

507 4108 693 4163 ⁹¹¹³¹⁰⁸⁰·
723 4115 1031 4179 materiali
1056 4117 1396 4199 principiO,
1427 4119 1641 4200 plures
1681 4119 1943 4181 fuerunt
1973 4116 2255 4198 philoso-

491 4171 690 4226 phorum.

718 4222 851 4305 phi,
882 4224 993 4305 qui
1033 4229 1384 4307 posuerunt
1409 4226 1698 4290 ordinem
1724 4225 1793 4288 in
1817 4224 2250 4308 producendO,

720 4331 1036 4411 gradatim
1080 4332 1509 4396 descendendo
1553 4335 1674 4397 hoc
1718 4332 1927 4396 mod0.
1973 4332 2132 4397 Cum
2177 4332 2258 4394 sit

722 4439 885 4503 Deus
911 4440 1174 4504 omnino
1201 4441 1501 4522 simplex,
1532 4445 1632 4523 cuj
1643 4461 1715 4505 us
1742 4446 1919 4505 actus
1945 4444 2039 4505 est
2064 4440 2252 4505 intel-

721 4547 951 4628 ligere,
983 4567 1109 4612 non
1139 4549 1429 4631 producit
1450 4550 1572 4612 nisi
1599 4551 2088 4630 intelligentiam
2116 4549 2256 4632 pri-

723 4673 898 4718 mam
913 4661 976 4719 et
992 4656 1250 4720 unicam
1274 4679 1288 4720 ε
1314 4657 1423 4720 illa
1440 4675 1593 4720 vero
1612 4662 1870 4739 propter
1888 4657 2254 4721 distantiam

723 4763 982 4844 aprimo
1000 4764 1311 4828 intellexit
1329 4783 1396 4828 se
1414 4770 1476 4828 et
1497 4765 1810 4846 primum;
1834 4770 1897 4828 et
1922 4766 2011 4829 ita
2035 4765 2252 4846 aliquo

723 4872 912 4936 modo
934 4872 1055 4935 fuit
1081 4871 1425 4954 composita
1457 4895 1471 4935 ε
1502 4877 1565 4936 et
1591 4872 1679 4936 ita
1704 4873 2008 4953 produxit
2033 4873 2259 4936 orbem

723 4997 947 5056 suum,
994 4983 1056 5043 et
1097 4979 1587 5059 intelligentiam
1626 4979 1888 5043 secundi
1934 4980 2107 5042 orbis
2147 5002 2163 5042 ι
2199 4981 2260 5043 et

725 5086 814 5149 sic
839 5086 1130 5168 deinceps
1153 5105 1357 5169 usque
1391 5087 1469 5151 ad
1500 5088 1720 5150 orbem
1739 5086 1947 5166 lunae,
1982 5092 2045 5150 et
2067 5086 2263 5150 intel-

723 5192 1056 5274 ligentiam
1082 5195 1398 5259 decimam
1423 5212 1572 5277 quae
1601 5193 1862 5258 irradiat
1887 5213 2080 5277 super
2114 5193 2260 5259 ani-

727 5317 866 5363 mas
888 5302 1256 5383 rationales3
1288 5308 1352 5368 et
1380 5302 1546 5370 sicut
1578 5302 1732 5368 ordo
1777 5305 1870 5366 est
1909 5302 1978 5366 in
2018 5303 2262 5387 produ·

797 5425 1004 5489 ¹Arists,
1034 5428 1200 5478 Ethic.
1224 5429 1312 5478 lib.
1339 5430 1391 5491 Ι,
1418 5443 1464 5479 c.
1487 5439 1600 5479 vm.
1616 5429 1721 5467 ——2
1737 5429 1818 5479 Ps.
1841 5439 2063 5492 cxnvm,
2089 5432 2137 5480 5.

2331 786 2653 850 materiale
2702 785 3092 867 principium
3137 804 3268 850 non
3308 787 3389 850 sit
3438 787 3849 870 productum,

2329 894 2492 958 sicut
2519 912 2712 976 supra
2731 893 3069 974 probatum
3095 896 3210 956 est.
3246 892 3399 958 Item
3424 894 3643 957 falsam
3671 891 3856 957 habet

2332 1001 2685 1066 rationem:
2715 1000 2864 1063 dicit
2891 1000 3061 1063 enim
3091 1001 3262 1082 quod
3292 1002 3447 1083 quia
3475 999 3856 1081 simplicissi-

2332 1127 2478 1173 mus
2499 1111 2592 1171 est
2626 1108 2811 1186 DeuS,
2843 1125 2973 1170 non
3001 1108 3296 1190 producit
3327 1109 3452 1172 nisi
3476 1128 3685 1172 unum
3718 1108 3861 1171 :sed

2333 1218 2454 1281 hoc
2487 1217 2698 1297 magis
2731 1218 2825 1280 est
2869 1215 2949 1279 ad
2990 1214 3350 1297 oppositum
3381 1236 3396 1276 :
3432 1215 3587 1296 quia
3628 1219 3864 1297 quanto

2335 1324 2573 1408 aliquid
2589 1322 2959 1406 simpliciuS,
2978 1325 3153 1385 tanto
3174 1323 3495 1403 potentius
3514 1344 3529 1386 ε
3551 1325 3614 1385 et
3630 1326 3866 1404 quanto

2336 1432 2686 1515 potentius„
2735 1433 2912 1493 tanto
2958 1429 3022 1492 in
3064 1429 3257 1512 plura
3297 1433 3505 1512 potest
3551 1452 3566 1493 t
3614 1447 3773 1511 ergo
3817 1429 3867 1492 si

2338 1540 2502 1604 Deus
2529 1537 3070 1622 simplicissimuS,
3095 1536 3219 1601 hoc
3242 1537 3382 1619 ipso
3404 1540 3609 1621 potest
3636 1539 3705 1600 in
3726 1557 3865 1601 om-

2338 1647 2447 1710 nia
2473 1647 2610 1709 sine
2650 1645 2881 1709 medio,
2922 1644 3166 1709 Rursus
3197 1645 3339 1709 haec
3360 1646 3524 1710 ratio
3554 1650 3867 1728 repugnat

2340 1755 2430 1819 eis
2471 1774 2487 1817 :
2523 1753 2577 1817 si
2605 1752 2780 1817 enim
2806 1756 3062 1835 propter
3080 1752 3547 1834 simplicitatem
3575 1773 3710 1818 non
3737 1772 3870 1837 pro·

2342 1861 2525 1926 duxit
2550 1860 2673 1923 nisi
2699 1877 2941 1936 unum,
2974 1878 3124 1923 cum
3154 1859 3572 1942 intelligentia
3597 1862 3874 1926 secunda

2342 1970 2423 2032 sit
2435 1966 2951 2050 simpliciorinter
2975 1984 3227 2047 omneS,
3247 1968 3419 2031 unde
3435 1968 3705 2032 venitin
3727 1969 3875 2032 orbe

2344 2078 2485 2157 ejus
2505 2077 2707 2155 major
2725 2074 2997 2137 varietas
3015 2074 3364 2150 stellarum,
3377 2075 3654 2156 quamin
3666 2075 3876 2158 aliquo

2345 2182 2600 2247 orbium
2626 2181 3036 2245 inferiorum?
3067 2180 3230 2258 Quia
3253 2182 3507 2247 videtur
3538 2202 3654 2265 per
3684 2184 3877 2247 ratio-

2347 2308 2494 2354 nem
2519 2307 2703 2353 suam
2728 2289 2899 2371 quod
2928 2289 3278 2353 uniformes
3304 2289 3475 2353 sint:
3512 2294 3575 2353 et
3602 2290 3695 2354 ita
3723 2291 3877 2354 ratio

2347 2401 2678 2484 positionis
2708 2401 3078 2465 contradicit
3103 2401 3424 2483 positioni.
3455 2399 3724 2484 Propter
3762 2401 3879 2465 hoc

2349 2510 2718 2587 dicendum,
2742 2509 2907 2572 sicut
2928 2510 3077 2573 dicit
3096 2510 3251 2573 fides
3269 2514 3485 2573 nostra
3500 2556 3520 2587 ,
3539 2512 3717 2591 quod
3741 2530 3878 2576 om-

2351 2617 2459 2680 nia
2497 2617 2567 2679 in
2611 2616 2818 2698 prima
2863 2615 3222 2679 conditione
3269 2616 3634 2680 immediate
3678 2637 3719 2681 a
3761 2618 3880 2681 Deo

2355 2727 2507 2787 sunt
2532 2723 2860 2805 producta.
2898 2719 3058 2798 QuIa
3094 2723 3267 2785 enim
3304 2723 3537 2787 creatio
3570 2729 3668 2787 est
3695 2724 3883 2788 totius

2353 2831 2721 2900 substantiae
2740 2830 3090 2893 secundum
3108 2834 3339 2908 totum,
3367 2830 3505 2893 ideo
3524 2830 3738 2894 decuit
3757 2846 3884 2894 esse

2354 2940 2550 3004 solius
2573 2938 2710 3016 Dei;
2752 2956 2869 3001 nec
2901 2938 3106 3019 potuit
3129 2956 3262 3001 esse
3287 2936 3579 3017 alteriuS,
3608 2939 3752 3002 sive
3778 2956 3885 3020 per

2356 3048 2651 3127 alterum,
2672 3051 2746 3110 ut
2763 3046 3033 3130 probant
3051 3044 3328 3109 rationes
3343 3044 3424 3108 ad
3450 3046 3619 3109 banc
3643 3050 3885 3129 partem

2356 3156 2655 3219 inductae.

2438 3269 2468 3326 1
2501 3268 2565 3327 et
2588 3267 2647 3325 2.
2680 3261 2858 3338 Quod
2881 3260 3181 3343 objicitur
3201 3260 3279 3323 de
3297 3261 3671 3325 liberalitate
3696 3264 3761 3324 et
3786 3278 3889 3323 no-

2358 3370 2626 3449 bilitate3
2645 3368 3005 3448 dicendum,
3023 3368 3195 3451 quod
3208 3372 3337 3430 tam
3348 3368 3691 3431 liberalitas
3700 3385 3890 3450 quam

2358 3478 2651 3540 nobilitas
2676 3480 3043 3557 supponunt
3079 3475 3366 3538 ordinem
3411 3478 3473 3538 et
3512 3475 3892 3557 possibilita-

2359 3588 2489 3647 tem
2518 3585 2584 3646 in
2613 3588 2760 3647 actu
2792 3603 2806 3645 ε
2838 3582 2908 3645 in
2946 3584 3092 3644 actu
3124 3585 3339 3645 autem
3384 3581 3721 3645 creationis
3770 3599 3893 3645 non

2361 3692 2702 3755 attenditur
2750 3690 2932 3768 ordo,
2983 3689 3246 3771 aequalis
3294 3690 3468 3753 enim
3526 3690 3789 3754 virtutis
3837 3692 3895 3751 et

2362 3797 2686 3877 dignitatis
2711 3799 2804 3859 est
2828 3795 3176 3878 producere
3195 3796 3450 3860 asinum
3477 3815 3558 3859 ex
3585 3796 3809 3872 nihilo,
3838 3799 3897 3858 et

2362 3906 2665 3986 angelum
2688 3954 2705 3984 ,
2740 3904 2891 3986 quia
2926 3908 3271 3987 utrumque
3308 3905 3603 3969 infinitae.
3636 3904 3783 3969 Non
3810 3907 3898 3968 est

2362 4013 2557 4075 etiam
2596 4012 2664 4074 in
2702 4011 2823 4074 hoc
2858 4014 3004 4073 actu
3040 4012 3417 4092 possibilitas
3455 4017 3801 4089 creaturae,
3830 4015 3896 4075 ut

2364 4120 2579 4184 visum
2604 4123 2735 4197 est,
2764 4121 3020 4200 propter
3057 4118 3460 4182 intinitatem.
3499 4118 3639 4182 Non
3677 4120 3775 4182 sic
3813 4123 3899 4181 est

2365 4229 2442 4292 de
2491 4232 2636 4291 actu
2686 4225 3016 4306 regiminis
3064 4228 3127 4289 et
3171 4227 3642 4308 propagationis
3688 4248 3705 4289 ε
3766 4226 3896 4288 ideo

2366 4337 2536 4416 patet
2561 4333 2730 4414 quod
2760 4351 2889 4397 non
2917 4337 3011 4396 est
3036 4333 3265 4396 simile.

3925 2472 4043 2541 theob-

3926 2547 4012 2589 gin.

2446 4440 2628 4517 Quod
2654 4440 2983 4521 objicitur,
3014 4441 3185 4522 quod
3219 4444 3508 4505 creatura
3540 4446 3636 4505 est
3660 4458 3858 4524 capax
3875 4486 3894 4517 ,
3924 4462 3979 4542 μ
3997 4453 4069 4511 rel·L

2366 4549 2519 4631 quia
2544 4567 2677 4612 non
2699 4549 2890 4612 habet
2914 4548 3237 4626 resistens;
3270 4548 3611 4613 dicendum
3640 4548 3813 4631 quod
3835 4548 3898 4608 in

2368 4654 2700 4718 contrariis
2727 4655 3077 4718 resistentia
3109 4654 3181 4739 (b)
3215 4657 3458 4720 confert
3482 4655 3562 4718 ad
3588 4656 3897 4737 operatio-

2367 4782 2539 4827 nem.
2572 4762 2885 4827 Praeterea
2904 4812 2924 4842 ,
2964 4768 3095 4828 esto
3122 4765 3292 4846 quod
3319 4765 3655 4847 impediat,
3687 4762 3898 4826 nihilo-

2370 4872 2587 4933 minus
2611 4870 2803 4933 habet
2829 4873 3090 4951 juvanS,
3130 4873 3368 4936 scilicet
3394 4873 3895 4946 fundamentum,

2371 4982 2435 5042 et
2454 4978 2805 5060 appetitum
2833 4979 3117 5042 materiae
3149 4996 3165 5040 :
3199 4978 3402 5042 sedin
3424 4979 3741 5042 creatione
3768 4976 3899 5040 nul-

2371 5085 2510 5147 lum
2548 5085 2738 5148 babet
2779 5087 3233 5166 juvamentum
3286 5108 3302 5149 ε
3351 5087 3492 5151 ideo
3533 5086 3840 5150 difficilius
3879 5103 3893 5145 ε

2372 5192 2512 5256 ideo
2539 5210 2672 5254 non
2699 5196 2792 5255 est
2818 5193 2994 5256 locus
3020 5211 3060 5256 a
3092 5193 3347 5273 minori,
3379 5197 3455 5258 ut
3480 5197 3669 5276 patet.

2455 5303 2513 5362 3.
2548 5297 2728 5375 Quod
2774 5300 3073 5383 oincitur
3098 5302 3271 5384 quod
3311 5319 3502 5365 causa
3536 5297 3899 5367 universalis

2440 5424 2512 5491 (a)
2538 5422 2660 5476 Goet.
2704 5425 2823 5480 edit.
2877 5427 3156 5478 reduxerit.
3188 5452 3251 5465 -
3277 5425 3342 5491 (ὁ)
3372 5427 3497 5478 Item
3538 5424 3893 5478 resistentiam.
3946 5443 3951 5454 ·
