4125 6225
745 429 865 492 596

724 559 900 624 -dum
951 557 1274 625 diversum
1334 558 1617 642 partium
1678 559 1893 626 situm.
1953 558 2029 624 In
2089 557 2283 623 denso

741 666 917 731 enim
951 672 1103 730 sunt
1127 670 1339 748 partes
1362 666 1879 750 propinquiores;
1912 665 1979 730 in
1996 683 2145 730 raro
2173 684 2285 729 au·

737 773 871 835 tem
918 773 1129 852 magis
1185 772 1487 838 distantes
1509 822 1526 850 ,
1560 774 1713 856 quia
1767 774 1835 837 in
1888 773 2087 839 denso
2131 776 2283 836 sunt

739 894 1117 962 compressae
1144 883 1208 943 et
1232 880 1442 961 magis
1475 881 1677 944 unitae
1699 927 1716 958 ,
1745 880 1815 945 in
1838 899 1986 945 raro
2016 897 2276 962 sparsae.

653 1056 669 1076 ,
739 982 1035 1051 Sumitur
1062 988 1254 1052 etiam
1293 988 1456 1052 ratio
1501 1007 1584 1052 ex
1623 993 1802 1071 parte
1845 988 2071 1052 formae
2103 1009 2118 1051 ε
2163 986 2281 1050 lux

738 1093 913 1158 enim
949 1097 1043 1158 est
1095 1114 1229 1158 una
1273 1095 1481 1159 forma
1523 1096 1883 1159 communis
1922 1098 2171 1178 reperta
2210 1094 2280 1157 in

737 1201 1038 1266 omnibus
1078 1202 1505 1267 luminaribus
1526 1252 1544 1283 ,
1593 1207 1658 1267 et
1700 1202 2054 1267 secundum
2093 1202 2281 1282 cujus

735 1309 1281 1391 participationem
1309 1313 1644 1393 majorem,
1670 1314 1734 1376 et
1755 1312 2094 1386 minorem,
2127 1311 2281 1373 sunt

734 1415 945 1497 magis
970 1419 1034 1480 et
1069 1418 1287 1482 minus
1311 1418 1550 1483 nobilia
1578 1438 1595 1483 ε
1644 1423 1709 1484 et
1731 1419 1874 1483 ideo
1913 1436 2064 1482 cum
2088 1416 2280 1480 istam

733 1522 1009 1587 formam
1059 1511 1479 1591 diversimode
1535 1526 1935 1609 participant,
1993 1523 2277 1590 diversos

731 1628 972 1696 habent
997 1633 1241 1714 gradus
1267 1632 1744 1716 completionis;
1779 1632 1923 1697 ideo
1958 1631 2150 1696 etiam
2179 1631 2279 1696 di·-

731 1754 950 1803 versas
961 1739 1200 1803 formas
1222 1740 1653 1824 completivas.
1677 1739 2104 1805 Concedendae
2122 1741 2278 1802 sunt

730 1843 937 1925 igitur
979 1846 1260 1911 rationes
1308 1847 1706 1913 ostendentes
1748 1847 2093 1911 luminaria
2129 1846 2274 1910 coeli

729 1952 1085 2017 secundum
1139 1954 1415 2036 speciem
1463 1973 1598 2019 esse
1645 1955 1897 2020 diversa
1916 2003 1935 2034 ,
1978 1953 2276 2036 quamvis

728 2059 840 2124 illa
877 2057 1040 2125 ratio
1083 2080 1316 2144 parum
1353 2064 1563 2130 valeat
1588 2110 1606 2140 ,
1633 2063 1804 2145 quod
1830 2065 1981 2126 sunt
2014 2080 2099 2127 ex
2143 2066 2275 2126 tota

728 2186 850 2234 sua
874 2169 1163 2249 materia,
1185 2170 1352 2234 sicut
1371 2173 1510 2252 jam
1541 2174 1866 2234 ostensum
1892 2173 2008 2235 est.

810 2280 873 2340 1.
902 2274 1002 2339 Ad
1039 2274 1201 2339 illud
1228 2294 1383 2341 vero
1425 2276 1596 2359 quod
1626 2277 1945 2360 obiicitur,
1979 2277 2151 2360 quod
2179 2282 2276 2342 est

727 2399 961 2464 corpus
1003 2383 1298 2468 simplex,
1335 2385 1674 2450 dicendum
1699 2386 1867 2469 quod
1902 2386 2273 2469 simplicitas

730 2489 1011 2573 corporis
1047 2491 1210 2555 tollit
1252 2492 1684 2558 diversitatem
1731 2512 1929 2577 quam
1952 2494 2148 2558 habet
2190 2513 2275 2559 ex

728 2597 1063 2678 mixtione,
1090 2603 1154 2663 et
1181 2599 1403 2665 formis
1431 2601 1903 2692 perficientibus
1929 2602 2212 2666 mixtum
2251 2624 2267 2666 ε

730 2705 839 2770 sed
862 2724 997 2770 non
1035 2706 1197 2771 tollit
1227 2707 1407 2771 illam
1437 2708 1866 2773 diversitatem
1906 2729 2055 2793 quoe
2097 2711 2274 2776 venit

728 2829 811 2876 ex
829 2812 1189 2879 diversitate
1204 2815 1561 2880 formarum
1572 2816 1960 2900 simplicium
1972 2821 2228 2883 tantum
2250 2841 2265 2884 ι

729 2919 893 2985 sicut
910 2925 1102 3004 patet,
1124 2924 1297 3005 quod
1311 2924 1611 3006 quamvis
1624 2924 2011 2991 elementum
2037 2928 2121 2992 sit
2137 2946 2271 2993 cor-

728 3049 854 3116 pus
867 3034 1133 3119 simplex
1142 3083 1160 3114 ,
1177 3053 1311 3099 non
1326 3038 1545 3101 tamen
1557 3037 1779 3102 omnia
1795 3038 2109 3103 elementa
2122 3043 2274 3105 sunt

727 3140 926 3205 unius
953 3143 1204 3225 speciei.

811 3253 850 3314 2
877 3254 940 3317 et
968 3256 1030 3317 3.
1055 3252 1156 3318 Ad
1182 3252 1342 3319 illud
1367 3254 1541 3337 quod
1570 3253 1892 3338 objicitur,
1923 3254 2095 3338 quod
2118 3258 2273 3320 sunt

728 3375 814 3422 ex
833 3359 1295 3441 aggregatione
1321 3360 1482 3425 lucis
1505 3384 1521 3439 ;
1554 3361 1895 3428 dicendum
1926 3364 2099 3446 quod
2138 3381 2271 3429 non

727 3463 821 3528 ibi
864 3467 997 3529 tota
1033 3467 1200 3531 ratio
1234 3469 1547 3550 tangitur,
1590 3470 1700 3534 sed
1730 3470 1942 3534 solum
1980 3471 2272 3553 tangitur

728 3569 1055 3654 dispositio
1080 3573 1164 3637 ad
1186 3573 1617 3640 diversitatem
1648 3595 1666 3639 ε
1699 3575 1841 3641 ideo
1864 3594 2137 3659 sequens
2163 3596 2266 3642 ra·

727 3680 820 3745 tio
855 3698 986 3745 non
1013 3682 1185 3747 valet
1216 3683 1295 3748 de
1322 3685 1585 3749 flamma
1610 3685 1861 3767 majori,
1892 3690 1957 3749 et
1981 3686 2217 3751 minori
2249 3709 2266 3753 z

727 3786 875 3870 plus
903 3788 1076 3852 enim
1094 3790 1395 3856 differunt
1412 3791 1777 3870 luminaria,
1799 3811 1996 3876 quam
2009 3794 2272 3859 flamma

729 3892 937 3977 major
989 3901 1054 3960 et
1110 3898 1344 3980 minor,
1400 3899 1566 3965 sicut
1632 3901 1958 3983 colligitur
2006 3921 2092 3967 ex
2139 3904 2272 3970 suis

728 4002 1077 4071 virtutibus
1099 4053 1118 4085 ,
1176 4010 1241 4072 et
1289 4008 1767 4092 operationibus
1823 4012 2272 4095 consequenti-

729 4110 874 4177 bus.
1901 4154 1906 4159 -

809 4223 873 4283 4.
900 4218 1000 4285 Ad
1020 4219 1182 4285 illud
1208 4222 1380 4305 quod
1407 4224 1724 4306 objicitur,
1746 4225 1920 4307 quod
1944 4226 2155 4290 forma
2174 4226 2272 4290 ul-

729 4324 888 4388 tima
914 4328 1012 4390 est
1028 4327 1445 4411 completiva;
1474 4330 1812 4395 dicendum
1830 4332 2002 4414 quod
2030 4331 2154 4397 hoc
2179 4337 2274 4398 est

730 4449 962 4498 verum
1000 4439 1293 4516 respectu
1333 4437 1689 4503 formarum
1733 4456 1880 4522 quae
1926 4439 2273 4523 disponunt

730 4537 810 4603 ad
828 4539 1036 4622 ipsam
1066 4540 1226 4607 :lux
1251 4547 1468 4610 autem
1495 4546 1710 4629 potius
1732 4550 1826 4610 est
1855 4547 2063 4611 forma
2086 4549 2273 4631 perfl-

730 4646 905 4712 ciens
935 4648 1092 4713 alias
1133 4650 1373 4716 formas
1400 4653 1753 4735 corporales
1775 4701 1792 4732 ,
1834 4670 2029 4736 quam
2056 4655 2136 4718 ad
2165 4673 2273 4719 eas

731 4772 798 4818 se
815 4754 1060 4821 habens
1077 4757 1243 4823 sicut
1255 4759 1486 4824 ultima
1511 4761 1718 4825 forma
1735 4760 2098 4844 disponens,
2119 4779 2271 4827 cum

731 4863 1085 4927 secundum
1111 4867 1253 4946 ejus
1278 4867 1828 4950 participationem
1860 4869 2170 4951 majorem
2207 4875 2271 4934 'et

729 4969 1045 5035 minorem
1068 4972 1294 5037 formae
1313 4975 1669 5057 corporales
1681 4975 1808 5039 sint
1834 4976 2045 5058 magis
2072 4980 2135 5041 et
2152 4977 2269 5040 mi-

727 5093 853 5140 nus
903 5079 1254 5162 completae.
1284 5079 1399 5145 Vel
1440 5081 1782 5146 dicendum
1826 5085 1998 5166 quod
2025 5084 2145 5149 lux
2176 5088 2271 5149 est

726 5184 1124 5251 nobilissima
1164 5188 1374 5253 forma
1398 5189 1848 5272 corporalium,
1881 5209 2107 5257 earum
2143 5193 2267 5257 sci-

797 5345 812 5374 ¹
836 5342 917 5409 Cf.
946 5346 1115 5410 AEgid.
1139 5347 1308 5410 Rom„
1338 5348 1382 5397 Π
1413 5347 1571 5409 Seni„
1601 5349 1719 5400 dist.
1745 5361 1862 5415 mv,
1889 5366 1942 5416 q.
1968 5364 2057 5417 1¹1,
2088 5357 2186 5404 art.
2205 5357 2265 5419 2,

729 5410 849 5464 dub.
871 5421 892 5465 1
906 5432 924 5478 ς
953 5418 1214 5480 Richard„
1237 5420 1278 5466 lt
1299 5421 1457 5481 Seni„
1477 5421 1591 5469 dist.
1609 5433 1722 5485 xlv,
1743 5428 1840 5472 art.
1857 5426 1907 5485 3,
1929 5437 1980 5487 q.
2003 5436 2031 5473 v
2043 5439 2062 5487 3
2087 5426 2261 5489 Steph.

1887 416 2510 492 SENTENTIARUM
2548 419 2697 487 LIB.
2743 423 2820 488 II.

2391 553 2537 618 licet
2576 573 2727 638 quae
2768 558 2921 622 sunt
2962 558 3022 623 ei
3068 561 3392 623 extraneae
3443 577 3462 621 ε
3512 557 3624 623 sed
3671 576 3805 625 non
3844 565 3930 626 est

2390 679 2621 726 verum
2668 662 2746 727 de
2794 663 3016 728 formis
3065 664 3487 730 luminarium
3534 664 3885 732 coelestium
3904 716 3921 745 ,

2388 767 2458 832 in
2505 770 2742 852 quibus
2785 772 2995 838 virtus
3046 774 3189 856 ejus
3226 776 3290 838 et
3328 776 3564 839 natura
3616 776 3921 857 complete

2386 875 2690 942 salvatur.

2913 1013 3323 1094 QUAESTIO
3365 1016 3446 1082 Il.

2491 1161 2585 1218 An
2640 1161 2852 1220 diversa
2907 1164 3209 1220 luminaria
3278 1164 3518 1222 diversas
3586 1165 3825 1224 habeant

2941 1257 3311 1326 impressiones
3338 1253 3378 1312 ¹.

2465 1411 2693 1477 Utrum
2717 1414 2968 1479 diversa
2992 1414 3333 1479 luminaria
3350 1414 3628 1479 habeant
3646 1416 3918 1481 diversas
3939 1442 4100 1488 ruam.

2382 1518 2827 1602 impressiones
2859 1540 3053 1604 super
3099 1522 3481 1605 corporalia;
3512 1526 3575 1586 et
3609 1524 3786 1606 quod
3810 1524 3911 1603 sic,

2382 1627 2636 1693 videtur
2677 1628 2887 1710 primo
2929 1630 3302 1694 auctoritate
3337 1630 3687 1711 Augustini
3725 1632 3793 1694 in
3836 1631 3917 1694 li-

2379 1735 2497 1798 bro
2531 1734 2585 1800 V
2641 1733 2720 1801 de
2756 1735 3032 1803 Civitate
3063 1737 3183 1803 Dei
3206 1741 3228 1775 ²
3262 1759 3275 1800 :
3318 1761 3349 1798 α
3381 1734 3522 1801 Non
3548 1751 3917 1820 usquequa-

2381 1860 2508 1924 que
2538 1843 2809 1907 absurde
2849 1848 3056 1926 potest
3094 1843 3215 1908 dici
3244 1845 3324 1909 ad
3356 1862 3700 1927 corporum
3743 1845 3916 1910 diffe-

2379 1951 2616 2014 rentias
2657 1950 2910 2015 afflatus
2951 1952 3162 2016 valere
3191 1952 3486 2032 sidereoS,
3527 1953 3690 2016 sicut
3719 1955 3789 2017 in
3818 1972 3916 2018 so·

2379 2056 2617 2122 laribus
2679 2060 3031 2124 accessibus
3102 2064 3165 2123 et
3218 2060 3567 2124 recessibus
3625 2061 3913 2126 videmus
3960 2113 3969 2124 .

2377 2165 2578 2247 ipsius
2605 2166 2757 2229 anni
2779 2167 3351 2250 tempora'variari,
3372 2171 3437 2231 et
3460 2167 3799 2232 lunaribus
3821 2168 3912 2231 in-

2378 2272 2724 2337 crementis
2767 2277 2833 2337 et
2872 2274 3294 2339 decrementis
3330 2275 3557 2355 augeri
3600 2280 3665 2339 et
3710 2276 3912 2340 minui

2378 2381 2674 2463 quaedam
2711 2399 2952 2463 genera
2975 2400 3225 2461 rerum,
3257 2382 3422 2447 sicut
3447 2383 3776 2449 mirabiles
3801 2400 3914 2450 aes-

2376 2494 2483 2554 tus
2511 2490 2753 2553 oceani.
2789 2511 2819 2549 n

2458 2596 2618 2661 Item
2667 2597 3014 2662 astronomi
3077 2597 3330 2677 dicunt,
3388 2598 3557 2680 quod
3617 2600 3908 2681 quaedam

2378 2705 2574 2768 stellae
2637 2705 3056 2783 calefaciunt,
3112 2704 3408 2787 quaedam
3484 2705 3864 2787 infrigidant
3892 2755 3907 2784 ,

2376 2813 2672 2897 quaedam
2708 2813 3116 2892 humectant,
3146 2817 3209 2875 et
3236 2813 3532 2894 quaedam
3556 2814 3906 2894 desiccant3

2376 2922 2440 2984 et
2480 2920 2604 2984 hoc
2629 2920 2977 2984 ostendunt
3003 2937 3115 3002 per
3142 2937 3366 2983 sensus
3405 2921 3863 3003 experientiam
3892 2937 3907 2981 z

2374 3026 2576 3109 igitur
2598 3027 2853 3093 videtur
2874 3026 3046 3110 quod
3073 3044 3340 3109 corpora
3362 3027 3635 3091 coelestia
3652 3028 3912 3111 impres·

2374 3135 2583 3200 siones
2615 3135 2898 3200 diversas
2920 3133 3199 3198 habeant
3216 3153 3407 3217 super
3437 3135 3808 3218 corporalia.

2457 3242 2617 3307 Item
2660 3241 2740 3307 ad
2779 3240 3211 3306 diversitatem
3238 3242 3592 3305 formarum
3622 3242 3910 3325 sequitur

2375 3350 2704 3416 diversitas
2725 3349 3041 3414 virtutum
3058 3396 3078 3429 ,
3103 3353 3167 3413 et
3194 3348 3275 3412 ad
3310 3349 3745 3415 diversitatem
3771 3351 3909 3417 vir-

2374 3463 2591 3523 tutum
2633 3457 2920 3541 sequitur
2966 3456 3298 3521 diversitas
3348 3457 3845 3540 impressionum
3888 3476 3905 3523 ε

2375 3584 2533 3647 ergo
2558 3565 2902 3630 luminaria
2918 3564 3212 3643 coelestia,
3242 3563 3601 3629 differentia
3622 3566 3827 3649 specie
3848 3568 3910 3632 et

2374 3679 2626 3755 natura,
2653 3676 2934 3740 diversas
2951 3673 3237 3739 efficiunt
3257 3674 3706 3757 impressiones
3723 3696 3910 3762 super

2374 3781 2515 3846 haec
2538 3781 2859 3846 inferiora.

2457 3890 2616 3956 Item
2641 3941 2658 3970 ,
2706 3891 2761 3956 si
2810 3891 3093 3955 diversas
3142 3891 3591 3974 impressiones
3649 3898 3715 3959 et
3772 3895 3912 3961 vir-

2373 4005 2542 4067 tutes
2567 4020 2698 4066 non
2725 4000 3060 4080 haberent,
3090 3999 3346 4064 videtur
3373 4002 3544 4083 quod
3586 4003 3913 4070 diversitas

2375 4111 2445 4174 in
2462 4110 2554 4175 eis
2580 4111 2815 4174 frustra
2840 4111 3002 4174 esset
3029 4129 3044 4173 ε
3074 4107 3184 4173 sed
3208 4125 3344 4173 non
3369 4112 3464 4174 est
3482 4109 3723 4176 frustra
3762 4134 3779 4178 t
3807 4131 3910 4178 er·

2376 4234 2487 4299 go,
2520 4219 2679 4282 etc.‘

2457 4324 2686 4389 Contra
2723 4344 2738 4387 :
2770 4328 2830 4386 1.
2867 4320 3178 4403 Objicitur
3203 4340 3319 4405 per
3348 4320 3745 4415 Scripturam
3776 4344 3792 4391 ε
3819 4326 3913 4391 di·
3940 4355 4005 4401 M
4032 4359 4112 4401 opp.

2376 4432 2541 4497 citur
2566 4432 2742 4495 enim
2765 4431 2788 4466 ⁸
2826 4430 2998 4512 quod
3025 4431 3163 4496 sint
3185 4432 3261 4496 in
3283 4432 3480 4513 siqua
3518 4438 3582 4499 et
3610 4438 3908 4517 tempora,

2376 4547 2496 4608 etc.
2528 4541 2650 4606 Sed
2674 4540 2848 4605 aliud
2873 4543 2968 4603 est
2992 4541 3280 4621 signum,
3301 4544 3365 4603 et
3391 4540 3564 4606 aliud
3593 4562 3787 4611 causa
3822 4547 3910 4611 si-

2376 4652 2494 4734 gni
2524 4670 2543 4715 ι
2576 4651 2629 4714 si
2654 4649 2858 4732 igitur
2885 4648 3228 4713 luminaria
3255 4649 3421 4713 nihil
3451 4655 3759 4733 possunt,
3792 4653 3911 4717 nisi

2375 4760 2730 4826 secundum
2754 4758 2926 4840 quod
2946 4756 3111 4822 Deu‘s
3137 4757 3433 4834 instituit,
3464 4758 3718 4823 videtur
3743 4759 3909 4843 quod

2374 4867 2535 4933 nihil
2555 4867 2834 4931 habeant
2858 4865 2930 4929 in
2951 4865 3052 4929 his
3076 4864 3484 4931 inferioribus
3507 4866 3779 4949 efficere,
3802 4867 3906 4934 sed

2372 4977 2582 5044 solum
2611 4976 2890 5057 signare.

2453 5090 2515 5149 2.
2546 5083 2705 5148 Item
2736 5082 3160 5147 Damascenus
3195 5080 3217 5116 ⁴
3245 5101 3262 5144 t
3301 5103 3332 5143 α
3356 5078 3484 5146 Nos
3508 5086 3727 5149 autem
3751 5084 3905 5151 dici-

2372 5281 2582 5345 Brulet„
2626 5281 2668 5331 11
2699 5281 2854 5342 Sene„
2886 5277 3003 5328 dist.
3025 5287 3140 5340 xlv,
3179 5290 3232 5342 q.
3257 5287 3313 5328 x.
3335 5302 3398 5316 -
3427 5275 3617 5345 ’Aug.,
3654 5280 3715 5331 de
3750 5282 3901 5333 civit.

2372 5356 2468 5408 Dei
2483 5392 2497 5414 ,
2523 5353 2612 5403 lib.
2635 5352 2701 5415 V,
2729 5365 2775 5401 c.
2794 5361 2864 5400 Ἦ.
2878 5375 2938 5385 -
2953 5348 2976 5383 ⁸
2995 5348 3134 5412 Gen„
3158 5359 3196 5411 1,
3219 5350 3403 5399 ¹4.—-⁸
3422 5350 3678 5416 Damaso„
3706 5353 3768 5403 de
3784 5351 3905 5403 Fide

2372 5425 2589 5487 orthod„
2620 5424 2707 5472 lib.
2734 5423 2808 5484 11,
2838 5435 2882 5470 c.
2912 5430 3004 5468 vn.
