4125 6225
1615 441 1993 511 DISTINCT.
2029 445 2137 512 XI.
3310 451 3428 512 503

257 584 433 653 tione
459 585 663 678 hujus
708 584 1001 676 mysterii
1027 583 1475 676 profecerunt,
1528 582 1622 651 ita
1658 581 1887 651 dicunt
1922 603 2031 650 eos
2054 580 2129 649 in
2156 579 2412 650 deitatis
2447 580 2820 671 cognitione
2850 581 3186 673 proficere.
3236 580 3429 664 Quod

255 708 476 770 autem
502 702 573 770 iu
601 700 983 795 hujusmodi
1013 699 1306 793 mysterii
1331 699 1701 789 cognitione
1731 696 2505 790 profecerint,·evidenter
2531 697 2716 765 docet
2749 698 3103 789 Apostolus
3115 697 3341 803 dicens
3365 699 3421 768 ¹:

262 819 423 902 Quae
449 816 540 886 sit
565 817 967 908 dispensatio
996 814 1404 886 sacramenti
1438 813 1809 884 absconditi
1836 838 1879 882 a
1906 814 2163 884 soeculis
2189 813 2265 882 in
2290 817 2422 885 Deo
2443 868 2462 897 ‚
2495 826 2572 883 ut
2598 815 2970 883 innotescat
2995 816 3427 907 multiformis

255 934 585 1027 sapientia
615 934 739 1002 Dei
754 957 877 1027 per
903 934 1267 1002 Ecclesiam
1307 931 1726 1023 Pnincipibus
1754 942 1818 1000 et
1843 930 2283 1002 Potestatibus
2320 929 2391 998 in
2425 930 2807 1000 caelestibus.
2841 930 3056 1023 Super
3098 955 3296 1024 quem
3330 933 3431 1002 lo-

255 1073 405 1119 cum
436 1049 592 1118 dicit
616 1049 1066 1140 Hieronymus
1085 1056 1108 1089 ²
1140 1073 1156 1115 ι
1189 1075 1223 1115 α
1252 1048 1598 1138 Angelicas
1616 1048 1967 1138 dignitates
1992 1048 2340 1141 praefatum
2370 1048 2755 1139 mysterium
2782 1047 2864 1117 ad
2892 1071 3137 1141 purum
3163 1071 3300 1118 non
3325 1049 3429 1117 in·-

255 1166 580 1235 tellexisse
598 1218 615 1251 ‚
647 1165 853 1234 donec
876 1164 1199 1257 completa
1225 1172 1320 1233 est
1344 1165 1555 1257 passio
1589 1164 1834 1234 Christi
1848 1217 1867 1253 ,
1901 1172 1966 1233 et
2004 1163 2452 1255 apostolorum
2479 1164 2847 1256 praedicatio
2872 1187 2990 1257 per
3013 1172 3238 1256 gentes
3263 1164 3429 1235 dila-

251 1289 409 1351 tata.
440 1310 476 1349 ³>

340 1399 463 1468 His
488 1406 709 1468 autem
736 1397 1001 1468 videtur
1032 1398 1470 1469 contradicere
1507 1397 1948 1487 Augustinus,
1987 1418 2186 1488 super
2211 1396 2519 1467 eumdem
2544 1398 2764 1468 locum
2790 1396 3098 1490 Epistolae
3132 1397 3350 1467 dicens
3377 1400 3422 1468 ⁸:
3495 1478 3506 1490 ,
3544 1415 3668 1467 Quod

263 1541 296 1582 α
323 1514 472 1584 Non
499 1516 695 1585 latuit
718 1515 988 1605 angelos
1016 1515 1399 1606 mysterium
1432 1513 1621 1605 regni
1647 1514 1962 1584 coelorum
1986 1565 2003 1599 ,
2034 1492 2214 1605 quod
2233 1523 2603 1606 opportuno
2633 1525 2923 1605 ternpore
2951 1515 3317 1584 revelatum
3334 1523 3430 1584 est
3457 1480 3667 1587 ιζξιῗιῗῖε.

254 1655 373 1724 pro
419 1631 629 1700 salute
674 1639 917 1701 nostra.
963 1658 998 1697 »
1034 1630 1179 1699 Illis
1217 1653 1374 1720 ergo
1412 1653 1450 1698 a
1494 1630 1749 1700 saeculis
1787 1629 2079 1699 innotuit
2117 1639 2756 1722 supramemoratum
2798 1631 3229 1723 mysterium;
3269 1631 3430 1724 quia
3460 1611 3661 1733 12}ssss

252 1748 468 1818 omnis
495 1755 792 1816 creatura
817 1770 951 1815 non
980 1755 1131 1815 ante
1174 1747 1408 1815 saecula
1430 1800 1449 1833 ,
1483 1746 1594 1815 sed
1622 1768 1664 1814 a
1685 1746 1939 1816 saeculis
1966 1753 2083 1815 est.
2117 1746 2400 1815 Attende
2423 1799 2441 1832 ‚
2472 1747 2709 1835 lector,
2756 1747 2917 1841 quia
2963 1748 3274 1818 videntur
3298 1748 3429 1816 dis-
3472 1749 3553 1781 ¹¹⁰⁸
3569 1739 3650 1782 ⁸⁶¹·

253 1865 498 1934 sentire
526 1864 599 1932 in
625 1863 745 1930 hac
770 1862 1092 1932 sententia
1116 1862 1405 1931 illustres
1432 1863 1765 1951 Doctores,
1792 1861 2073 1954 ideoque
2091 1916 2109 1949 ,
2141 1871 2218 1930 ut
2244 1862 2460 1931 omnis
2485 1863 2920 1955 repugnantia
2954 1863 3034 1932 de
3066 1864 3283 1934 medio
3306 1865 3429 1932 tol-
3459 1813 3670 1921 ὦίᾙέ·

252 1981 455 2065 latur,
485 1979 791 2071 praedicta
810 1980 1035 2066 verba,
1064 1978 1455 2047 Haimonem
1485 1986 1852 2071 sequentes,
1884 1979 1976 2047 ita
1993 1978 2536 2064 determinemuS,
2569 1986 2645 2046 ut
2671 1978 2809 2048 illis
2831 1979 3084 2071 angelis
3102 2032 3120 2067 ,
3145 1968 3269 2073 ⁴qui
3291 2003 3429 2048 ma·
3512 1939 3584 1971 mo

245 2097 411 2189 joris
438 2097 776 2186 dignitatis
812 2105 1010 2181 sunt,
1041 2105 1105 2164 et
1132 2119 1247 2188 per
1275 2118 1564 2188 quorum
1603 2095 2039 2165 ministerium
2071 2094 2189 2163 illa
2217 2096 2520 2165 nuntiata
2544 2102 2701 2163 sunt
2723 2148 2741 2183 ,
2785 2117 2867 2163 ex
2893 2105 3075 2187 parte
3101 2096 3362 2186 cognita
3390 2119 3430 2165 a

251 2214 508 2284 saeculis
533 2213 734 2282 fuisse
754 2265 772 2298 ,
804 2221 1030 2305 utpote
1057 2212 1496 2281 familiaribus
1521 2219 1588 2281 et
1612 2211 1902 2298 nuntiis;
1935 2212 2071 2280 illis
2098 2234 2279 2298 vero,
2303 2212 2419 2303 qui
2455 2211 2728 2280 minoris
2754 2212 3092 2302 dignitatis
3118 2221 3297 2302 sunt,
3328 2214 3431 2283 in-

252 2328 514 2421 cognita
550 2329 834 2398 extitisse
874 2328 1166 2397 dicamus
1188 2381 1204 2411 ,
1246 2350 1591 2420 usquequo
1634 2327 1904 2419 impleta
1929 2336 2175 2396 suntet
2203 2351 2322 2420 per
2358 2327 2713 2397 Ecclesiam
2752 2329 3098 2420 praedicata
3131 2354 3147 2399 ε
3180 2338 3243 2399 et
3270 2338 3430 2399 tunc

252 2447 335 2516 ab
362 2446 672 2516 omnibus
700 2444 950 2536 angelis
977 2447 1256 2538 perfecte
1282 2445 1553 2514 fuerunt
1579 2446 1863 2535 cognita.
1894 2445 2160 2516 Constat
2185 2446 2408 2538 itaque
2427 2468 2653 2514 omnes
2679 2446 2947 2537 angelos
2964 2446 3034 2515 in
3060 2447 3429 2537 cognitione

248 2562 631 2631 divinorum
686 2562 1148 2654 mysteriorum
1200 2560 1561 2631 secundum
1611 2584 1985 2653 processum
2013 2562 2325 2653 temporis
2376 2561 2741 2654 profecisse.
2800 2563 2984 2633 Unde
3019 2586 3156 2636 non
3202 2564 3427 2633 incon-

251 2686 566 2768 gruenter
593 2679 716 2770 ipsi
743 2678 943 2747 iidem
969 2677 1200 2746 dicunt
1238 2677 1626 2767 angelorum
1654 2677 1986 2746 scientiam
2016 2700 2094 2746 ac
2117 2677 2590 2748 beatitudinem
2632 2681 2862 2769 augeri
2898 2703 3109 2772 usque
3136 2679 3220 2749 ad
3246 2680 3425 2750 futu-

254 2819 393 2865 ram
421 2796 1083 2881 consummationem,
1115 2796 1381 2887 quando
1418 2794 1489 2862 in
1515 2794 1781 2863 scientia
1805 2817 1880 2863 ac
1904 2794 2313 2863 beatitudine
2340 2795 2433 2863 ita
2455 2794 2908 2887 perfectissimi
2935 2803 3163 2882 erunt,
3195 2804 3271 2865 ut
3306 2817 3426 2865 nec

254 2921 578 3003 augeatur
610 2912 935 3005 amplius,
966 2934 1087 2980 nec
1113 2911 1475 2980 minuatur.

335 3030 473 3098 Alii
514 3038 736 3098 autem
781 3028 1012 3097 dicunt
1053 3028 1319 3119 angelos
1362 3026 1434 3096 in
1479 3027 1975 3097 confirmatione
2028 3036 2211 3096 tanta
2255 3027 2513 3097 deitatis
2566 3027 2909 3096 dilectione
2949 3034 3147 3121 atque
3188 3029 3424 3098 notitia
3453 3072 3649 3120 Aliorum

245 3148 448 3216 fuisse
502 3135 851 3238 praeditos,
885 3146 1058 3214 utin
1098 3145 1202 3213 his
1234 3144 1511 3213 ulterius
1552 3167 1685 3213 non
1733 3145 2163 3236 profecerint,
2214 3167 2332 3213 nec
2377 3145 2729 3237 profecturi
2783 3145 2961 3213 sin't:
3006 3145 3422 3238 profecerunt
3476 3137 3622 3192 (ΨΜ)

3475 3202 3549 3255 qui
3569 3203 3633 3246 di.

246 3273 466 3334 tamen
504 3264 575 3332 in
615 3263 882 3332 scientia
918 3284 1139 3331 rerum
1187 3262 1584 3330 exteriorum
1608 3316 1625 3350 ,
1674 3262 1843 3331 sicut
1868 3262 1940 3332 in
1967 3262 2345 3352 cognitione
2384 3263 2768 3331 sacramenti
2803 3262 3268 3332 incarnationis
3288 3318 3307 3352 ,
3356 3270 3421 3332 et
3460 3271 3649 3384 ἓᾞζιῒ

245 3380 669 3473 hujusmodi,
705 3379 812 3447 sed
846 3402 979 3446 non
1009 3379 1079 3446 in
1106 3378 1651 3469 contemplatione
1684 3379 1939 3448 deitatis
1972 3404 1988 3448 ε
2022 3380 2179 3473 quia
2206 3378 2595 3448 Trinitatem
2620 3380 2691 3448 in
2719 3378 2969 3449 unitate
2993 3433 3010 3467 ,
3042 3388 3238 3472 atque
3269 3381 3419 3450 uni·
3466 3391 3640 3499 effluun-

243 3507 444 3568 tatem
480 3498 551 3565 in
579 3497 895 3564 Trinitate
924 3516 1058 3563 non
1095 3495 1356 3585 plenius
1381 3494 1763 3585 intelligunt
1792 3495 1928 3565 sive
1975 3496 2370 3565 intellecturi
2417 3505 2604 3582 sunt,
2637 3519 2839 3587 quam
2868 3496 2950 3563 ab
2992 3497 3132 3589 ipsa
3165 3496 3418 3565 confir-
3465 3517 3642 3569 predio-

243 3613 529 3683 matione
555 3620 1004 3704 perceperunt.
1045 3612 1143 3678 Ita
1169 3611 1367 3679 etiam
1411 3610 1636 3679 dicunt
1664 3634 1772 3681 eos
1802 3612 1871 3679 in
1901 3612 2211 3681 charitate
2260 3634 2392 3681 non
2423 3613 2767 3704 profecisse
2795 3620 2940 3703 post
2979 3613 3421 3682 confirmatio-
3448 3580 3659 3698 ιιὲῗῖἶῗο-

242 3754 394 3800 nem
418 3783 436 3816 ,
468 3730 627 3823 quia
652 3751 880 3798 eorum
907 3729 1185 3797 charitas
1224 3737 1444 3820 postea
1477 3751 1610 3796 non
1638 3736 1733 3796 est
1764 3736 1957 3796 aucta
1989 3736 2094 3796 :et
2119 3729 2214 3796 sic
2249 3728 2479 3797 dicunt
2506 3751 2615 3797 eos
2643 3751 2777 3797 non
2807 3728 3152 3820 profecisse
3180 3731 3252 3799 in
3288 3711 3421 3798 me·
3475 3705 3622 3817 932:

240 3848 414 3934 ritis,
445 3846 558 3922 sed
591 3846 713 3914 hoc
747 3853 1071 3937 quantum
1098 3844 1181 3913 ad
1208 3844 1346 3913 vim
1374 3844 1700 3930 merendi,
1736 3866 1871 3912 non
1899 3854 2231 3935 quantum
2258 3846 2340 3913 ad
2371 3867 2731 3914 numerum
2766 3846 3177 3915 meritorum.
3216 3847 3422 3916 Plura

241 3963 419 4031 enim
446 3963 619 4031 bona
644 3962 939 4030 fecerunt
965 3969 1185 4054 postea
1208 4014 1226 4049 ,
1257 3983 1407 4053 quae
1435 3968 1592 4029 tunc
1615 3984 1750 4030 non
1778 3961 2100 4048 fecerant;
2133 3962 2245 4031 sed
2270 3985 2498 4031 eorum
2526 3962 2813 4032 charitas
2843 3985 2926 4032 ex
2955 3986 3090 4055 qua
3117 3963 3233 4032 illa
3266 3985 3420 4056 pro-

238 4086 596 4164 cesserunt,
625 4101 756 4147 non
775 4084 872 4146 est
889 4087 1117 4146 aucta:
1144 4100 1225 4146 ex
1245 4100 1378 4169 qua
1394 4084 1652 4146 tantum
1677 4086 2082 4163 meruerunt,
2112 4085 2466 4171 antequam
2491 4079 2615 4147 ista
2641 4078 3060 4164 adderentur,
3091 4087 3420 4172 quantum

240 4203 464 4287 postea
499 4194 603 4265 his
639 4194 927 4287 adjectis,
968 4194 1144 4264 Illud
1183 4217 1338 4263 vero
1371 4193 1550 4287 quod
1585 4194 1699 4262 alii
1741 4195 2042 4287 superius
2087 4194 2348 4279 dicunt,
2397 4194 2806 4287 probabilius
2845 4194 3135 4283 videtur,
3180 4195 3423 4265 scilicet

242 4311 420 4404 quod
450 4311 668 4400 angeli
696 4333 903 4403 usque
929 4310 1011 4378 ad
1032 4310 1360 4401 judicium
1387 4310 1458 4377 in
1485 4309 1753 4378 scientia
1782 4317 1846 4377 et
1863 4309 2011 4378 aliis
2039 4309 2409 4402 proficiant.

329 4428 589 4511 Quibus
623 4435 844 4496 tamen
871 4426 1180 4495 videntur
1206 4426 1472 4496 obviare
1506 4426 1948 4518 quorumdam
1975 4426 2438 4495 auctoritatum
2467 4425 2687 4496 verba.
2727 4426 2842 4495 Ait
2868 4427 3047 4496 enim
3086 4427 3376 4496 Isidorus
3395 4480 3414 4515 ,
3458 4475 3659 4528 Qfflm

244 4543 325 4614 de
347 4546 624 4613 Sammo
649 4547 832 4612 Bono
858 4547 923 4611 *ε
954 4568 990 4609 ι(
1018 4544 1252 4633 Angeli
1280 4544 1350 4611 in
1370 4543 1590 4614 Verbo
1610 4542 1728 4611 Dei
1748 4542 1968 4612 omnia
1987 4543 2204 4611 sciunt
2227 4551 2582 4636 antequam
2613 4544 2775 4613 fiant
2791 4571 2810 4631 ;
2828 4571 2863 4610 n
2882 4544 2993 4614 sed
3021 4568 3140 4614 nec
3158 4567 3412 4632 omnes,
3451 4539 3654 4582 ‘mm‘

3481 4601 3624 4644 tetvi-

244 4684 365 4731 nec
404 4661 628 4731 omnia
663 4661 942 4753 perfecte
982 4660 1250 4750 angelos
1289 4660 1451 4729 scire
1478 4659 1687 4745 dixit,
1725 4668 1787 4728 et
1812 4660 1961 4729 ideo
1986 4681 2097 4728 eos
2136 4661 2208 4728 in
2248 4660 2517 4729 scientia
2561 4661 2877 4753 proficere
2926 4684 3059 4731 non
3105 4660 3409 4730 removit.
3463 4663 3635 4773 ἓξὲξ

245 4778 601 4868 Gregorius
625 4777 716 4846 ait
741 4786 763 4820 ⁸
795 4802 811 4845 :
853 4803 888 4843 α
913 4776 1089 4860 Quid
1116 4784 1211 4845 est
1236 4775 1414 4868 quod
1439 4776 1531 4844 ibi
1560 4776 1873 4865 nesciant,
1905 4776 2021 4844 ubi
2043 4775 2352 4846 scientem
2381 4778 2603 4848 omnia
2629 4779 2895 4848 sciunt?
2922 4804 2957 4843 n
3006 4778 3124 4847 ubi
3152 4777 3415 4846 videtur
3446 4791 3661 4899 ¹3:232:

247 4896 459 4965 dicere
491 4894 668 4985 quod
695 4896 917 4963 omnia
943 4894 1149 4963 sciant
1175 4893 1391 4983 angeli
1412 4945 1430 4979 ,
1459 4904 1525 4961 et
1549 4893 1718 4961 nihil
1747 4892 1831 4961 sit
1858 4894 2037 4986 quod
2064 4893 2380 4963 nesciant.
2420 4893 2547 4962 Sed
2577 4893 3028 4984 accipiendum
3057 4902 3152 4962 est
3179 4893 3303 4963 hoc
3328 4892 3415 4961 de
3445 4915 3605 4960 tentia.

248 5012 387 5100 his,
421 5033 707 5102 quorum
734 5009 1019 5099 cognitio
1045 5012 1312 5079 beatum
1337 5008 1491 5078 facit
1514 5010 1940 5098 cognitorem,
1972 5017 2048 5077 ut
2071 5017 2227 5077 sunt
2254 5032 2331 5118 ea
2364 5032 2515 5103 quae
2544 5009 2626 5078 ad
2655 5009 3042 5102 mysterium
3068 5009 3412 5079 Trinitatis

250 5136 315 5197 et
341 5127 615 5197 unitatis
641 5127 991 5220 pertinent.

313 5352 332 5388 ²
352 5351 560 5416 Ephes„
582 5362 665 5415 11¹,
689 5355 824 5405 9-10.
862 5378 918 5390 —
950 5354 975 5388 ²
1009 5351 1242 5417 Hieron„
1269 5352 1324 5403 in
1356 5351 1624 5417 Exi-planat.
1652 5366 1764 5416 cap.
1791 5362 1852 5403 111
1879 5350 1951 5402 ad
1973 5350 2156 5417 Ephes.
2183 5376 2247 5390 —
2270 5349 2293 5388 ⁸
2328 5355 2479 5418 Aug„
2523 5349 2583 5401 de
2611 5350 2733 5402 Gen.
2765 5349 2836 5401 ad
2855 5348 2998 5417 stim,
3025 5350 3115 5403 lib.
3137 5352 3205 5417 V,
3237 5365 3283 5404 c.
3305 5364 3417 5420 ¹11,

255 5436 309 5475 n.
331 5424 480 5477 380-
498 5421 679 5487 qnid„
704 5421 768 5473 de
792 5423 996 5476 Smnmo
1020 5424 1174 5487 Bono,
1199 5423 1289 5475 nb.
1315 5423 1356 5486 l,
1383 5436 1429 5477 c.
1449 5423 1839 5487 111.-⁸Greg.,
1861 5420 2046 5475 uorat.
2073 5420 2161 5472 lib.
2183 5423 2249 5485 11,
2278 5436 2324 5475 c.
2350 5433 2415 5474 11.
3021 5445 3028 5458 ·
