4125 6225
619 327 740 390 408

619 456 964 525 charitatis.
1003 454 1155 520 Haec
1183 453 1358 519 enim
1395 452 1615 518 missio
1639 453 1977 518 concordat
1993 499 2012 531 ,
2041 470 2162 517 seu

531 567 545 578 ‘
619 565 919 651 competit
947 563 1237 629 charitati
1262 561 1522 641 divinae,
1552 566 1616 626 et
1641 560 1932 626 charitati
1958 579 2159 643 ange-

617 676 798 751 licae,·
813 676 879 738 et
905 672 1212 737 humanae
1244 692 1261 735 ε
1295 668 1586 735 charitati
1617 668 1874 747 divinae,
1914 669 2069 752 quia
2091 669 2162 732 in

619 782 744 847 hoc
767 779 1124 845 manifestat
1154 776 1235 861 (a)
1272 777 1488 842 divina
1517 776 1766 840 bonitas
1786 823 1804 853 ,
1843 780 2161 857 quantum

619 891 904 954 nostram
933 884 1205 950 salutem
1242 883 1506 965 diligat,
1536 882 1693 947 dum
1732 881 2162 948 nobilissimos

620 994 912 1079 spirituS,
941 992 1056 1076 qui
1087 991 1145 1055 ei
1175 990 1402 1054 intima
1427 988 1732 1054 charitate
1750 992 2156 1071 junguntur,

622 1102 875 1185 dirigit,
907 1104 970 1164 et
993 1098 1366 1163 transmittit
1387 1097 1469 1162 ad
1498 1097 1964 1180 procurandam
1988 1096 2164 1161 salu-

621 1214 754 1276 tem
798 1212 1104 1273 nostram.
1162 1205 1241 1269 Et
1284 1205 1587 1289 competit
1632 1204 1826 1269 etiam
1870 1204 2161 1270 charitati

622 1317 932 1400 angelicae
962 1336 979 1380 ε
1010 1331 1162 1378 cum
1187 1312 1361 1377 enim
1391 1310 1718 1376 charitatis
1752 1310 2032 1375 ardentis
2055 1311 2159 1389 sit,

623 1424 908 1493 maxime
959 1420 1314 1486 desiderare
1366 1419 1640 1483 aliorum
1697 1417 1969 1483 salutem
1997 1464 2016 1496 ,
2080 1418 2163 1483 ob

623 1550 820 1616 quam
835 1531 1028 1596 etiam
1042 1528 1195 1593 dicit
1207 1527 1540 1607 Dominus,
1555 1526 1889 1591 sicutdixit
1908 1525 2157 1592 Isaias¹:

624 1643 789 1708 Ecce
815 1656 944 1724 equ,
973 1640 1262 1718 Domine,
1293 1639 1471 1704 mitte
1501 1652 1598 1702 me
1629 1657 1652 1699 .·
1677 1639 1742 1700 et
1765 1634 1981 1717 angeli
2013 1652 2164 1718 pos-

625 1749 753 1815 sint
780 1766 898 1813 nos
916 1749 1176 1829 juvare,
1209 1763 1327 1829 pro
1357 1762 1434 1810 eo
1461 1742 1636 1828 quod
1657 1726 1880 1808 xvident
1903 1759 2020 1807 nos
2045 1760 2165 1806 suo

626 1857 868 1924 auxilio
903 1856 1194 1939 indigere
1210 1903 1228 1934 ,
1271 1859 1336 1920 et
1376 1854 1579 1919 malos
1627 1851 1890 1935 angelos
1927 1851 2168 1916 indesi-

626 1970 852 2031 nenter
891 1983 1007 2029 nos
1047 1964 1468 2046 impugnare;
1500 1962 1681 2041 ideo,
1719 1960 1891 2042 quod
1926 1959 2008 2023 ad
2048 1978 2167 2025 nos

627 2071 963 2138 mittantur
981 2119 1002 2151 ,
1058 2071 1166 2134 lex
1215 2070 1416 2151 exigit
1460 2068 1783 2133 charitatis
1829 2067 2163 2148 angelicae.

628 2177 938 2260 Competit
962 2176 1156 2242 etiam
1180 2175 1304 2240 hoc
1329 2174 1620 2239 charitati
1646 2174 1950 2238 humanae
1965 2221 1986 2253 ‚
2016 2192 2168 2257 quae

629 2283 939 2369 quoniam
959 2282 1230 2366 parvula
1246 2287 1361 2363 est,
1378 2282 1688 2365 quamdiu
1705 2298 1931 2345 sumus
1948 2280 2019 2343 in
2035 2279 2165 2361 via,

631 2394 882 2476 indiget
928 2393 1131 2459 foveri
1147 2441 1167 2474 ,
1210 2396 1275 2457 et
1316 2390 1549 2455 nutriri
1567 2438 1587 2470 ,
1629 2392 1693 2453 et
1731 2387 1998 2452 excitari
2049 2409 2066 2451 ε
2108 2390 2172 2451 et

632 2500 940 2586 quoniam
989 2499 1203 2583 angeli
1243 2503 1397 2564 sunt
1438 2498 1729 2563 concives
1762 2495 2133 2561 hominibus
2148 2542 2166 2573 ,

633 2628 783 2675 cum
820 2626 955 2674 non
996 2608 1124 2672 sint
1161 2608 1253 2672 eis
1286 2606 1496 2689 juncti
1538 2623 1653 2689 per
1687 2604 2172 2670 similitudinem

634 2722 884 2783 naturae
926 2735 1075 2801 quae
1115 2715 1349 2782 excitat
1390 2714 1470 2779 ad
1514 2731 1800 2778 amorem
1822 2762 1841 2789 ,
1890 2712 2175 2795 oportuit

628 2825 826 2910 jungi
870 2843 985 2909 per
1027 2823 1406 2906 obsequium
1452 2820 1884 2885 beneficentiae
1931 2841 1946 2885 :
2000 2820 2174 2885 unde

634 2935 910 3001 rationes
934 2933 1015 2998 ad
1039 2933 1163 2998 hoc
1183 2931 1460 2997 inductae
1487 2928 1901 2994 concedendae
1915 2932 2089 2992 sunt.

717 3049 778 3107 l.
818 3041 918 3107 Ad
943 3039 1101 3105 illud
1124 3039 1298 3124 quod
1324 3036 1622 3121 objicitur
1649 3037 1718 3100 in
1748 3036 2171 3115 contrarium,

636 3152 807 3236 quod
833 3151 998 3215 Deus
1023 3149 1208 3213 nobis
1233 3164 1513 3230 praesens
1532 3149 1656 3224 est3
1684 3144 2029 3210 dicendum
2055 3146 2172 3224 est,

636 3260 810 3344 quod
831 3258 1128 3342 quamvis
1146 3256 1310 3321 Deus
1331 3255 1414 3319 sit
1434 3271 1736 3338 praesens,
1755 3255 1970 3316 tamen
1991 3270 2178 3335 prop-

637 3371 735 3434 ter
760 3367 1105 3432 caecitatem
1134 3368 1200 3429 et
1229 3361 1571 3444 caliginem
1597 3360 1949 3425 intellectus
1975 3359 2179 3424 nostri

640 3475 710 3539 in
733 3493 862 3558 qua
881 3490 1129 3550 sumne,
1153 3472 1367 3554 ipsum
1392 3469 1838 3552 cognoscimus
1860 3470 1938 3531 ut
1956 3468 2179 3534 absen-

640 3587 795 3648 tem.
826 3580 906 3646 Et
936 3580 1089 3662 quia
1121 3578 1213 3642 illi
1249 3576 1508 3661 spiritus
1542 3579 1801 3659 propter
1828 3575 2178 3640 claritatem

638 3687 925 3767 luminis,
954 3690 1018 3751 et
1054 3685 1459 3751 beatitudinis
1499 3683 1945 3767 perfectionem
1960 3730 1978 3760 ,
2008 3701 2175 3747 sem·

641 3815 756 3880 per
781 3794 1000 3861 vident
1026 3793 1229 3858 Deum
1263 3792 1420 3858 facie
1445 3793 1524 3856 ad
1559 3791 1781 3856 faeiem
1800 3840 1817 3871 ,
1852 3796 1918 3855 et
1940 3796 2093 3856 sunt
2118 3791 2180 3855 ei

640 3906 985 3988 praesentes
1010 3899 1552 3984 quemadmodum
1582 3898 1671 3962 illi
1686 3947 1704 3977 ,
1753 3898 1866 3981 qui
1913 3903 2067 3962 sunt
2110 3898 2180 3963 in

641 4030 895 4077 camera
914 4010 1109 4092 regiS,
1129 4008 1408 4073 indicant
1424 4006 1549 4085 his,
1571 4007 1684 4090 qui
1704 4011 1854 4070 sunt
1870 4006 2175 4085 exterius,

641 4121 815 4202 regis
838 4118 1255 4196 voluntatem,
1284 4123 1347 4182 et
1372 4117 1452 4181 ad
1478 4117 1601 4181 hoc
1625 4116 1968 4180 mittuntur
1993 4134 2033 4178 a
2059 4134 2178 4179 suo

641 4228 897 4294 domino
927 4245 944 4291 :
976 4227 1066 4291 sic
1091 4225 1580 4307 intelligendum
1607 4224 1796 4288 estin
1831 4224 2175 4306 proposito.

642 4334 771 4403 Nec
799 4336 1012 4401 valet:
1043 4358 1075 4396 α
1101 4333 1409 4398 Dominus
1442 4349 1560 4416 per
1585 4349 1653 4395 se
1686 4335 1890 4414 potest
1924 4332 2129 4396 facere
2158 4350 2176 4396 ε

643 4462 801 4526 ergo
829 4461 959 4507 non
994 4442 1180 4507 debet
1214 4441 1294 4506 ad
1330 4441 1453 4504 hoc
1479 4438 1784 4504 nuntium
1811 4438 2061 4505 mittere
2094 4461 2110 4505 ι
2140 4459 2171 4499 n

643 4550 849 4617 multa
888 4551 1065 4615 enim
1100 4553 1304 4633 potest
1343 4548 1447 4613 ille
1465 4597 1484 4628 ,
1517 4549 1632 4631 qui
1664 4552 1929 4631 praeest,
1967 4544 2083 4631 per
2115 4565 2183 4612 se

644 4660 880 4736 facere,
911 4675 1060 4741 quae
1088 4662 1305 4722 tamen
1327 4656 1616 4738 injungit
1640 4673 1847 4732 servo,
1875 4654 1981 4719 vel
2005 4673 2181 4720 nun-

643 4767 766 4846 tio,
809 4769 884 4830 ut
909 4764 1190 4829 salvetur
1228 4763 1296 4827 in
1333 4762 1687 4828 ministerio
1727 4767 1793 4827 et
1825 4762 2184 4840 actionibus

641 4874 871 4940 decens
895 4877 960 4936 et
983 4889 1314 4954 congruus
1338 4871 1516 4936 ordo.

724 4987 785 5048 2.
832 4982 933 5047 Ad
960 4981 1117 5045 illud
1143 4980 1314 5064 quod
1346 4980 1665 5063 objicitur,
1696 4981 1869 5063 quod
1896 4979 2095 5045 Filius
2121 4983 2187 5045 et

645 5089 922 5174 Spiritus
948 5094 1203 5154 sanctus
1231 5089 1621 5153 sufficienter
1646 5092 1992 5171 procurant
2020 5088 2186 5153 salu·

643 5202 776 5262 tem
803 5199 1123 5277 nostram,
1151 5196 1492 5262 dicendum
1519 5196 1691 5279 quod
1719 5195 1837 5259 etsi
1867 5195 2186 5260 sufficien-

711 5321 727 5354 ¹
745 5321 865 5387 Im„
895 5333 967 5385 vl,
992 5324 1040 5373 8.
1070 5347 1129 5360 —
1150 5319 1206 5373 ¹1
1239 5321 1376 5385 Cor„
1403 5332 1493 5385 111,
1524 5323 1573 5372 7.
1597 5347 1651 5359 -
1676 5322 1699 5357 ⁸
1722 5320 1849 5373 nist.
1873 5333 1934 5373 11.

1752 313 2381 393 SENTENTIARUM
2417 313 2568 389 mn.
2612 314 2692 381 11.

2273 456 2370 517 ter
2395 454 2737 536 procurent
2759 456 3078 536 quantum
3097 457 3191 518 est
3216 471 3299 518 ex
3320 472 3408 534 se,
3432 471 3569 520 non
3593 458 3810 520 tamen

2268 559 2619 625 excludunt
2659 560 2860 625 nostri
2901 560 3146 626 arbitrii
3186 562 3572 628 libertatem.
3606 562 3809 647 Adju-

2269 672 2428 734 tores
2474 669 2645 735 enim
2686 668 2808 734 Dei
2844 684 3103 749 sumus,
3148 669 3313 734 sicut
3356 670 3507 735 dicit
3542 672 3809 754 Aposto-

2266 773 2369 837 lus
2389 774 2414 811 ²
2448 792 2465 838 :
2499 777 2564 838 et
2609 773 2761 856 quia
2811 780 3104 840 nostrum
3152 777 3489 841 arbitrium
3544 776 3803 860 pigrum

2269 885 2386 960 est,
2416 885 2480 946 et
2505 899 2639 945 non
2662 882 2824 947 bene
2848 883 3077 968 gratiae
3104 888 3509 966 cooperatur;
3540 883 3683 949 ideo
3706 884 3804 949 in-

2269 988 2446 1069 diget
2482 988 2845 1053 excitatore.
2893 990 2992 1055 Ad
3034 990 3159 1055 hoc
3199 996 3417 1056 autem
3458 992 3678 1057 nullus
3716 998 3808 1059 est

2270 1095 2479 1177 magis
2517 1094 2817 1175 idoneus,
2863 1114 3060 1179 quam
3098 1098 3183 1161 sit
3220 1098 3491 1180 angelus
3520 1122 3535 1164 ε
3562 1103 3629 1164 et
3669 1099 3807 1165 ideo

2270 1202 2654 1267 conveniens
2675 1207 2769 1267 est
2789 1207 2863 1267 ut
2882 1203 2964 1267 ad
2983 1222 3102 1269 nos
3124 1205 3414 1270 mittatur
3439 1229 3453 1271 ε
3476 1224 3609 1271 non
3629 1226 3806 1291 prop-

2269 1312 2368 1377 ter
2415 1309 2835 1393 indigentiam
2884 1313 3352 1394 procurationis
3399 1313 3620 1378 salutis
3666 1326 3821 1381 nos-⁴

2269 1419 2389 1482 trae
2431 1436 2515 1484 ex
2555 1423 2733 1501 parte
2762 1418 2948 1501 Filii,
2984 1420 3090 1485 vel
3125 1418 3399 1503 Spiritus
3431 1421 3667 1500 sancti;
3702 1423 3807 1488 sed

2272 1531 2528 1610 propter
2552 1527 3012 1611 negligentiam
3040 1529 3499 1612 cooperationis
3524 1547 3608 1594 ex
3633 1534 3807 1614 parte

2271 1634 2493 1699 nostri.

2353 1745 2415 1818 3,
2446 1744 2488 1806 4
2515 1746 2581 1807 et
2607 1746 2667 1807 5.
2701 1743 2800 1809 Ad
2828 1743 2985 1809 illud
3013 1745 3184 1827 quod
3210 1745 3528 1829 objicitur,
3559 1744 3730 1828 quod
3754 1746 3805 1810 si

2274 1853 2665 1918 convertitur
2692 1855 2773 1920 ad
2797 1873 2914 1919 nos
2930 1903 2948 1935 ,
2984 1874 3117 1920 non
3147 1874 3306 1938 ergo
3334 1856 3415 1921 ad
3441 1855 3682 1936 Deum;
3716 1856 3807 1919 di-

2274 1960 2549 2025 cendum
2579 1963 2753 2044 quod
2778 1962 2936 2028 illud
2967 1968 3426 2046 argumentum
3453 1969 3672 2047 peccat
3694 1964 3810 2029 du-

2274 2066 2563 2150 pliciter:
2590 2069 2799 2151 primo
2828 2070 3089 2152 quidem
3106 2117 3123 2146 ,
3161 2070 3314 2153 quia
3348 2088 3478 2134 non
3518 2074 3812 2135 movetur

2276 2192 2433 2256 erga
2475 2195 2592 2241 nos
2633 2177 2758 2242 nisi
2802 2184 3061 2262 propter
3102 2179 3305 2243 Deum
3337 2197 3354 2243 ε
3386 2180 3558 2243 unde
3604 2184 3811 2243 motus

2276 2286 2418 2365 ejus
2454 2302 2587 2348 non
2612 2285 2877 2368 quiescit
2915 2287 2985 2350 in
3019 2286 3239 2364 nobis,
3268 2286 3377 2351 sed
3406 2304 3526 2351 nos
3566 2304 3808 2369 semper

2276 2392 2468 2456 refert
2492 2393 2574 2458 ad
2601 2393 2839 2472 Deum;
2871 2397 2936 2457 et
2958 2393 3102 2458 ideo
3132 2397 3346 2458 motus
3380 2394 3497 2458 iste
3536 2411 3666 2458 uon
3692 2413 3809 2458 au-

2277 2498 2397 2563 fert
2422 2505 2672 2565 motum
2699 2500 2769 2564 in
2796 2501 3027 2580 Deum,
3059 2500 3168 2566 sed
3195 2500 3406 2582 potius
3431 2500 3708 2582 disponit
3731 2501 3808 2565 ad

2279 2604 2484 2671 illum.
2527 2606 2670 2672 Alia
2713 2609 2906 2673 etiam
2950 2608 3110 2673 ratio
3151 2613 3246 2673 est
3278 2631 3292 2673 ε
3323 2608 3480 2691 quia
3522 2608 3810 2691 quamvis

2280 2732 2412 2778 una
2440 2713 2822 2794 substantia,
2851 2717 3043 2781 unica
3066 2717 3377 2799 potentia,
3408 2716 3606 2781 simul
3631 2721 3695 2781 et
3716 2734 3808 2781 se-

2280 2821 2409 2885 mel
2439 2840 2567 2886 non
2598 2824 2803 2905 possit
2826 2842 2894 2888 se
2922 2826 3288 2888 convertere
3314 2823 3396 2888 ad
3425 2824 3678 2888 diversa
3704 2841 3812 2906 per

2281 2933 2578 2993 naturam
2596 2978 2614 3010 ‚
2647 2934 2851 3013 potest
2888 2936 3105 2996 tamen
3142 2949 3257 3015 per
3285 2930 3813 3013 dispensationem

2283 3035 2590 3117 divinam,
2616 3038 2750 3102 sive
2777 3057 2890 3122 per
2915 3039 3191 3120 gratiam
3218 3040 3583 3122 perfectam,
3611 3040 3814 3122 eujus-

2285 3145 2457 3209 modi
2485 3151 2580 3211 est
2613 3146 2821 3228 gloria
2853 3165 2871 3211 ι
2907 3147 3078 3213 unde
3104 3147 3372 3230 angelus
3406 3148 3602 3212 simul
3631 3153 3695 3212 et
3726 3166 3814 3213 se·

2286 3253 2434 3334 mel,
2461 3253 2623 3318 etde
2647 3255 2832 3319 nobIs
2854 3256 3115 3337 cogitat,
3140 3259 3204 3319 et
3225 3255 3305 3319 de
3326 3254 3474 3319 Deo.
3502 3255 3609 3320 Sic
3631 3256 3811 3320 etiam

2285 3360 2408 3424 erit
2430 3360 2497 3424 in
2522 3361 2740 3426 beatis.
2773 3361 2850 3426 Et
2874 3381 2987 3444 per
3009 3363 3133 3428 hoc
3160 3367 3377 3446 patent
3397 3365 3528 3429 duo
3554 3383 3813 3447 sequen-

2285 3470 2402 3550 tia,
2436 3469 2670 3534 scilicet
2695 3472 2775 3536 de
2801 3472 3140 3536 amissione
3170 3471 3437 3536 fervoris
3464 3472 3810 3552 charitatis,

2287 3583 2350 3643 et
2386 3578 2753 3643 remissione
2792 3579 3056 3643 actionis
3086 3580 3342 3645 virtutis
3374 3582 3627 3662 agentis
3656 3603 3672 3645 ε
3700 3581 3815 3645 hoc

2287 3687 2462 3751 enim
2488 3706 2719 3751 verum
2747 3692 2868 3766 est,
2900 3686 3013 3752 ubi
3040 3705 3176 3752 una
3202 3689 3530 3754 conversio
3564 3690 3817 3773 impedit

2287 3795 2549 3859 alteram
2567 3843 2585 3873 ,
2615 3795 2788 3877 quod
2814 3795 3075 3878 quidem
3100 3814 3231 3860 non
3256 3800 3351 3860 est
3377 3796 3447 3859 in
3477 3797 3810 3880 proposito.

2287 3901 2368 3967 Et
2406 3901 2576 3966 istud
2614 3901 2765 3966 satis
2790 3903 3037 3966 clarum
3071 3906 3167 3965 est
3202 3902 3561 3984 intelligere
3587 3904 3681 3978 ei,
3711 3904 3815 3986 qui

2288 4012 2491 4092 potest
2523 4008 2645 4073 hoc
2678 4027 2901 4092 capere
2917 4058 2935 4089 ,
2975 4009 3293 4092 quomodo
3325 4009 3543 4074 anima
3581 4010 3814 4075 beatifi-

2289 4119 2429 4180 cata
2452 4115 2647 4179 simul
2672 4121 2733 4181 et
2760 4116 2955 4181 semel
2980 4116 3279 4198 intelligit
3304 4115 3529 4181 multa.

2369 4228 2430 4287 6.
2475 4223 2577 4289 Ad
2600 4223 2757 4289 illud
2783 4224 2951 4307 quod
2983 4224 3207 4289 ultimo
3235 4223 3534 4306 objicitur
3559 4223 3810 4302 deloco,

2291 4333 2632 4398 dicendum
2652 4334 2821 4416 quod
2836 4381 2854 4411 ,
2879 4335 3044 4399 sicut
3063 4335 3132 4399 in
3154 4335 3658 4419 praecedentibus
3673 4335 3694 4371 ⁸
3713 4334 3816 4398 ha-

2292 4439 2504 4504 bitum
2526 4444 2642 4518 est,
2667 4442 2845 4506 loeus
2871 4459 3005 4507 non
3029 4442 3294 4508 debetur
3314 4442 3547 4524 angelo
3574 4446 3817 4525 propter

2292 4549 2432 4630 ejus
2457 4550 2890 4614 necessitatem
2907 4598 2926 4630 ,
2955 4551 3062 4614 vel
3087 4550 3547 4631 indigentiam;
3592 4549 3698 4614 sed
3722 4565 3815 4611 so-

2290 4654 2430 4719 lum
2471 4662 2729 4739 propter
2757 4657 3104 4738 quamdam
3139 4658 3649 4739 congruentiam.
3680 4656 3818 4721 Haec

2292 4767 2509 4829 autem
2541 4766 2961 4847 congruentia
2987 4764 3451 4849 recompensari
3483 4768 3687 4847 potest
3715 4780 3818 4847 per

2295 4874 2638 4954 majorem;
2669 4877 2733 4938 et
2757 4879 2911 4938 tunc
2936 4873 3175 4938 nullam
3202 4874 3381 4955 ponit
3405 4871 3816 4956 imperfectio-

2294 4997 2475 5059 nem,
2506 4980 2608 5045 vel
2632 4980 3053 5045 indecentiam
3067 5029 3084 5059 ,
3114 4998 3229 5064 per
3249 4981 3350 5045 sui
3377 4980 3579 5062 ipsius
3604 4980 3816 5044 absen-

2293 5088 2453 5151 tiam
2482 5106 2501 5152 :
2530 5088 2709 5153 etsie
2736 5092 2830 5154 est
2858 5088 2929 5152 iu
2961 5088 3301 5172 proposito.
3343 5085 3496 5152 Plus
3520 5088 3690 5152 enim
3715 5087 3812 5151 de·

2296 5195 2560 5261 lectatur
2582 5197 2853 5279 angelus
2874 5196 3139 5280 implere
3160 5195 3555 5264 voluntatem
3578 5191 3809 5260 Domini

2360 5294 2440 5385 (α)’
2458 5321 2563 5373 cac
2602 5320 2723 5372 edit.
2751 5320 3115 5373 manifestatur.
