4125 6225
1247 412 1444 479 DIST.
1489 411 1566 477 ΙΙ.
1613 411 1841 478 PART.
1884 414 1933 481 Ι.
1976 414 2157 480 ART.
2203 415 2253 480 Ι.
2293 415 2594 494 QUAEST.
2641 418 2748 483 ΙΙΙ.

413 573 571 637 ergo
605 553 800 618 habet
839 553 909 616 in
956 552 1059 617 sui
1099 549 1432 617 duratione
1462 549 1942 614 successionem.

495 661 651 726 Item
679 661 1019 726 Anselmus
1046 659 1117 723 in
1145 658 1467 740 Prosloqio
1492 659 1765 720 tractans
1791 656 1946 721 illud

411 770 685 836 verbum
714 770 731 805 ¹
763 791 778 833 ε
824 768 1135 835 Dominus
1162 767 1458 849 reqnabit
1479 766 1555 830 in
1593 769 1898 829 oeternum
1920 813 1940 842 ,

418 883 477 944 et
504 876 678 942 ultra
700 898 722 946 ;
765 876 913 941 dicit
946 876 990 955 ¹,
1016 874 1188 958 quod
1215 897 1245 935 (ι
1266 874 1388 938 1106
1412 871 1653 935 dictum
1674 875 1790 951 651,
1812 889 1944 936 000

411 986 563 1067 quia
602 987 740 1066 post
784 984 1200 1048 aeternitatem
1227 981 1309 1044 sit
1336 978 1611 1061 aliquid;
1656 979 1767 1043 sed
1793 979 1946 1061 quia

412 1092 523 1157 Dei
548 1092 869 1155 aeternitas
885 1140 904 1171 ,
934 1108 1083 1174 quae
1126 1093 1258 1154 tota
1283 1087 1481 1152 simul
1521 1090 1618 1151 est
1637 1135 1655 1164 ,
1700 1087 1946 1152 excedit

411 1198 830 1264 aeternitatem
853 1201 1160 1263 creamrae
1178 1245 1195 1275 ,
1227 1214 1374 1278 quae
1401 1213 1534 1259 non
1559 1194 1823 1260 omnino
1849 1195 1943 1257 aet

408 1309 543 1371 tota
569 1305 769 1369 simul
797 1328 812 1371 ε
851 1329 882 1366 ι)
912 1305 1032 1370 ista
1056 1309 1153 1370 est
1190 1303 1503 1368 sententia
1533 1325 1550 1367 ι
1582 1320 1740 1384 ergo
1767 1301 1937 1366 idem

410 1414 582 1495 quod
606 1414 806 1497 prius·

491 1520 648 1584 Item
701 1520 946 1583 ratione
1002 1518 1257 1584 videtur
1307 1541 1322 1582 :
1376 1516 1598 1582 Unitas
1650 1517 1945 1599 angelica

409 1628 619 1692 deficit
660 1627 741 1691 ab
770 1627 1013 1691 unitate
1041 1626 1262 1692 divina
1307 1644 1325 1689 :
1373 1643 1531 1707 ergo
1575 1625 1939 1707 simplicitas

409 1734 779 1799 aeternitatis
811 1737 1037 1799 creatae
1070 1754 1110 1798 a
1140 1733 1538 1816 simplicitate
1574 1733 1944 1796 aeternitatis

406 1844 706 1907 increatae
736 1863 753 1906 ε
782 1842 837 1905 51
853 1861 1012 1925 ergo
1039 1843 1160 1907 hoc
1180 1860 1411 1908 verum
1428 1843 1544 1917 est,
1573 1840 1766 1904 habet
1784 1858 1945 1922 ergo

408 1951 932 2034 compositionem
959 1949 1175 2031 aliquo
1202 1949 1393 2013 modo
1426 1967 1444 2011 ε
1482 1949 1592 2012 sed
1627 1950 1945 2032 composi-

412 2060 502 2122 tio
539 2059 607 2122 in
640 2057 975 2121 duratione
1021 2056 1207 2139 ponit
1253 2057 1434 2140 prius
1467 2058 1531 2120 et
1567 2056 1879 2138 posterius
1925 2080 1941 2121 ε

405 2186 589 2250 ergo,
609 2170 727 2231 etc.

489 2275 643 2339 Item
706 2272 829 2337 hoc
869 2271 1082 2355 ipsum
1133 2271 1410 2352 videtur,
1449 2274 1602 2355 quia
1643 2291 1947 2338 mensura

404 2381 760 2449 durationis
799 2380 1110 2462 angelicae
1144 2398 1278 2445 non
1319 2382 1414 2444 est
1461 2381 1594 2463 ipse
1635 2382 1907 2462 angelus
1924 2428 1942 2459 ,

404 2493 607 2556 immo
626 2490 836 2554 differt
852 2489 933 2553 ab
955 2487 1188 2568 angelo
1205 2488 1372 2552 sicut
1385 2506 1686 2553 mensura
1704 2508 1744 2552 a
1763 2507 1946 2553 men-

404 2602 625 2662 surato
653 2602 676 2637 ⁸
707 2615 724 2659 ε
757 2594 867 2659 sed
891 2611 1196 2658 mensura
1224 2595 1579 2659 secundum
1604 2596 1937 2660 veritatem

405 2711 499 2769 est
530 2706 599 2768 in
627 2721 865 2785 genere
892 2702 1259 2785 quantitatis
1274 2751 1292 2781 ,
1334 2706 1400 2766 61
1424 2702 1568 2766 talis
1600 2705 1697 2780 est
1719 2702 1944 2768 divisi-

404 2813 554 2877 bilis
586 2835 601 2878 :
632 2829 791 2893 ergo
827 2809 1069 2873 habens
1096 2811 1306 2892 partes
1343 2831 1360 2873 ι
1403 2827 1592 2891 ergo,
1622 2813 1740 2874 etc.
1774 2809 1841 2874 Si
1870 2815 1943 2876 tu

405 2922 605 3000 dicas,
628 2918 800 3002 quod
826 2921 922 2981 est
945 2917 1317 2999 quantitatis
1340 2918 1754 3001 principium,
1779 2918 1945 2983 sicut

407 3032 718 3111 punctus;
751 3028 971 3089 contra
1002 3043 1018 3087 z
1049 3029 1327 3106 punctus
1369 3043 1498 3088 non
1542 3026 1736 3089 habet
1764 3044 1946 3090 com-

402 3137 573 3219 plete
591 3135 903 3198 rationem
931 3150 1274 3213 mensurae,
1306 3134 1415 3198 sed
1440 3140 1532 3198 est
1554 3135 1942 3218 principium

404 3260 727 3308 mensurae
760 3263 775 3304 z
813 3257 1030 3305 aevum
1061 3244 1278 3304 autem
1301 3259 1453 3304 vere
1484 3245 1547 3305 et
1576 3242 1825 3324 proprie
1852 3248 1948 3307 est

406 3368 710 3419 mensura
736 3364 934 3429 :ergo
965 3363 1098 3410 non
1125 3351 1488 3430 potestesse
1515 3348 1678 3413 sicut
1708 3348 1946 3432 princi-

405 3460 612 3544 pium.

490 3568 649 3632 Item
694 3567 911 3648 angeli
956 3565 1206 3632 duratio
1242 3568 1337 3629 est
1367 3563 1616 3629 infinita
1660 3584 1678 3628 1
1708 3565 1762 3629 51
1788 3584 1945 3648 ergo

406 3681 505 3741 est
530 3680 661 3740 tota
682 3675 877 3738 simul
902 3678 965 3739 et
992 3675 1062 3738 in
1087 3678 1262 3751 actu,
1289 3691 1448 3754 ergo
1475 3674 1733 3757 aliquod
1761 3694 1943 3739 crea-

407 3786 550 3848 tum
577 3784 672 3847 est
710 3782 1033 3845 infinitum
1057 3785 1205 3846 actu
1237 3800 1253 3844 :
1284 3781 1393 3845 sed
1421 3780 1543 3845 hoc
1585 3786 1678 3845 est
1706 3782 1944 3866 impos-

404 3891 588 3955 sibile
618 3907 847 3971 :erg0,
878 3893 998 3954 etc.

489 3996 646 4061 Item
664 4044 681 4071 ‚
708 3997 781 4060 in
803 4014 879 4061 60
903 3997 1076 4079 quod
1101 3995 1294 4061 habet
1322 3999 1528 4062 totum
1550 4016 1683 4062 esse
1711 3999 1942 4082 simul,

412 4106 587 4169 idem
616 4107 711 4169 est
735 4104 950 4181 fuisse,
976 4109 1037 4168 et
1058 4123 1215 4183 6556,
1244 4108 1308 4168 61
1328 4105 1622 4169 futurum
1636 4125 1805 4172 esse:
1834 4109 1945 4173 sed

404 4212 578 4294 quod
608 4212 750 4287 fuit,
767 4211 1156 4293 impossibile
1175 4214 1268 4276 est
1285 4212 1553 4293 cogitari
1574 4232 1700 4278 non
1724 4215 1942 4296 fuisse,

406 4319 463 4381 si
492 4318 889 4400 intelligatur
916 4318 1106 4382 fnisse
1137 4339 1152 4380 :
1183 4337 1343 4400 ergo
1365 4319 1420 4381 si
1439 4320 1746 4385 seviterno
1774 4321 1947 4386 idem

405 4429 505 4490 est
528 4426 721 4490 fuisse
749 4430 812 4489 et
838 4426 1004 4506 fore,
1039 4443 1197 4507 ergo
1224 4426 1609 4509 impossibile
1644 4432 1738 4492 est
1762 4431 1945 4511 cogi-

404 4533 531 4596 tari
561 4552 695 4598 non
736 4533 868 4598 fore
898 4556 914 4598 ε
945 4533 1068 4598 1106
1106 4538 1323 4598 autem
1361 4535 1594 4599 falsum
1633 4541 1757 4616 est,
1796 4538 1948 4620 quia

404 4641 531 4705 1106
558 4644 651 4705 651
678 4641 1011 4724 proprium
1037 4641 1230 4705 solius
1257 4641 1365 4706 Dei
1395 4664 1411 4706 ε
1439 4660 1597 4724 ergo
1616 4692 1633 4723 ,
1663 4647 1781 4708 etc.

490 4747 671 4825 Item,
714 4748 765 4811 si
792 4752 1001 4812 totum
1019 4767 1154 4813 esse
1177 4753 1272 4813 est
1294 4767 1600 4832 praesens,
1630 4768 1788 4832 ergo
1811 4768 1946 4815 non

407 4858 621 4924 differt
643 4876 778 4922 esse
795 4906 813 4937 ‚
844 4862 906 4921 et
932 4857 1127 4921 fuisse
1166 4880 1182 4921 ε
1214 4876 1372 4938 ergo
1399 4858 1571 4939 quod
1599 4876 1775 4922 nunc
1814 4878 1946 4924 non

408 4969 536 5041 est,
563 4983 898 5047 nunquam
925 4964 1075 5044 fuit3
1111 4969 1174 5029 et
1194 4965 1251 5027 si
1274 4965 1429 5044 fuit,
1461 4969 1555 5029 est
1587 4985 1604 5030 :
1636 4967 1746 5030 sed
1781 4967 1947 5032 Deus

408 5092 543 5139 non
564 5077 770 5158 potest
797 5074 998 5136 facere
1017 5071 1187 5155 quod
1216 5072 1336 5136 fuit
1354 5090 1487 5137 non
1512 5074 1705 5138 fuisse
1736 5094 1751 5139 ε
1785 5093 1945 5157 ergo

407 5200 542 5245 non
573 5184 772 5263 potest
803 5179 1005 5243 facere
1033 5178 1419 5244 aeviternum
1455 5198 1587 5244 non
1615 5200 1750 5246 6556
1782 5204 1797 5247 :
1835 5183 1941 5247 sed

406 5288 533 5351 hoc
558 5286 888 5350 manifeste
906 5285 1130 5349 falsum
1161 5308 1177 5349 z
1211 5303 1402 5367 ergo,
1437 5289 1556 5350 616.

474 5411 694 5474 Ἐπαι,
721 5422 818 5474 xv,
843 5412 919 5461 18.
955 5435 1017 5448 —-
1041 5412 1064 5446 ἱ
1112 5411 1362 5475 Αο56101.,
1404 5411 1653 5477 Pro-5109„
1692 5428 1738 5464 c.
1775 5425 1939 5478 xvm3

3464 421 3583 482 283

2137 550 2296 616 Item
2315 600 2332 629 ‚
2365 553 2421 616 si
2441 555 2652 618 totum
2677 571 2811 618 6556
2838 553 3129 618 aeviterni
3151 552 3344 617 simul
3370 556 3494 630 est,
3521 558 3586 618 et

2052 662 2186 724 tota
2210 661 2461 726 duratio
2488 661 2625 726 sine
2666 662 2894 744 priori,
2925 665 2988 725 61
3026 661 3393 744 posteriori,
3425 680 3584 743 ergo

2054 785 2189 832 non
2206 773 2301 833 est
2317 769 2406 833 ibi
2426 769 2636 850 magis
2652 770 2924 852 longum
2947 773 3011 833 et
3034 768 3247 832 minus
3264 768 3537 849 longum
3564 792 3580 835 ε

2054 893 2213 953 ergo
2236 877 2449 940 anima
2488 875 2654 942 Petri
2682 896 2799 942 066
2830 877 3009 960 prius
3042 894 3161 940 nec
3187 875 3426 939 diutius
3462 876 3585 940 fuit

2053 982 2124 1047 in
2147 983 2353 1063 gloria
2370 1030 2388 1059 ,
2418 1002 2614 1066 quam
2637 986 2851 1049 anima
2875 984 3044 1048 beati
3070 982 3388 1047 Francisci
3420 1005 3436 1048 ι
3465 983 3574 1048 sed

2052 1087 2175 1153 hoc
2203 1090 2530 1155 manifeste
2551 1090 2784 1155 falsum
2809 1092 2906 1155 est
2936 1113 2951 1154 z
2983 1107 3141 1171 ergo
3155 1138 3174 1170 ,
3202 1091 3322 1155 etc.

2561 1349 3078 1416 CONCLUSIO.

2053 1504 2245 1558 AEvum
2272 1506 2349 1558 est
2375 1502 2438 1559 de
2457 1507 2662 1560 natura
2688 1493 3113 1572 successivorum‚
3136 1504 3261 1561 licet
3290 1505 3402 1560 alio
3425 1509 3589 1577 pacto

2126 1608 2287 1662 quam
2317 1597 2549 1664 tempus;
2595 1597 2648 1649 et
2678 1596 2860 1665 prius,
2896 1596 3056 1663 atque
3078 1596 3346 1665 posterius
3382 1596 3589 1666 inipso

2125 1685 2411 1755 reperitur,
2445 1683 2640 1753 absque
2670 1686 2848 1738 tamen
2875 1685 3243 1739 innovatione.

2136 1838 2320 1922 Resp.
2368 1841 2448 1904 ad
2479 1840 2635 1922 Arg.
2679 1841 3031 1905 Dicendum
3057 1841 3231 1924 quod
3258 1841 3429 1905 circa
3468 1841 3591 1905 hoc
3617 1879 3700 1940 0pi

2053 1947 2292 2030 duplex
2334 1947 2460 2011 fuit
2484 1948 2722 2030 opinio.
2754 1947 3026 2025 Quidam
3052 1948 3225 2012 enim
3251 1948 3583 2027 dixerunt,

2053 2054 2227 2137 quod
2249 2072 2468 2118 aevum
2488 2058 2582 2119 est
2605 2057 2812 2119 totum
2836 2055 3105 2138 simplex
3118 2104 3136 2133 ,
3164 2056 3329 2119 sicut
3347 2060 3411 2119 61
3431 2056 3591 2120 111οᾶ

2053 2162 2226 2245 quod
2248 2167 2575 2234 mensurat
2593 2164 2674 2245 (a)
2696 2180 2830 2227 esse
2843 2163 3213 2228 substantiae
3236 2163 3587 2244 aeviternae,

2053 2276 2118 2332 et
2156 2272 2298 2352 ejus
2328 2270 2576 2335 duratio
2602 2274 2698 2335 est
2734 2272 2867 2333 tota
2910 2269 3140 2348 simul,
3188 2288 3320 2334 non
3351 2271 3593 2336 habens

2053 2378 2515 2443 successionem
2571 2379 2799 2461 prioris
2850 2381 2911 2442 et
2964 2378 3350 2460 posterioris.
3413 2376 3591 2443 Unde

2053 2490 2359 2554 dixerunt
2415 2508 2633 2554 aevum
2686 2508 2821 2554 non
2883 2508 3018 2554 esse
3073 2490 3326 2573 proprie
3378 2507 3587 2572 quan-

2053 2601 2333 2677 titatem3
2357 2599 2464 2663 sed
2487 2599 2556 2661 in
2578 2615 2814 2679 genere
2831 2597 3201 2679 quantitatis
3225 2597 3434 2662 solum
3454 2617 3589 2663 esse

2052 2724 2168 2788 per
2196 2706 2633 2771 reductionem
2666 2727 2682 2768 :
2714 2704 2887 2767 unde
2928 2704 3200 2786 simplex
3229 2707 3323 2768 est
3358 2709 3587 2769 exten-

2052 2814 2231 2878 sione
2245 2864 2263 2894 ,
2310 2814 2416 2878 sed
2461 2818 2676 2878 tamen
2718 2815 2814 2875 651
2861 2814 3175 2893 quantum
3206 2811 3477 2890 virtute3
3526 2818 3591 2877 et

2054 2922 2211 2986 adeo
2257 2926 2602 3004 quantum,
2651 2919 2824 3002 quod
2875 2937 2994 2982 sua
3040 2918 3279 2982 virtute
3326 2919 3590 2984 excedat

2054 3050 2248 3096 omne
2274 3048 2407 3095 esse
2433 3028 2780 3112 temporale
2800 3028 2876 3092 ad
2901 3026 3380 3091 similitudinem
3406 3030 3587 3093 aeter-

2052 3141 2267 3205 nitatis
2305 3141 2626 3231 increatae.
2663 3136 2826 3201 Nam
2868 3137 3033 3200 sicut
3069 3136 3286 3200 anima
3317 3136 3587 3219 simplex

2053 3252 2149 3313 est
2189 3251 2505 3331 quantum
2543 3246 2623 3310 ad
2666 3245 3084 3327 quantitatem
3114 3244 3327 3324 molis,
3370 3248 3586 3308 tamen

2052 3359 2312 3439 propter
2338 3372 2523 3419 suam
2552 3353 2858 3417 virtutem
2895 3355 2958 3415 61
2992 3351 3458 3434 simpIIcitatem
3491 3357 3585 3417 est

2053 3466 2127 3529 in
2150 3463 2432 3546 qualibet
2461 3464 2641 3544 parte
2666 3460 2767 3524 sui
2796 3458 3110 3541 corporis;
3144 3458 3233 3523 5ἰ6
3259 3460 3329 3522 10
3349 3476 3582 3542 propo-

2054 3573 2174 3636 sito
2209 3568 2696 3651 intelligendum
2734 3572 2849 3631 est.
2898 3565 3020 3631 Sed
3036 3614 3055 3645 ,
3092 3566 3258 3630 sicut
3291 3566 3362 3629 in
3397 3585 3588 3649 oppo-
3648 3601 3825 3660 Imm,

2053 3679 2266 3744 nendo
2299 3681 2537 3741 tactum
2559 3679 2685 3753 651,
2716 3675 2774 3737 51
2805 3674 2952 3756 quis
2981 3675 3176 3755 ponat
3201 3690 3418 3737 sevum
3450 3692 3588 3737 om·
3617 3665 3756 3710 ¹³⁸⁸&-

2052 3788 2208 3851 nino
2239 3784 2511 3867 simplex
2524 3831 2541 3862 ,
2571 3783 2763 3865 ponet
2792 3800 2874 3845 ex
2900 3780 3024 3845 hoc
3050 3797 3181 3844 non
3207 3796 3341 3843 6556
3369 3797 3590 3844 veram

2054 3909 2453 3969 mensuram3
2476 3893 2668 3973 ponet
2687 3888 2877 3952 etiam
2897 3886 3299 3950 durationem
3315 3890 3590 3950 creatam

2053 4006 2199 4066 actu
2258 3999 2604 4075 infinitam;
2667 3998 2862 4079 ponet
2926 3993 3121 4057 etiam
3186 3992 3590 4056 durationem

2054 4112 2329 4173 creatam
2377 4126 2417 4170 a
2460 4105 2588 4170 Deo
2631 4103 3007 4168 existentem
3020 4148 3039 4178 ,
3088 4118 3286 4182 quam
3339 4099 3413 4183 (b)
3474 4117 3592 4163 nec

2053 4217 2220 4282 Deus
2247 4216 2569 4281 destruere
2584 4260 2602 4289 ,
2646 4230 2763 4276 066
2791 4209 3147 4274 intellectus
3180 4207 3380 4291 possit
3407 4207 3591 4288 cogi-

2054 4330 2189 4389 tare
2213 4342 2345 4388 non
2377 4340 2512 4388 6556
2535 4344 2551 4386 :
2575 4339 2723 4405 quae
2752 4319 2968 4384 omnia
2994 4336 3146 4382 cum
3172 4335 3301 4381 non
3330 4317 3456 4379 sint
3483 4315 3588 4378 in-

2051 4431 2436 4513 telligibilia,
2492 4429 2732 4493 faciunt
2787 4426 3153 4509 praedictam
3212 4423 3589 4507 positionem

2053 4557 2174 4603 nec
2194 4556 2331 4603 esse
2353 4536 2792 4601 rationabilem
2806 4582 2825 4613 ,
2849 4552 2970 4597 nec
2982 4530 3474 4613 intelligibilem.
3510 4529 3589 4596 Et

2052 4646 2194 4710 ideo
2208 4694 2226 4725 ‚
2266 4662 2414 4709 cum
2443 4643 2822 4708 Sanctorum
2852 4640 3256 4706 auctoritates
3285 4638 3456 4702 aliud
3484 4638 3586 4703 vi-

2052 4755 2324 4819 deantur
2350 4770 2574 4817 sonare
2592 4798 2613 4829 ‚
2645 4754 2740 4815 est
2768 4750 3043 4815 aliorum
3082 4748 3311 4832 positio
3352 4747 3586 4830 proba-

2052 4861 2237 4926 bilior
2268 4866 2329 4924 et
2362 4857 2848 4940 intelligibilior‚
2883 4856 3056 4939 quod
3081 4856 3151 4918 in
3178 4873 3321 4919 aevo
3348 4857 3442 4918 est
3471 4872 3584 4936 po-

2053 4986 2206 5032 nere
2225 4967 2403 5050 prius
2418 4970 2479 5030 et
2500 4964 2833 5049 posteriuS‚
2855 4956 3033 5028 61651
3049 4980 3282 5045 ponere
3300 4961 3584 5043 aliquam

2051 5075 2544 5152 successionem,
2604 5072 2797 5137 aliam
2858 5073 3070 5134 tamen
3124 5067 3586 5132 successionem

2052 5237 2257 5300 Monol„
2286 5251 2334 5287 c.
2358 5247 2506 5286 xvm.
2536 5233 2636 5272 —⁸
2655 5234 2798 5283 Hanc
2833 5229 3084 5281 rationem
3122 5228 3305 5294 quaerit
3326 5228 3584 5279 infirmare

2052 5312 2254 5372 scotus,
2277 5324 2327 5373 q.
2351 5321 2389 5359 11
2409 5307 2557 5372 hujus
2590 5305 2811 5359 distinct,

2116 5416 2184 5482 (a)
2210 5416 2314 5466 Coet
2328 5414 2449 5468 edit.
2473 5413 2592 5465 add.
2623 5415 2757 5465 et.-
2774 5409 2848 5477 (ὁ)
2877 5409 2997 5462 Goet.
3020 5408 3141 5460 edit.
3173 5410 3327 5474 quod.

3633 4575 3765 4632 Opia.
3784 4578 3826 4617 2.
