4125 6225
766 531 845 591 84

843 666 902 726 3.
933 660 1127 740 Item,
1164 659 1336 743 quod
1366 678 1496 724 non
1530 660 1726 741 possit
1757 659 1942 743 plura
1972 658 2288 741 praescire‚

763 788 960 852 quam
999 769 1322 852 praesciat,
1355 768 1642 847 videtur,
1676 767 1825 849 quia
1869 784 2295 849 quaecumque

764 876 928 941 Deus
994 875 1246 959 praescit
1266 925 1283 955 ,
1334 874 1527 939 simul
1579 874 1825 957 praescit
1846 922 1864 954 ,
1919 892 2037 937 nec
2093 877 2296 956 potest

761 985 1057 1068 praescire
1094 984 1214 1048 nisi
1262 982 1454 1047 simul
1488 1005 1503 1046 ε
1550 981 1601 1046 51
1646 1001 1803 1065 ergo
1863 986 2064 1064 potest
2112 983 2299 1064 plura

760 1093 1086 1177 praescire,
1133 1110 1328 1174 quam
1358 1092 1684 1174 praesciat3
1720 1095 1835 1155 aut
1859 1109 2018 1171 ergo
2052 1090 2248 1155 simul
2274 1138 2293 1167 ‚

761 1204 875 1265 aut
902 1200 1252 1264 successive
1286 1218 1304 1261 :
1339 1197 1532 1262 simul
1560 1203 1655 1262 est
1684 1198 2109 1280 impossibile;
2144 1215 2296 1261 suc-

761 1309 998 1376 cessive
1046 1308 1333 1371 similiter
1360 1306 1780 1390 impossibile,
1813 1306 1967 1389 quia
2005 1306 2076 1369 in
2108 1310 2295 1371 16161·-

759 1417 957 1480 nitate
981 1435 1114 1480 non
1142 1420 1237 1480 est
1262 1415 1609 1493 successio;
1644 1432 1800 1495 ergo
1828 1414 2006 1478 nullo
2037 1415 2249 1478 modo,

839 1528 900 1588 4.
950 1522 1107 1587 Item
1135 1572 1152 1600 ‚
1183 1523 1236 1586 si
1273 1527 1477 1606 potest
1517 1522 1705 1605 plura
1756 1521 2083 1603 praescire,
2139 1538 2295 1601 ergo

759 1649 910 1694 cum
959 1633 1165 1713 major
1202 1631 1283 1694 sit
1317 1629 1711 1713 praescientia
1748 1628 2035 1711 plurium
2068 1629 2294 1692 saltem

757 1738 1107 1818 extensive,
1136 1743 1200 1803 61
1232 1739 1404 1822 quod
1432 1742 1637 1821 potest
1676 1756 1811 1801 esse
1845 1739 2058 1818 majus
2090 1740 2294 1818 potest

756 1845 1018 1926 augeri,
1058 1864 1213 1928 ergo
1261 1845 1474 1911 divina
1510 1844 1902 1928 praescientia
1939 1848 2143 1926 potest
2173 1864 2293 1909 511-

756 1953 896 2034 geri
928 1975 943 2014 ε
997 1954 1107 2018 sed
1142 1954 1253 2018 ubi
1298 1958 1724 2035 augmentum
1745 2001 1763 2032 ,
1799 1952 1886 2015 ibi
1930 1953 2201 2018 mutatio
2233 1957 2297 2017 61

753 2063 1025 2128 variatio
1057 2085 1073 2128 ε
1108 2082 1266 2146 ergo
1294 2064 1514 2129 divina
1542 2063 1804 2128 56165115
1819 2066 2023 2145 potest
2057 2063 2293 2128 mutari

750 2174 814 2234 et
842 2171 1102 2238 variari.

1290 2322 1738 2391 CONCLUSIO.

750 2478 994 2535 Scientia
1033 2479 1135 2534 Dei
1169 2480 1582 2551 approbationis
1614 2484 1668 2535 et
1705 2480 1931 2534 visionis
1969 2479 2160 2547 augeri
2182 2492 2289 2548 po-

824 2571 950 2635 test,-
981 2584 1044 2624 ea
1070 2584 1192 2625 vero
1219 2585 1339 2640 quoe
1364 2574 1442 2626 est
1477 2571 1741 2641 simplicis
1779 2568 2162 2637 intelliqentioe
2188 2583 2286 2623 ne-

823 2674 1111 2729 quaquam.

830 2810 1016 2894 Resp.
1047 2812 1127 2877 ad
1154 2812 1312 2895 Arg.
1347 2811 1692 2876 Dicendum
1725 2811 1896 2895 quod
1924 2830 2073 2876 cum
2105 2830 2288 2894 111156-

748 2917 912 2983 ritur
971 2923 1193 2985 utrum
1241 2920 1406 2985 Deus
1459 2920 1654 3003 possit
1709 2921 1894 3002 plura
1944 2919 2239 3002 praescire
2261 2968 2279 2999 ,

746 3026 850 3090 vel
908 3028 1066 3092 scire
1088 3077 1106 3108 ,
1155 3028 1336 3093 aliter
1384 3032 1477 3092 651
1515 3027 1940 3110 judicandum
1985 3028 2062 3091 de
2126 3046 2284 3110 prae-

746 3135 1040 3213 scientia,
1074 3155 1271 3219 quam
1312 3137 1389 3200 de
1417 3136 1699 3201 scientia.
1734 3135 1897 3200 Nam
1916 3184 1933 3213 ,
1968 3136 2133 3200 sicut
2161 3137 2284 3201 dici

747 3244 1077 3308 consuevit
1101 3292 1118 3321 ,
1161 3243 1393 3327 triplex
1458 3248 1554 3309 est
1622 3243 1731 3308 Dei
1778 3244 2058 3324 cognitio
2081 3292 2100 3323 ,
2151 3263 2283 3308 non

744 3349 1060 3427 quantum
1088 3345 1167 3411 ad
1199 3347 1637 3411 diversitatem
1668 3345 2138 3428 cognitionum,
2172 3348 2282 3412 sed

746 3453 1174 3535 cognitorum,
1207 3455 1443 3520 scilicet
1470 3455 1748 3536 cognitio
1781 3455 2274 3537 approbationiS,

743 3560 1201 3643 intelligentiae‚
1231 3566 1294 3627 61
1321 3563 1607 3627 visionis,
1647 3562 1937 3644 Cognitio
1968 3564 2281 3646 approba—

739 3668 930 3733 tionis
958 3675 1053 3735 est
1093 3672 1491 3737 solummodo
1519 3672 1597 3736 de
1643 3672 1735 3736 eis
1773 3673 1855 3735 ad
1883 3691 2029 3755 quae
2059 3691 2127 3737 56
2156 3691 2275 3737 ex-

738 3778 940 3842 tendit
986 3779 1454 3862 beneplacitum
1501 3779 1847 3844 voluntatis
1867 3828 1885 3858 ,
1918 3783 1983 3844 61
2022 3781 2144 3845 1106
2180 3783 2276 3844 651

740 3884 1139 3950 solummodo
1169 3887 1246 3951 de
1273 3887 1395 3967 his,
1431 3905 1578 3970 quae
1607 3888 1772 3950 fiunt
1799 3891 1859 3950 et
1887 3887 2054 3950 bona
2084 3891 2268 3952 sunt:

739 3996 803 4056 et
848 3994 988 4058 haec
1032 3995 1269 4077 absque
1299 3994 1493 4058 dubio
1540 3996 1745 4076 potest
1780 4012 1915 4058 esse
1961 3995 2269 4076 plurium.

739 4102 1028 4184 Cognitio
1072 4123 1227 4169 vero
1256 4103 1695 4186 intelligentiae
1726 4103 1957 4168 dicitur
1986 4103 2271 4184 cognitio

736 4227 864 4292 qua
906 4209 1071 4274 Deus
1104 4211 1426 4293 cognoscit
1454 4228 1647 4275 omne
1694 4209 1986 4293 possibile
2007 4257 2026 4288 ,
2061 4214 2125 4274 et
2152 4207 2270 4274 sibi

735 4320 800 4381 61
825 4318 964 4382 aliis
994 4339 1011 4382 :
1057 4323 1121 4383 61
1149 4321 1271 4383 1156
1310 4320 1638 4402 cognoscit
1670 4319 1838 4383 Deus
1870 4319 2122 4383 infinita
2155 4340 2172 4383 ε
2208 4320 2271 4382 61

732 4424 873 4489 haec
904 4426 1082 4490 nullo
1121 4427 1312 4491 modo
1361 4431 1564 4509 potest
1591 4445 1728 4492 esse
1757 4428 2063 4509 plurium.
2100 4425 2268 4508 Cog-

729 4532 888 4597 nitio
918 4533 1184 4597 visionis
1224 4539 1318 4598 est
1345 4552 1570 4598 eorum
1602 4552 1881 4616 quorum
1914 4533 1995 4596 ab
2024 4537 2266 4598 aeterno

728 4639 852 4702 fuit
881 4640 1176 4722 praevisio
1194 4689 1211 4717 ‚
1241 4645 1304 4705 61
1333 4642 1474 4706 haec
1504 4642 1713 4706 solum
1744 4645 1837 4705 est
1863 4658 2089 4705 eorum
2119 4657 2264 4723 quae

727 4747 899 4823 sunt,
931 4746 1037 4811 vel
1063 4746 1347 4824 fuerunt,
1377 4749 1482 4811 vel
1508 4753 1698 4812 erunt
1730 4766 1747 4810 :
1781 4752 1842 4811 et
1872 4747 2013 4811 haec
2045 4747 2264 4828 cogni·

723 4853 814 4917 tio
857 4858 1222 4938 potestesse
1260 4856 1546 4938 plurium
1569 4905 1586 4935 ,
1623 4873 1821 4939 quam
1860 4857 1959 4919 sit.
1995 4855 2074 4920 Et
2110 4856 2264 4938 quia

726 4962 1010 5042 eiusdem
1059 4967 1154 5027 est
1206 4963 1345 5027 haec
1392 4964 1703 5046 cognitio,
1737 4966 1922 5046 quus
1961 4967 2058 5027 est
2095 4981 2259 5054 prae-

721 5068 1015 5151 scientia,
1051 5071 1451 5153 praescientia
1495 5075 1699 5153 potest
1761 5091 1895 5135 esse
1942 5071 2248 5153 plurium.

723 5175 1207 5243 Concedendum
1252 5197 1409 5260 ergo
1441 5177 1613 5261 quod
1660 5179 1958 5260 quaedam
1997 5180 2256 5244 scientia
2365 5178 2515 5241 bilia
2542 5177 3070 5256 immutabiliter3
3104 5177 3326 5254 tertio,
3360 5181 3584 5241 utrum
3628 5196 3917 5260 cognos—
4050 5161 4055 5242 l

1875 521 2500 589 SENTENTIARUM
2540 523 2689 589 LIB.
2736 524 2786 589 Ι.

2407 657 2514 723 Dei
2557 664 2651 723 651
2690 660 3124 740 infinItorum,
3156 667 3219 725 et
3248 662 3417 744 quod
3448 663 3611 727 nihil
3641 668 3941 728 connotat

2407 768 2574 830 circa
2599 768 3107 851 incomplexam,
3139 770 3479 835 dicendum
3506 770 3676 854 quod
3710 790 3941 836 verum

2407 879 2499 938 est
2525 876 2603 940 de
2632 877 2889 940 scientia
2919 877 3377 959 intelligentiae;
3409 879 3516 943 sed
3546 898 3677 944 non
3709 885 3808 944 est
3836 900 3940 945 ve-

2406 1000 2556 1046 rum
2588 985 2664 1047 de
2705 984 2965 1047 scientia
3001 984 3284 1049 visionis.
3319 986 3498 1062 Quod
3531 992 3748 1051 autem
3778 988 3945 1069 obji-

2407 1090 2572 1153 citur
2598 1091 2676 1155 de
2703 1092 3123 1173 praescientia,
3151 1093 3622 1158 concedendum
3649 1099 3744 1159 est
3771 1096 3945 1178 quod

2408 1201 2612 1279 potest
2635 1217 2770 1263 esse
2796 1199 3104 1283 plurium.

2488 1310 2546 1368 3.
2585 1305 2764 1383 Quod
2803 1312 3019 1372 autem
3071 1307 3368 1390 objicitur
3411 1307 3489 1371 ad
3540 1310 3943 1392 oppositum,

2406 1413 2575 1494 quod
2623 1414 2677 1476 si
2710 1418 2913 1497 potest
2957 1415 3117 1479 seire
3165 1416 3349 1499 plura
3370 1465 3387 1495 ,
3420 1420 3532 1480 aut
3568 1417 3799 1493 simul,
3834 1422 3949 1482 aut

2405 1534 2537 1580 non
2580 1518 2807 1597 simul;
2845 1519 3186 1585 dicendum
3224 1521 3395 1603 quod
3425 1522 3714 1586 simultas
3740 1526 3948 1606 potest

2404 1626 2641 1690 attendi
2684 1627 3063 1709 dupliciter:
3108 1633 3222 1693 aut
3266 1634 3583 1712 quantum
3633 1630 3712 1694 ad
3760 1631 3947 1694 subs-

2402 1734 2668 1797 tantiam
2697 1734 3112 1816 praescientiae
3131 1781 3151 1812 ‚
3184 1735 3318 1799 sive
3351 1736 3779 1817 cognitionem
3800 1786 3819 1817 ,
3854 1738 3949 1802 sic

2404 1844 2498 1903 est
2515 1858 2743 1905 verum
2762 1841 2931 1924 quod
2953 1841 3166 1921 simul,
3189 1843 3341 1923 quia
3366 1842 3447 1906 ab
3481 1848 3719 1907 aeterno
3749 1864 3948 1927 praes·

2403 1947 2555 2010 civit
2581 1950 2902 2031 quaedam,
2938 1952 3001 2013 61
3033 1951 3114 2014 ab
3144 1954 3386 2013 aeterno
3414 1951 3621 2032 potuit
3645 1954 3948 2032 praescire

2403 2055 2588 2138 plura
2604 2106 2621 2137 ,
2658 2061 2721 2122 61
2759 2059 2964 2141 potuit
2990 2060 3351 2141 praescisse3
3387 2059 3441 2122 si
3479 2063 3695 2124 autem
3723 2061 3949 2125 consi-

2403 2146 2659 2229 deretur
2684 2166 2972 2230 simultas
2994 2170 3311 2249 quantum
3328 2166 3408 2229 ad
3442 2167 3758 2231 rationem
3776 2188 3950 2251 pau-

2401 2272 2622 2352 6115115,
2656 2278 2721 2337 61
2747 2273 3125 2356 pluralitatis
3145 2324 3162 2354 ,
3198 2275 3290 2337 516
3319 2277 3413 2337 651
3441 2273 3787 2355 implicatio
3817 2295 3948 2359 op-

2400 2380 2754 2461 positorum
2776 2430 2793 2459 ,
2837 2385 2901 2444 et
2946 2381 3034 2444 516
3073 2384 3168 2444 651
3215 2399 3471 2459 5655115,
3522 2383 3695 2463 quod
3743 2384 3949 2448 simul

2400 2487 2688 2567 praesciat
2714 2488 2924 2571 plura,
2956 2492 3019 2552 61
3051 2487 3384 2570 pauciora:
3417 2492 3479 2551 61
3509 2488 3717 2570 primo
3746 2509 3951 2557 sensu

2398 2594 2664 2676 objectio
2694 2595 2884 2659 habet
2912 2596 3266 2660 veritatem.

2475 2706 2537 2765 4.
2567 2703 2663 2766 Ad
2697 2703 2854 2766 illud
2886 2702 3055 2784 quod
3092 2701 3408 2783 objicitur,
3431 2702 3484 2765 si
3513 2707 3720 2784 potest
3748 2705 3950 2786 plura

2394 2810 2688 2892 praescire
2709 2859 2727 2890 ,
2770 2811 2944 2892 quod
2996 2814 3199 2893 potest
3239 2809 3634 2892 praescientia
3661 2813 3942 2893 augeri;

2394 2919 2731 2985 dicendum
2774 2919 2945 3002 quod
2990 2923 3123 2983 esto
3164 2918 3334 3001 quod
3364 2919 3652 3001 praescita
3692 2920 3949 3001 possint

2393 3029 2621 3109 augeri
2642 3077 2659 3110 ‚
2708 3047 2839 3094 non
2908 3031 3124 3092 tamen
3167 3029 3444 3108 augetur
3491 3027 3905 3108 praescientia
3920 3079 3940 3111 ,

2391 3137 2547 3219 quia
2596 3156 2728 3201 uno
2790 3141 2854 3200 61
2903 3136 3126 3200 eodem
3192 3135 3271 3216 (a)
3320 3134 3573 3217 praescit
3604 3134 3773 3199 Deus
3796 3184 3817 3216 ,
3880 3142 3946 3202 61

2391 3245 2615 3325 multa,
2648 3249 2711 3309 61
2738 3262 2967 3321 unum,
3002 3247 3066 3308 et
3095 3243 3302 3325 plura,
3337 3247 3400 3306 61
3426 3260 3628 3325 pauca
3659 3265 3674 3306 :
3710 3248 3944 3309 tamen

2389 3353 2685 3435 quamvis
2728 3352 3019 3436 praescita
3070 3351 3308 3434 possint
3353 3368 3487 3414 6556
3534 3350 3719 3432 plura
3743 3400 3761 3431 ,
3796 3371 3942 3417 non

2385 3465 2603 3525 tamen
2647 3466 2912 3543 possunt
2950 3458 3176 3541 augeri
3200 3506 3217 3536 ‚
3250 3458 3404 3540 quia
3440 3457 3667 3538 augeri
3709 3463 3809 3523 est
3856 3460 3940 3525 de

2386 3568 2794 3651 paucioribus
2823 3567 2963 3632 fleri
2994 3567 3180 3649 plura
3217 3589 3232 3629 ε
3271 3564 3378 3629 sed
3406 3564 3546 3628 haec
3575 3582 3761 3646 posse
3790 3584 3938 3630 esse

2384 3676 2593 3757 plura,
2627 3676 2818 3739 habet
2847 3676 3006 3740 duas
3037 3691 3257 3738 causas
3287 3671 3600 3749 veritatis»,
3632 3676 3749 3735 aut
3772 3673 3939 3755 quia

2382 3781 2461 3845 de
2487 3782 2892 3864 paucioribus
2919 3783 3183 3865 possunt
3218 3781 3359 3843 fieri
3385 3779 3598 3862 plura,
3627 3784 3743 3843 aut
3769 3780 3936 3861 quia

2383 3888 2464 3951 ab
2516 3889 2697 3952 initio
2743 3892 3087 3971 potuerunt
3138 3905 3272 3951 esse
3313 3887 3500 3968 plura
3523 3933 3541 3963 ,
3575 3887 3790 3951 611106
3824 3887 3936 3953 ul-

2384 3993 2538 4058 timo
2583 4012 2775 4058 sensu
2838 3999 2932 4057 est
2978 3992 3178 4056 oratio
3234 4010 3406 4057 vera.
3459 3989 3539 4053 Et
3578 3990 3721 4055 ideo
3771 4011 3934 4057 cum

2382 4101 2679 4182 procedat
2693 4120 2733 4163 a
2749 4099 3039 4182 pluribus
3053 4098 3259 4164 causis
3275 4098 3558 4164 veritatis
3586 4098 3665 4162 ad
3690 4117 3927 4181 unam,

2379 4208 2526 4272 facit
2552 4208 2874 4292 sophisma
2900 4206 3250 4272 secundum
3278 4225 3693 4289 consequens.

2832 4448 3313 4519 ARTICULUS
3357 4450 3441 4518 H.

2454 4641 2920 4723 consequenter
2946 4644 3040 4704 651
3082 4639 3351 4722 quaestio
3390 4639 3470 4703 de
3495 4639 3781 4704 secundo
3807 4660 3920 4707 ar-

2372 4748 2589 4824 1161110,
2620 4748 2855 4812 56111661
2883 4747 2961 4811 de
2983 4747 3171 4812 modo
3205 4747 3445 4811 divinae
3479 4747 3917 4830 cognitionis;

2371 4856 2625 4920 6161165
2648 4857 2772 4921 hoc
2804 4859 3188 4939 quaeruntur
3218 4855 3340 4918 tria
3375 4877 3390 4919 :
3422 4855 3636 4937 primo
3665 4859 3921 4939 quaeri-

2368 4967 2477 5027 tur
2524 4967 2746 5028 utrum
2792 4962 2959 5027 Deus
3002 4966 3341 5044 cognoscat
3371 4981 3438 5026 se
3488 4968 3549 5027 et
3586 4964 3714 5028 alia
3767 4966 3922 5030 uni·

2368 5070 2686 5147 formitem
2723 5069 3000 5134 secundo
3018 5117 3035 5146 ‚
3065 5073 3286 5133 utrum
3319 5075 3660 5151 cognoscat
3692 5077 3916 5137 muta-

717 5291 920 5368 potest
962 5306 1097 5352 esse
1146 5288 1430 5372 plurium
1449 5336 1466 5365 ,
1498 5287 1799 5370 quaedam
1828 5306 1981 5352 non.
2015 5286 2093 5351 Et
2138 5306 2255 5370 per
2363 5286 2706 5350 651051515
2733 5291 3101 5368 praesenter,
3125 5285 3228 5349 vel
3255 5285 3758 5366 praesentialiter.

716 5393 837 5458 hoc
863 5399 1034 5478 patet
1061 5395 1384 5477 responsio
1415 5395 1491 5459 ad
1525 5396 1768 5478 objecta
1795 5395 1871 5459 de
1899 5395 2178 5459 scientia.

795 5508 824 5563 1
858 5507 923 5565 61
969 5507 1029 5566 2.
1065 5503 1244 5579 Quod
1280 5504 1453 5568 enim
1498 5504 1715 5587 objicit
1761 5504 1932 5588 quod
1980 5504 2241 5569 scientia
2361 5522 2430 5588 (a)
2462 5521 2641 5588 Suppl.
2669 5524 2802 5573 actu.

4084 3915 4085 3964 l

4080 3991 4083 4048 1
