4125 6225
1207 383 1401 449 DIST.
1445 382 1654 449 XLIII.
1701 380 1881 448 ΛΒΤ.
1928 381 1977 447 Ι.
2023 378 2321 460 QUAEST.
2366 378 2474 444 111.

749 600 1109 679 QUAESTIO
1151 600 1259 666 111.

283 748 356 805 An
379 746 563 802 divina
594 749 830 804 essentia
850 749 1028 819 possit
1053 749 1116 801 in
1136 746 1377 818 effectum
1401 748 1529 802 actu
1556 746 1748 816 infini-

917 844 1029 897 tum
1048 838 1087 894 ¹.

131 968 162 1002 u
178 973 244 1015 φρ.
324 940 398 1005 De
421 939 740 1004 infinitate
765 940 1004 1006 divinae
1033 941 1332 1023 potentiae
1356 942 1671 1023 quantum
1698 938 1776 1003 ad

262 1066 393 1131 opus
408 1096 424 1125 ‚
456 1052 692 1111 utrum
719 1048 1013 1113 videlicet
1037 1048 1255 1113 divina
1280 1047 1559 1131 potentia
1583 1047 1778 1129 possit

262 1155 316 1218 in
351 1154 645 1218 effectum
700 1159 847 1243 actu
902 1155 1261 1233 infinitum3
1317 1158 1380 1218 et
1426 1153 1599 1237 quod
1648 1153 1736 1215 sie
1754 1200 1771 1228 ‚

261 1261 582 1326 ostenditur
600 1263 731 1326 hoc
757 1263 949 1327 modo
981 1281 998 1325 ε
1025 1262 1314 1327 Potentia
1338 1281 1403 1326 se
1421 1262 1612 1326 habet
1634 1279 1776 1344 pro-

262 1368 672 1450 portionaliter
710 1369 791 1434 ad
833 1388 994 1453 opus
1007 1419 1024 1447 ‚
1075 1370 1245 1434 unde
1285 1373 1463 1433 tanta
1497 1368 1776 1451 potentia

262 1476 432 1556 potest
465 1474 533 1536 in
579 1477 839 1539 tantum
884 1492 1045 1558 opus
1094 1495 1112 1538 z
1158 1492 1316 1555 ergo
1358 1478 1421 1537 et
1462 1476 1667 1557 major
1706 1474 1774 1538 in

262 1582 473 1661 majus,
504 1584 568 1644 et
590 1581 852 1644 infinita
878 1585 1024 1644 actu
1050 1581 1120 1645 in
1145 1580 1473 1644 infinitum
1497 1585 1665 1644 actu.

323 1690 374 1750 Ξ.
411 1686 567 1751 Item
595 1688 814 1752 omnis
851 1690 1130 1770 potentia
1173 1706 1321 1771 quae
1356 1692 1654 1770 operatur
1692 1706 1773 1753 ex

262 1813 314 1858 se
335 1799 454 1858 tota
472 1844 491 1875 ‚
523 1796 578 1858 si
605 1799 704 1860 est
726 1797 984 1859 infinita
1001 1846 1019 1876 ,
1047 1796 1339 1880 producit
1364 1795 1694 1859 infinitum
1721 1798 1768 1872 ²,

262 1920 384 1966 cum
420 1908 719 1986 operetur
751 1923 837 1968 ex
878 1908 1009 1969 tota
1051 1924 1170 1968 sua
1203 1904 1444 1968 virtute
1475 1922 1491 1964 ε
1525 1904 1633 1968 sed
1670 1903 1771 1967 di·-

260 2011 385 2073 vina
419 2013 724 2093 potentia,
773 2030 925 2076 cum
951 2012 1032 2075 sit
1071 2012 1563 2096 simplicissima,
1596 2029 1678 2075 ex
1704 2028 1771 2074 se

260 2122 365 2182 tota
397 2124 698 2201 operatur
746 2142 761 2183 :
805 2138 962 2201 ergo
989 2121 1242 2186 videtur
1265 2120 1436 2202 quod
1468 2118 1772 2202 producat

263 2225 526 2290 effectum
563 2228 917 2292 infinitum.

325 2332 383 2397 Si
428 2338 500 2398 tn
556 2335 757 2414 dicaS,
811 2336 983 2418 quod
1025 2335 1147 2399 hoc
1196 2352 1328 2398 non
1381 2337 1585 2416 potest
1634 2351 1769 2397 esse

263 2444 485 2524 propter
502 2441 822 2507 derectum
837 2446 901 2507 et
913 2442 1353 2507 limitationem
1372 2441 1573 2523 ipsius
1588 2441 1768 2504 effec-

262 2551 379 2626 tus3

326 2661 375 2719 3.
403 2656 630 2722 Contra
662 2657 971 2722 :Frustra
1009 2660 1103 2722 est
1137 2657 1417 2740 potentia
1450 2674 1599 2740 quae
1634 2675 1767 2722 non

262 2765 553 2829 reducitur
578 2766 660 2829 ad
702 2769 917 2829 actum
944 2764 966 2799 ³
998 2787 1012 2828 ε
1042 2765 1215 2829 unde
1241 2768 1304 2827 et
1346 2763 1765 2847 Philosophus

263 2868 413 2946 dicit,
446 2869 618 2951 quod
648 2871 885 2934 frustra
920 2873 1015 2933 est
1048 2869 1331 2952 potentia
1376 2868 1611 2945 activa,
1661 2868 1764 2931 cui

263 2991 369 3037 non
391 2977 725 3058 respondet
749 2976 1002 3059 passiva
1030 2981 1052 3015 ⁸
1092 2997 1109 3038 ε
1144 2994 1300 3056 ergo
1331 2978 1446 3039 aut
1483 2975 1765 3057 potentia

263 3081 448 3148 divina
479 3085 716 3150 frustra
750 3089 846 3150 est
871 3084 1154 3164 infinita,
1194 3087 1306 3148 aut
1337 3084 1397 3148 ei
1427 3083 1765 3166 respondet

264 3192 492 3257 effectus
533 3194 824 3258 infinitus
840 3242 858 3273 ,
898 3197 962 3258 et
998 3192 1278 3275 potentia
1317 3191 1571 3275 passiva
1613 3193 1762 3255 inss-

261 3300 389 3363 nita.

324 3412 376 3472 4.
428 3408 586 3474 Item
636 3409 848 3473 omnis
897 3409 1179 3492 potentia
1225 3411 1432 3490 potest
1487 3407 1760 3491 seipsam

264 3515 627 3580 manifestare
662 3539 676 3579 :
710 3533 867 3597 ergo
894 3515 1110 3580 divina
1147 3517 1455 3596 potentia,
1494 3534 1642 3579 cum
1681 3516 1762 3579 sit

264 3617 506 3699 infinita,
551 3626 756 3705 potest
803 3641 986 3687 suam
1029 3623 1412 3686 intinitatem
1457 3623 1759 3687 manifes-

266 3730 371 3790 tare
400 3751 414 3790 :
442 3728 548 3792 sed
575 3729 857 3793 infinitas
888 3747 1021 3793 non
1049 3729 1509 3809 manifestatur,
1539 3730 1663 3793 nisi
1687 3731 1757 3793 in

265 3833 460 3898 ellectu
482 3836 730 3899 infinito
761 3858 776 3899 ε
809 3855 987 3918 ergO,
1019 3841 1137 3900 etc.

325 3941 476 4006 Situ
496 3944 666 4007 dicas
682 3992 700 4022 ‚
728 3945 901 4026 quod
924 3944 1360 4009 manifestatur
1385 3946 1454 4007 in
1480 3945 1756 4027 produc-

264 4045 404 4112 tione
435 4047 570 4112 Filii
602 4054 665 4114 et
699 4049 973 4133 Spiritus
1002 4052 1231 4127 sancti,
1266 4056 1420 4116 tunc
1451 4053 1753 4133 objicitur

263 4155 402 4231 quod
427 4155 691 4240 Spiritus
716 4164 970 4223 sanctus
995 4160 1187 4224 habet
1221 4162 1568 4241 potentiam
1602 4162 1756 4225 infi-

263 4259 427 4325 nitam
455 4282 471 4326 z
498 4283 655 4346 ergo
690 4269 895 4348 potest
931 4266 1132 4348 ipsam
1159 4267 1562 4333 manifestare
1590 4291 1605 4331 t
1641 4269 1753 4334 sed

264 4370 451 4433 nonin
474 4372 884 4453 productione
915 4390 1204 4455 personae
1241 4375 1509 4438 infinitae
1541 4398 1555 4439 ε
1593 4394 1753 4458 ergo

266 4469 318 4534 in
341 4477 724 4555 productione
755 4483 1088 4544 creaturae.

329 4585 378 4644 5.
431 4583 576 4649 Item
620 4604 810 4651 omne
865 4587 1159 4669 possibile
1216 4593 1310 4653 est
1364 4589 1639 4671 ponibile
1682 4591 1754 4653 in

267 4703 374 4752 ωδε
395 4691 457 4755 ⁸:
496 4693 599 4757 sed
625 4693 789 4758 Deus
819 4699 1022 4777 potest
1059 4695 1406 4777 producere
1448 4697 1699 4760 infinita
1730 4717 1746 4760 :

268 4809 394 4876 ergo
438 4798 676 4865 infinita
728 4802 993 4883 produci
1033 4806 1128 4866 est
1175 4804 1470 4885 possibile
1525 4827 1540 4868 ε
1592 4823 1751 4886 ergo

319 4992 417 5056 ¹Cs.
454 4997 590 5047 Alex.
615 4998 824 5060 Mensis,
851 5013 903 5062 p.
927 4999 966 5062 Ι,
990 5012 1042 5062 q.
1066 5009 1138 5063 vi,
1161 4999 1353 5049 memb.
1377 5003 1397 5049 Ι
1417 5017 1434 5065 ;
1466 5002 1520 5052 S.
1544 5001 1748 5068 Thom.,

271 5064 368 5124 pst.
393 5081 440 5129 q.
463 5079 547 5129 vu,
577 5074 668 5119 art.
687 5071 747 5133 35
777 5071 875 5120 etl
903 5071 1060 5130 Sene„
1089 5070 1204 5120 dist.
1225 5081 1374 5134 xmn,
1404 5087 1455 5136 q.
1482 5085 1540 5135 11,
1567 5080 1662 5125 art.
1684 5078 1745 5140 ¹3

273 5136 310 5180 et
326 5134 375 5183 de
393 5137 595 5200 Poterat„
621 5154 670 5204 q.
690 5154 726 5202 1,
748 5144 841 5190 art.
862 5143 891 5190 2
905 5156 922 5204 3
953 5141 1209 5203 Richard„
1236 5143 1253 5191 Ι
1279 5143 1435 5203 Sent„
1460 5143 1578 5196 dist.
1598 5158 1747 5210 xnm,

271 5215 371 5280 q3rv
395 5213 443 5259 et
465 5220 525 5274 νς
568 5211 815 5263 Francisc.
843 5213 920 5271 de.
941 5213 1125 5279 Mayr„
1157 5215 1175 5263 Ι
1204 5215 1361 5272 Seni„
1399 5215 1514 5267 dist.
1539 5228 1669 5268 xmn
1699 5222 1750 5268 et

264 5284 391 5342 xm,
416 5292 468 5346 q.
493 5292 558 5344 ις
588 5281 766 5334 Mat-sil.
795 5286 1026 5350 Inguen„
1065 5286 1083 5334 Ι
1116 5286 1273 5336 Sem..
1313 5299 1364 5351 q.
1389 5298 1532 5350 xm,
1563 5292 1658 5338 art.
1684 5291 1742 5354 35

273 5344 418 5413 Suph.
443 5351 646 5419 Exulet,
673 5356 692 5406 1
719 5355 875 5419 sent„
913 5355 1032 5408 diat.
1053 5367 1218 5422 nm,
1251 5370 1305 5424 q.
1333 5367 1395 5407 111
1410 5373 1431 5423 ,ς
1474 5360 1654 5411 Petrus
1680 5359 1744 5412 de

1884 517 2168 600 ponibile
2198 540 2215 581 ε
2246 516 2356 581 sed
2374 515 2633 598 ponibili
2659 515 2863 599 posito
2889 514 2961 577 in
2985 530 3144 590 esse,
3167 512 3419 577 nullum

1885 623 2107 688 accidit
2156 622 2609 688 inconveniens
2675 643 2689 687 :
2744 639 2901 703 ergo
2957 621 3159 704 posito
3179 669 3195 698 ‚
3248 621 3420 702 quod

1884 730 2051 796 Deus
2083 731 2269 796 faciat
2311 731 2601 807 infinita,
2641 730 2897 794 nullum
2933 728 3155 792 accidit
3196 727 3416 792 incon-

1884 839 2148 902 veniens
2195 858 2211 902 :
2263 838 2371 901 sed
2415 836 2580 902 Deus
2603 840 2807 921 potest
2830 854 3019 901 omne
3054 834 3211 899 illud
3248 835 3420 917 quod

1884 964 2014 1009 non
2043 951 2138 1010 est
2164 946 2621 1010 inconveniens
2645 964 2827 1027 posse
2854 943 2958 1009 vel
2986 944 3187 1007 facere
3216 965 3231 1006 ι
3262 961 3421 1024 ergo

1883 1051 2050 1117 Deus
2085 1058 2287 1136 potest
2323 1054 2524 1118 facere
2571 1054 2744 1136 quod
2785 1053 2913 1116 sint
2954 1051 3204 1115 infinita
3248 1055 3416 1115 actu.

1963 1166 2024 1224 6.
2053 1160 2210 1225 Item
2224 1211 2242 1241 ,
2272 1162 2626 1244 appelletur
2644 1162 2701 1225 A
2724 1179 2914 1225 omne
2931 1158 3199 1224 creabile
3216 1181 3232 1236 ;
3264 1162 3419 1221 tunc

1882 1277 2100 1342 quaero
2132 1278 2149 1322 z
2177 1263 2289 1323 aut
2328 1262 2420 1323 est
2455 1259 2747 1334 finitum,
2789 1262 2903 1322 aut
2948 1256 3282 1319 infinitum
3320 1276 3334 1319 ε
3366 1254 3421 1317 si

1881 1371 2157 1448 finitum,
2184 1375 2245 1435 et
2271 1371 2437 1435 Deus
2462 1389 2594 1434 non
2618 1374 2824 1452 potest
2852 1369 2975 1432 nisi
2995 1369 3076 1447 A,
3099 1385 3258 1448 ergo
3284 1385 3416 1430 non

1880 1480 2084 1559 potest
2125 1476 2251 1541 nisi
2299 1477 2480 1540 finita
2529 1497 2543 1539 :
2594 1495 2751 1558 ergo
2808 1474 3086 1558 potentia
3142 1475 3282 1555 ejus
3326 1477 3421 1537 est

1879 1585 2092 1664 finita3
2125 1584 2179 1647 si
2205 1584 2533 1647 infinitum
2551 1633 2568 1662 ‚
2600 1587 2665 1647 et
2692 1583 2858 1648 Deus
2883 1585 3087 1664 potest
3110 1582 3314 1646 facere
3332 1582 3413 1657 A,

1879 1709 2038 1773 ergo
2063 1695 2268 1775 potest
2293 1692 2495 1756 facere
2521 1691 2738 1773 aliqua
2764 1694 2915 1754 actu
2944 1688 3213 1751 infinita.

1961 1804 2021 1863 7.
2069 1798 2229 1864 Item
2264 1799 2640 1863 continuum
2677 1802 2770 1862 est
2804 1795 3118 1861 divisibile
3151 1795 3222 1858 in
3264 1794 3418 1857 infl-

1878 1908 2091 1972 nitum
2121 1915 2179 1986 ⁸3
2213 1924 2436 1990 quaero
2463 1909 2685 1970 utrum
2712 1904 2877 1969 Deus
2898 1903 3092 1987 possit
3116 1903 3416 1967 reducere

1878 2014 2228 2096 potentiam
2250 2014 2537 2077 continui
2566 2013 2644 2077 ad
2667 2016 2880 2076 actum
2905 2030 2922 2074 ε
2946 2011 2999 2074 si
3023 2028 3157 2074 non
3179 2012 3408 2092 potest,

1878 2139 2034 2203 ergo
2050 2120 2331 2203 potentia
2350 2120 2634 2184 continui
2652 2119 2898 2184 excedit
2917 2117 3262 2201 potentiam
3277 2115 3411 2192 Dei,

1877 2228 2049 2309 quod
2077 2232 2171 2291 est
2196 2228 2548 2292 absurdum
2570 2275 2587 2305 ‚
2615 2226 2767 2309 quia
2802 2229 2958 2289 tunc
2997 2224 3278 2308 potentia
3305 2222 3415 2286 Dei

1875 2339 2037 2398 esset
2060 2335 2274 2414 finita;
2307 2335 2361 2399 si
2385 2353 2526 2399 eam
2548 2337 2754 2416 potest
2778 2332 3078 2397 reducere
3096 2330 3176 2394 ad
3199 2334 3414 2394 actum

1875 2442 2141 2506 omnino
2161 2491 2178 2519 ,
2210 2443 2321 2507 sed
2347 2443 2469 2506 hoc
2493 2461 2625 2506 non
2660 2444 2752 2505 est
2770 2488 2787 2516 ‚
2817 2440 2941 2503 nisi
2974 2458 3123 2504 cum
3150 2442 3245 2502 est
3269 2442 3413 2501 actu

1875 2549 2158 2613 divisum
2185 2550 2253 2613 in
2281 2555 2490 2632 partes
2515 2549 2830 2627 infinitas3
2862 2564 3047 2627 ergo,
3074 2549 3193 2609 etc.

1955 2655 2077 2721 Sed
2104 2661 2324 2720 contra
2357 2680 2371 2721 z
2415 2656 2595 2734 Quod
2621 2675 2752 2721 non
2789 2654 2983 2738 possit
3017 2653 3085 2715 in
3110 2652 3409 2716 effectum
3440 2678 3648 2722 ranam

1872 2764 2226 2829 intensione
2252 2766 2604 2843 infinitum,
2647 2763 2923 2840 videtur,
2953 2762 3107 2843 quia
3154 2760 3408 2822 infinito

1871 2871 2235 2954 simpliciter
2262 2872 2421 2935 nihil
2448 2875 2543 2935 est
2564 2873 2775 2952 majus
2802 2888 2820 2933 :
2853 2887 3009 2950 ergo
3037 2868 3093 2930 si
3113 2867 3407 2949 producit

1871 2980 2169 3044 effectum
2202 2980 2557 3058 infinitum,
2599 2983 2754 3042 tunc
2789 2994 2946 3057 ergo
2981 2975 3089 3038 illo
3123 2974 3285 3038 nihil
3313 2977 3412 3038 est

1872 3089 2124 3171 majus:
2157 3105 2313 3169 ergo
2360 3087 2526 3151 Deus
2565 3104 2697 3150 non
2735 3088 2831 3148 est
2864 3084 3093 3166 major.
3142 3081 3211 3147 Si
3251 3099 3409 3163 ergo

1870 3194 1991 3257 hoc
2012 3199 2109 3259 est
2126 3213 2397 3260 summae
2421 3193 2766 3259 nobilitatis
2788 3193 2855 3255 in
2881 3192 3031 3270 Deo,
3052 3191 3224 3273 quod
3250 3190 3410 3253 nihil

1869 3301 2069 3383 possit
2088 3302 2152 3394 'ei
2179 3303 2421 3384 aequari
2439 3351 2458 3381 ‚
2497 3301 2848 3384 producere
2886 3299 3079 3363 talem
3110 3298 3408 3362 effectum

1869 3413 1963 3473 est
2016 3415 2236 3475 contra
2296 3409 2694 3474 nobilitatem
2749 3407 2984 3472 divinae
3042 3405 3338 3489 potentiae
3385 3423 3404 3469 ε

1868 3534 2056 3598 ergO,
2094 3521 2212 3581 etc.

1948 3624 2106 3688 Item
2151 3642 2341 3688 omne
2384 3623 2554 3706 quod
2597 3626 2691 3687 est
2730 3624 2878 3686 actu
2907 3620 3271 3699 infinitum,
3316 3623 3409 3684 est

1867 3750 2119 3795 summe
2157 3732 2451 3813 simplex.
2492 3730 2655 3794 Nam
2692 3729 2745 3792 si
2778 3734 2870 3793 est
2898 3729 3116 3810 aliqua
3143 3746 3406 3810 compo-

1866 3839 2042 3918 sitio,
2075 3843 2231 3902 tunc
2265 3839 2355 3903 ibi
2391 3842 2486 3902 est
2523 3837 2860 3901 coarctatio
2897 3840 2960 3899 et
2993 3834 3310 3899 limitatio.
3339 3833 3407 3899 Si

1867 3963 2024 4027 ergo
2043 3945 2208 4009 Deus
2232 3945 2531 4028 produxit
2553 3944 2851 4008 effectum
2868 3942 3223 4020 infinitum,
3248 3942 3407 4006 illud

1865 4058 1959 4117 est
2005 4052 2541 4135 simplicissimum
2594 4073 2608 4114 ε
2655 4049 2765 4113 sed
2819 4049 2890 4113 in
2935 4049 3406 4131 simplicissimo

1864 4161 2032 4225 idem
2049 4166 2144 4225 est
2163 4160 2429 4224 essentia
2444 4209 2461 4235 ,
2489 4159 2739 4222 bonitas
2758 4161 2822 4221 et
2840 4156 3119 4238 potentia
3139 4178 3154 4219 ι
3173 4175 3333 4237 ergo
3350 4158 3405 4219 si

1863 4271 2124 4353 effectus
2150 4274 2246 4334 est
2268 4269 2560 4332 infinitus
2599 4268 2670 4330 in
2695 4266 2977 4350 potentia
2999 4269 3063 4330 et
3085 4265 3364 4329 bonitate
3381 4312 3400 4344 ‚

1863 4398 2020 4460 ergo
2058 4396 2389 4443 summum
2441 4377 2720 4454 bonum;
2773 4394 2931 4457 ergo
2986 4391 3118 4438 non
3161 4373 3404 4437 bonum

1862 4491 2122 4570 propter
2186 4485 2397 4563 aliud3
2457 4502 2615 4564 ergo
2671 4501 2805 4547 non
2855 4483 3101 4545 bonum
3149 4482 3405 4562 propter

1864 4595 2093 4673 Deum3
2118 4611 2274 4674 ergo
2292 4610 2411 4655 nec
2441 4610 2481 4655 a
2499 4590 2647 4667 De0‚
2690 4591 2847 4673 quia
2880 4590 3189 4679 universa
3211 4604 3403 4670 prop-

1863 4708 1955 4769 ter
1986 4703 2396 4782 semetipsum
2441 4704 2738 4782 operatus
2770 4702 2866 4763 est
2894 4697 3204 4762 Dominus
3239 4695 3261 4729 ⁷
3282 4743 3300 4774 ‚
3343 4700 3407 4758 et

1861 4810 2033 4874 idem
2063 4814 2158 4873 est
2183 4808 2330 4872 finis
2354 4807 2525 4891 quod
2554 4810 2618 4870 et
2648 4806 2937 4888 primum
2964 4803 3351 4887 principium
3384 4821 3400 4864 ε

1859 5008 2087 5067 Tarant.,
2121 5007 2138 5055 Ι
2169 5006 2329 5067 Sena,
2357 5003 2474 5054 dist.
2496 5014 2649 5063 xmn,
2674 5015 2725 5066 q.
2747 5013 2825 5052 111.
2847 5026 2909 5038 —
2925 5000 2948 5034 ²
2965 5000 3137 5059 Arist„
3166 4998 3227 5049 de
3249 4997 3402 5060 Coelo,

1858 5079 1948 5128 lib.
1973 5080 2024 5142 I,
2056 5083 2195 5129 cont.
2219 5079 2325 5127 137.
2343 5101 2405 5112 —
2422 5077 2443 5111 ⁸
2461 5075 2635 5134 Arist„
2665 5072 2940 5137 Metaphys.
2970 5071 3058 5121 lib.
3080 5072 3165 5131 lx,
3191 5075 3329 5121 cont.
3353 5074 3404 5122 2.

1859 5150 1943 5186 —b
1961 5151 2187 5207 Aristot„
2218 5149 2417 5213 physic.
2447 5148 2535 5199 lib.
2565 5147 2618 5210 1,
2649 5149 2789 5195 cont.
2816 5147 2863 5195 2.
2904 5170 2967 5180 —
2994 5145 3016 5178 ⁸
3033 5142 3205 5206 Arist„
3233 5143 3399 5193 Prior.

1856 5219 1947 5270 lib.
1979 5222 2038 5285 1,
2084 5224 2136 5270 et
2176 5221 2372 5284 Physic.
2407 5219 2496 5269 lib.
2525 5219 2581 5279 1,
2622 5219 2759 5266 cont.
2786 5218 2831 5266 9.
2856 5241 2918 5251 —
2946 5215 2968 5250 ⁸
2990 5214 3162 5276 Arist„
3200 5213 3397 5279 Physic.

1857 5292 1946 5343 lib.
1969 5294 2052 5356 ΙΙΙ,
2080 5296 2220 5343 cont.
2241 5294 2326 5355 3¹3
2358 5293 2411 5341 et
2429 5293 2580 5356 Aug„
2604 5288 2665 5338 de
2699 5287 2854 5350 Trin„
2873 5286 2964 5337 lib.
2985 5288 3073 5351 xi,
3093 5300 3138 5338 c.
3162 5298 3217 5349 1,
3242 5299 3297 5336 n.
3320 5288 3396 5337 ¹7.

1857 5390 1919 5403 -
1934 5365 1957 5401 '¹
1974 5365 2143 5427 Pron„
2164 5374 2276 5425 ΠΙ,
2303 5364 2351 5416 4.

3303 378 3420 441 153
3543 416 3552 427 ·
