4125 6225
1174 391 1369 458 DIST.
1413 392 1568 458 XLI.
1613 392 1793 458 ΛΒΤ.
1839 392 1917 457 11.
1964 391 2262 470 QUAEST.
2307 394 2381 459 II.

252 536 493 616 praeteoea
514 545 643 592 non
671 527 764 591 ita
787 526 1092 592 dicuntur
1129 526 1346 591 omnia
1379 528 1717 610 praesentia

252 639 432 703 mimae
452 635 854 715 cognoscenti
876 683 895 711 ,
937 635 1100 697 sicut
1127 633 1255 699 Deo
1291 656 1307 699 z
1340 638 1405 699 et
1429 635 1553 699 hoc
1578 654 1721 700 ma-

252 746 486 810 nisoetum
524 747 646 823 est,
689 743 847 825 quia
884 759 1057 808 nune
1102 744 1503 821 aeternitatis,
1545 745 1718 827 quod

252 857 319 916 est
356 868 577 933 semper
636 868 950 933 praesenS,
1010 850 1448 933 complectitur
1500 852 1722 917 omnia

251 957 556 1040 temporalia
581 979 598 1021 :
627 962 692 1022 et
708 957 850 1022 ideo
876 961 1045 1041 patet
1064 976 1193 1040 quo
1216 959 1407 1024 modo
1433 959 1516 1023 sit
1538 960 1720 1024 intel-

249 1067 538 1148 ligendum.

713 1213 1070 1293 QUAESTIO
1110 1215 1194 1280 II.

297 1364 368 1421 An
403 1363 760 1421 enuntiabilia
798 1380 915 1435 φασι
960 1365 1117 1420 semel
1163 1365 1301 1423 Deus
1350 1368 1646 1437 coquoseit,

668 1471 872 1530 semper
901 1461 1181 1526 cognoscat
1200 1457 1241 1512 ¹.

108 1628 145 1667 u
163 1638 229 1681 epp·
304 1600 497 1665 Utrum
534 1601 946 1665 enuntiabilia
964 1649 982 1682 ,
1015 1601 1149 1665 sive
1180 1600 1541 1683 complexa,
1571 1618 1720 1683 quae

245 1708 369 1774 Deus
400 1711 586 1775 semel
627 1709 982 1791 cognoscit,
1036 1727 1288 1791 semper
1336 1712 1718 1789 cognoscat,

245 1816 507 1896 relsciat3
553 1820 615 1881 et
655 1816 832 1899 quod
873 1816 993 1890 sic,
1037 1816 1291 1880 videtur
1326 1839 1341 1879 ι
1377 1815 1532 1897 quia
1557 1815 1723 1879 Deus

246 1942 344 1989 nou
363 1925 669 2007 cognoscit
695 1924 1084 1990 enuntiabile
1112 1924 1235 1987 nisi
1271 1923 1515 1987 ratione
1546 1924 1721 1987 veri-

244 2033 397 2098 tatis:
432 2034 532 2099 sed
573 2034 804 2099 veritas
850 2033 1292 2112 enuntiabilis,
1334 2050 1482 2114 quae
1526 2033 1725 2097 semel

240 2142 357 2218 ruit,
405 2160 644 2223 semper
693 2140 848 2220 fuit,
905 2144 968 2203 et
1017 2143 1141 2219 est,
1205 2142 1267 2203 et
1322 2138 1442 2202 erit
1498 2161 1515 2202 t
1564 2157 1722 2220 ergo

240 2250 573 2314 enuntiabile
612 2249 785 2331 quod
826 2248 1023 2312 semel
1070 2247 1431 2329 cognoscit,
1473 2264 1724 2329 semper

240 2357 532 2437 cognoscit.
579 2355 871 2420 Probatio
919 2355 1143 2419 mediae
1189 2378 1203 2419 :
1238 2353 1458 2420 Omnis
1490 2354 1725 2418 veritas

242 2463 506 2545 complexi
537 2463 840 2527 fundatur
865 2480 1059 2545 super
1083 2480 1220 2526 rem
1260 2462 1660 2544 complexam
1704 2483 1720 2526 ε

241 2570 325 2633 sed
345 2571 542 2635 eadem
568 2590 670 2635 res
695 2571 906 2653 primo
931 2575 1026 2634 est
1047 2571 1294 2650 futura,
1325 2574 1541 2653 postea
1561 2587 1726 2652 prae-

242 2695 381 2755 sens,
405 2678 618 2743 deinde
665 2679 1018 2761 praeterita,
1057 2683 1120 2742 et
1163 2696 1297 2741 una
1338 2682 1400 2742 et
1443 2677 1667 2741 eadem
1700 2696 1719 2741 ε

240 2802 367 2865 ergo
409 2805 532 2850 una
575 2791 638 2850 et
689 2786 913 2850 eadem
961 2786 1195 2850 veritas
1239 2790 1334 2849 est
1372 2785 1444 2848 in
1494 2802 1570 2848 ea
1617 2802 1725 2847 se-

242 2893 479 2957 cundum
528 2912 750 2958 omnes
807 2893 926 2957 hos
978 2893 1197 2958 modos
1251 2914 1266 2956 ε
1315 2892 1424 2956 sed
1469 2909 1725 2955 necesse

242 3002 342 3078 est,
369 3001 522 3083 quod
547 3001 628 3065 sit
649 3018 904 3082 semper
930 3000 1052 3064 sub
1078 2999 1294 3082 aliquo
1324 2999 1560 3063 horum
1589 3016 1723 3062 mo-

241 3106 429 3173 dorum
461 3131 478 3173 :
511 3129 698 3191 erg0,
727 3112 848 3173 etc.

305 3220 356 3280 Ξ.
392 3216 535 3282 Item
567 3217 691 3282 hoc
723 3216 937 3299 ipsum
984 3216 1240 3280 videtur
1272 3216 1398 3281 alia
1436 3216 1681 3279 ratione
1703 3264 1722 3296 ,

241 3324 362 3403 quia
390 3342 804 3407 quaecumque
842 3323 958 3386 scit
980 3322 1178 3401 Deua,
1207 3322 1323 3386 scit
1352 3322 1727 3386 immutabi-

242 3427 380 3507 liter;
406 3431 708 3513 alioquin,
737 3448 886 3494 cum
914 3429 1075 3492 scire
1103 3428 1215 3493 Dei
1237 3429 1318 3491 sit
1343 3448 1537 3492 suum
1564 3449 1722 3507 esse,

245 3536 288 3597 si
319 3544 641 3602 mutaretur
667 3556 860 3602 suum
896 3537 1090 3614 scire,
1121 3540 1183 3601 et
1224 3554 1391 3616 esse,
1422 3538 1593 3619 quod
1631 3543 1726 3602 est

248 3644 616 3727 impossibile:
648 3647 759 3711 sed
783 3664 974 3711 omne
1002 3645 1173 3727 quod
1199 3646 1390 3710 habet
1413 3645 1725 3711 immuta-

252 3750 533 3834 bilitatem,
580 3755 772 3820 habet
823 3754 1389 3837 sempiternitatem
1410 3802 1426 3833 ,
1465 3754 1617 3836 quia
1670 3755 1723 3817 si

253 3858 450 3940 desinit,
479 3867 791 3942 mutatur3
822 3880 980 3943 ergo
1007 3861 1178 3943 quod
1208 3859 1376 3924 Deus
1403 3860 1600 3924 semel
1623 3878 1725 3924 co-

257 3970 454 4045 gnoscit
472 4018 490 4050 ,
519 3987 766 4052 semper
793 3967 1138 4050 cognoscit.

313 4076 359 4136 3.
390 4073 567 4155 Item,
596 4077 768 4159 quod
801 4077 1109 4158 scriptum
1147 4080 1239 4139 est
1267 4075 1335 4138 in
1366 4075 1474 4138 illo
1514 4075 1678 4141 libro
1705 4125 1722 4155 ,

261 4177 404 4244 deleri
428 4201 550 4246 non
587 4188 792 4266 potest
832 4206 848 4248 ε
883 4183 992 4247 sed
1025 4185 1188 4247 Deus
1227 4184 1551 4264 cognoscit
1592 4203 1725 4248 non

262 4287 556 4367 aspiciendo
579 4296 761 4354 extra
777 4339 796 4370 ,
838 4290 947 4354 sed
978 4289 1245 4370 legendo
1285 4290 1353 4354 in
1385 4290 1547 4356 libro
1587 4310 1722 4355 suae

263 4396 610 4472 praescientiae
651 4420 666 4462 z
711 4416 869 4479 ergo
913 4396 1085 4479 quod
1128 4398 1324 4462 semel
1371 4401 1725 4480 cognoscit,

263 4517 456 4583 semper
476 4504 812 4586 cognoscit.
843 4503 1156 4569 Praeterea
1185 4509 1392 4587 patet,
1420 4508 1573 4587 quia
1609 4526 1729 4571 su-

265 4624 348 4686 per
364 4609 498 4676 illud
523 4612 738 4679 Exodi
755 4612 781 4649 ²
806 4632 829 4673 .·
855 4613 989 4677 Aut
1013 4611 1149 4677 dele
1175 4629 1271 4677 me
1299 4612 1378 4677 de
1405 4613 1726 4690 libratae,

267 4719 380 4791 etc„
401 4718 632 4784 Glossa:
664 4744 695 4782 ιι
723 4721 998 4786 Securus
1024 4720 1148 4783 hoc
1185 4721 1363 4797 dicit,
1399 4722 1556 4804 quia
1596 4741 1728 4787 non

269 4820 584 4892 delebitur.»
609 4828 687 4893 Et
705 4829 876 4893 idem
904 4827 1053 4893 dicit
1081 4844 1270 4910 super
1301 4829 1605 4895 Psalmos.

231 4937 240 4944 “
335 4934 383 4995 t.
404 4932 561 5014 Item,
585 4937 749 5019 quod
774 4936 1026 5015 desinit,
1056 4935 1161 4999 vel
1185 4937 1486 5018 perditur,
1513 4937 1729 5020 aliquo

330 5092 424 5154 ¹Cs.
448 5096 567 5146 Alex.
595 5098 801 5162 Mensis,
829 5113 882 5163 p.
909 5100 961 5161 1,
985 5111 1038 5162 q.
1063 5109 1217 5158 xxm,
1242 5099 1432 5148 memb.
1459 5102 1513 5158 3.
1538 5105 1634 5150 art.
1660 5104 1687 5150 5
1710 5117 1727 5164 ;

283 5161 568 5230 S-Tbom.,p.
589 5171 623 5228 t,
642 5185 693 5234 q.
713 5182 815 5233 nv,
837 5175 932 5221 art.
954 5173 1035 5231 ¹⁴3
1063 5175 1114 5220 et
1139 5173 1152 5219 t
1177 5172 1335 5234 sent„
1354 5171 1471 5221 dist.
1494 5184 1678 5223 xxxvn
1690 5186 1726 5236 1,

286 5242 591 5303 (l.1tt,art.3;
618 5245 665 5291 et.
687 5242 796 5292 dist.
829 5253 952 5302 xm,
982 5256 1034 5305 q.
1061 5253 1110 5304 t,
1145 5245 1238 5290 art.
1274 5244 1333 5304 55
1375 5249 1426 5292 et
1461 5243 1519 5292 de
1557 5245 1730 5307 Venit„

291 5313 570 5374 q·11,art.7;
594 5313 745 5377 AEgid.
765 5316 937 5376 Rom,
968 5314 985 5362 1
1013 5313 1167 5370 Seni„
1192 5312 1309 5362 dist.
1341 5325 1560 5377 xxxvtn,
1591 5330 1638 5378 p.
1663 5315 1728 5375 11,

296 5382 402 5435 q.u;
417 5379 565 5431 etdist.
575 5395 674 5448 ω,
687 5399 736 5449 q.
750 5399 859 5450 un.;
880 5385 1141 5447 Richard.,
1161 5385 1179 5436 Ι
1199 5385 1356 5445 Sene,
1376 5387 1490 5440 dist.
1507 5399 1731 5452 xxxvtu,

3247 397 3362 461 12³

1829 528 2174 607 desinente,
2204 529 2282 592 de
2308 531 2676 594 necessitate
2706 531 2933 613 pendet
2959 548 3042 595 ex
3068 529 3175 594 illo
3207 529 3364 594 :sed

1827 632 2043 698 divina
2101 635 2381 717 cognitio
2433 654 2564 699 non
2617 637 2927 719 dependet
2974 637 3363 701 ex'veritate

1831 743 2105 807 creanda
2134 766 2149 807 ε
2181 761 2340 825 ergo
2377 743 2674 825 quamvis
2708 743 3094 809 enuntiabile
3120 744 3364 810 desinat

1827 866 1962 913 esse
2000 867 2228 914 verum
2248 899 2267 930 ,
2308 855 2520 915 tamen
2561 851 2724 915 Deus
2762 869 2893 915 non
2936 850 3166 914 desinit
3203 851 3364 915 illud

1827 957 1986 1021 scire
2027 980 2042 1021 ε
2082 963 2146 1023 et
2185 959 2240 1023 si
2280 959 2435 1036 hoc,
2476 977 2633 1041 ergo
2678 960 2852 1042 quod
2892 959 3088 1024 semel
3113 959 3260 1037 scit,
3300 963 3365 1024 et

1828 1082 2101 1147 semper.

1910 1169 2028 1236 Sed
2070 1175 2320 1252 contra,
2361 1172 2525 1236 sicut
2564 1173 2861 1255 praescire
2898 1172 3091 1237 habet
3130 1189 3196 1235 se
3223 1189 3365 1235 res-
3387 1191 3595 1236 runem.

1827 1282 2016 1360 pectu
2041 1278 2243 1343 futuri
2265 1326 2283 1355 ,
2314 1284 2387 1343 ut
2426 1281 2717 1345 futurum
2745 1284 2869 1356 est,
2911 1279 3000 1343 sic
3033 1279 3192 1343 scire
3229 1297 3367 1343 res-

1827 1389 2016 1468 pectu
2061 1385 2241 1463 veri3
2292 1385 2346 1448 si
2400 1387 2573 1450 enim
2620 1390 2765 1451 actu
2814 1385 3031 1462 scitur,
3078 1389 3226 1450 actu
3273 1390 3368 1450 est

1828 1512 2058 1558 verum
2103 1517 2118 1559 ε
2157 1495 2267 1559 sed
2301 1495 2451 1558 dicit
2485 1495 2836 1577 Magister:
2875 1519 2905 1557 <a
2931 1494 3097 1559 Deus
3141 1495 3370 1559 desinit

1830 1602 2127 1684 praescire
2170 1620 2345 1678 rem,
2386 1620 2535 1665 cum
2576 1619 2676 1665 res
2720 1600 2799 1665 de
2834 1601 3052 1665 futuro
3087 1602 3160 1665 flt
3200 1620 3366 1685 prae-

1829 1728 1972 1773 sens
2002 1730 2019 1773 ε
2048 1732 2080 1767 n
2115 1727 2272 1790 ergo
2304 1709 2595 1773 similiter
2620 1709 2851 1774 desinit
2883 1710 3075 1790 scire,
3105 1728 3257 1774 cum
3291 1711 3369 1775 de

1829 1835 1985 1881 vero
2013 1818 2090 1880 fit
2119 1816 2373 1881 falsum.

1911 1922 2070 1987 Item
2090 1972 2108 2003 ,
2138 1923 2304 1987 sicut
2341 1924 2562 1988 divina
2586 1926 2866 2007 acceptio
2895 1926 3152 2008 respicit
3175 1927 3369 1990 boni-

1835 2035 2056 2109 tatem,
2087 2032 2177 2094 ita
2209 2032 2367 2096 visio
2402 2032 2765 2110 veritatem;
2807 2033 2915 2097 sed
2945 2033 3109 2098 Deus
3138 2032 3370 2097 desinit

1831 2139 2160 2203 hominem
2183 2144 2503 2222 acceptare
2519 2185 2540 2215 ‚
2570 2158 2719 2203 cum
2744 2141 2949 2224 perdit
2974 2142 3319 2206 bonitatem
3346 2160 3361 2201 ε

1831 2265 1987 2328 ergo
2026 2247 2252 2311 desinit
2283 2265 2420 2310 rem
2461 2264 2873 2328 cognoscere,
2905 2247 3042 2310 sive
3069 2248 3364 2312 enuntia-

1831 2354 1958 2417 bile
1975 2403 1992 2433 ,
2023 2373 2172 2417 cum
2199 2354 2401 2437 perdit
2424 2354 2780 2418 veritatem.

1913 2461 2070 2524 item
2111 2461 2234 2524 hoc
2272 2462 2484 2543 ipsum
2519 2462 2871 2525 ostenditur
2916 2478 3029 2543 per
3070 2461 3368 2544 impossi-

1831 2570 1978 2648 bilo,
2010 2570 2163 2651 quia
2183 2570 2237 2632 si
2261 2569 2710 2651 quodcumque
2732 2569 3127 2632 enuntiabile
3157 2569 3362 2648 scivit,

1832 2677 2022 2742 modo
2053 2678 2189 2756 scit,
2237 2682 2301 2741 et
2336 2678 2523 2741 scivit
2561 2677 2880 2742 Christum
2917 2697 3051 2742 esse
3088 2677 3367 2740 moritu-

1832 2802 1980 2848 rum
2003 2832 2020 2861 ,
2078 2803 2234 2865 ergo
2291 2789 2353 2848 et
2408 2784 2597 2849 modo
2661 2785 2779 2847 scit
2822 2803 2841 2847 ε
2892 2785 2999 2847 sed
3051 2783 3363 2866 quidquid

1833 2892 1977 2968 scit,
2008 2895 2103 2955 est
2127 2909 2357 2955 verum
2391 2914 2405 2955 :
2437 2910 2595 2973 ergo
2629 2890 2950 2954 Christum
2985 2908 3119 2954 esse
3157 2890 3361 2954 mori-

1831 3004 2056 3064 turum
2079 3003 2174 3063 est
2200 3017 2427 3063 verum
2449 3019 2466 3077 ;
2493 3000 2663 3081 quod
2690 3003 2783 3063 est
2814 3003 3031 3061 contra
3056 2996 3271 3060 fldem.

1914 3105 2071 3172 Item
2093 3106 2184 3172 sic
2213 3130 2228 3171 ι
2258 3106 2576 3190 Quidquid
2603 3107 2807 3184 scivit,
2841 3106 3029 3171 modo
3055 3105 3173 3170 scit
3202 3129 3217 3170 :
3254 3105 3363 3170 sed

1834 3213 2175 3296 aliquando
2200 3215 2383 3279 scivit
2407 3233 2539 3279 non
2565 3234 2701 3279 esse
2724 3220 2809 3294 te,
2839 3233 2990 3279 cum
3018 3232 3151 3278 non
3173 3233 3315 3278 eras
3343 3236 3358 3278 :

1836 3340 1992 3402 ergo
2020 3323 2139 3385 scit
2174 3325 2234 3385 te
2262 3340 2393 3386 non
2433 3341 2567 3386 esse
2589 3371 2605 3401 ,
2649 3326 2712 3386 et
2749 3322 2867 3385 scit
2906 3326 2969 3386 te
2997 3340 3131 3386 esse
3152 3371 3171 3401 ,
3215 3322 3370 3403 quia

1835 3447 2062 3492 verum
2099 3433 2193 3492 est
2231 3449 2247 3492 t
2289 3447 2446 3511 ergo
2481 3430 2598 3493 scit
2632 3428 2825 3492 simul
2868 3429 2998 3492 duo
3024 3428 3370 3491 contradic-

1837 3536 1993 3600 torie
2027 3537 2353 3619 opposita:
2384 3554 2543 3618 ergo
2580 3537 2708 3601 duo
2735 3525 3215 3600 contradictorie
3251 3553 3364 3618 op-

1835 3645 2038 3727 posita
2060 3650 2211 3709 sunt
2239 3645 2433 3709 simul
2458 3663 2610 3744 vera
2639 3664 2656 3708 ε
2689 3646 2861 3728 quod
2895 3645 3127 3710 falsum
3157 3650 3283 3722 est,
3309 3649 3372 3709 et

1835 3751 2244 3833 impossibile.

2386 3945 2837 4013 CONCLUSIO.

1837 4102 1904 4157 In
1928 4104 2193 4171 quantum
2214 4100 2349 4157 scire
2368 4101 2503 4157 dicit
2521 4103 3007 4173 apprehensionem,
3035 4119 3373 4176 quoecumque

1910 4193 2047 4247 Deus
2075 4194 2203 4257 seit,
2241 4206 2444 4263 semper
2479 4195 2619 4258 scit3
2659 4195 2721 4248 in
2763 4198 3025 4264 quantum
3065 4210 3186 4250 vero
3233 4194 3367 4249 dicit

1908 4296 2193 4350 assensum,
2212 4283 2458 4352 quamvis
2475 4286 2610 4338 scire
2632 4284 2732 4339 Dei
2756 4285 2819 4340 in
2836 4300 2890 4340 se
2914 4287 2990 4340 sit
3016 4285 3366 4347 invariabile,

1908 4374 2121 4428 ratione
2150 4375 2327 4428 tamen
2355 4375 2648 4437 conuocati,
2674 4374 2816 4445 quod
2836 4379 2912 4430 est
2937 4376 3231 4443 variabile,
3261 4390 3370 4432 non

1908 4477 2244 4533 quaecamque
2267 4463 2422 4518 semel
2446 4466 2548 4518 scit
2571 4479 2774 4536 semper
2797 4467 2915 4522 scit.

1919 4611 2105 4696 Resp.
2134 4614 2215 4678 ad
2244 4614 2404 4694 Arg.
2435 4613 2783 4678 Dicendum
2813 4615 2983 4698 quod
3026 4616 3184 4680 scire
3211 4615 3373 4681 dici-

1840 4727 1948 4787 tur
1960 4724 2313 4807 dupliciter.
2334 4722 2473 4788 Uno
2497 4727 2706 4802 modo,
2731 4727 2922 4807 prout
2940 4725 3285 4789 reflectitur
3303 4726 3372 4789 in

1840 4849 1944 4910 se;
1979 4835 2042 4895 et
2067 4833 2156 4895 sic
2175 4849 2398 4895 sensus
2422 4835 2553 4895 est:
2589 4853 2621 4891 α
2642 4830 2760 4894 Iste
2783 4831 2900 4896 solt
2924 4832 3066 4910 hoc,
3098 4854 3128 4891 n
3166 4833 3231 4895 id
3253 4837 3369 4909 est,

1848 4961 1880 4998 (ι
1903 4938 2092 5002 habet
2118 4938 2547 5021 cognitionem
2576 4937 2654 5002 de
2680 4938 2803 5002 hoc
2830 4960 2845 5001 :
2876 4960 2907 4998 n
2946 4944 3009 5002 et
3032 4939 3152 5002 hoc
3182 4938 3371 5002 modo

1842 5114 1889 5165 q.
1918 5112 1995 5163 ¹⁹3
2026 5100 2207 5150 Thom.
2238 5103 2377 5164 Arg„
2408 5104 2425 5152 1
2460 5101 2619 5160 Sent„
2649 5099 2763 5149 dist.
2784 5112 3011 5163 xxxvm,
3039 5115 3086 5164 q.
3114 5113 3160 5162 1,
3187 5105 3282 5151 art.
3307 5105 3367 5164 23

1843 5176 1994 5237 Greg.
2023 5173 2217 5223 Arimin
2243 5210 2259 5236 ,
2297 5175 2310 5223 Ι
2348 5175 2507 5228 Sem..
2535 5173 2650 5221 dist.
2674 5183 2801 5222 xm!
2817 5209 2835 5236 ‚
2866 5187 2919 5235 q.
2945 5184 2955 5219 ι
2973 5188 2989 5234 ;
3024 5173 3278 5223 Francisc.
3309 5176 3371 5224 dc

1841 5246 2025 5309 Mayr„
2068 5247 2082 5295 t
2114 5249 2273 5307 Sene„
2312 5245 2430 5294 dist.
2453 5256 2652 5306 xxxix,
2680 5257 2732 5307 q.
2758 5256 2807 5306 1,
2835 5248 2935 5293 art.
2957 5248 2985 5295 3
3017 5249 3068 5294 et
3103 5249 3161 5308 ὣς
3192 5247 3369 5311 steph.

1843 5316 2054 5379 Brutos„
2100 5318 2111 5366 t
2155 5316 2313 5378 Seni„
2346 5316 2461 5364 dist.
2488 5327 2603 5370 xm,
2636 5328 2687 5379 q.
2718 5325 2799 5376 1v;
2837 5316 3014 5364 Petrus
3046 5315 3108 5364 de
3145 5317 3372 5382 Terent„

1841 5391 1859 5439 l
1887 5389 2046 5453 Sene„
2077 5389 2218 5448 dist..
2239 5400 2456 5453 xxxvm,
2482 5401 2533 5453 q.
2554 5398 2625 5437 ιν.
2658 5413 2707 5426 —·
2735 5388 2758 5421 ¹
2776 5387 2958 5453 swod„
2993 5399 3154 5452 xuu,
3181 5393 3258 5444 32.
