4125 6225
1597 414 1972 483 DISTINCT.
2019 415 2123 480 IX.
3326 415 3448 477 459

286 548 546 618 scientia
571 571 859 644 namque
883 552 1199 623 informat
1215 552 1544 646 judicium
1573 578 1590 621 ε
1618 553 1900 646 ideoque
1926 551 2253 622 secundus
2281 550 2440 622 ordo
2464 575 2504 622 a
2532 551 2820 621 secundo
2847 549 3020 619 dono
3037 601 3056 636 ,
3087 548 3154 617 id
3184 554 3311 634 est,
3342 567 3449 615 co-

284 665 567 755 gnitione
597 669 887 738 veritatis
913 671 1277 763 appellatus
1302 675 1433 758 est,
1464 670 1704 740 scilicet
1731 670 2112 740 Cherubim.
2145 671 2246 738 Ita
2269 677 2334 739 et
2359 669 2439 739 de
2468 668 2613 738 aliis
2630 664 3138 756 intelligendum
3169 671 3286 733 est.
3322 664 3446 732 As-

285 782 576 872 signatur
602 806 758 875 ergo
787 786 1169 856 excellentia
1204 786 1514 857 ordinum
1558 787 1920 857 secundum
1963 785 2416 855 excellentiam
2461 785 2789 854 donorum
2823 808 2840 851 τ
2873 791 2938 851 et
2978 790 3198 853 tamen
3221 833 3240 868 ,
3280 780 3451 849 sicut

285 898 631 989 Gregorius
654 901 747 970 ait
770 910 816 989 ¹,
852 928 887 969 ε(
917 903 1042 973 Illa
1064 903 1237 973 dona
1262 904 1571 974 omnibus
1596 911 1751 973 sunt
1776 903 2176 973 communia.
2210 928 2244 967 »
2278 902 2523 972 Omnes
2547 902 2725 971 enim
2762 900 2993 971 ardent
3036 898 3346 967 charitate
3385 905 3449 965 et

283 1016 543 1085 scientia
566 1018 745 1108 pleni
773 1027 929 1087 sunt
952 1045 971 1107 3
1001 1020 1091 1088 510
1118 1028 1182 1089 et
1206 1020 1286 1089 de
1313 1020 1480 1090 aliis.
1517 1020 1646 1090 Sed
1673 1019 2041 1112 superiores
2068 1020 2220 1089 aliis
2248 1019 2671 1089 excellentius
2694 1070 2711 1103 ,
2744 1024 2821 1087 ut
2849 1017 2988 1109 jam
3016 1016 3263 1085 dictum
3306 1023 3443 1101 est,

282 1132 418 1224 ipsa
452 1145 837 1227 acceperunt
855 1189 873 1223 ,
919 1161 959 1205 a
993 1137 1236 1229 quibus
1279 1145 1343 1208 et
1383 1137 1813 1206 nominantur
1842 1162 1857 1204 :
1893 1135 2071 1206 unde
2110 1136 2466 1225 Gregorius
2497 1161 2511 1204 :
2553 1160 2590 1201 t(
2624 1136 2700 1203 In
2743 1135 2862 1203 illa
2892 1156 3153 1202 summa
3183 1132 3447 1202 civitate

283 1249 559 1342 quisque
583 1251 746 1319 ordo
775 1252 918 1343 ejus
942 1253 1039 1321 rei
1066 1261 1365 1323 censetur
1389 1253 1658 1323 nomine
1674 1307 1691 1340 ,
1723 1276 1923 1345 quam
1949 1253 2213 1344 plenius
2239 1252 2481 1343 accepit
2506 1251 2576 1320 in
2605 1272 2902 1320 munere.
2934 1275 2970 1315 »

368 1364 495 1434 Sed
525 1367 736 1435 oritur
761 1367 869 1437 hic
894 1369 1167 1461 quaestio
1196 1370 1342 1438 talis
1374 1422 1389 1439 .
1424 1369 1495 1438 Si
1523 1369 1804 1462 quisque
1831 1367 1991 1439 ordo
2017 1369 2103 1437 ab
2142 1369 2260 1437 1110
2305 1369 2477 1438 dono
2515 1367 2917 1452 nominatur,
2965 1365 3142 1458 quod
3186 1365 3446 1458 plenius
3473 1365 3686 1472 efffl‘g

282 1483 592 1573 possidet,
622 1490 781 1553 tunc
808 1484 1165 1555 Cherubim
1193 1487 1261 1554 in
1288 1487 1555 1555 scientia
1582 1486 2005 1578 praeeminent
2031 1485 2340 1554 omnibus
2357 1537 2374 1570 ‚
2416 1483 2574 1576 quia
2601 1507 2640 1552 a
2665 1483 2933 1552 scientia
2957 1482 3389 1552 nominantur
3422 1509 3438 1552 :
3484 1487 3683 1597 ξζξξοῐὶί

280 1600 385 1667 sed
415 1600 533 1691 qui
564 1601 771 1690 magis
795 1602 1045 1691 diligit,
1076 1603 1229 1694 plus
1259 1603 1586 1692 cognoscit
1611 1630 1628 1690 ;
1670 1610 1928 1671 tantum
1970 1602 2148 1671 enim
2168 1654 2185 1689 ,
2237 1610 2311 1671 ut
2340 1601 2538 1670 tradit
2573 1599 2955 1684 auctoritas,
2997 1599 3324 1689 cognoscit
3353 1598 3447 1669 ibi

279 1717 556 1810 quisque
577 1771 594 1804 ,
626 1726 952 1810 quantum
980 1719 1241 1809 diligit:
1273 1720 1495 1813 itaque
1528 1719 1874 1812 Seraphim
1903 1742 2035 1789 non
2060 1718 2276 1788 solum
2304 1719 2376 1786 in
2402 1717 2747 1804 charitate,
2778 1717 2889 1786 sed
2918 1717 3115 1785 etiam
3143 1717 3215 1785 in
3242 1716 3442 1784 scien-

278 1834 364 1903 tia
388 1834 842 1926 praeeminent.
874 1836 1159 1929 Ideoque
1186 1837 1534 1906 auctoritas
1560 1837 1674 1905 illa
1699 1836 1791 1905 sic
1816 1836 2080 1906 videtur
2105 1834 2533 1925 intelligenda
2550 1888 2568 1921 ,
2601 1812 2677 1903 ut
2701 1835 3095 1927 comparatio
3120 1856 3251 1902 non
3281 1833 3446 1903 refe-

277 1958 457 2019 ratur
482 1950 565 2020 ad
593 1975 818 2022 omnes
845 1953 1105 2023 ordines
1122 2007 1140 2041 ,
1172 1955 1281 2024 sed
1311 1955 1393 2024 ad
1421 1954 1738 2048 quosdam
1755 2007 1773 2041 ,
1816 1954 2059 2024 scilicet
2085 1954 2448 2023 inferiores.
2482 1953 2602 2022 Ille
2631 1952 2808 2022 enim
2840 1951 2999 2021 ordo
3028 1972 3159 2019 non
3185 1950 3446 2043 plenius

275 2065 619 2160 Seraphim
649 2072 891 2164 accepit
913 2071 1250 2141 scientiam
1278 2073 1348 2140 in
1381 2094 1654 2140 munere
1673 2123 1691 2156 ,
1729 2070 1841 2140 sed
1868 2070 2132 2162 plenius
2157 2070 2303 2138 aliis
2331 2069 2680 2138 ordinibus
2699 2121 2718 2155 ,
2749 2068 2868 2162 qui
2894 2075 3049 2136 sunt
3074 2068 3437 2136 inferioreS.

272 2184 401 2253 Nec
424 2186 809 2255 nominatur
834 2188 1113 2280 quisque
1141 2189 1301 2257 ordo
1327 2189 1410 2257 ab
1438 2188 1619 2256 omni
1639 2211 1707 2256 re
1735 2211 1934 2280 quam
1962 2186 2223 2280 plenius
2248 2186 2395 2255 aliis
2419 2186 2687 2278 accepit,
2716 2185 2827 2254 sed
2851 2185 2934 2254 ab
2962 2185 3194 2276 aliqua
3217 2206 3441 2252 rerum

271 2324 435 2392 quas
463 2304 730 2394 accepit.
763 2304 887 2373 Vel
917 2312 1125 2396 potest
1151 2306 1547 2398 comparatio
1573 2304 1801 2373 referri
1838 2327 1974 2373 non
2016 2304 2099 2373 ad
2140 2304 2314 2396 ipsos
2339 2303 2635 2389 ordines,
2671 2301 2782 2371 sed
2811 2301 2894 2371 ad
2930 2302 3061 2370 alia
3086 2302 3293 2388 dona3
3326 2323 3446 2370 nec

269 2416 350 2485 ad
379 2419 606 2486 omnia
631 2419 762 2487 alia
779 2419 975 2507 dona,
1005 2420 1114 2489 sed
1144 2421 1226 2490 ad
1242 2422 1561 2514 quaedam.
1590 2420 1774 2490 Sicut
1797 2421 1972 2490 enim
1999 2421 2321 2505 homines,
2341 2443 2493 2489 cum
2524 2419 2715 2511 plura
2741 2419 3022 2489 habeant
3041 2419 3236 2505 dona,
3265 2442 3446 2510 (1οω-

269 2532 419 2602 dam
450 2535 602 2603 aliis
627 2536 1050 2605 excellentius
1076 2537 1440 2629 possident3
1466 2538 1558 2606 ita
1574 2538 1740 2607 forte
1767 2546 1831 2606 et
1849 2538 2072 2627 angeli
2097 2536 2495 2629 quibusdam
2514 2536 2905 2605 muneribus
2932 2535 3139 2625 magis
3165 2535 3439 2626 pollent,

267 2657 331 2718 et
357 2651 507 2720 aliis
532 2652 930 2743 quibusdam
964 2654 1210 2723 11111105.

349 2768 500 2837 Jam
531 2792 712 2838 nunc
738 2769 1074 2861 inquirere
1116 2778 1347 2857 restat,
1389 2779 1620 2840 utrum
1656 2780 1721 2840 et
1761 2770 1869 2840 isti
1908 2771 2170 2841 ordines
2205 2794 2245 2839 a
2284 2769 2629 2839 creationis
2669 2768 2856 2837 initio
2892 2769 2986 2838 ita
3026 2768 3274 2837 fuerint
3312 2765 3444 2835 dis-
3518 2764 3670 2815 mmm

3494 2840 3667 2887 ordines

263 2884 471 2953 tincti.
504 2885 695 2967 Quod
726 2887 819 2954 ita
843 2887 1093 2955 fuerint
1123 2886 1410 2955 distincti
1431 2910 1482 2956 -0
1509 2887 1867 2980 primordio
1898 2910 2030 2957 suae
2059 2886 2450 2956 conditionis
2473 2939 2491 2972 ,
2522 2884 2786 2954 videtur
2815 2885 3184 2953 testimonio
3220 2891 3441 2952 aucto-
3486 2899 3682 3014 :bl-3:2³?

259 2999 473 3070 ritatis
499 3001 867 3089 insinuari,
898 3025 1047 3095 (10εο
1075 3003 1272 3072 tradit
1298 3004 1380 3073 de
1406 3004 1683 3094 singulis
1711 3004 2054 3073 ordinibus
2095 3004 2352 3095 aliquos
2391 3001 2712 3071 cecidisse.
2762 3002 2856 3071 De
2893 3002 3122 3071 ordine
3152 3023 3437 3093 namque
3492 3033 3560 3077 „1⁸
3596 3031 3676 3101 m·

257 3119 589 3209 superiori
617 3119 876 3189 Lucifer
903 3121 1017 3189 ille
1040 3121 1167 3189 fuit
1191 3174 1208 3207 ‚
1239 3144 1374 3213 quo
1403 3122 1630 3190 nullus
1657 3121 1919 3211 dignior
1955 3121 2257 3190 conditus
2284 3121 2436 3189 fuit.
2471 3119 2821 3213 Apostolus
2862 3118 3060 3188 etiam
3092 3120 3436 3212 principa·
3486 3094 3680 3206 ξζῗζῗῗ

258 3246 360 3304 tus
384 3288 402 3322 ‚
436 3245 504 3306 et
515 3249 886 3329 potestates
916 3237 1329 3306 tenebrarum
1360 3237 1657 3307 nominat
1675 3249 1724 3324 ²,
1757 3237 2102 3307 ostendens
2129 3237 2209 3307 de
2236 3237 2577 3307 ordinibus
2604 3237 2739 3305 illis
2763 3236 3102 3306 cecidisse:
3138 3237 3436 3329 quicum

255 3351 325 3419 in
353 3353 555 3422 malis
582 3353 1020 3422 ministerium
1047 3363 1412 3442 exerceant,
1445 3377 1578 3423 non
1606 3362 1825 3424 tamen
1852 3355 2115 3448 penitus
2142 3354 2522 3424 nominibus
2549 3354 2857 3422 ordinum
2886 3375 3160 3423 suorum
3192 3353 3431 3446 privati

252 3478 429 3538 sunt.
463 3470 598 3539 Sed
629 3494 761 3540 non
790 3471 1052 3540 videtur
1079 3472 1248 3540 illud
1276 3495 1462 3564 posse
1487 3480 1696 3541 stare:
1727 3495 1863 3542 non
1883 3473 2059 3541 enim
2088 3479 2247 3543 tunc
2262 3471 2574 3541 charitate
2601 3472 2939 3557 ardebant,
2970 3493 3090 3540 nec
3114 3469 3436 3562 sapientia

251 3586 621 3677 pollebant,
651 3610 868 3680 neque
894 3588 965 3656 in
993 3588 1086 3657 eis
1112 3588 1285 3657 Deus
1311 3589 1603 3676 sedebat3
1636 3589 1692 3658 si
1725 3591 1904 3659 enim
1930 3590 2053 3659 hoc
2081 3590 2483 3676 habuissent,
2516 3612 2650 3658 uon
2668 3589 3069 3658 cecidissent.
3102 3587 3249 3656 Non
3267 3609 3430 3677 ergo

249 3709 408 3772 tunc
438 3711 632 3773 erant
658 3703 1049 3789 Cherubim,
1083 3706 1188 3774 vel
1218 3705 1598 3798 Seraphim,
1632 3707 1736 3776 vel
1784 3707 2057 3776 Throni.
2098 3707 2205 3776 Ad
2247 3708 2425 3800 quod
2461 3706 2741 3776 dicimus
2764 3758 2783 3792 ,
2826 3706 2984 3798 (1010
3018 3711 3168 3773 ante
3204 3727 3433 3772 casum

245 3820 701 3911 quorumdam
727 3843 862 3890 non
890 3829 1077 3890 erant
1103 3821 1211 3891 isti
1238 3822 1497 3891 ordines
1514 3876 1531 3909 ,
1564 3823 1724 3916 quia
1750 3823 2046 3892 nondum
2073 3823 2401 3893 habebant
2426 3822 2631 3909 dona,
2664 3822 2734 3890 in
2773 3844 3058 3914 quorum
3086 3821 3431 3912 participa·

244 3936 547 4007 tionibus
576 3939 1000 4008 conveniunt.
1029 3939 1159 4008 Sed
1185 3940 1580 4031 quibusdam
1607 3940 2014 4027 cadentibus,
2044 3941 2192 4009 aliis
2218 3940 2511 4032 apposita
2537 3948 2693 4009 sunt
2716 3966 2733 4025 ;
2773 3940 2995 4031 eisque
3021 3940 3140 4031 qui
3184 3939 3429 4007 cecide·

243 4064 404 4122 runt
431 4055 680 4124 collata
707 4055 979 4124 fuissent
1005 4056 1230 4125 eadem
1258 4055 1432 4124 dona
1450 4109 1468 4143 ,
1501 4057 1556 4124 si
1584 4058 2032 4149 perstitissent.
2064 4058 2218 4127 Ideo
2248 4057 2551 4149 Sciptura
2577 4057 2733 4126 dicit
2757 4058 2838 4126 de
2862 4057 3144 4147 singulis
3179 4056 3429 4125 ordini·

239 4169 366 4240 bus
393 4172 665 4264 aliquos
691 4170 993 4241 cecidisse
1025 4198 1041 4239 ι
1074 4194 1206 4241 11011
1235 4172 1413 4264 quod
1453 4173 1702 4241 fuerint
1724 4174 1796 4242 in
1833 4173 2175 4243 ordinibus
2199 4225 2216 4260 ,
2249 4182 2313 4241 et
2339 4184 2558 4266 postea
2583 4174 2988 4261 corruerint3
3038 4174 3150 4243 sed
3183 4172 3342 4266 quia
3372 4174 3428 4242 si

237 4288 724 4378 perstitissent,
759 4311 988 4358 eorum
1015 4289 1228 4381 aliqui
1254 4290 1325 4357 in
1349 4290 1629 4379 singulis
1653 4290 1930 4360 fuissent
1958 4290 2333 4374 ordinibus,
2369 4291 2572 4383 quiet
2597 4290 2669 4360 in
2696 4299 2949 4360 naturae
2976 4290 3293 4384 tenuitate
3313 4342 3331 4375 ,
3358 4298 3423 4357 et

235 4403 306 4473 in
333 4406 580 4474 formae
604 4405 1086 4496 perspicacitate
1108 4406 1481 4475 differentes
1505 4406 1748 4496 gradus
1774 4405 2133 4493 habebant,
2154 4407 2436 4476 sicutilli
2456 4410 2571 4501 qui
2589 4409 3031 4500 perstiterunt.
3057 4407 3191 4475 Alii
3211 4407 3414 4489 enim,

234 4534 310 4590 ut
335 4521 779 4615 praediximus
812 4536 860 4608 ⁸,
891 4522 1259 4614 superiores
1280 4575 1298 4609 ,
1329 4523 1443 4592 alii
1472 4522 1816 4593 inferiores
1842 4524 2085 4594 conditi
2111 4534 2266 4594 sunt
2301 4549 2316 4593 :
2348 4525 2714 4618 superiores
2737 4577 2755 4611 ,
2807 4525 2925 4617 qui
2950 4531 3188 4593 natura
3216 4523 3423 4612 magis

231 4639 692 4732 perspicaces3
732 4638 1104 4725 inferiores,
1136 4638 1256 4731 qui
1281 4647 1518 4709 natura
1545 4640 1764 4708 minus
1807 4641 2080 4710 subtiles
2103 4694 2121 4727 ‚
2168 4652 2232 4711 et
2275 4641 2713 4730 intelligentia
2758 4642 2979 4710 minus
3022 4640 3420 4732 perspicaces

230 4753 390 4825 facti
438 4763 628 4825 sunt.
672 4754 808 4823 Has
838 4763 1059 4825 autem
1086 4755 1449 4826 invisibiles
1490 4756 1891 4826 differentias
1924 4757 2363 4827 invisibilium
2398 4758 2578 4826 solus
2615 4757 2727 4826 ille
2768 4757 3126 4851 ponderare
3162 4757 3413 4850 potuit,

230 4873 353 4962 qui
380 4872 620 4941 omnia
645 4872 718 4940 in
746 4895 1048 4959 numero,
1080 4880 1144 4940 et
1164 4895 1494 4961 mensura,
1518 4879 1583 4942 et
1609 4871 1893 4965 pondere
1913 4883 1935 4918 ⁸
1954 4873 2299 4965 disposuit,
2332 4873 2398 4942 id
2427 4882 2522 4942 est
2548 4874 2619 4942 in
2646 4875 2877 4967 seipso,
2910 4874 3027 4967 qui
3053 4882 3149 4943 est
3183 4899 3219 4939 α
3238 4896 3422 4942 men-

230 5010 394 5057 sura
420 4989 614 5058 omni
645 4988 740 5056 rei
767 4989 1036 5057 modum
1065 4987 1446 5081 praefigens,
1477 4999 1542 5059 et
1569 5012 1884 5059 numerus
1913 4991 2097 5059 omni
2125 4992 2220 5059 rei
2248 4991 2526 5084 speciem
2555 4990 2879 5083 praebens,
2913 4998 2978 5058 et
3003 4988 3257 5082 pondus
3284 5011 3424 5058 om-

228 5126 388 5175 nem
417 5127 574 5173 rem
600 5104 685 5174 ad
711 5105 1130 5176 stabilitatem
1159 5105 1457 5194 trahens,
1489 5106 1557 5175 id
1585 5115 1680 5175 est
1714 5108 2075 5175 terminans
2099 5159 2118 5193 ,
2149 5115 2214 5175 et
2244 5107 2535 5176 formans
2555 5160 2573 5194 ,
2612 5115 2677 5175 et
2711 5107 3025 5176 ordinans
3051 5106 3275 5175 omnia
3299 5117 3346 5173 ⁸.
3378 5133 3414 5172 ))

228 5363 318 5481 U:
332 5360 609 5481 Gllggqssi'n
635 5359 830 5423 Evanq.
859 5358 1002 5478 hpm.
1021 5369 1203 5409 xxxrv.
1221 5384 1284 5398 -
1309 5360 1331 5393 ²
1352 5358 1550 5426 Spicea,
1571 5372 1643 5425 w,
1667 5363 1744 5412 12.
1765 5386 1825 5399 —
1843 5360 2069 5425 ⁸Supra,
2099 5360 2218 5412 dist.
2255 5372 2311 5413 11.
2335 5386 2394 5398 —
2413 5360 2435 5396 δ
2454 5360 2595 5425 Sap„
2621 5370 2701 5423 xi,
2724 5361 2803 5411 21.
2830 5385 2882 5396 -
2910 5361 2930 5395 ⁸
2948 5362 3095 5426 Aug„
3124 5359 3184 5411 de
3212 5361 3333 5412 Gen.
3362 5361 3433 5413 ad

250 5447 267 5479 ι
322 5465 362 5495 .,
413 5446 429 5481 1
474 5469 488 5482 .
594 5465 611 5493 ,
640 5439 937 5494 0.111,11..
