4125 6225
691 426 810 488 338

690 562 853 623 esset
890 558 1244 623 secundum
1278 560 1715 628 certitudinem
1753 565 1818 625 et
1851 580 2225 645 correspon-

692 665 973 730 dentiam
997 666 1078 730 ad
1104 667 1306 749 ipsam
1329 685 1493 744 rem,
1525 673 1688 732 esset
1714 669 1886 732 fictio
1909 673 1974 733 et
1997 669 2223 751 decep-

691 749 820 852 ti63
870 771 1013 840 ideo
1057 773 1326 855 angelus
1366 775 1740 859 hujusmodi
1785 775 2118 840 individua
2164 779 2228 839 et

693 880 1046 961 singularia
1071 899 1201 945 non
1226 884 1571 964 cognoscit,
1605 883 1726 946 nisi
1754 883 1991 964 dirigat
2018 902 2227 965 aspec-

691 991 834 1052 tum
854 1006 1048 1071 supra
1066 989 1278 1071 ipsum
1298 989 1742 1072 cognoscibile,
1762 993 1846 1068 et,
1872 991 2227 1054 secundum

692 1096 853 1161 illud
878 1095 1050 1179 quod
1075 1100 1172 1161 est
1210 1098 1280 1161 in
1319 1115 1412 1177 re,
1460 1098 1593 1180 ipse
1633 1101 1969 1180 componat
1993 1098 2231 1180 species

694 1204 766 1268 in
798 1222 899 1268 se:
947 1208 1012 1268 et
1052 1207 1208 1268 tunc
1242 1205 1433 1269 habet
1473 1206 1563 1269 ita
1605 1205 1840 1269 claram
1887 1209 1951 1270 et
1993 1209 2231 1269 certam

696 1310 1127 1393 cognitionem
1164 1312 1242 1377 de
1271 1330 1343 1377 re
1357 1360 1375 1390 ,
1406 1313 1572 1377 sicut
1609 1313 1664 1377 si
1705 1312 1977 1395 speciem
2017 1314 2231 1377 statim

695 1419 1024 1501 reciperet.
1052 1419 1131 1483 Et
1160 1420 1301 1484 haec
1326 1420 1557 1504 positio
1583 1420 1795 1500 magis
1826 1420 2047 1502 placet,
2080 1419 2233 1502 quia

698 1545 958 1592 concors
979 1532 1069 1592 est
1097 1528 1350 1605 rationi,
1386 1531 1451 1593 et
1477 1527 1916 1611 philosophiae,
1940 1531 2005 1592 et
2038 1545 2233 1592 sacrae

698 1634 1082 1720 Scripturae:
1115 1639 1179 1701 et
1205 1640 1377 1719 patet
1409 1636 1736 1719 responsio
1770 1636 1851 1700 ad
1877 1634 2095 1700 omnia
2119 1636 2236 1700 ob-

691 1743 884 1824 Jecta,
910 1743 1141 1807 sibene
1163 1743 1582 1824 intelligatur.

781 1857 812 1913 1
825 1898 841 1913 .
872 1835 983 1912 ‘Ad
1014 1850 1171 1914 illud
1196 1850 1369 1913 enim
1397 1849 1569 1931 quod
1597 1849 1892 1932 objicitur
1920 1850 2092 1933 quod
2117 1868 2236 1913 an-

702 1957 835 2041 geli
884 1957 1274 2037 didicerunt,
1314 1960 1458 2036 etc.,
1504 1956 1842 2021 dicendum
1881 1957 2051 2038 quod
2096 1957 2236 2020 haec

703 2066 931 2149 positio
974 2065 1137 2129 bene
1180 2064 1363 2147 ponit
1398 2065 1664 2145 angelos
1700 2064 1907 2129 multa
1952 2064 2232 2143 discere;

704 2173 815 2238 sed
839 2191 972 2236 non
1004 2176 1261 2255 propter
1298 2172 1420 2236 hoc
1444 2172 1681 2254 species
1709 2190 1911 2237 novas
1934 2171 2235 2253 recipere.

706 2278 838 2346 Nec
853 2279 1009 2345 illud
1026 2282 1120 2343 est
1135 2279 1642 2362 incompossibile
1665 2301 1678 2344 :
1703 2298 1827 2361 ego
1843 2279 2017 2344 enim
2034 2279 2241 2343 habeo

707 2389 982 2472 speciem
1002 2387 1281 2452 hominis
1304 2390 1368 2451 et
1385 2386 1699 2466 animaIiS,
1720 2387 1877 2451 dum
1895 2385 2021 2449 scio
2040 2404 2241 2449 unam

708 2496 1179 2561 conclusionem
1226 2494 1304 2560 de
1348 2494 1478 2559 eis:
1523 2494 1631 2558 sed
1670 2512 1783 2577 per
1825 2493 2242 2576 multiplicem

716 2602 1193 2669 conversionem
1240 2606 1304 2666 et
1354 2601 1754 2666 collationem
1808 2601 2036 2684 poterit
2077 2602 2246 2665 circa

712 2711 965 2776 easdem
984 2728 1084 2775 res
1103 2728 1218 2793 per
1240 2709 1492 2775 easdem
1511 2709 1751 2792 species
1775 2727 1943 2774 nova
1966 2709 2245 2789 cognitio

712 2818 1009 2899 generari
1051 2817 1404 2883 secundum
1440 2818 1720 2882 diversas
1764 2817 2158 2899 operationes
2184 2821 2249 2882 et

711 2925 1115 2991 habitudines
1134 2947 1152 3005 ;
1175 2927 1238 2989 et
1257 2924 1347 2988 ita
1364 2923 1602 3007 aliquid
1624 2924 1964 3003 addiscam,
1986 2923 2096 2988 sed
2116 2941 2248 2987 non

711 3051 949 3115 novam
965 3033 1237 3115 speciem
1254 3031 1595 3115 recipiam:
1617 3031 1706 3094 sic
1724 3035 1788 3095 et
1804 3029 2021 3111 angeli
2045 3030 2251 3094 multa

714 3140 1088 3219 didicerunt,
1130 3144 1273 3203 tum
1308 3157 1391 3203 ex
1433 3139 1692 3223 propria
1724 3137 2058 3216 industria,
2106 3140 2249 3202 tum

715 3265 796 3313 ex
822 3246 1229 3325 revelatione,
1253 3252 1398 3313 tum
1421 3264 1504 3310 ex
1530 3245 1939 3328 experientia.

796 3360 859 3419 2.
909 3354 1009 3420 Ad
1061 3353 1221 3419 illud
1283 3352 1452 3438 quod
1510 3352 1807 3435 objicitur
1866 3352 2040 3433 quod
2097 3354 2254 3415 tunc

719 3463 1128 3544 cognosceret
1151 3459 1581 3541 contingentia
1606 3464 1670 3523 et
1703 3459 2010 3537 absentia,
2038 3457 2254 3521 dicen-

722 3567 880 3633 dum
907 3567 1101 3651 quod,
1126 3566 1289 3632 sicut
1309 3570 1549 3631 tactum
1572 3566 1689 3646 est,
1713 3566 1794 3630 ad
1820 3565 2255 3647 cognitionem

721 3675 957 3742 harum
1006 3693 1228 3739 rerum
1277 3674 1756 3758 particularium
1775 3721 1794 3753 ,
1854 3676 1918 3737 et
1974 3673 2255 3736 maxime

725 3781 1256 3864 contingentium,
1293 3798 1427 3845 non
1474 3781 1711 3846 sufficit
1746 3780 1981 3845 habere
2021 3780 2258 3864 species

725 3890 997 3968 innataS,
1016 3888 1141 3954 nisi
1162 3893 1450 3971 aspectus
1467 3888 1795 3970 angelicus
1812 3891 2251 3954 convertatur:

725 4001 789 4062 et
813 3996 1141 4063 conversio
1173 3996 1441 4080 requirit
1479 3996 1574 4061 rei
1598 3996 2020 4076 existentiam,
2053 3995 2158 4060 vel
2188 3995 2259 4059 in

676 4118 687 4143 ⁸
726 4123 816 4182 se,
842 4105 948 4171 vel
967 4106 1036 4168 in
1059 4123 1288 4170 causa:
1316 4103 1585 4187 requirit
1610 4104 1801 4169 etiam
1826 4103 2256 4186 praesentiam,

727 4230 803 4280 eo
842 4212 1014 4295 quod
1058 4212 1265 4277 virtus
1302 4209 1591 4295 angelica
1621 4214 1718 4275 est
1756 4211 1969 4293 finita:
2011 4210 2153 4277 ideo
2192 4210 2262 4273 in

728 4320 1274 4405 approximatione
1288 4319 1502 4402 aliqua
1513 4319 1964 4403 proportionali
1978 4322 2093 4395 est,
2110 4336 2263 4382 cum

729 4446 799 4493 se
826 4428 1139 4493 convertit
1171 4427 1249 4492 ad
1274 4445 1413 4491 rem
1440 4431 1655 4492 extra:
1686 4431 1750 4492 et
1772 4426 1862 4491 ita
1898 4430 2068 4510 patet
2092 4425 2263 4508 quod

729 4555 862 4601 non
889 4539 1146 4619 propter
1171 4535 1295 4601 hoc
1326 4535 1646 4617 cognoscit
1671 4535 1910 4615 futura,
1937 4534 2041 4602 vel
2068 4534 2264 4600 etiam

733 4643 1189 4726 contingentia.
2073 4706 2083 4714 .

809 4756 870 4816 3.
915 4752 1014 4817 Ad
1051 4751 1209 4816 illud
1243 4751 1417 4835 quod
1455 4751 1756 4833 objicitur
1782 4751 1956 4834 quod
1993 4755 2110 4816 aut
2132 4769 2265 4816 non

730 4858 1059 4942 cognoscit
1082 4857 1460 4939 singularia,
1491 4861 1605 4922 aut
1630 4857 1821 4921 habet
1846 4857 2084 4940 species
2109 4857 2266 4921 infi-

728 4954 895 5031 nitas
910 5014 929 5045 ,
982 4963 1122 5031 dico
1162 4963 1334 5047 quod
1381 4963 1708 5045 cognoscit
1750 4963 2103 5046 singularia
2153 4983 2266 5047 per

730 5072 968 5157 species
996 5069 1459 5136 universalium
1478 5118 1496 5150 ,
1524 5070 1895 5154 applicando
1929 5075 1994 5136 et
2032 5090 2263 5155 appro-

732 5178 1021 5261 priando.
1051 5177 1228 5245 Unde
1253 5195 1369 5261 per
1409 5178 1985 5261 appropriationem
2009 5181 2267 5264 proprie

734 5291 798 5349 et
841 5287 1128 5352 distincte
1176 5287 1501 5370 cognoscit
1533 5310 1550 5352 :
1610 5307 1724 5353 nec
1772 5294 2017 5372 oportet
2066 5309 2268 5356 novas

1799 423 2416 491 SENTENTIARUM
2457 426 2609 492 LIB.
2655 425 2737 490 ΙΙ.

2331 563 2567 646 species
2583 562 2798 645 recipi,
2830 579 2948 626 nec
2968 564 3217 644 oportet
3233 563 3514 627 infinitas
3533 580 3691 640 esse,
3713 564 3865 646 quia

2332 670 2684 751 singularia
2717 669 2797 733 ad
2833 686 3180 733 numerum
3227 670 3482 734 finitum
3529 671 3866 734 universa·

2331 776 2495 840 lium
2525 776 2956 854 reducuntur;
2985 777 3094 840 sed
3117 777 3316 841 finitae
3343 777 3578 859 species
3600 778 3870 842 infinitis

2334 884 2540 947 modis
2574 883 2868 964 componi
2911 888 3214 964 possunt:
3247 889 3310 948 et
3349 885 3489 948 ideo
3538 904 3870 966 nunquam

2337 993 2429 1053 tot
2446 989 2802 1071 singularia
2819 991 3145 1070 cognoscit
3173 990 3464 1071 angeluS‚
3486 991 3644 1072 quin
3665 991 3873 1055 adhuc

2335 1098 2531 1180 possit
2557 1115 2936 1178 cognoscere
2962 1098 3149 1180 plura
3174 1098 3311 1174 sine
3337 1099 3696 1179 receptione
3724 1117 3869 1180 spe-

2336 1204 2455 1268 ciei
2482 1221 2694 1284 novae,
2724 1221 2857 1267 non
2882 1207 3099 1268 tamen
3128 1203 3266 1268 sine
3289 1203 3629 1268 directione
3656 1222 3874 1287 aspec-

2337 1315 2441 1376 tus
2468 1329 2663 1393 supra
2681 1329 2843 1376 rem.
2866 1309 2963 1374 Ex
2986 1329 3116 1392 qua
3138 1311 3483 1376 directione
3499 1329 3635 1376 non
3657 1313 3878 1395 recipit

2339 1418 2615 1500 speciem
2649 1437 2689 1482 a
2726 1418 3159 1499 cognoscibili,
3190 1437 3340 1482 cum
3377 1419 3462 1482 sit
3489 1419 3558 1481 in
3585 1422 3738 1483 actu
3771 1438 3878 1501 per

2341 1524 2615 1606 speciem
2654 1543 2851 1607 quam
2876 1525 3109 1602 habet;
3153 1525 3264 1589 sed
3298 1525 3634 1606 dirigendo
3662 1544 3877 1608 aspec-

2339 1621 2480 1695 tum
2500 1680 2518 1708 ‚
2564 1632 2837 1713 speciem
2872 1633 3276 1715 appropriat,
3325 1637 3388 1697 et
3416 1634 3878 1715 appropriando

2342 1741 2699 1822 componit:
2735 1745 2798 1804 et
2822 1758 2959 1804 rem
3003 1741 3396 1822 singularem
3438 1741 3559 1804 sub
3585 1758 3713 1805 sua
3737 1759 3880 1824 pro-

2342 1848 2606 1929 prietate
2652 1848 2977 1929 cognoscit
3005 1896 3022 1923 ,
3077 1851 3141 1910 et
3189 1848 3490 1930 percipit,
3548 1849 3711 1930 quia
3758 1853 3884 1913 tota

2343 1954 2621 2035 cognitio
2648 1958 2744 2019 est
2771 1974 2811 2019 a
2847 1956 3072 2032 forma,
3114 1959 3178 2020 et
3213 1958 3420 2020 forma
3458 1956 3599 2020 haec
3646 1957 3884 2039 species

2344 2065 2459 2139 est,
2496 2080 2644 2144 quae
2669 2064 2764 2126 est
2789 2065 2998 2126 totum
3027 2080 3161 2128 esse
3187 2063 3697 2128 individuorum.

2424 2174 2486 2234 4.
2513 2170 2613 2234 Ad
2631 2169 2786 2234 illud
2813 2171 2984 2253 quod
3010 2171 3305 2253 objicitur
3332 2171 3409 2235 de
3435 2172 3879 2254 applicatione,

2346 2276 2516 2358 quod
2543 2278 2843 2360 supponit
2863 2279 3289 2359 cognitionem
3309 2300 3326 2357 3
3350 2279 3699 2344 dicendum
3722 2280 3890 2363 quod

2346 2402 2578 2448 verum
2619 2390 2715 2450 est
2751 2385 2922 2467 quod
2962 2386 3263 2469 supponit
3312 2388 3752 2468 cognitionem
3769 2436 3785 2465 ,
3831 2392 3892 2451 et

2348 2491 2654 2573 relinquit
2670 2493 3131 2574 cognitionem;
3153 2494 3260 2558 sed
3278 2501 3495 2558 tamen
3517 2496 3716 2558 aliam
3735 2513 3891 2578 prae-

2350 2599 2670 2682 supponit,
2693 2600 2883 2663 aliam
2901 2600 3224 2683 relinquit.
3246 2601 3534 2682 Angelus
3548 2602 3731 2665 enim
3756 2602 3890 2665 sine

2352 2707 2760 2772 conversione
2789 2707 3003 2791 aliqua
3031 2709 3223 2773 habet
3252 2709 3690 2790 cognitionem
3720 2709 3843 2774 loci
3872 2731 3889 2772 :

2352 2817 2591 2878 etcum
2618 2817 2927 2880 convertit
2951 2834 3018 2880 se
3054 2834 3249 2898 supra
3283 2814 3497 2879 locum
3514 2864 3532 2895 ,
3567 2815 3894 2897 cognoscit

2353 2938 2576 2984 omnes
2597 2940 2700 2985 res
2724 2941 2871 3005 quae
2898 2928 3049 2987 sunt
3074 2923 3144 2986 in
3171 2922 3331 3002 loc0,
3357 2901 3735 3004 applicando
3763 2941 3895 3004 spe-

2355 3029 2479 3092 cies
2521 3028 2911 3094 universales
2950 3030 3032 3094 ad
3071 3029 3426 3110 singularia
3448 3078 3464 3107 ,
3522 3034 3586 3095 et
3632 3049 3893 3115 compo-

2354 3137 2607 3201 nendo:
2639 3142 2702 3203 et
2732 3138 2859 3203 illae
2894 3138 3134 3225 species
3172 3138 3292 3203 sub
3324 3138 3435 3202 tali
3476 3139 3898 3221 applicatione

2357 3248 2418 3308 et
2444 3246 2896 3327 compositione
2923 3249 3259 3311 remanent
3281 3245 3352 3309 in
3387 3246 3682 3327 angelico
3711 3229 3899 3310 intel-

2354 3351 2523 3417 lectu
2539 3400 2557 3433 ,
2590 3356 2653 3417 et
2684 3353 2773 3416 ita
2798 3354 3172 3436 relinquunt
3196 3351 3628 3434 cognitionem
3657 3370 3898 3419 novam
3948 3355 3951 3359 ’

2359 3461 2494 3526 sine
2515 3463 2874 3544 receptione
2906 3462 3158 3545 speciei.
3190 3460 3473 3527 Ponatur
3492 3463 3694 3526 etiam
3731 3462 3901 3546 quod

2360 3569 2875 3635 nullamhaberet
2899 3569 3354 3651 cognitionem,
3377 3568 3486 3633 sed
3507 3569 3725 3633 solum
3758 3588 3899 3652 spe-

2361 3678 2524 3743 ciem
2571 3678 2950 3742 universalis
2997 3678 3072 3741 in
3117 3677 3440 3741 intellectu
3487 3694 3641 3754 suc,
3695 3677 3904 3743 adhuc

2362 3785 2594 3867 poterit
2616 3785 2931 3868 applicare
2965 3789 3029 3850 et
3062 3786 3470 3868 appropriare
3513 3804 3644 3849 non
3673 3803 3903 3851 casua-

2363 3892 2536 3973 liter,
2565 3893 2675 3958 sed
2721 3893 3260 3959 certitudinaliter.
3310 3893 3491 3971 Quod
3530 3897 3707 3975 patet
3750 3894 3844 3958 sic
3883 3912 3902 3955 :

2366 3998 2572 4063 Homo
2597 4000 2770 4065 enim
2800 4020 2951 4065 cum
2981 4001 3282 4081 nascitur,
3311 4020 3445 4066 non
3467 4001 3665 4066 habet
3687 4000 3905 4084 cogni-

2366 4106 2630 4187 tionem,
2661 4127 2778 4172 nec
2807 4108 3080 4191 speciem
3108 4109 3560 4190 singularium,
3590 4126 3715 4173 nec
3740 4125 3909 4173 com-

2370 4232 2635 4278 munem
2649 4262 2667 4293 ,
2697 4234 2814 4280 nec
2852 4217 3175 4299 propriam
3206 4236 3225 4281 :
3269 4217 3404 4281 sola
3438 4220 3657 4281 tamen
3699 4217 3908 4281 direc-

2369 4321 2538 4385 tione
2565 4325 2856 4404 aspectus
2876 4342 3069 4406 super
3089 4342 3192 4389 res
3215 4323 3540 4405 cognoscit
3561 4323 3782 4388 omnia
3809 4321 3906 4386 vi-

2372 4428 2600 4509 sibilia,
2640 4432 2706 4494 et
2729 4430 2951 4512 recipit
2974 4432 3169 4495 simul
3210 4431 3641 4513 cognitionem
3668 4434 3908 4495 certam

2372 4538 2436 4601 et
2458 4536 2755 4618 speciem,
2786 4537 2937 4619 quia
2962 4538 3319 4603 denudatus
3345 4540 3482 4602 erat
3504 4556 3545 4601 a
3568 4523 3779 4601 'forma
3807 4552 3909 4600 re-

2374 4642 2576 4726 cepti:
2606 4644 2776 4726 quod
2802 4645 2855 4707 si
2880 4645 3142 4709 haberet
3165 4645 3426 4727 species,
3455 4644 3658 4708 multo
3678 4642 3909 4708 melius

2372 4755 2618 4835 posset,
2659 4751 2992 4833 dirigendo
3026 4756 3349 4835 aspectum
3385 4751 3466 4816 ad
3503 4767 3606 4814 res
3632 4749 3908 4815 munda-

2373 4878 2510 4936 nas,
2526 4877 2633 4924 eas
2650 4877 3054 4942 cognoscere,
3075 4878 3207 4925 non
3222 4858 3625 4942 suscipiendo
3641 4857 3900 4941 species,

2375 4985 2526 5032 cum
2544 4969 2681 5050 jam
2703 4967 2954 5047 habeat,
2984 4967 3096 5033 sed
3117 4985 3202 5031 ex
3220 4965 3589 5044 directione3
3616 4969 3680 5029 et
3702 4963 3905 5048 appli-

2376 5095 2520 5142 care
2535 5125 2555 5157 ,
2582 5080 2647 5141 et
2670 5077 3078 5161 appropriare
3091 5124 3110 5154 ‚
3145 5078 3209 5140 et
3233 5091 3640 5157 componere,
3678 5077 3743 5137 et
3775 5071 3909 5136 dis-

2374 5182 2569 5248 tincte
2592 5203 2798 5250 nosse.
