4125 6225
1320 306 1518 375 DIST.
1560 305 1640 380 L·
1675 308 1857 376 ΛΒΤ.
1902 310 1950 377 1.
1994 309 2297 390 QUAEST.
2342 312 2392 378 1.

813 551 1175 634 QUAESTIO
1216 555 1266 620 l.

617 709 711 766 An
741 709 868 766 boni
887 710 1074 780 anqeli
1097 712 1395 766 mittantur
1418 710 1460 768 ¹.

125 879 273 923 redu·-
363 873 528 939 Circa
566 893 763 957 quam
806 876 898 940 sic
937 875 1324 958 proceditur,
1353 878 1419 940 et
1459 875 1812 941 ostenditur

93 3465 148 3510 Ad
163 3479 253 3525 opp.

293 981 444 1064 quod
471 983 686 1065 angeli
707 982 1046 1048 mittantur
1069 985 1091 1019 ⁸
1120 1005 1136 1047 ι
1168 983 1411 1049 Missus
1436 987 1531 1050 est
1558 981 1815 1049 Gabriel

293 1087 537 1170 anaelus
556 1106 597 1155 a
615 1091 762 1171 Deo,
782 1094 936 1169 etc.;
958 1091 1107 1155 etin
1125 1090 1417 1174 pluribus
1438 1090 1577 1156 aliis
1603 1088 1814 1172 Scrip-

291 1199 440 1261 turae
467 1198 641 1262 locis.

361 1304 511 1370 Item
537 1306 819 1390 Anystus
842 1323 1084 1370 nomen
1116 1308 1211 1371 est
1244 1305 1457 1370 nuntii
1494 1309 1557 1370 et
1585 1304 1810 1384 officii,

292 1414 438 1477 sicut
458 1413 606 1478 dicit
632 1413 846 1478 Glossa
877 1430 1071 1495 super
1100 1411 1258 1477 illud
1303 1410 1554 1479 Psalmi
1580 1417 1603 1454 ⁸
1635 1436 1661 1478 .·
1695 1413 1817 1486 Qui

295 1522 445 1602 facit
471 1522 727 1605 anqelos
761 1537 910 1588 suos
946 1521 1246 1603 spiritus.
1276 1518 1450 1602 Ergo
1486 1520 1540 1584 si
1570 1538 1721 1585 vere
1755 1523 1821 1586 et

293 1629 530 1712 proprie
584 1628 889 1694 dicuntur
935 1626 1152 1711 angeli
1173 1676 1193 1708 ,
1247 1645 1401 1693 vere
1446 1631 1511 1692 et
1563 1627 1818 1711 proprie

293 1738 431 1799 sunt
466 1734 678 1799 nuntii
718 1757 734 1800 ε
767 1752 927 1817 ergo
967 1734 1023 1798 si
1059 1735 1441 1799 nuntiorum
1478 1738 1575 1799 est
1618 1733 1817 1814 mitti,

292 1846 470 1927 patet,
496 1847 616 1909 etc.

362 1949 515 2015 Item
533 1998 551 2028 ,
582 1954 823 2034 quanto
853 1950 1084 2033 aliquis
1108 1950 1303 2015 hahet
1327 1951 1640 2033 majorem
1667 1949 1823 2013 cha-
1851 1973 1857 1979 ·

291 2057 552 2138 ritatem,
581 2061 759 2122 tanto
786 2056 1109 2122 sollicitior
1137 2061 1231 2121 est
1256 2056 1424 2121 circa
1447 2075 1599 2121 eum
1627 2075 1821 2140 quem

291 2167 484 2248 potest
499 2167 737 2248 juvare
767 2183 784 2228 :
817 2165 923 2230 sed
962 2165 1176 2247 angeli
1211 2164 1451 2228 habent
1482 2165 1825 2247 perfectam

293 2273 680 2352 charitatem,
709 2277 773 2338 et
793 2278 1063 2357 possunt
1089 2276 1374 2338 nostram
1396 2272 1826 2354 indigentiam

292 2380 618 2446 sublevare
654 2403 670 2445 ε
701 2399 859 2464 ergo
900 2382 1156 2448 videtur
1195 2380 1367 2463 quod
1412 2380 1542 2443 sint
1577 2379 1826 2445 solliciti

292 2506 402 2553 nos
427 2490 735 2573 adjuvare
765 2508 785 2553 ε
823 2489 932 2554 sed
971 2489 1093 2553 hoc
1130 2505 1261 2552 non
1293 2486 1536 2551 faciunt
1570 2486 1829 2569 propria

292 2602 678 2681 auctoritate,
704 2601 813 2667 sed
837 2601 949 2666 Dei
977 2623 993 2666 ε
1022 2617 1181 2682 ergo
1207 2597 1464 2664 videtur
1482 2599 1655 2681 quod
1681 2599 1829 2663 mit-

291 2709 500 2773 tantur
522 2727 563 2773 a
585 2707 879 2774 Domino.

366 2815 524 2880 Item
550 2816 788 2898 angeli,
820 2821 1137 2900 quantum
1160 2816 1240 2881 ad
1267 2818 1504 2880 statum
1535 2817 1599 2878 et
1621 2813 1830 2896 digni-

293 2924 501 3002 tatem,
529 2927 682 2987 sunt
712 2923 904 2988 medii
928 2923 1097 2987 inter
1122 2940 1242 2987 nos
1280 2925 1343 2986 et
1377 2921 1581 2985 Deum
1618 2940 1638 2985 ι
1669 2938 1829 3002 ergo

292 3028 536 3094 videtur
556 3031 731 3114 quod
758 3031 835 3095 ad
857 3030 1059 3095 Deum
1086 3031 1293 3095 ferant
1319 3029 1661 3114 petitiones
1684 3047 1831 3093 nos-

291 3140 413 3202 tras
428 3187 447 3219 ‚
504 3143 569 3204 et
614 3157 653 3202 a
697 3139 824 3203 Deo
869 3140 1052 3203 nobis
1092 3138 1511 3204 revelationes
1554 3138 1833 3203 referant

289 3243 534 3309 divinas
570 3262 590 3309 t
616 3247 725 3311 sed
752 3245 875 3310 hoc
898 3246 1236 3329 proprium
1275 3246 1655 3310 nuntiorum
1684 3250 1780 3310 est
1809 3263 1826 3310 ε

289 3370 463 3435 ergo,
492 3357 618 3417 etc.

364 3459 600 3525 Contra
641 3479 659 3523 ε
701 3462 760 3523 1.
793 3458 1056 3525 Frustra
1093 3460 1288 3525 mittit
1312 3461 1457 3544 quis
1485 3460 1789 3524 nuntium
1808 3508 1827 3540 ‚

289 3566 398 3632 uhi
427 3568 566 3651 ipse
588 3585 870 3651 praesens
904 3571 1019 3647 est,
1050 3571 1117 3632 et
1142 3567 1374 3631 melius
1400 3570 1603 3650 potest
1627 3567 1833 3632 facere

287 3691 399 3757 per
421 3694 490 3739 se
512 3676 732 3757 ipsum
765 3696 780 3739 τ
808 3692 965 3756 ergo
990 3674 1046 3737 si
1072 3674 1239 3739 Deus
1259 3674 1446 3739 nobis
1470 3673 1833 3757 praesentis-

287 3781 486 3847 simus
505 3787 647 3859 est,
692 3786 756 3846 et
778 3781 996 3846 omnia
1036 3785 1241 3864 potest
1271 3781 1476 3846 facere
1502 3798 1616 3863 per
1655 3780 1833 3862 seip-

285 3906 428 3952 sum
448 3936 465 3966 ,
496 3906 661 3970 ergo
697 3887 776 3952 ad
811 3905 930 3952 nos
966 3887 1205 3952 trustra
1243 3887 1438 3951 mittit
1467 3886 1778 3969 angelum
1808 3908 1826 3951 ε

285 3996 392 4061 sed
416 3996 557 4079 ipse
583 3994 746 4059 nihil
767 3994 1003 4058 frustra
1026 3994 1212 4059 facit:
1240 4011 1422 4075 ergo,
1455 3997 1575 4058 etc.

363 4108 425 4168 2.
457 4103 621 4167 Item
647 4105 813 4166 Deus
843 4099 1027 4166 Pater
1064 4101 1238 4166 misit
1261 4100 1500 4166 Filium
1520 4148 1538 4178 ‚
1573 4103 1637 4165 et
1679 4099 1835 4183 Spi-

286 4211 484 4275 ritum
533 4211 829 4274 sanctum
846 4254 864 4288 ‚
908 4207 989 4273 ad
1033 4207 1505 4291 procurandam
1547 4212 1832 4272 nostram

287 4317 562 4383 salutem
608 4334 626 4379 z
669 4316 784 4379 aut
827 4332 986 4396 ergo
1026 4314 1414 4380 sufficienter
1451 4317 1833 4397 procuratur

288 4424 460 4490 salus
483 4428 703 4488 nostra
736 4439 851 4506 per
875 4421 1112 4487 Filium
1128 4470 1147 4502 ‚
1188 4426 1251 4486 et
1292 4421 1607 4504 Spiritum
1642 4439 1833 4486 sanc-

287 4536 454 4613 tum,
487 4533 604 4596 aut
629 4547 802 4595 non:
828 4528 1059 4608 sinon,
1087 4545 1248 4610 ergo
1265 4528 1678 4611 imperfectus
1701 4546 1834 4593 me·

290 4639 498 4705 diator
524 4640 620 4702 est
658 4635 886 4712 Filius,
918 4638 983 4700 et
1006 4635 1201 4700 etiam
1237 4634 1512 4719 Spiritus
1538 4639 1794 4701 sanctus
1810 4684 1829 4717 ‚

289 4751 466 4835 quod
489 4749 831 4834 profanum
849 4753 944 4812 est
961 4748 1199 4826 dicere;
1225 4747 1280 4811 si
1297 4748 1408 4828 sic,
1425 4764 1583 4829 ergo
1599 4748 1835 4813 frustra

289 4859 573 4924 mittitur
600 4856 893 4938 angelus.

372 4970 434 5031 3.
483 4965 673 5044 Item,
733 4981 885 5028 cum
923 4960 1194 5044 angelus
1231 4959 1508 5025 mittitur
1550 4961 1632 5026 ad
1679 4980 1831 5045 nos,

360 5089 480 5153 ¹Cf.
503 5087 750 5139 Alexand.
777 5085 1003 5150 Ate-usis,
1031 5099 1083 5150 p.
1116 5087 1153 5136 tt
1174 5122 1192 5151 ,
1228 5099 1286 5150 q.
1311 5096 1501 5148 xxxin,
1550 5086 1743 5137 memb.
1772 5091 1831 5153 ις

293 5164 347 5215 S.
371 5162 577 5225 Thom.‚
605 5174 657 5225 p.
682 5161 730 5225 Ι,
761 5173 810 5224 q.
836 5171 962 5220 exn,
989 5161 1085 5209 art.
1108 5161 1163 5220 ις
1194 5158 1355 5221 Scot.,
1383 5158 1426 5208 tt
1452 5156 1612 5220 Sem„
1637 5158 1756 5209 dist.
1778 5171 1833 5223 x,

294 5248 350 5299 q.
371 5246 425 5295 ις
455 5232 625 5298 AEgid.
650 5233 821 5295 Rom„
862 5231 905 5280 lt
939 5231 1100 5293 sent„
1127 5228 1245 5280 dist.
1266 5240 1333 5292 x,
1360 5242 1412 5294 q.
1433 5239 1505 5292 11,
1536 5234 1630 5281 art.
1657 5233 1717 5293 13
1744 5231 1832 5282 Ri-

295 5304 546 5367 cnm-dus,
578 5304 621 5354 II
648 5304 808 5362 Seni„
835 5301 955 5354 dist.
977 5312 1014 5353 x
1028 5337 1047 5366 ,
1075 5313 1129 5365 q.
1151 5311 1169 5351 1
1186 5314 1204 5365 ;
1231 5300 1415 5353 Thom.
1436 5302 1579 5367 Arg„
1605 5302 1649 5353 11
1674 5301 1834 5364 Sena,

3339 314 3460 378 487

1916 450 2030 511 aut
2064 446 2147 511 ad
2177 464 2297 512 nos
2331 448 2757 526 convertitur,
2795 449 2911 513 aut
2946 464 3081 513 non
3121 467 3140 509 ι
3192 446 3248 513 si
3286 464 3421 512 non
3437 495 3456 526 ,

1917 573 2077 639 ergo
2095 557 2333 621 frustra
2355 556 2664 637 mittitur3
2695 557 2751 621 si
2777 557 2890 638 sic,
2918 575 3069 622 cum
3091 575 3224 623 non
3257 555 3461 640 possit

1917 663 2110 728 simul
2129 667 2195 730 et
2210 665 2408 729 semel
2424 664 2672 737 moveri
2692 664 2959 730 diversis
2977 663 3278 745 motibus,
3299 681 3460 746 ergo
3544 744 3553 752 ο

1919 770 2150 837 desinit
2173 790 2310 837 esse
2337 773 2581 838 beatus.

2000 882 2062 942 4.
2096 876 2256 943 Item
2296 880 2549 945 videtur
2590 898 2674 946 ex
2717 879 2840 944 hoc
2883 877 3181 961 generari
3227 880 3460 962 angelo

1921 985 2373 1068 praejudicium
2392 1035 2412 1067 ,
2463 987 2616 1070 quia
2674 990 3271 1071 quantumcumque
3317 986 3465 1070 quis

1921 1092 2003 1156 sit
2034 1092 2340 1159 ferventis
2374 1094 2695 1161 charitatis
2717 1144 2736 1174 ‚
2777 1096 3127 1162 ferventius
3166 1098 3464 1160 movetur

1921 1200 2181 1282 quando
2225 1205 2521 1267 movetur
2564 1203 2632 1267 in
2678 1202 2879 1268 Deum
2898 1251 2917 1282 ‚
2965 1222 3162 1286 quam
3205 1203 3464 1286 quando

1924 1310 2223 1373 movetur
2249 1310 2319 1373 in
2345 1310 2746 1394 proximum3
2778 1328 2935 1392 ergo
2953 1311 3305 1377 ferventius
3329 1327 3467 1374 mo-

1923 1421 2114 1480 vetur
2147 1417 2419 1499 angelus
2449 1435 2600 1481 cum
2634 1417 2759 1483 Deo
2786 1417 3053 1496 assistit,
3084 1436 3283 1501 quam
3315 1434 3468 1481 cum

1924 1523 2112 1588 nobis
2150 1524 2468 1588 ministrat
2510 1543 2527 1588 ε
2558 1525 2668 1590 sed
2702 1543 2854 1589 cum
2895 1525 3215 1590 minuitur
3252 1524 3468 1591 fervor

1925 1628 2273 1695 dilectionis
2293 1678 2311 1709 ,
2366 1629 2687 1695 minuitur
2738 1630 2987 1696 dilectio
3038 1630 3394 1695 devotionis
3444 1651 3463 1694 ε

1926 1753 2086 1819 ergo
2110 1736 2326 1801 missio
2351 1738 2732 1819 angelorum
2756 1738 2838 1803 ad
2864 1755 3012 1815 nos,
3045 1740 3110 1802 et
3135 1737 3372 1802 minuit
3395 1737 3468 1800 in

1927 1843 2019 1909 eis
2038 1844 2353 1909 fervorem
2375 1844 2717 1925 charitatis,
2743 1849 2808 1910 et
2832 1845 3084 1911 delicias
3104 1846 3471 1929 jucundita-

1926 1951 2010 2015 tis
2054 1973 2071 2016 :
2103 1969 2260 2032 ergo
2283 1955 2380 2017 est
2406 1952 2477 2015 in
2507 1952 2956 2036 praejudicium
2977 1970 3226 2018 eorum.

2011 2061 2074 2122 5.
2098 2057 2257 2123 Item
2275 2058 2399 2123 hoc
2426 2059 2640 2141 ipsum
2672 2060 2924 2125 videtur
2945 2078 2964 2124 ι
2985 2060 3222 2140 anima,
3245 2079 3473 2144 quam·

1930 2165 2035 2232 vis
2060 2165 2291 2239 habeat
2315 2167 2532 2250 plures
2557 2168 2899 2250 potentias,
2926 2170 3145 2231 tamen
3170 2168 3323 2251 quia
3346 2167 3472 2234 illae

1933 2274 2234 2358 potentiae
2257 2273 2329 2337 in
2355 2292 2489 2338 una
2513 2274 2864 2339 substantia
2883 2274 3155 2358 simplici
3182 2275 3473 2340 radican-

1934 2385 2042 2447 tur
2059 2429 2078 2459 ‚
2106 2400 2256 2446 cum
2283 2382 2637 2448 intenditur
2662 2400 2824 2463 una,
2852 2383 3199 2447 remittitur
3221 2383 3420 2448 altera
3452 2406 3469 2450 ε

1933 2508 2094 2571 ergo
2132 2489 2272 2573 pari
2301 2491 2547 2555 ratione
2582 2490 2657 2554 in
2702 2489 2948 2573 angelis
2971 2538 2990 2568 ‚
3019 2509 3168 2556 cum
3206 2491 3476 2573 angelus

1934 2596 2305 2661 sollicitatur
2328 2597 2497 2662 circa
2522 2615 2599 2662 ea
2624 2615 2772 2680 quae
2792 2600 2943 2661 sunt
2966 2596 3225 2661 virtutis
3243 2597 3475 2661 minis-

1935 2704 2186 2769 trativae
2202 2752 2220 2782 ‚
2251 2704 2566 2769 minuitur
2590 2707 2731 2787 ejus
2770 2703 3217 2786 contemplatio
3248 2726 3266 2770 ε
3315 2723 3476 2786 ergo

1936 2817 2000 2877 et
2023 2812 2294 2877 dilectiO.

2015 2925 2078 2985 6.
2125 2919 2284 2984 Item
2326 2918 2596 3002 angelus
2632 2918 2857 2995 heatus
2897 2918 3146 2984 locatur
3192 2919 3265 2984 in
3318 2919 3477 2986 coelo

1937 3045 2239 3112 empyreo
2275 3030 2582 3109 tanquam
2621 3025 2691 3089 in
2733 3025 2872 3089 loco
2920 3024 3041 3089 sibi
3086 3042 3374 3108 congruo
3414 3030 3479 3092 et

1936 3136 2237 3218 deputato
2258 3157 2273 3198 :
2301 3150 2458 3216 ergo
2480 3133 2717 3216 appetit
2732 3132 2823 3196 ibi
2849 3151 3006 3197 esse.
3033 3131 3103 3198 Si
3121 3151 3278 3215 ergo
3296 3151 3480 3215 egre·

1936 3244 2113 3309 ditur
2139 3247 2322 3308 extra
2352 3260 2754 3325 empyreum,
2775 3240 3004 3324 aliquis
3025 3242 3341 3324 appetitus
3357 3241 3481 3306 erit

1938 3351 2011 3416 in
2037 3370 2115 3416 eo
2136 3350 2555 3434 incompletus
2579 3373 2594 3414 :
2623 3366 2783 3431 ergo
2799 3347 3052 3413 videtur
3070 3347 3240 3431 quod
3260 3348 3478 3412 missio

1937 3459 2008 3521 in
2046 3458 2293 3539 angelis
2331 3461 2529 3539 ponat
2569 3454 3146 3537 incompletionem.
3200 3452 3268 3517 Si
3322 3468 3479 3534 ergo

1938 3564 2156 3645 angeli
2178 3564 2343 3628 beati
2364 3562 2605 3629 suntin
2635 3568 2804 3627 statu
2830 3560 3215 3626 omnimodae
3244 3559 3480 3642 perrec-

1935 3670 2130 3736 tionis
2146 3719 2165 3751 ‚
2204 3669 2458 3735 videtur
2495 3668 2669 3753 quod
2716 3668 2896 3732 nullo
2931 3666 3120 3732 modo
3163 3667 3481 3748 competat

1937 3777 2029 3842 eis
2057 3776 2248 3842 mitti.

2447 3957 2972 4040 GONGLHSIO.

1939 4121 2110 4176 Bonos
2153 4118 2369 4189 anqelos
2411 4116 2487 4173 ad
2526 4131 2623 4173 nos
2674 4117 2852 4182 mitti,
2906 4114 3161 4186 competit
3214 4113 3483 4169 charitati

2009 4209 2239 4279 divitia,
2268 4223 2387 4281 quoe
2428 4221 2529 4279 per
2582 4207 2677 4263 hoc
2723 4207 3147 4276 manifestatur:
3192 4203 3479 4275 anaeticoe,

2009 4314 2129 4371 quoe
2157 4312 2261 4371 per
2292 4298 2387 4354 hoc
2412 4313 2507 4354 nos
2533 4295 2794 4370 adjuvan
2837 4299 2889 4353 et
2911 4298 3142 4363 nostro,
3199 4308 3317 4365 quoe
3363 4306 3483 4349 cum

2007 4390 2086 4444 sit
2103 4387 2364 4460 parvula,
2387 4402 2491 4460 per
2514 4386 2609 4443 hoc
2632 4388 2867 4455 fovetur,
2898 4386 3173 4452 nutritur,
3197 4387 3250 4440 et
3268 4383 3480 4440 weita-

2013 4480 2124 4535 tur.

2023 4635 2206 4718 Resp.
2263 4634 2344 4699 ad
2396 4635 2558 4716 Arg.
2611 4633 2963 4699 Dicendum
3016 4631 3188 4715 quod
3238 4631 3482 4715 absque

1939 4744 2135 4810 dubio
2171 4743 2340 4808 beati
2365 4742 2580 4825 angeli
2606 4742 2688 4806 ad
2712 4759 2831 4806 nos
2856 4741 3198 4805 mittuntur
3229 4758 3269 4804 a
3296 4737 3427 4804 Deo
3458 4757 3478 4803 z

1940 4852 2057 4916 etsi
2085 4850 2161 4916 de
2186 4850 2309 4915 hoc
2343 4850 2584 4933 possint
2609 4848 2923 4931 assignari
2948 4848 3250 4931 plurimae
3279 4846 3481 4912 ratio-

1938 4977 2054 5024 nes
2075 5008 2094 5040 ‚
2123 4976 2255 5024 una
2279 4961 2496 5022 tamen
2530 4957 2860 5040 potissima
2897 4955 3176 5021 sumitur
3217 4972 3302 5020 ex
3333 4953 3480 5036 lege

1941 5157 2059 5208 dist.
2079 5169 2148 5220 x,
2177 5170 2227 5221 q.
2247 5167 2294 5221 1,
2330 5159 2428 5207 art.
2454 5161 2510 5219 13
2541 5154 2718 5220 Steph.
2746 5153 2955 5215 Brutos„
2989 5154 3032 5204 lt
3071 5152 3234 5208 Sem..
3267 5150 3385 5202 dist.
3408 5163 3477 5214 x,

1940 5228 2415 5365 21⁸;Pt83·a‹l:>11;.1,l3{el,
2446 5229 2488 5279 ΙΙ
2517 5226 2677 5290 Sena,
2704 5226 2823 5277 dist.
2842 5237 2898 5290 x,
2929 5239 2982 5290 q.
3003 5224 3159 5276 1.—²
3178 5222 3314 5284 luc„
3340 5235 3379 5288 1,
3396 5224 3479 5273 26.
