4125 6225
653 420 771 479 200

732 550 919 627 Item,
960 517 1168 613 omnis
1210 551 1319 631 qui
1366 552 1508 614 vult
1553 551 1793 633 aliquid
1830 552 2002 634 quod
2045 570 2178 614 non

651 663 881 740 potest,
938 663 1032 721 est
1083 659 1273 721 miser
1331 681 1346 721 ε
1397 659 1501 721 sed
1551 658 1712 721 Deus
1760 677 1892 720 non
1940 663 2174 740 potcst,

654 762 899 827 malum
918 810 938 841 ‚
972 764 1137 828 sicut
1171 783 1364 847 supra
1390 766 1727 848 probatum
1768 768 1863 828 est
1893 788 1907 829 ε
1939 783 2094 844 ergo
2125 766 2179 828 si

652 870 794 935 vult
817 870 1000 947 illud,
1030 872 1346 952 estmiser;
1373 872 1482 937 sed
1498 872 1620 937 hoc
1642 878 1735 937 est
1750 872 2138 956 impossibile
2160 896 2173 937 :

654 994 834 1058 erg0,
858 981 976 1041 etc.

1194 1217 1640 1285 CONCLUSIO.

656 1367 783 1423 Cum
818 1367 1021 1422 malum
1057 1368 1226 1439 culpae
1252 1369 1403 1424 nullo
1425 1373 1587 1441 pacto
1614 1373 1690 1426 sit
1728 1387 1764 1426 a
1794 1373 1898 1429 Deo
1926 1373 2181 1442 volibile,

934 1456 1132 1513 idcirco
1157 1460 1294 1514 Deus
1318 1474 1425 1514 non
1445 1460 1566 1514 vult
1588 1460 1737 1515 mala
1761 1464 1899 1531 fieri.

735 1616 920 1699 Resp.
961 1617 1041 1682 ad
1080 1618 1354 1699 Argum.
1401 1619 1747 1684 Dicendum
1787 1622 1957 1703 quod
1994 1622 2187 1706 [sicut

656 1724 925 1806 probant
959 1724 1202 1788 ultimae
1242 1725 1550 1810 rationes]
1590 1727 1833 1791 malum
1864 1748 1997 1793 non
2031 1738 2126 1794 est
2149 1751 2188 1795 a

659 1832 785 1896 Deo
812 1830 1096 1909 volibile;
1130 1832 1371 1895 malum
1392 1881 1408 1911 ,
1440 1833 1728 1915 inquam,
1766 1836 2003 1918 culpae3
2035 1838 2189 1919 quia

661 1939 869 2003 omnis
921 1938 1213 2002 voluntas
1256 1939 1610 2005 inordinata
1661 1948 1784 2022 est,
1832 1945 1937 2006 cui
1988 1945 2191 2027 placet

660 2045 819 2109 illud
850 2045 1090 2108 malum
1123 2067 1136 2106 :
1166 2050 1232 2109 et
1258 2047 1379 2109 hoc
1413 2065 1633 2111 omnes
1660 2051 2032 2114 concedunt.
2067 2051 2189 2115 Sed

661 2157 877 2216 tamen
914 2152 1110 2233 aliqui
1149 2153 1491 2217 voluerunt
1527 2155 1762 2232 dicere,
1811 2158 1982 2238 quod
2022 2157 2191 2222 Deus

663 2258 806 2322 vult
847 2258 1086 2321 malum
1135 2259 1310 2338 fleri,
1354 2279 1505 2323 cum
1542 2261 1673 2343 ipse
1716 2281 1846 2326 non
1879 2264 1959 2326 sit
1999 2284 2191 2329 causa

664 2366 836 2446 ejus;
869 2365 976 2428 sed
1003 2365 1197 2445 aliuS,
1225 2365 1349 2430 Deo
1386 2368 1650 2432 volente.
1682 2368 1759 2433 Et
1784 2370 1906 2434 hoc
1930 2372 2191 2452 quidem

663 2471 974 2549 dicebant,
1017 2471 1219 2537 Deum
1257 2474 1419 2538 velle
1462 2494 1591 2539 non
1632 2477 1876 2541 ratione
1910 2479 2046 2559 sui,
2084 2481 2191 2543 sed

663 2579 908 2643 ratione
954 2583 1093 2661 ejus
1123 2582 1295 2663 quod
1333 2582 1480 2647 inde
1523 2584 1708 2647 elicit.
1769 2585 1891 2649 Sed
1933 2587 2055 2651 hoc
2099 2592 2194 2652 est

664 2691 883 2749 contra
902 2687 1343 2768 Augustinum
1360 2739 1378 2769 ,
1406 2690 1569 2754 sicut
1594 2693 1862 2756 ostendit
1888 2692 2192 2775 Magister

665 2791 734 2855 in
782 2792 1019 2870 littera,
1063 2795 1177 2876 qui
1209 2795 1373 2859 hanc
1414 2796 1777 2879 opinionem
1826 2800 2140 2883 improbat
2172 2825 2187 2865 ε

664 2901 803 2965 ideo
844 2906 1146 2966 neutrum
1180 2909 1273 2967 est
1299 2905 1807 2986 concedendum3
1840 2909 1948 2973 sed
1978 2910 2032 2973 si
2066 2910 2192 2974 ali-

664 3007 811 3072 cubi
832 3009 1090 3089 legitur,
1112 3013 1585 3092 exponendum.

742 3118 839 3181 Ad
856 3117 1007 3182 illud
1024 3136 1180 3199 ergo
1194 3121 1364 3201 quod
1382 3122 1679 3203 objicitur
1693 3122 1759 3185 in
1775 3125 2185 3204 contrarium,

662 3223 832 3304 quod
877 3222 1044 3287 Deus
1091 3243 1221 3288 non
1271 3226 1413 3290 vult
1449 3228 1619 3309 quod
1664 3228 2054 3311 impossibile
2096 3236 2191 3296 est

661 3329 836 3404 fleri,
875 3329 1212 3394 dicendum
1250 3333 1419 3413 quod
1461 3352 1593 3397 non
1618 3335 1781 3399 velle
1816 3337 2042 3400 dicitur
2070 3339 2194 3402 du-

660 3436 906 3518 pliciter
938 3458 953 3499 :
985 3440 1097 3500 aut
1118 3439 1443 3519 negative,
1465 3445 1577 3503 aut
1594 3442 1907 3523 privative
1935 3462 1952 3506 ε
1983 3444 2035 3506 si
2071 3464 2192 3508 ne-

662 3543 875 3623 gative
894 3590 912 3620 ,
944 3561 1075 3606 nou
1111 3549 1205 3607 est
1228 3563 1457 3608 verum
1484 3546 1639 3610 illud
1658 3597 1676 3627 ,
1704 3567 1823 3611 nec
1850 3548 2193 3616 Anselmus

664 3647 755 3710 ita
772 3647 1096 3729 intelligit3
1126 3649 1177 3712 si
1201 3650 1534 3733 privative,
1561 3657 1713 3719 tunc
1733 3674 1862 3719 non
1879 3657 2040 3721 velle
2058 3677 2193 3723 una

664 3753 852 3817 dictio
895 3758 1021 3829 est,
1064 3758 1126 3818 et
1153 3756 1337 3819 tertia
1379 3776 1647 3840 persona
1681 3762 1853 3844 ejus,
1885 3766 2054 3845 quod
2098 3768 2193 3829 est

670 3861 821 3928 Nolo
849 3882 873 3923 .-
895 3867 958 3925 et
982 3862 1104 3926 hoc
1131 3864 1319 3929 modo
1345 3866 1576 3930 dicitur
1601 3868 1766 3933 Deus
1791 3871 1988 3949 nolle,
2019 3876 2192 3955 quod

665 3969 952 4033 absolute
969 3970 1111 4035 vult
1130 3990 1262 4036 non
1279 3974 1440 4039 fleri.
1462 3974 1595 4040 Hoc
1616 3983 1830 4041 autem
1851 3981 2034 4044 modo
2058 4000 2193 4045 non

665 4080 761 4141 est
779 4076 1007 4153 dicere,
1026 4077 1197 4159 quod
1223 4078 1389 4143 Deus
1413 4082 1571 4146 nolit
1588 4084 1758 4148 mala
1782 4086 1922 4149 sseri
1946 4109 1960 4150 ε
1981 4091 2050 4175 et,
2067 4087 2193 4151 hoc

665 4185 855 4250 modo
890 4202 1019 4248 non
1058 4190 1232 4250 tenet
1273 4192 1722 4273 consequentia
1759 4210 1799 4254 a
1840 4194 2157 4257 contrario
2173 4242 2191 4272 ,

665 4292 818 4374 quia
842 4310 975 4356 non
1008 4295 1179 4356 tenet
1217 4293 1286 4357 in
1316 4297 1677 4376 contrariiS,
1709 4298 1818 4362 sed
1846 4298 1914 4361 in
1943 4302 2197 4364 contra-

670 4399 967 4464 dictoriis.
1010 4442 1015 4449 -

745 4511 806 4571 2.
855 4506 953 4571 Ad
980 4507 1138 4571 illud
1163 4509 1335 4590 quod
1367 4509 1662 4592 objicitur
1696 4512 1898 4594 quod,
1942 4514 2198 4579 duobus

665 4614 967 4697 oppositis
1018 4616 1384 4698 propositis,
1448 4635 1698 4681 necesse
1758 4622 1853 4682 est
1917 4620 2188 4685 alterum

664 4721 938 4786 alterum
964 4722 1154 4802 scire,
1185 4741 1343 4805 ergo
1363 4742 1615 4788 necesse
1642 4731 1736 4789 est
1756 4726 1949 4805 velle;
1984 4728 2195 4791 dicen-

665 4826 824 4891 dum
851 4825 1023 4909 quod
1039 4874 1057 4904 ,
1087 4826 1402 4910 loquendo
1433 4828 1510 4891 de
1545 4829 1870 4893 voluntate
1893 4830 2195 4913 benepla-

667 4933 795 5011 citi,
816 4952 947 4998 non
964 4937 1057 4998 est
1073 4934 1279 4998 simile
1299 4957 1313 4998 :
1334 4953 1486 4999 nam
1507 4934 1769 4998 scientia
1795 4939 1890 5000 est
1909 4942 2195 5020 respectu

667 5041 959 5106 omnium
997 5059 1147 5124 quae
1169 5043 1379 5107 fiunt:
1428 5042 1725 5107 voluntas
1751 5046 1966 5109 autem
1998 5046 2195 5113 bene-

1776 415 2394 483 SENTENTIARUM
2434 414 2583 481 LlB.
2627 415 2676 479 l.

2285 550 2493 632 placiti
2535 568 2666 613 non
2712 554 2804 614 est
2855 549 2978 612 nisi
3023 551 3313 631 respectu
3348 564 3577 611 eorum
3594 594 3612 624 ,
3656 563 3812 629 quae

2285 663 2434 720 sunt
2456 658 2534 720 ab
2556 657 2714 739 ipso,
3497 721 3512 740 ,

2367 767 2426 826 3.
2471 763 2570 827 Ad
2597 763 2756 827 illud
2786 761 2954 844 quod
2978 761 3310 843 objicitur,
3342 760 3514 841 quod
3547 758 3817 841 quilibet

2280 872 2494 952 justus
2532 870 3041 952 vultjustitiam,
3078 872 3234 946 etc.;
3264 867 3599 932 dicendum
3636 866 3810 948 quod

2288 977 2530 1060 aliquid
2551 977 2781 1042 dicitur
2788 979 3035 1058 justum
3054 974 3420 1058 dupliciter:
3448 973 3520 1036 in
3549 992 3615 1037 se
3641 972 3816 1036 scili-

2289 1087 2421 1159 cet,
2457 1088 2520 1147 et
2556 1102 2639 1147 ex
2674 1084 2909 1148 ordine.
2961 1081 3141 1159 Quod
3175 1083 3428 1163 justum
3466 1084 3560 1143 est
3601 1081 3670 1143 in
3709 1098 3813 1155 se,

2290 1190 2641 1256 secundum
2680 1191 2746 1254 id
2784 1189 2952 1273 quod
2993 1193 3113 1268 est,
3152 1191 3247 1252 est
3281 1207 3320 1251 a
3357 1187 3481 1251 Deo
3516 1186 3812 1250 volitum.

2292 1298 2472 1375 Quod
2499 1316 2653 1362 vero
2680 1301 2772 1362 est
2790 1300 3039 1379 justum
3058 1315 3141 1360 ex
3157 1295 3399 1373 ordine,
3420 1297 3514 1357 est
3538 1292 3816 1358 volitum

2291 1426 2330 1471 a
2357 1407 2479 1471 lleo
2498 1406 2848 1479 secundum
2867 1405 3036 1488 quod
3058 1404 3420 1469 ordinatum
3446 1420 3461 1465 ε
3483 1405 3546 1466 et
3568 1401 3819 1464 malum

2294 1533 2423 1578 non
2467 1517 2559 1577 est
2601 1513 2872 1577 volitum
2916 1512 3269 1575 secundum
3309 1509 3481 1592 quod
3531 1508 3811 1585 malum,

2294 1622 2402 1685 sed
2428 1614 2778 1685 secundum
2803 1620 2972 1702 quod
3001 1619 3218 1700 punit,
3258 1623 3320 1681 et
3349 1619 3436 1680 ita
3461 1615 3820 1679 secundum

2294 1729 2464 1811 quod
2504 1729 2895 1805 ordinatum;
2927 1731 2990 1790 et
3025 1727 3114 1790 ita
3151 1725 3501 1790 secundum
3529 1695 3605 1786 id
3643 1723 3823 1805 quod

2294 1845 2421 1919 est,
2451 1859 2584 1904 non
2614 1844 2708 1904 est
2733 1840 3023 1903 volitum.

2375 1952 2434 2011 4.
2470 1948 2568 2012 Ad
2592 1947 2745 2010 illud
2777 1947 2945 2029 quod
2973 1945 3291 2027 objicitur,
3324 1943 3495 2026 quod
3529 1943 3643 2025 qui
3677 1943 3828 2006 vult

2295 2054 2562 2137 aliquid,
2593 2055 2732 2117 vult
2752 2072 2942 2117 omne
2969 2053 3062 2116 illi
3089 2070 3448 2128 annexum3
3482 2050 3830 2115 dicendum

2296 2163 2467 2245 quod
2488 2162 2649 2226 velle
2677 2162 2915 2244 aliquid
2942 2166 3034 2224 est
3055 2160 3385 2242 dupliciter
3412 2178 3429 2223 ε
3463 2164 3576 2222 aut
3594 2158 3834 2222 volun-

2294 2273 2422 2334 tate
2439 2261 2861 2348 antecedente,
2883 2273 2994 2331 aut
3013 2268 3338 2330 voluntate
3356 2270 3776 2347 consequente
3803 2288 3822 2326 ε

2298 2377 2467 2459 quod
2514 2377 2660 2440 vult
2708 2376 2940 2458 aliquis
3001 2374 3329 2438 voluntate
3388 2373 3825 2448 antecedente,

2298 2483 2439 2547 vult
2486 2501 2675 2546 omne
2721 2499 3048 2546 annexum
3087 2480 3178 2543 illi
3226 2478 3608 2555 necessar103
3650 2476 3830 2559 quod

2298 2608 2452 2655 vero
2470 2591 2610 2653 vult
2622 2589 2946 2654 voluntate
2957 2591 3394 2669 consequente,
3417 2585 3832 2667 potestetiam

2299 2698 2461 2762 velle
2489 2698 2623 2760 sine
2647 2716 2897 2760 annexo
2928 2719 2943 2760 ε
2975 2700 3174 2778 potest
3197 2693 3369 2757 enim
3391 2710 3474 2755 ex
3507 2691 3674 2754 malo
3702 2690 3832 2753 bo-

2301 2818 2460 2863 num
2487 2799 2656 2878 elici,
2687 2799 2857 2881 quod
2887 2816 3018 2861 non
3051 2798 3401 2871 eliceretur,
3435 2794 3555 2856 nisi
3583 2794 3829 2856 factum

2299 2907 2459 2972 illud
2493 2907 2735 2971 malum
2760 2907 3142 2988 displiceret,
3175 2908 3237 2966 et
3271 2903 3514 2966 bonum
3541 2901 3828 2964 elicitum

2302 3033 2440 3079 com
2449 3015 2711 3096 placeret
2726 3013 2784 3077 ei
2798 3014 2909 3095 qui
2927 3012 3106 3075 novit
3119 3011 3365 3074 elicere.
3389 3007 3597 3072 Potest
3611 3013 3830 3072 tamen

2301 3121 2665 3204 responderi
2689 3139 2800 3204 per
2823 3120 3375 3200 interemptionem
3405 3115 3577 3198 quod
3607 3114 3833 3178 volens

2301 3228 2630 3292 voluntate
2646 3227 2971 3291 consiliata
2991 3226 3133 3288 vult
3152 3224 3413 3306 aliquid,
3436 3226 3825 3300 nontamen,

2302 3335 2442 3399 vult
2477 3335 2663 3413 illud,
2706 3333 3110 3416 consequitur
3153 3353 3167 3394 :
3216 3332 3378 3393 sicut
3411 3329 3640 3411 aliquis
3688 3327 3833 3391 vult

2302 3441 2579 3524 aliquem
2619 3459 2913 3521 surgere,
2952 3440 3058 3502 sed
3100 3443 3315 3501 tamen
3345 3456 3477 3501 non
3504 3437 3642 3501 vult
3674 3453 3828 3498 eum

2303 3548 2617 3612 cecidisse.
2639 3546 2879 3610 Tamen
2895 3549 3094 3628 potest
3118 3544 3296 3608 aliter
3320 3543 3462 3623 dici,
3495 3546 3558 3606 et
3576 3541 3828 3619 melius,

2303 3656 2472 3738 quod
2511 3655 2670 3719 velle
2707 3654 2947 3736 aliquid
2974 3653 3112 3715 sine
3147 3651 3273 3715 alio
3314 3654 3408 3714 est
3434 3649 3771 3732 dupliciter
3813 3670 3827 3711 ε

2304 3767 2416 3826 aut
2432 3761 2591 3825 velle
2611 3762 2732 3825 hoc
2745 3809 2764 3836 ,
2796 3767 2859 3825 et
2883 3780 3015 3825 non
3034 3760 3194 3824 velle
3211 3759 3383 3823 aliud
3397 3807 3414 3835 ,
3436 3758 3589 3841 quia
3624 3774 3835 3820 unum

2304 3871 2538 3953 placet,
2569 3875 2631 3933 et
2656 3869 2829 3933 aliud
2856 3869 3165 3950 displicet,
3209 3871 3270 3931 et
3303 3867 3392 3930 sic
3419 3865 3709 3949 possibile
3735 3868 3835 3927 est

2305 3978 2405 4040 his
2430 3995 2574 4059 quae
2604 3976 3101 4058 inseparabiliter
3126 3979 3275 4038 sunt
3301 3977 3669 4055 conjuncta3
3706 3971 3834 4036 alio

2306 4086 2495 4148 modo
2514 4085 2674 4149 velle
2698 4083 2935 4166 aliquid
2962 4084 3096 4147 sine
3122 4083 3266 4161 ali0,
3288 4086 3382 4145 est
3403 4081 3564 4144 velle
3587 4079 3834 4161 aliquid

2306 4193 2442 4257 sine
2459 4192 2564 4257 illo
2591 4211 2756 4271 esse,
2787 4196 2850 4255 et
2874 4191 2996 4254 hoc
3026 4190 3214 4253 modo
3242 4189 3403 4254 velle
3425 4176 3662 4269 aliquid
3698 4187 3837 4252 sine

2305 4300 2807 4382 inseparabiliter
2832 4316 3083 4363 annexo
3113 4301 3207 4361 est
3230 4296 3391 4361 velle
3417 4294 3830 4379 impossibile.

2308 4406 2521 4472 Primo
2561 4407 2749 4472 modo
2787 4425 2918 4471 non
2963 4406 3270 4489 sequitur,
3316 4404 3490 4488 quod
3536 4402 3690 4466 velit
3725 4402 3792 4465 id
3814 4449 3833 4478 ,

2307 4515 2599 4598 quamvis
2623 4533 2751 4578 non
2779 4515 2914 4578 sine
2940 4515 3046 4578 illo
3078 4536 3093 4578 z
3123 4531 3346 4577 sensus
3360 4511 3533 4574 enim
3559 4512 3673 4584 est,
3696 4526 3832 4572 non

2307 4623 2442 4687 sine
2469 4623 2578 4685 illo
2604 4626 2780 4700 ente,
2816 4620 2925 4685 sed
2957 4626 3170 4684 tamen
3206 4619 3341 4683 sine
3371 4617 3476 4681 illo
3502 4616 3719 4681 volit0.
3752 4614 3832 4679 Et

2306 4734 2399 4793 est
2425 4729 2793 4809 exemplum
2810 4727 3101 4792 sensibile
3131 4749 3147 4790 ι
3178 4726 3324 4791 volo
3351 4725 3525 4788 enim
3551 4722 3830 4804 aliquem

2305 4832 2418 4914 qui
2444 4831 2662 4895 cecidit
2687 4848 2983 4912 surgere,
3029 4830 3115 4892 ita
3142 4828 3311 4911 quod
3340 4845 3468 4891 non
3497 4825 3640 4927 volo
3675 4842 3831 4888 eum

2305 4937 2592 5003 cecidisse
2610 4984 2627 5012 ,
2654 4954 2786 4999 non
2827 4940 3041 4999 tamen
3077 4935 3219 4999 volo
3254 4932 3426 5016 quod
3463 4936 3706 5013 surgat,
3737 4932 3829 4994 ita

2304 5047 2471 5130 quod
2500 5064 2632 5109 non
2654 5044 2966 5111 ceciderit.
