4125 6225
63 1561 235 1610 Divisio.

1563 443 1944 511 DISTINCT.
1989 443 2094 513 IX.

604 780 607 786 Δ
690 691 1104 761 EXPOSITIO
1143 694 1470 790 TEXTUS.

325 854 450 905 Post
472 853 718 919 praedicta
743 860 983 920 superest
1002 871 1313 923 cognoscere
1330 857 1394 908 de
1417 854 1701 921 ordinibus,
1718 856 1816 905 etc.

386 1012 596 1096 Supra
643 1015 781 1096 egit
831 1013 1135 1098 Magister
1184 1016 1262 1080 de
1316 1013 1845 1098 consequentibus

300 1121 626 1186 malorum
665 1123 1192 1203 obstinationem3
1242 1124 1309 1187 in
1339 1123 1461 1188 hac
1489 1126 1667 1205 parte
1708 1122 1845 1203 agit

299 1229 380 1292 de
416 1229 521 1292 his
551 1248 698 1312 quae
738 1236 1223 1326 consequuntur
1257 1232 1576 1295 bonorum
1612 1229 1841 1294 confir-

300 1336 670 1401 mationem.
697 1337 850 1403 Haec
872 1344 1091 1403 autem
1114 1343 1263 1404 sunt
1284 1339 1437 1418 duc,
1463 1337 1695 1402 scilicet
1719 1336 1873 1428 dis-⁸

294 1445 519 1510 tinctio
536 1446 862 1527 ordinum,
884 1450 949 1511 et
969 1464 1361 1529 consequens
1378 1445 1837 1510 ministerium:

293 1552 441 1617 ideo
474 1552 615 1617 baec
641 1571 786 1636 pars
810 1555 1004 1619 habet
1028 1555 1189 1621 duas
1221 1576 1235 1619 :
1269 1554 1337 1618 in
1361 1555 1575 1637 prima
1600 1553 1740 1634 agit
1763 1552 1841 1616 de

292 1659 736 1742 angelicorum
785 1662 1086 1727 ordinum
1132 1661 1569 1740 distinctione;
1624 1660 1693 1724 in
1741 1678 1839 1724 se-

294 1768 525 1847 cunda,
548 1768 626 1833 de
648 1767 1030 1850 angelorum
1052 1768 1407 1833 ministerio
1428 1771 1492 1832 et
1509 1768 1834 1845 missione,

291 1874 481 1953 infra,
507 1874 905 1939 distinctione
930 1879 1007 1938 10
1030 1897 1045 1938 ε
1068 1875 1202 1940 Hoc
1225 1875 1419 1940 etiam
1445 1876 1837 1957 investigan-

291 1982 450 2047 dum
477 1988 592 2063 est,
618 1987 738 2046 etc.
770 1983 987 2048 Prima
1012 2003 1162 2067 pars
1185 1985 1380 2049 habet
1406 1984 1564 2048 duas
1589 1990 1834 2067 partes:

291 2089 362 2153 in
389 2091 595 2174 prima
617 2092 754 2173 agit
779 2092 858 2156 de
883 2092 1284 2157 distinctione
1310 2092 1611 2157 ordinum
1639 2110 1840 2175 quan-

291 2204 434 2265 tum
470 2202 549 2266 ad
587 2202 913 2285 propriam
949 2202 1417 2282 conditionem;
1459 2203 1527 2267 in
1560 2202 1840 2267 secunda

289 2325 483 2387 vern,
521 2313 840 2390 quantum
877 2309 956 2374 ad
995 2309 1464 2394 reparationem
1489 2358 1506 2388 ,
1548 2309 1637 2373 ibi
1667 2333 1683 2374 ι
1712 2311 1840 2376 Νο-

289 2414 567 2481 tandum
587 2418 783 2483 etiam
798 2416 969 2500 quod
983 2416 1271 2483 decimus
1287 2415 1467 2495 orde,
1484 2420 1603 2481 etc.
1625 2416 1729 2481 Pri
1736 2436 1839 2482 ma

285 2541 439 2606 pars
473 2524 665 2590 habet
692 2530 967 2608 quatuor
1005 2530 1216 2609 partes
1244 2549 1259 2590 :
1290 2525 1359 2590 in
1395 2525 1602 2609 prima
1625 2526 1839 2590 deter-

290 2631 499 2696 minat
550 2633 821 2715 qualiter
863 2633 1245 2714 angelorum
1298 2632 1553 2698 ordines
1608 2634 1839 2699 distin-

289 2744 623 2820 guuntur;
661 2742 732 2804 in
768 2742 1045 2806 secunda
1084 2742 1358 2824 qualiter
1397 2741 1834 2824 nominantur,

287 2846 381 2910 ibi
409 2865 425 2911 ε
454 2847 576 2914 Hic
603 2850 1145 2917 considerandum
1169 2855 1281 2916 est.
1314 2849 1391 2913 In
1418 2853 1607 2915 tertia
1630 2852 1836 2915 deter-

285 2954 494 3019 minat
537 2957 711 3039 quod
756 2958 840 3022 sit
883 2958 1084 3041 hujus
1133 2958 1550 3023 ordinationis
1602 2959 1838 3042 princi-

285 3062 503 3146 pium,
533 3063 622 3129 ibi
650 3088 667 3130 z
691 3066 836 3133 Jam
865 3083 1037 3134 mmo
1062 3068 1387 3151 inquirere
1414 3072 1650 3144 restat,
1686 3070 1833 3147 etc.;

285 3170 359 3233 in
381 3176 605 3254 quarta
625 3191 782 3238 vero
804 3177 868 3239 et
893 3174 1123 3239 ultima
1144 3175 1520 3240 determinat
1544 3175 1833 3255 modum,

286 3277 378 3342 ibi
409 3297 426 3343 ε
458 3278 763 3348 Proeterea
802 3282 1208 3348 consideran·
1246 3288 1488 3365 oportet
1507 3330 1529 3363 ,
1564 3286 1682 3347 etc.
1723 3281 1838 3347 Se-

287 3389 501 3453 cunda
541 3408 696 3455 vero
730 3408 879 3473 pars
926 3391 1309 3475 principalis,
1358 3409 1506 3474 quae
1554 3391 1775 3474 incipit
1814 3412 1833 3457 τ

288 3494 696 3578 Notandum,
721 3501 870 3575 etc„
905 3498 1064 3563 duas
1098 3498 1290 3563 habet
1320 3519 1337 3562 ε
1367 3499 1435 3562 in
1475 3498 1684 3581 prima
1719 3498 1836 3564 de-

288 3605 590 3670 terminat
618 3606 697 3670 de
734 3607 1132 3689 reparatione
1167 3607 1467 3672 ordinum
1507 3606 1835 3689 angelico-

289 3728 440 3774 rum
481 3711 766 3776 facienda
801 3718 1117 3795 quantum
1157 3713 1238 3778 ad
1276 3714 1590 3796 gradum3
1619 3714 1691 3777 in
1730 3732 1835 3777 se-

289 3819 502 3883 cunda
524 3837 682 3884 vero
703 3824 1022 3903 quantum
1042 3821 1124 3886 ad
1144 3840 1515 3902 numerum,
1540 3822 1627 3887 ibi
1652 3841 1669 3886 ι
1691 3822 1836 3889 Non

287 3929 463 3992 enim
481 3927 693 4007 Juxta
716 3944 1078 4009 numerum,
1105 3933 1224 3994 etc.

368 4035 469 4100 Ad
509 4034 994 4119 intelligentiam
1040 4042 1256 4102 autem
1303 4054 1527 4101 eorum
1575 4055 1724 4119 quae
1766 4036 1835 4099 in

287 4142 410 4207 hac
453 4148 634 4226 parte
681 4144 981 4209 dicuntur
1010 4148 1062 4225 ¹,
1111 4143 1319 4227 primo
1359 4144 1833 4226 procedendum

283 4255 384 4316 est
406 4253 518 4316 via
536 4251 946 4330 narrationis;
978 4251 1258 4316 secundo
1287 4269 1463 4331 vero,
1489 4251 1597 4316 via
1623 4252 1832 4334 inqui-

286 4355 675 4426 sitionis.Via
700 4359 1082 4424 narrationis
1106 4363 1321 4424 autem
1351 4362 1445 4423 est
1468 4359 1829 4440 diffinitiva,

155 4465 162 4470 ’
288 4470 352 4532 et
389 4467 664 4533 divisiva
694 4486 712 4531 ε
744 4471 809 4532 et
848 4466 989 4531 ideo
1034 4469 1284 4548 oportet
1322 4465 1431 4531 bic
1474 4472 1833 4548 praenotare

287 4576 717 4659 quarumdam
758 4591 982 4652 rerum
1020 4574 1428 4640 diffinitiones
1471 4580 1536 4639 et
1574 4575 1833 4641 divisio-

287 4701 422 4747 nes.
477 4680 730 4766 Oportet
779 4681 982 4764 igitur
1028 4683 1236 4765 primo
1281 4682 1498 4747 videre
1547 4682 1702 4766 quid
1753 4684 1834 4748 sit

288 4789 674 4869 hierarchia;
702 4790 978 4854 secundo
1001 4807 1178 4865 vero,
1204 4788 1358 4871 quid
1380 4788 1683 4871 angelus;
1711 4794 1834 4855 ter-

287 4898 402 4978 tie,
439 4897 598 4981 quid
632 4897 713 4961 sit
746 4897 902 4962 ordo
941 4896 1291 4976 angelicus·
1322 4895 1565 4973 Quibus
1601 4896 1829 4980 praein·

354 5023 374 5058 ¹
393 5021 686 5073 Notandum
707 5022 847 5086 quod
873 5022 971 5072 ista
993 5034 1104 5073 non
1121 5023 1240 5070 sunt.
1265 5019 1420 5070 dubia
1439 5020 1710 5084 litteralia3
1740 5021 1831 5072 sed

289 5094 482 5145 debent
506 5095 739 5159 praeponi
757 5129 771 5157 ,
802 5097 854 5144 et
884 5094 986 5159 legi
1015 5097 1132 5144 ante
1155 5093 1464 5157 quaestiones
1496 5093 1718 5143 distinct.
1741 5105 1829 5156 lx,

289 5167 410 5232 quia
431 5167 662 5217 serviunt
687 5167 750 5215 ad
769 5165 1156 5229 intelligentiam
1175 5163 1544 5229 quoestionum.
1557 5191 1621 5204 —
1637 5167 1659 5198 ²
1675 5165 1827 5215 Dion.

289 5242 502 5304 Areop,
521 5239 582 5289 de
601 5238 723 5289 Coet.
743 5237 1023 5301 Hier-arch„
1041 5251 1086 5289 e.
1105 5249 1184 5287 111.
1208 5236 1375 5287 Tertia
1385 5236 1614 5288 definitio
1633 5237 1707 5287 sic
1719 5236 1831 5288 red-

289 5310 426 5362 ditur
447 5326 481 5362 a
508 5310 799 5361 Baltbazare
821 5310 1096 5361 Corderio:
1130 5325 1158 5358 ι(
1178 5310 1374 5373 Scopus
1394 5308 1699 5360 hierarchias
1724 5313 1828 5372 est,

291 5382 414 5447 Dei,
452 5384 642 5448 quanta
673 5381 785 5432 fieri
817 5385 1018 5446 potest,
1055 5379 1349 5431 assimilatio
1391 5380 1827 5445 conjunctioque3

292 5467 449 5519 quem
474 5468 595 5505 cum
620 5453 806 5506 babeat
826 5452 996 5505 omnis
1012 5466 1170 5505 sacroe
1186 5456 1239 5504 et
1252 5452 1480 5505 scientias
1505 5456 1557 5504 et
1575 5452 1829 5516 operatio-

3379 468 3490 529 461

1951 580 2213 645 tellectis
2232 628 2249 659 ,
2281 580 2565 647 maxima
2599 584 2709 650 via
2753 590 3165 669 praestabitur
3198 596 3382 661 nobis
3420 600 3501 665 ad

1954 689 2284 772 sequentia
2295 691 2721 758 terminanda.
2737 693 3077 764 Sciendum
3093 701 3315 785 igitur,
3327 707 3501 788 quod

1954 802 2188 879 praeter
2214 798 2657 863 diffinitionem
2693 804 2849 884 quid
2881 809 3183 891 nominis,
3214 832 3344 896 qua
3370 814 3503 881 hie-

1954 905 2205 969 rarchia
2229 906 2463 971 dicitur
2489 927 2528 971 a
2554 908 2738 977 hiera
2765 911 2871 995 (a),
2905 918 3076 998 quod
3102 924 3196 984 est
3220 938 3499 1006 sacrum,

1953 1016 2016 1077 et
2049 1013 2263 1093 archi,
2291 1018 2734 1098 principatu&
2767 1024 2948 1107 quasi
2979 1043 3154 1091 sacer
3191 1030 3501 1115 principa—

1951 1123 2058 1184 tus
2082 1122 2185 1185 vel
2209 1122 2397 1202 ordo;
2429 1124 2628 1206 ipsius
2653 1126 3031 1195 hierarchiae
3060 1132 3130 1197 B.
3159 1133 3499 1219 Dionysius

1949 1231 2079 1292 tres
2129 1229 2309 1312 ponit
2366 1231 2815 1314 diffinitiones,
2863 1236 3026 1301 libro
3071 1240 3150 1306 de
3190 1242 3498 1327 Anqelica

1950 1336 2385 1419 Hierarchz’a,·
2423 1358 2702 1421 quarum
2747 1343 2955 1424 prima
2987 1352 3081 1412 est
3122 1349 3263 1415 haec
3294 1374 3308 1417 ε
3342 1353 3496 1418 Hie·
3563 1363 3739 1408 Hieru-

1949 1445 2203 1509 rarchia
2235 1450 2330 1511 est
2364 1445 2584 1511 divina
2632 1448 3070 1535 pulchritudO,
3113 1460 3189 1521 ut
3230 1458 3493 1544 simpla,
3524 1426 3681 1533 3213?
3685 1429 3735 1534 ⁸11

1948 1555 2024 1616 ut
2063 1552 2341 1636 optima,
2381 1558 2455 1617 ut
2495 1558 3029 1624 consummativa.
3069 1559 3363 1630 Secunda
3404 1572 3498 1633 est
3526 1553 3627 1599 Μ·
3664 1560 3706 1600 ²·

1948 1658 2088 1723 baec
2120 1682 2135 1725 ε
2168 1660 2538 1726 Hierarchia
2583 1667 2679 1727 est
2713 1665 2870 1730 ordo
2910 1666 3207 1749 divium,
3238 1673 3499 1740 scientia

1947 1770 2012 1830 et
2036 1766 2199 1831 actio
2224 1767 2561 1849 deiforme,
2594 1775 2910 1852 quantum
2938 1776 3231 1855 possibile
3257 1784 3383 1859 est,
3416 1783 3498 1846 si-

1947 1874 2211 1955 milanS,
2251 1880 2315 1940 et
2350 1877 2429 1941 ad
2467 1878 2699 1943 inditas
2733 1880 2795 1943 ei
2829 1881 3142 1948 divinitus
3177 1887 3496 1955 illumina-

1946 1982 2152 2048 tiones
2204 1987 2822 2069 proportionabiliter
2868 1990 2937 2054 in
2982 1991 3092 2057 Dei
3139 1995 3496 2065 similitudi-

1945 2109 2100 2154 nem
2138 2094 2503 2159 ascendenS.
2533 2093 2743 2161 Tertia
2775 2101 2871 2162 est
2902 2099 3045 2165 haec
3074 2121 3090 2164 ε
3126 2100 3494 2172 Hierarchia
3522 2116 3623 2161 Diff·
3648 2120 3690 2162 ³·

1946 2204 2043 2263 est
2067 2201 2146 2265 ad
2179 2201 2374 2266 Deum
2393 2250 2409 2280 ‚
2445 2209 2761 2286 quantum
2792 2208 3089 2290 possibile
3115 2214 3239 2290 est,
3268 2212 3493 2278 simili-

1944 2309 2103 2374 tudo
2122 2313 2184 2373 et
2202 2311 2437 2388 unitam,
2458 2311 2673 2395 ipsum
2692 2313 2934 2380 habens
2955 2319 3237 2385 scientiae
3259 2327 3492 2388 sanctae

1946 2420 2010 2480 et
2035 2417 2298 2481 actionis
2321 2418 2576 2495 ducem,
2604 2424 2668 2485 et
2689 2421 2770 2485 ad
2795 2440 2992 2487 suum
3014 2425 3493 2495 divinissimum

1945 2522 2239 2589 decorem
2274 2524 2763 2592 immutabiliter
2792 2529 3144 2611 diffiniens;
3176 2542 3494 2617 quantum

1944 2649 2099 2695 vero
2118 2633 2411 2713 possibile
2434 2638 2551 2712 est,
2567 2636 2922 2702 reformans
2937 2639 3012 2723 (b)
3028 2660 3179 2705 suos
3199 2642 3493 2711 laudato-

1943 2754 2047 2800 res
2057 2739 2101 2801 2.
2120 2737 2390 2803 lstarum
2404 2740 2862 2808 diffinitionum
2875 2746 3198 2812 distinctio
3209 2754 3273 2813 et
3285 2752 3493 2835 expli—

1937 2829 2109 2908 catio
2138 2850 2341 2927 potest
2369 2847 2459 2911 sic
2484 2847 2705 2913 haberi
2738 2873 2752 2912 :
2778 2850 2939 2927 Quia
2964 2854 3174 2935 prima
3199 2856 3492 2924 diffinitio

1943 2956 2038 3016 est
2058 2952 2435 3019 hierarchiae
2453 2954 2782 3036 increatae3
2809 2958 2958 3024 duae
2977 2980 3130 3027 vero
3152 2971 3488 3046 sequentes

1944 3065 2192 3130 creatae.
2219 3060 2533 3128 Differunt
2554 3068 2794 3147 autem,
2822 3067 2975 3150 quia
2996 3069 3207 3153 prima
3227 3071 3487 3139 illarum

1943 3167 2372 3252 principaliter
2422 3172 2773 3237 attenditur
2822 3193 3016 3258 penes
3068 3196 3404 3260 egressum
3450 3200 3491 3246 a

1944 3274 2092 3355 Deo;
2118 3277 2225 3342 sed
2254 3278 2481 3344 ultima
2506 3298 2702 3363 penes
2726 3300 3116 3364 regressum,
3144 3286 3287 3352 licet
3314 3294 3492 3353 utro-

1941 3382 2136 3466 bique
2161 3389 2464 3468 tangatur
2487 3392 2864 3473 utrumque.
2899 3390 3113 3456 Prima
3137 3398 3352 3459 autem
3378 3397 3491 3462 dif-

1942 3489 2148 3556 finitio
2167 3510 2315 3575 quae
2335 3498 2432 3557 est
2449 3494 2823 3561 hierarchiae
2845 3497 3166 3578 increatae,
3188 3503 3489 3585 exprimit

1940 3596 2147 3680 ipsam
2185 3605 2501 3683 quantum
2539 3603 2618 3667 ad
2654 3604 3002 3670 trinitatem
3041 3611 3104 3671 et
3142 3609 3480 3692 unitatem,

1942 3703 2029 3768 ita
2057 3707 2231 3788 quod
2257 3726 2375 3772 nec
2402 3709 2649 3774 trinitas
2676 3712 3054 3794 praejudicat
3082 3715 3341 3795 unitati,
3368 3736 3485 3782 nec

1940 3812 2158 3876 unitas
2201 3814 2468 3878 trinitati
2499 3838 2514 3879 z
2545 3816 2657 3880 sed
2691 3817 2907 3883 unitas
2948 3826 3185 3902 spectat
3217 3823 3297 3887 ad
3331 3842 3484 3906 per-

1938 3920 2274 3985 fectionem
2317 3922 2650 4003 trinitatiS,
2692 3929 2757 3989 et
2794 3927 3042 3991 trinitas
3079 3929 3361 3993 unitatis.
3404 3930 3484 3995 Ut

1940 4028 2142 4109 igitur
2166 4030 2531 4095 ostendatur
2560 4031 2647 4095 ibi
2673 4050 2809 4097 esse
2837 4034 3049 4098 unitas
3075 4035 3145 4098 in
3174 4036 3476 4118 trinitate,

1939 4135 2091 4200 dicit
2118 4158 2132 4200 :
2165 4160 2196 4198 α
2224 4136 2593 4202 Hierarchia
2618 4144 2713 4204 est
2738 4139 2956 4205 divina
2985 4142 3411 4224 pulchritudo,
3439 4167 3470 4204 n
3526 4174 3704 4220 niem.

1941 4242 2357 4309 Pulchritudo
2390 4246 2562 4309 enim
2599 4247 2885 4311 consistit
2919 4248 2988 4311 in
3020 4248 3379 4332 pluralitate
3416 4256 3482 4316 et
3507 4239 3718 4345 ffifflf„

1941 4351 2336 4433 aequalitate,
2371 4352 2537 4416 sicut
2579 4353 2731 4417 dicit
2759 4353 3159 4437 Augustinus
3201 4358 3270 4420 in
3316 4359 3479 4426 libro
3517 4364 3711 4471 ⁰2:²⁸1?-

1939 4456 2019 4524 de
2072 4474 2222 4525 vera
2271 4457 2590 4541 Reliqz‘one
2616 4461 2660 4521 ³.
2712 4459 2795 4525 Ut
2847 4453 3064 4527 autem
3114 4465 3479 4531 ostendatur

1937 4567 2113 4648 quod
2134 4566 2464 4649 pluralitas
2484 4586 2615 4632 non
2638 4570 3007 4652 praejudicet
3027 4571 3283 4651 unitati,
3303 4574 3472 4655 dicit,

1938 4678 2012 4740 ut
2053 4673 2332 4756 simpla,
2378 4674 2532 4758 quia
2578 4675 2668 4740 sic
2714 4680 2811 4741 est
2850 4677 2938 4742 ibi
2984 4678 3355 4761 pluralitaS,
3401 4687 3478 4748 ut

1935 4786 2155 4848 tamen
2197 4800 2329 4845 non
2369 4782 2628 4847 tollatur
2670 4785 2929 4849 unitatis
2964 4786 3352 4871 simplicitas.
3398 4789 3479 4856 Ut

1937 4896 2154 4954 autem
2194 4889 2564 4954 ostendatur
2600 4892 2770 4974 quod
2808 4893 3023 4958 unitas
3061 4913 3191 4960 non
3232 4902 3475 4982 praeju-

1937 5007 2020 5057 nis
2037 5007 2223 5057 ducem
2238 5042 2256 5070 ‚
2295 5005 2361 5056 ad
2382 5005 2756 5058 divinissimum
2777 5009 2884 5072 ejus
2913 5010 3153 5062 decorem
3177 5018 3475 5070 constanter

1936 5079 2205 5130 intuendo,
2231 5079 2471 5128 eumdem
2492 5081 2663 5145 quoad
2690 5084 2855 5143 potest.
2883 5083 3146 5146 exprimit,
3169 5098 3375 5137 necnon
3395 5088 3470 5138 di-

1934 5153 2089 5203 vinos
2117 5152 2197 5202 sui
2219 5157 2485 5204 consortes
2508 5166 2654 5204 sacra
2678 5153 2911 5217 quaedam
2943 5157 3140 5218 perficit
3172 5159 3442 5213 simulacra
3457 5198 3472 5227 ,

1935 5224 2242 5288 speculaque
2258 5222 2536 5276 clarissima
2553 5229 2605 5275 et
2630 5224 2972 5279 immaculata.
2986 5244 3015 5276 ι)
3038 5228 3281 5282 Biblioth.
3307 5233 3470 5300 Patr„

1935 5296 2100 5360 Lugd.
2134 5297 2281 5360 1677,
2311 5298 2350 5346 t.
2373 5297 2453 5361 11,
2487 5300 2620 5363 part.
2646 5297 2701 5360 1,
2734 5310 2786 5361 p.
2813 5300 2920 5350 151.
2945 5325 3008 5338 —
3032 5300 3226 5368 ⁸Aug„
3262 5301 3323 5354 de
3356 5317 3472 5357 vera

1937 5369 2118 5432 Reliq„
2146 5382 2192 5419 c.
2212 5377 2337 5418 xxx.

2001 5449 2069 5515 (α)
2099 5449 2305 5501 Scilicet
2330 5440 2430 5514 ἱερὰ
2456 5442 2597 5515 ἀρχὴ.
2618 5473 2681 5486 -
2708 5448 2776 5516 (ὁ)
2808 5450 2891 5501 ΔΖ.
2918 5452 3179 5508 reformat.
