4125 6225
106 1330 195 1373 Ad
250 1341 383 1383 opp.

196 4991 423 5038 rand-m.

1237 445 1430 510 DIST.
1476 445 1557 511 II.
1602 442 1836 511 PART.
1878 441 1931 506 I.
1974 438 2162 505 ΛΒΤ.
2205 439 2282 505 II.
2329 439 2627 520 QUAEST‚
2673 442 2724 510 I.

400 581 638 646 mediae
673 583 965 660 naturae3
1007 579 1263 643 tertium
1280 628 1298 659 ,
1336 583 1559 645 utrum
1590 598 1693 644 res
1728 555 1955 661 corpo-

401 690 574 754 rales
601 693 665 753 et
689 686 1066 770 spiritualeS,
1098 686 1234 751 sive
1260 687 1589 752 aeviternae
1615 693 1679 754 et
1703 693 1951 768 tempo-

403 798 608 876 raleS,
637 795 880 861 fuerint
904 795 1094 860 simul
1125 796 1473 878 productae.

969 1033 1323 1113 QUAESTIO
1366 1034 1417 1098 Ι.

550 1184 646 1239 An
672 1197 843 1239 oevum
861 1179 1132 1254 proecedat
1159 1180 1342 1251 aliquo
1372 1177 1525 1235 modo
1556 1182 1758 1252 tempus
1777 1179 1818 1233 ¹.

502 1331 682 1408 Quod
709 1351 928 1397 aevum
958 1332 1040 1396 sit
1070 1332 1247 1414 prius
1272 1341 1577 1414 tempore,
1607 1329 1959 1395 ostenditur

422 1458 538 1522 per
561 1439 720 1505 illud
742 1439 942 1506 Boetii
966 1440 1281 1522 loquentis
1308 1441 1388 1504 ad
1414 1439 1616 1504 Deum
1643 1460 1658 1504 ε

1046 1658 1144 1679 .....
1166 1626 1264 1687 Qui
1291 1629 1493 1693 tempus
1519 1627 1585 1678 ab
1605 1640 1719 1678 aevo

610 1699 690 1751 Ire
713 1699 865 1766 jubes
870 1733 968 1750 .....

424 1869 549 1935 Sed
576 1872 827 1952 tempus
852 1869 949 1934 ire
975 1869 1057 1933 ab
1088 1886 1231 1934 aevo
1258 1887 1391 1933 non
1427 1873 1632 1952 potest
1655 1871 1927 1953 intelligi
1942 1919 1960 1949 ,

425 1977 554 2040 nisi
582 1977 685 2041 vel
717 1976 962 2041 ratione
1000 1977 1382 2041 causalitatis
1398 2025 1416 2056 ,
1447 1977 1551 2043 vel
1580 1978 1930 2043 durationis
1943 2028 1960 2056 ‚

425 2084 534 2148 vel
573 2083 962 2148 excellentiae
978 2132 996 2163 ,
1036 2083 1189 2165 quia
1226 2083 1436 2149 deficit
1473 2085 1554 2148 ab
1594 2103 1738 2150 aevo
1764 2108 1780 2149 t
1808 2104 1966 2168 ergo

425 2190 681 2255 videtur
741 2191 917 2255 omni
984 2191 1176 2256 modo
1241 2191 1731 2273 intelligendum
1795 2193 1968 2275 quod

427 2314 645 2360 aevum
672 2298 755 2362 sit
777 2301 1064 2380 tempore
1091 2298 1291 2381 prius.

511 2409 572 2469 2.
602 2404 759 2469 Item
785 2405 994 2470 omnis
1017 2408 1231 2469 motus
1253 2409 1318 2469 et
1341 2405 1615 2470 mutatio
1636 2407 1717 2470 ad
1743 2407 1970 2472 immo-

427 2511 555 2576 bile
596 2513 944 2593 reducitur,
982 2515 1293 2596 tanquam
1334 2514 1415 2578 ad
1454 2514 1632 2596 prius
1663 2537 1677 2578 :
1710 2533 1866 2596 ergo
1907 2518 1971 2579 et

428 2637 737 2684 mensura
769 2620 865 2684 rei
906 2620 1160 2684 mobilis
1193 2620 1274 2684 ad
1314 2638 1681 2685 mensuram
1714 2623 1807 2686 rei
1844 2623 1972 2685 im-

430 2727 720 2792 mobilis:
745 2745 902 2808 ergo
927 2732 990 2791 et
1015 2731 1267 2810 tempus
1286 2728 1368 2793 ad
1392 2746 1606 2793 aevum
1621 2777 1637 2807 ,
1666 2731 1970 2812 tanquam

430 2835 515 2898 ad
558 2835 756 2917 prius,
788 2832 1001 2899 Prima
1042 2835 1491 2918 consequentia
1526 2835 1854 2900 manifeste
1880 2839 1976 2900 est

430 2960 610 3019 vera,
636 2942 791 3025 quia
815 2960 1006 3007 omne
1032 2942 1319 3007 fluxibile
1341 2943 1423 3008 ad
1448 2945 1642 3021 stans,
1667 2947 1973 3026 tanquam

433 3048 515 3112 ad
556 3048 734 3132 prius
753 3097 771 3127 ,
807 3048 1156 3114 reducitur.
1201 3047 1492 3115 Secunda
1528 3051 1976 3134 consequentia

432 3159 607 3220 tenet
631 3156 981 3221 secundum
1009 3156 1322 3221 rationem
1348 3158 1795 3240 proportioniS,
1826 3159 1977 3243 quia

435 3263 605 3328 sicut
626 3282 693 3328 se
719 3265 910 3328 habet
934 3268 1379 3329 mensuratum
1401 3265 1481 3329 ad
1508 3268 1972 3344 mensuratum,

436 3371 532 3434 sic
558 3388 861 3435 mensura
884 3371 965 3435 ad
989 3389 1382 3436 mensuram.
1413 3372 1608 3454 Ergo,
1638 3377 1757 3437 etc.

522 3481 582 3541 3.
625 3476 784 3542 Item
811 3495 852 3541 a
876 3478 1075 3561 priori
1100 3483 1164 3542 et
1199 3478 1528 3561 posteriori
1557 3480 1626 3544 in
1659 3481 1980 3562 magnitu-

438 3584 592 3649 dine
617 3585 914 3648 causatur
938 3584 1120 3665 prius
1146 3590 1211 3650 et
1240 3585 1552 3667 posterius
1578 3586 1648 3650 in
1675 3593 1887 3668 motu,
1919 3592 1982 3652 et

439 3709 482 3755 a
505 3690 707 3773 priori
734 3694 797 3754 et
819 3691 1156 3772 posteriori
1179 3692 1249 3756 in
1271 3696 1452 3757 motu
1479 3698 1778 3759 causatur
1802 3695 1982 3777 prius

439 3800 507 3862 et
543 3797 857 3880 posterius
890 3797 962 3861 in
998 3802 1326 3881 tempore:
1354 3818 1511 3882 ergo
1540 3819 1654 3884 per
1681 3806 1981 3869 naturam

441 3909 539 3969 est
577 3904 752 3987 prior
782 3905 1184 3988 magnitudo,
1218 3912 1282 3973 et
1310 3909 1772 3990 magnitudinis
1812 3930 1947 3977 esse
1960 3961 1978 3991 ‚

438 4029 641 4094 quam
681 4011 762 4075 sit
799 4029 936 4076 esse
973 4014 1278 4096 temporis
1309 4037 1325 4080 ε
1356 4016 1465 4080 sed
1506 4034 1641 4081 esse
1684 4018 1983 4082 substan-

442 4117 592 4182 tiale
618 4118 810 4200 primi
840 4121 1122 4201 corporis
1146 4125 1554 4187 mensuratur
1580 4142 1742 4203 aevo,
1772 4128 1985 4191 motus

443 4243 601 4290 vero
615 4230 901 4309 tempore
920 4246 1112 4309 :ergo
1125 4246 1345 4295 aevum
1361 4231 1539 4313 prius
1560 4235 1655 4295 est
1674 4236 1980 4315 tempore.

526 4337 587 4396 4.
628 4332 787 4399 Item
824 4352 1044 4400 aevum
1079 4335 1265 4401 suita
1288 4337 1600 4420 principio
1636 4343 1982 4417 creaturae,

446 4437 613 4502 sicut
634 4444 697 4503 et
719 4440 937 4522 angeli
965 4463 979 4505 :
1008 4443 1116 4507 sed
1142 4446 1396 4526 tempus
1418 4446 1611 4528 coepit
1634 4464 1784 4510 cum
1807 4452 1988 4511 motu

447 4547 639 4628 primi
675 4548 928 4613 mobilis
943 4595 961 4626 ‚
1000 4550 1115 4631 qui
1154 4551 1414 4635 incoepit
1430 4601 1448 4632 ‚
1483 4557 1559 4617 ut
1596 4554 1852 4634 dicitur,
1888 4555 1988 4620 die

448 4660 700 4736 quarto,
727 4655 832 4721 vel
856 4657 1080 4722 saltem
1108 4662 1257 4723 ante
1284 4661 1636 4725 secundum
1663 4662 1830 4726 diem
1856 4679 1989 4726 non

448 4760 705 4844 incoepit
749 4783 766 4826 ε
815 4780 974 4845 ergo
1029 4781 1247 4832 aevum
1303 4766 1635 4832 duratione
1690 4770 1992 4850 praecedit

450 4873 728 4952 tempus.

532 4976 762 5043 Contra
794 5001 809 5043 ι
842 4977 1011 5044 Beda
1039 4979 1189 5044 dicit
1216 4981 1389 5063 quod
1420 4983 1699 5064 quatuor
1725 4983 1995 5048 fuerunt

456 5083 664 5166 primo
686 5088 919 5166 creata,
941 5089 1007 5149 et
1024 5085 1189 5151 inter
1213 5086 1323 5152 illa
1343 5092 1678 5155 enumerat
1697 5094 1950 5174 tempus
1972 5113 1987 5155 :

523 5278 543 5313 ¹
561 5278 641 5341 Gf.
664 5280 719 5330 S.
738 5277 943 5343 Thom.‚
968 5293 1022 5343 p.
1046 5282 1098 5343 1,
1127 5295 1178 5345 q.
1197 5294 1253 5339 x,
1275 5284 1371 5332 art.
1390 5284 1446 5346 43
1477 5287 1527 5333 et
1551 5284 1592 5334 11
1615 5285 1775 5348 Sem„
1796 5285 1913 5336 dist.
1931 5298 1995 5349 11,

462 5363 513 5415 q.
530 5360 571 5413 1,
592 5352 686 5400 art.
709 5352 769 5414 13
799 5352 854 5399 et
878 5351 1076 5413 Quolib.
1105 5353 1169 5416 V,
1192 5366 1245 5417 q.
1265 5364 1354 5416 1v3
1381 5354 1548 5418 AEgid.
1574 5356 1746 5420 Rom„
1771 5357 1814 5407 n
1837 5358 1996 5422 Sena,

465 5419 580 5470 dist.
602 5431 660 5483 11,
689 5433 741 5484 q.
759 5430 800 5485 1,
823 5424 921 5470 art.
939 5423 989 5484 5,
1017 5422 1138 5475 dub.
1162 5427 1220 5489 ¹3
1248 5423 1508 5490 menard„
1536 5427 1581 5476 11
1606 5428 1767 5492 Sena,
1793 5427 1913 5480 dist.
1932 5441 1995 5493 11,

3483 443 3604 510 285

2064 592 2285 639 aevum
2331 582 2548 642 autem
2591 598 2724 644 non
2768 583 3150 644 numeratur
3190 581 3357 644 inter
3399 581 3607 663 primo

2067 687 2303 762 creata,
2332 687 2396 747 et
2421 685 2538 750 fuit
2565 692 2855 751 creatum
2883 708 2900 753 ε
2928 707 3085 769 ergo
3111 688 3444 770 posterius.

2144 789 2304 854 Item
2340 814 2355 855 ε
2391 792 2740 859 Richardus
2773 796 2850 859 de
2878 794 3105 860 Sancto
3135 794 3383 860 Victore
3421 793 3606 871 dicit,

2067 902 2130 962 et
2170 900 2409 981 accepit
2445 901 2525 964 ab
2555 902 2955 984 Augustino,
2999 901 3169 984 quod
3207 919 3397 966 omne
3441 901 3612 984 quod

2068 1004 2286 1086 coepit,
2316 1007 2511 1088 coepit
2538 1026 2620 1071 ex
2646 1013 2930 1092 tempore
2956 1028 2974 1072 τ
3002 1009 3111 1073 sed
3137 993 3606 1089 aevum‘coepit:

2068 1128 2226 1191 ergo
2253 1113 2443 1195 coepit
2474 1132 2556 1177 ex
2586 1119 2872 1198 tempore
2902 1138 2917 1180 :
2947 1116 3057 1180 sed
3083 1115 3254 1198 quod
3286 1115 3505 1197 incipit
3530 1133 3613 1179 ex

2067 1222 2385 1301 tempore,
2420 1238 2552 1285 non
2586 1224 2896 1287 antecedit
2930 1228 3186 1306 tempus
3206 1271 3224 1302 ,
3262 1224 3369 1286 sed
3402 1223 3614 1304 potius

2068 1329 2476 1410 consequitur
2510 1329 2614 1395 vel
2655 1331 3118 1395 concomitatur
3149 1354 3164 1394 ε
3196 1347 3353 1411 ergo
3394 1347 3615 1396 aevum

2070 1452 2205 1498 non
2231 1440 2434 1518 potest
2461 1455 2596 1501 esse
2622 1441 2769 1501 ante
2795 1443 3069 1520 tempuS.

2152 1541 2309 1606 Item
2337 1545 2589 1624 tempus
2619 1548 2713 1606 est
2738 1561 3041 1608 mensura
3066 1540 3439 1606 mutationis
3464 1542 3613 1607 :sed

2072 1666 2288 1714 aevum
2313 1653 2407 1713 est
2434 1669 2734 1715 mensura
2759 1669 2894 1715 esse
2923 1650 3160 1714 stabilis
3184 1656 3248 1714 et
3269 1651 3385 1713 flxi
3413 1675 3427 1714 ε
3455 1668 3614 1731 ergo

2073 1774 2224 1820 cum
2254 1761 2401 1821 ante
2435 1776 2568 1822 esse
2608 1764 2893 1823 creatum
2928 1760 3246 1842 praecedat
3270 1759 3408 1840 ipsa
3444 1776 3615 1822 crea-

2071 1863 2191 1943 tio,
2223 1883 2369 1947 quae
2407 1870 2499 1931 est
2535 1867 2803 1931 mutatio
2816 1915 2835 1946 ,
2868 1885 3025 1948 ergo
3058 1871 3310 1950 tempus
3336 1870 3431 1931 est
3468 1870 3615 1931 ante

2074 1988 2315 2036 aevum.

2155 2078 2312 2145 ltem
2367 2081 2544 2163 prius
2602 2084 2697 2144 est
2748 2081 2920 2163 quod
2976 2080 3417 2162 imperfectum
3480 2083 3612 2161 est,

2077 2186 2300 2252 deinde
2321 2188 2493 2270 quod
2515 2189 2862 2271 perfectum
2882 2189 3027 2253 :sed
3050 2193 3302 2272 tempus
3324 2192 3418 2253 est
3442 2206 3617 2252 men-

2077 2314 2229 2359 sura
2263 2295 2617 2358 secundum
2644 2313 2779 2359 esse
2814 2296 3258 2378 imperfectum
3277 2343 3295 2374 ,
3326 2295 3499 2377 quod
3525 2300 3620 2358 est

2078 2420 2213 2467 esse
2233 2403 2302 2466 in
2323 2403 2631 2485 potentia;
2659 2421 2874 2467 aevum
2898 2420 3076 2482 vero,
3102 2402 3454 2466 secundum
3479 2420 3616 2466 esse

2079 2510 2320 2575 actuale
2346 2513 2409 2573 et
2441 2510 2826 2592 completum
2854 2533 2868 2575 :
2897 2528 3055 2590 ergo
3081 2513 3335 2591 tempus
3368 2527 3482 2591 per
3509 2527 3621 2573 na-

2078 2621 2294 2682 turam
2341 2621 2438 2682 est
2472 2623 2618 2682 ante
2657 2637 2893 2683 aevum.
2936 2618 3258 2694 Quaeritur
3296 2618 3501 2699 igitur
3541 2619 3621 2683 de

2081 2726 2306 2790 ordine
2332 2725 2636 2808 temporis
2670 2726 2750 2789 ad
2775 2744 2994 2792 aevum
3009 2774 3027 2805 ,
3058 2728 3182 2790 ete
3208 2743 3535 2790 converso.

2626 2944 3072 3012 CONCLUSIO.

2083 3079 2293 3146 AEvum,
2314 3075 2596 3135 secundum
2613 3079 3049 3152 propriissimum
3060 3079 3328 3135 rationem
3348 3082 3622 3153 temporis,

2149 3167 2409 3240 proecedit
2435 3170 2614 3240 ipsum
2653 3171 2858 3241 tempus
2897 3167 3184 3224 duratione
3223 3173 3276 3225 et
3316 3169 3623 3239 dianitate5

2159 3259 2284 3314 licet
2314 3260 2542 3330 proprie
2568 3255 2948 3314 considerando
2994 3260 3229 3330 tempus,
3272 3258 3435 3313 simul
3462 3257 3627 3313 dura-

2161 3349 2305 3403 tione
2338 3349 2547 3405 exsistat
2574 3362 2696 3404 cum
2724 3350 2987 3420 tempore,
3027 3350 3078 3403 et
3118 3345 3390 3417 dimittite
3410 3361 3626 3419 praem-

2158 3438 2340 3494 cellat.

2167 3587 2355 3671 Resp.
2382 3586 2464 3652 ad
2490 3589 2647 3669 Arg.
2680 3587 3025 3651 Dicendum
3053 3586 3226 3670 quod
3249 3590 3503 3670 tempus
3528 3605 3628 3652 ac-

2087 3695 2212 3777 cipi
2261 3695 2592 3758 consuevit
2640 3694 3135 3777 quadrupliciter
3184 3694 3255 3758 in
3303 3694 3633 3777 scripturis

2091 3801 2492 3882 Sanctorum,
2523 3802 2756 3866 scilicet
2781 3802 3322 3879 communissime‚
3352 3820 3634 3867 commu-

2090 3908 2279 3986 niter,
2306 3908 2583 3991 proprie,
2610 3913 2674 3972 et
2700 3908 2913 3989 magis
2934 3909 3211 3991 proprie.
3240 3908 3633 3974 Communis-

2091 4017 2249 4080 sime
2278 4020 2533 4099 tempus
2564 4015 2715 4079 dicit
2748 4033 3120 4079 mensuram
3148 4016 3485 4098 cujuslibet
3523 4017 3636 4081 du-

2091 4124 2355 4188 rationis
2380 4128 2609 4187 creatae
2633 4141 2651 4187 z
2677 4140 2794 4204 per
2814 4141 3009 4204 quem
3037 4123 3298 4187 modum
3329 4123 3637 4205 accipitur

2093 4248 2133 4294 a
2172 4229 2340 4295 Beda
2360 4278 2379 4309 ,
2429 4248 2580 4294 cum
2630 4228 2784 4293 dicit
2828 4228 3001 4312 quod
3049 4234 3327 4311 quatuor
3372 4230 3639 4294 fuerunt

2093 4336 2302 4418 primo
2338 4340 2545 4400 ereata
2564 4384 2582 4415 ‚
2612 4336 2780 4400 inter
2806 4353 2956 4418 quae
2997 4340 3330 4400 enumerat
3358 4341 3632 4419 tempus.

2095 4443 2549 4523 communiter,
2577 4442 2669 4505 sic
2689 4442 2839 4506 dicit
2867 4460 3234 4508 mensuram
3264 4444 3638 4508 mutationis

2096 4555 2581 4635 euJ'uscumque,
2610 4552 2745 4619 sive
2765 4552 2938 4618 illius
2957 4571 3103 4635 quae
3127 4555 3222 4617 est
3248 4553 3323 4617 de
3352 4571 3481 4617 non
3504 4570 3638 4617 esse

2095 4661 2166 4725 in
2193 4678 2359 4739 esse,
2389 4659 2525 4724 sive
2555 4660 2816 4724 alterius
2843 4678 2990 4743 quae
3017 4665 3112 4724 est
3140 4661 3218 4725 de
3243 4678 3378 4724 uno
3402 4678 3538 4725 esse
3566 4662 3636 4724 in
3688 4670 3692 4675 ·

2097 4767 2274 4832 aliud
2292 4784 2428 4831 esse
2452 4785 2469 4830 τ
2488 4770 2553 4830 et
2563 4767 2653 4830 sic
2667 4767 2974 4850 accipitur
2990 4767 3148 4831 illud
3163 4769 3333 4850 quod
3354 4768 3507 4833 dicit
3524 4767 3637 4833 Ri-

2096 4872 2393 4953 eharduS,
2420 4873 2590 4955 quod
2608 4890 2801 4937 omne
2823 4873 2996 4956 quod
3022 4875 3234 4956 coepit,
3256 4892 3338 4939 ex
3356 4879 3640 4958 tempore
3739 4916 3745 4922 ·

2100 4983 2308 5064 coepit,
2337 4986 2399 5045 et
2421 4982 2693 5045 habetur
2718 4982 2786 5044 in
2810 4980 3025 5045 Glossa
3048 4982 3119 5044 in
3142 4982 3526 5065 principium
3554 4983 3634 5067 (a)

2106 5090 2363 5155 Gemis
2396 5109 2423 5154 .·
2456 5088 2536 5152 In
2577 5090 2905 5171 principio
2945 5091 3190 5156 creavit
3222 5091 3389 5156 Deus
3420 5091 3643 5157 coelum

2103 5270 2200 5318 art.
2219 5270 2267 5328 2,
2298 5279 2350 5330 q.
2369 5277 2441 5329 113
2471 5265 2651 5316 Thom.
2675 5264 2816 5328 Arg„
2843 5264 2886 5312 11
2911 5264 3069 5323 Sena,
3093 5264 3213 5315 dist.
3232 5278 3309 5329 11,
3333 5281 3383 5331 q.
3404 5278 3451 5332 1,
3475 5271 3572 5319 art.
3590 5270 3641 5320 3.

2104 5340 2384 5402 -⁸Boet.‚
2405 5337 2466 5387 de
2493 5334 2724 5398 Gon-rid„
2752 5334 2842 5386 lib.
2869 5336 2967 5399 111,
2995 5338 3151 5386 metr.
3171 5338 3221 5400 9,
3248 5337 3306 5389 in
3324 5338 3548 5404 princip.

2165 5427 2236 5492 (a)
2261 5425 2520 5478 caman.
2548 5423 2825 5489 principio.
