4125 6225
739 422 858 484 ¹176

741 575 932 620 causa
969 555 1294 635 omnium,
1327 572 1459 618 non
1493 558 1707 618 tamen
1748 556 1844 617 est
1881 558 2013 618 tota
2053 574 2273 631 causa3

741 664 848 726 sed
879 662 1013 744 ipse
1040 679 1188 725 cum
1217 660 1423 725 causis
1452 661 1695 724 creatiS.
1726 657 1991 743 Propter
2021 660 2143 724 hoc
2169 680 2280 725 no-

740 770 1007 833 tandum
1031 818 1047 845 ,
1086 769 1256 852 quod
1294 769 1554 833 effectus
1586 767 1777 832 habet
1811 767 2165 851 comparari
2199 768 2279 831 ad

743 894 999 941 causam
1025 895 1389 959 supremam
1413 894 1559 958 quae
1583 874 1748 938 Deus
1770 879 1892 952 est,
1922 873 2098 937 etsie
2117 872 2279 936 nibil

741 985 953 1050 evenit
983 1004 1135 1051 casu
1167 990 1230 1050 et
1258 987 1547 1063 fortuna;
1582 983 1774 1047 habet
1806 983 1998 1047 etiam
2027 1000 2278 1065 eompa-

740 1095 869 1158 rari
915 1094 995 1159 ad
1030 1095 1461 1171 voluntatem3
1493 1093 1627 1156 sive
1663 1109 1921 1155 causam
1964 1094 2275 1167 creatam,

741 1219 888 1284 quae
915 1207 1008 1266 est
1032 1207 1297 1280 natura,
1322 1200 1427 1265 vel
1455 1197 1904 1280 intelligentia3
1931 1201 1995 1262 et
2019 1197 2109 1260 sic
2130 1214 2279 1260 cum

741 1310 947 1374 multa
981 1310 1283 1376 eveniant
1324 1312 1555 1391 praeter
1589 1305 2004 1371 intentionem
2023 1353 2041 1383 ,
2078 1304 2283 1369 multa

742 1415 908 1481 fiunt
934 1435 1087 1482 casu
1115 1420 1178 1481 et
1201 1416 1479 1481 fortuna.

1393 1631 1531 1676 mm.
1575 1631 1641 1677 V.

744 1754 880 1809 Nihil
901 1757 1041 1807 enim
1070 1756 1155 1820 flt,
1181 1757 1321 1821 quod
1350 1770 1457 1806 non
1506 1755 1570 1805 de
1596 1720 1826 1804 interiori
1865 1753 2017 1816 atque
2042 1750 2282 1816 intelligi-

1045 1828 1135 1879 bili
1157 1829 1276 1881 aula
1301 1829 1488 1879 summi
1520 1825 1864 1892 lmperatoris‚
1885 1828 1986 1876 etc.

824 1960 1087 2024 Videtur
1105 1960 1364 2043 falsum,
1393 1957 1548 2040 quia
1570 1959 1824 2039 peccata
1848 1955 2036 2031 fiunt,
2067 1957 2130 2017 et
2152 1970 2284 2016 non

743 2067 1161 2149 egrediuntur
1186 2066 1266 2130 ab
1294 2065 1453 2148 ipso.

822 2173 1007 2256 Resp.
1042 2172 1390 2237 Dicendum
1417 2169 1588 2253 quod
1620 2168 1921 2250 Magister
1951 2186 2083 2232 non
2110 2183 2286 2230 assu-

743 2281 861 2344 mit
897 2280 1064 2343 hanc
1091 2280 1525 2343 auctoritatem
1562 2276 1728 2339 sicut
1756 2275 2029 2338 habetur
2057 2273 2127 2337 in
2160 2273 2286 2353 ori-

744 2387 967 2469 ginali.
1002 2385 1164 2451 Nam
1209 2387 1302 2450 ibi
1340 2387 1592 2464 dicitur,
1626 2408 1658 2445 <1
1684 2383 1856 2466 quod
1892 2399 2023 2446 non
2063 2381 2285 2463 jubea-

741 2497 872 2572 tur,
897 2498 1008 2557 aut
1025 2494 1458 2576 permittatur3
1482 2512 1511 2549 n
1529 2495 1592 2554 et
1609 2490 1696 2553 ita
1713 2507 1844 2554 non
1861 2488 2052 2552 habet
2069 2488 2287 2551 locum

745 2602 1039 2684 objectio.
1082 2599 1511 2663 Nihilominus
1549 2599 1753 2680 potest
1786 2595 1909 2658 dici
1948 2594 2117 2677 quod
2154 2612 2289 2657 ma-

683 2776 690 2789 ,
745 2708 904 2771 teria
937 2707 1267 2789 restringit
1304 2703 1814 2769 distributionem
1850 2720 2034 2765 suam
2072 2701 2153 2766 ad
2187 2720 2288 2766 res

746 2834 893 2898 quae
914 2819 1065 2879 sunt
1090 2815 1304 2897 aliqua
1327 2811 1705 2877 natura.Vel
1728 2811 2091 2889 dicendum,
2116 2811 2289 2892 quod

747 2923 1009 3007 ampliat
1033 2923 1308 2988 verbum
1331 2919 1703 3006 eqrediendi
1724 2920 1805 2984 ad
1828 2921 2033 3001 facere
2056 2923 2120 2984 et
2138 2935 2291 3003 per-

745 3034 1019 3098 mittere.

1376 3147 1516 3193 nun.
1555 3146 1646 3192 vr.

774 3264 1017 3316 Defectus
1033 3262 1388 3326 luminarium,
1407 3267 1459 3313 et
1483 3267 1633 3313 terrae
1651 3264 1843 3325 motus,
1872 3263 1925 3311 et
1945 3261 2262 3312 monstruosi

1291 3334 1608 3399 animalium,
1634 3338 1733 3385 etc.

827 3469 1092 3536 Videtur
1115 3470 1354 3535 falsum
1379 3459 1607 3547 dicere,
1632 3468 1787 3551 quia
1810 3472 2171 3532 monstrum
2201 3467 2292 3533 di-

750 3578 835 3642 cit
857 3578 1401 3643 deordinationem
1428 3576 1711 3660 aliquam
1739 3575 1808 3638 in
1835 3580 2106 3640 natura:
2133 3594 2291 3657 ergo

749 3705 880 3750 non
906 3689 1000 3751 est
1025 3704 1065 3751 a
1089 3704 1280 3750 causa
1306 3701 1627 3768 suprema.

828 3793 1014 3876 Resp.
1060 3792 1397 3875 Aliquibus
1436 3790 1774 3856 dicendum
1813 3790 2089 3872 videtur,
2120 3792 2294 3874 quod

751 3906 1116 3966 monstrum
1150 3900 1302 3965 dicit
1335 3899 1879 3964 deordinationem
1913 3900 2194 3983 aliquam
2221 3901 2295 3963 in

750 4013 1016 4086 natura3
1048 4011 1112 4072 et
1144 4007 1296 4071 dicit
1322 4007 1514 4071 etiam
1540 4008 1960 4071 substantiam
1985 4007 2289 4091 aliquam.

751 4115 1117 4181 Substantia
1166 4133 1425 4179 causam
1474 4114 1664 4179 habet
1714 4114 2049 4197 positivam
2075 4164 2092 4192 ,
2146 4132 2294 4198 quae

752 4221 919 4287 Deus
947 4226 1074 4301 est3
1108 4222 1496 4286 inordinatio
1525 4221 1633 4286 illa
1654 4239 1788 4285 non
1816 4221 2010 4286 habet
2035 4240 2296 4287 causam

752 4331 1089 4412 positivam
1113 4376 1131 4407 ,
1168 4328 1276 4393 sed
1318 4329 1743 4412 privationem
1761 4377 1780 4408 ,
1816 4333 1879 4392 et
1913 4328 2053 4392 haec
2092 4333 2186 4393 est
2224 4332 2298 4394 ut

752 4439 1109 4522 plurimum
1162 4436 1577 4519 improportio
1621 4437 1876 4500 virtutis
1919 4438 2169 4518 agentis
2217 4436 2298 4501 ad

751 4548 1105 4611 materiam.
1135 4545 1269 4610 Aut
1296 4545 1469 4609 enim
1500 4545 1765 4609 materia
1794 4544 2292 4628 superabundat,

753 4659 867 4720 aut
895 4655 1136 4735 deficit,
1175 4641 1529 4719 secundum
1565 4654 2041 4736 proportionem
2075 4653 2298 4718 caloris

754 4763 1072 4846 operantis
1100 4766 1164 4827 et
1185 4761 1439 4828 virtutis
1462 4781 1475 4822 :
1501 4763 1565 4825 et
1582 4760 1988 4843 Augustinus
2010 4761 2299 4844 loquitur

754 4870 832 4935 de
887 4869 1186 4934 monstris
1232 4873 1546 4951 quantum
1593 4867 1673 4932 ad
1725 4868 1788 4933 id
1840 4870 2013 4952 quod
2062 4869 2301 4934 habent

754 4978 1170 5042 substratum.
1200 4974 1444 5042 Tamen
1473 4976 1654 5041 aliter
1689 4981 1899 5059 posset
1932 4977 2057 5042 dici
2072 5025 2091 5057 ,
2124 4976 2299 5060 quod

755 5090 1040 5150 monstra
1064 5087 1257 5151 etiam
1282 5088 1432 5148 sunt
1458 5103 1497 5148 a
1522 5083 1649 5147 Deo
1682 5084 2008 5165 puniente,
2037 5084 2295 5168 quando

754 5210 964 5275 poenae
992 5196 1181 5273 sunt,
1211 5195 1276 5258 et
1303 5193 1392 5256 sic
1421 5192 1660 5256 habent
1686 5191 2001 5256 rationem
2029 5193 2295 5258 ordinis,

756 5297 1064 5377 Quamvis
1101 5301 1276 5365 enim
1307 5299 1470 5364 Deus
1494 5317 1628 5363 non
1655 5298 1841 5363 faciat
1876 5303 2097 5366 contra
2130 5301 2301 5366 ordi·

755 5425 907 5471 nem
941 5408 1009 5471 in
1053 5408 1279 5488 finem,
1316 5406 1462 5472 facit
1505 5410 1721 5472 tamen
1765 5411 1987 5472 contra
2033 5407 2292 5474 solitum

1867 414 2489 483 SENTENTIARUM
2526 416 2675 482 LlB.
2720 418 2769 482 l.

2391 571 2651 617 cursum
2693 556 2942 617 naturae
2987 552 3370 635 frequenter,
3409 554 3514 620 vel
3560 554 3645 618 ad
3685 551 3935 618 vindic-

2386 670 2515 729 tam
2532 714 2548 743 ‚
2580 665 2684 729 vel
2709 664 2787 728 ad
2817 664 3336 729 misericordiam.

3004 853 3145 898 DUB.
3188 853 3303 900 vu·

2646 967 2837 1022 Placuit
2862 968 3074 1020 vanitati
3099 968 3547 1034 philosophorum,
3568 970 3675 1019 etc.

2465 1097 2729 1164 Videtur
2754 1095 2928 1177 quod
2959 1112 3088 1158 non
3119 1094 3282 1158 bene
3315 1094 3510 1171 dicat,
3542 1093 3700 1175 quia
3726 1092 3939 1176 philo-

2387 1206 2569 1289 sophi
2597 1203 2805 1269 causis
2829 1202 2969 1266 aliis
2993 1201 3425 1265 attribuerunt
3449 1218 3608 1265 vere
3638 1222 3654 1265 t
3680 1219 3841 1282 ergo
3868 1200 3939 1265 in

2386 1315 2509 1378 hoc
2536 1312 2690 1377 vani
2729 1328 2861 1375 non
2892 1310 3156 1373 fuerunt
3171 1358 3190 1388 ,
3220 1312 3442 1391 utpote
3480 1308 3643 1373 luna
3669 1309 3940 1392 eclipsa-

2387 1426 2516 1501 tur,
2548 1439 2624 1485 eo
2650 1419 2826 1503 quod
2850 1424 3021 1482 terra
3048 1416 3499 1499 interponitur.

2468 1529 2653 1611 Resp.
2684 1525 3035 1591 Dicendum
3051 1574 3068 1601 ,
3098 1524 3271 1607 quod
3298 1542 3430 1588 non
3457 1525 3606 1588 ideo
3640 1524 3943 1589 dicuntur

2388 1637 2564 1715 vani,
2591 1634 2744 1718 quia
2763 1633 2904 1698 aliis
2926 1633 3325 1710 tribuerunt;
3364 1632 3475 1695 sed
3501 1631 3660 1714 quia
3685 1632 3777 1695 sie
3803 1631 3942 1695 aliis

2390 1744 2788 1821 tribuerunt,
2830 1746 2903 1806 ut
2947 1740 3029 1804 ad
3066 1758 3326 1803 causam
3369 1740 3771 1823 praecipuam
3811 1757 3941 1803 non

2390 1852 2716 1916 referrent.
2759 1848 2838 1912 Et
2863 1848 3004 1912 ideo
3031 1850 3473 1923 evanuerunt,
3502 1846 3663 1929 quia
3691 1846 3769 1911 ad
3798 1866 3942 1911 cau—

2389 1977 2528 2023 sam
2568 1957 2844 2041 primam
2884 1960 2945 2019 et
2983 1954 3373 2037 praecipuam
3415 1971 3550 2017 non
3583 1958 3938 2033 venerunt,

2390 2084 2536 2149 quae
2559 2065 2693 2129 sola
2714 2068 2807 2128 est
2826 2081 3020 2128 causa
3041 2061 3410 2144 simpliciter
3432 2062 3646 2144 prima
3662 2110 3679 2139 ,
3707 2064 3773 2125 et
3794 2061 3944 2125 sim-

2391 2175 2635 2259 pliciter
2660 2171 3161 2257 generalissima.

3004 2361 3144 2408 mm.
3179 2360 3320 2409 Vm.

2828 2478 2959 2528 Nam
2988 2476 3226 2528 voluntas
3254 2474 3379 2540 Dei,
3402 2478 3504 2526 etc.

2471 2601 2737 2668 Videtur
2779 2604 3011 2667 falsum
3053 2603 3293 2681 dicere,
3334 2601 3488 2684 quia
3532 2599 3754 2684 plures
3792 2604 3942 2663 sunt

2394 2713 2584 2791 ideae,
2619 2731 2694 2776 eo
2720 2714 2891 2795 quod
2918 2713 3205 2796 plurium
3233 2711 3592 2776 ideatorum
3624 2730 3642 2775 ε
3671 2728 3831 2791 ergo
3862 2710 3940 2773 si-

2396 2820 2634 2884 militer
2659 2820 2876 2905 plures
2902 2820 3292 2900 voluntates,
3322 2820 3634 2903 quoniam
3661 2818 3939 2902 plurium

2394 2928 2767 2995 volitorum.

2477 3035 2664 3121 Resp.
2691 3036 3040 3101 Dicendum
3063 3036 3235 3120 quod
3255 3052 3389 3099 non
3410 3038 3506 3099 est
3528 3032 3759 3111 simile,
3780 3033 3939 3096 sicut

2397 3151 2569 3229 patet
2610 3148 2677 3211 in
2715 3147 3071 3230 quaestione
3106 3146 3185 3210 de
3226 3145 3415 3224 ideis,
3452 3145 3610 3227 quia
3650 3142 3936 3208 voluntas

2399 3251 2551 3316 dicit
2590 3253 2763 3335 quod
2793 3254 2937 3337 plus
2962 3271 3030 3316 se
3056 3255 3227 3316 tenet
3255 3271 3337 3316 ex
3373 3257 3555 3335 parte
3582 3248 3851 3317 volentis
3876 3251 3936 3311 et

2400 3359 2753 3424 secundum
2793 3378 2930 3424 esse
2946 3408 2964 3440 ,
2997 3362 3061 3423 et
3097 3359 3450 3424 secundum
3487 3359 3806 3422 rationem
3841 3354 3939 3418 di-

2400 3467 2622 3532 cendi:
2650 3473 2715 3532 et
2745 3467 2887 3533 ideo
2913 3486 2983 3534 re
3011 3471 3076 3532 et
3100 3469 3343 3533 ratione
3370 3486 3502 3532 una
3526 3471 3629 3532 est
3653 3463 3941 3529 voluntas

2400 3575 2808 3659 beneplaciti;
2839 3577 2947 3641 sed
2975 3577 3116 3641 idea
3139 3577 3493 3642 secundum
3515 3575 3831 3639 rationem
3857 3568 3939 3632 di·-

2402 3682 2583 3747 cendi
2622 3682 2768 3766 plus
2796 3701 2863 3747 se
2890 3687 3062 3748 tenet
3091 3703 3174 3748 ex
3212 3687 3388 3768 parte
3414 3682 3609 3746 ideati
3628 3729 3644 3758 ‚
3679 3678 3830 3761 quia
3865 3674 3941 3737 si-

2402 3790 2835 3855 militudinem
2873 3793 3016 3874 ejus
3049 3792 3218 3855 dicit.
3265 3790 3339 3854 Et
3374 3789 3688 3872 cognitio,
3725 3800 3940 3849 secun·

2404 3898 2564 3962 dum
2582 3899 2893 3964 rationem
2910 3898 3305 3979 intelligendi
3323 3903 3388 3962 et
3403 3895 3677 3973 dicendi,
3696 3895 3936 3956 motum

2405 4005 2555 4070 dicit
2582 4007 2651 4070 in
2681 4008 2867 4071 nobis
2893 4025 2932 4071 a
2957 4008 3150 4071 rebus
3175 4005 3255 4069 ad
3281 4006 3566 4069 animam
3595 3999 3936 4067 secundum

2405 4131 2544 4177 rem
2561 4163 2578 4194 ,
2608 4114 2811 4178 sedin
2837 4115 2963 4179 Deo
2990 4113 3347 4178 secundum
3372 4113 3687 4176 rationem
3712 4104 3936 4172 intelli-

2406 4219 2640 4300 gendi;
2680 4220 2979 4285 voluntas
3023 4226 3237 4285 autem
3282 4238 3412 4284 non
3442 4237 3460 4282 ε
3488 4219 3630 4283 ideo
3670 4216 3788 4280 hac
3825 4212 3935 4275 du-

2408 4328 2560 4411 plici
2611 4329 2858 4395 ratione
2903 4329 3268 4394 conceditur
3317 4328 3395 4393 de
3444 4326 3601 4391 ideis
3619 4372 3639 4405 ,
3687 4339 3817 4387 non
3863 4317 3934 4382 de

2408 4435 2762 4502 voluntate.

3037 4536 3177 4582 nun.
3216 4536 3307 4582 nr.

2856 4644 2965 4695 Nec
2989 4643 3398 4708 mutabilitatem,
3418 4643 3520 4693 etc.

2487 4757 2750 4825 Videtur
2774 4759 3037 4840 falsum,
3067 4760 3222 4842 quia
3244 4758 3409 4823 Deus
3445 4775 3621 4821 nunc
3649 4752 3792 4820 vult
3818 4746 3931 4813 ali·

2409 4866 2566 4950 quid
2591 4886 2726 4933 esse
2743 4917 2761 4946 ,
2791 4869 2961 4951 quod
2993 4874 3209 4952 postea
3236 4886 3366 4931 non
3397 4866 3541 4933 vult
3577 4882 3708 4931 esse
3739 4884 3754 4924 ε
3784 4871 3928 4936 er3⁰

2409 4976 2664 5043 videtur
2702 4978 2873 5061 quod
2911 4978 3157 5042 desinat
3191 4976 3384 5054 velle,
3416 4981 3480 5042 et
3517 4974 3798 5040 similiter
3828 4967 3927 5029 in-

2409 5086 2596 5170 cipiat
2630 5108 2646 5152 :
2681 5106 2840 5170 ergo
2885 5088 3143 5154 videtur
3186 5087 3405 5151 divina
3449 5088 3737 5154 voluntas
3785 5091 3925 5141 mu·

2408 5193 2556 5257 tari.

2489 5297 2674 5385 Resp.
2759 5302 3109 5369 Dicendum
3176 5302 3348 5387 quod
3424 5303 3500 5368 in
3566 5286 3917 5383 hujusmodi

2407 5408 2831 5476 locutionibus
2883 5416 2977 5476 est
3025 5410 3238 5476 solum
3286 5416 3574 5494 respectu
3618 5393 3920 5472 connotati
