4125 6225
1028 439 1403 507 DISTINCT.
1446 440 1526 505 ΙΙ.
1570 439 1802 505 PART.
1845 440 1894 505 Ι.
1940 441 2122 505 ART.
2170 442 2219 506 I.
2263 441 2563 520 QUAEST.
2609 443 2686 508 11.

268 579 411 644 ideo
434 581 695 659 tempus
719 593 854 641 non
879 578 1133 640 tantum
1152 578 1253 640 est
1272 593 1481 639 unum
1506 576 1713 658 specie
1737 574 1808 639 in

266 685 574 749 omnibus
598 683 1052 765 temporalibus
1068 731 1086 759 ,
1114 683 1247 745 imo
1272 683 1467 747 etiam
1494 684 1806 764 quantum

268 792 351 855 ad
389 790 728 855 essentiam
759 806 967 853 unum
1008 807 1279 853 numero
1293 836 1310 864 ,
1346 789 1650 853 differens
1693 806 1808 871 per

266 917 438 975 esse,
484 897 653 962 sicut
692 898 1044 977 posuerunt
1080 913 1302 960 omnes
1343 896 1654 977 sapientes
1692 897 1806 978 qui

266 1004 438 1069 circa
468 1003 636 1088 hanc
677 1002 1013 1066 materiam
1046 1002 1245 1067 locuti
1283 1006 1452 1066 sunt.
1496 1002 1563 1066 Si
1590 1006 1807 1066 autem

269 1128 524 1195 quaeras
550 1127 748 1193 quare
782 1127 914 1173 non
941 1109 1030 1173 sic
1056 1110 1242 1172 estin
1271 1109 1411 1172 aliis
1436 1109 1809 1191 quantitati-

266 1224 413 1298 buS,
446 1237 596 1283 cum
614 1233 833 1281 omnes
850 1217 1188 1298 respiciant
1213 1217 1568 1296 materiam,
1594 1216 1808 1281 dicen-

266 1328 431 1392 dum
448 1324 621 1408 quod
635 1324 780 1388 aliae
799 1342 1045 1400 omnes,
1068 1324 1185 1388 etsi
1201 1342 1337 1388 esse
1354 1323 1808 1406 incompletum

268 1436 547 1500 habeant
573 1434 639 1496 in
660 1433 925 1498 materia
950 1435 1122 1512 (uam
1146 1438 1301 1497 sunt
1327 1433 1394 1496 in
1420 1433 1686 1497 materia
1712 1433 1809 1496 di-

271 1542 630 1607 mensiones
664 1537 951 1622 inflnitae)
968 1587 987 1618 ,
1017 1543 1231 1603 tamen
1259 1556 1398 1603 esse
1420 1540 1808 1621 completum

269 1650 555 1732 ipsarum
593 1652 687 1712 est
715 1666 755 1711 a
791 1646 1059 1711 materia
1083 1646 1390 1710 existente
1426 1647 1547 1710 sub
1580 1647 1804 1712 forma.

271 1756 551 1840 Tempus
574 1759 790 1819 autem
817 1753 1007 1818 habet
1042 1771 1176 1818 esse
1216 1772 1297 1817 ex
1324 1753 1446 1817 hoc
1471 1754 1637 1835 quod
1670 1772 1812 1818 ma-

270 1865 433 1930 teria
454 1862 657 1928 tendit
692 1861 773 1925 ad
811 1861 1084 1925 formam
1114 1866 1160 1938 ¹,
1205 1863 1461 1944 propter
1485 1860 1607 1923 hoc
1639 1862 1810 1944 quod

270 1975 572 2036 causatur
597 1988 637 2033 a
663 1971 867 2048 motu,
898 1968 1009 2051 qui
1036 1973 1134 2032 est
1170 1967 1516 2033 entelechia
1543 1971 1623 2047 (α)
1650 1967 1813 2031 entis

270 2082 341 2144 in
365 2078 669 2164 potentia,
700 2082 764 2141 et
786 2076 928 2140 ideo
953 2079 1126 2139 tenet
1146 2094 1215 2139 se
1240 2075 1518 2139 maxime
1536 2093 1618 2138 ex
1633 2079 1812 2157 parte

270 2191 557 2256 materiae
578 2237 596 2265 ,
637 2192 703 2252 et
742 2187 886 2252 ideo
929 2187 1198 2250 minime
1241 2186 1634 2251 distinctum.
1685 2187 1812 2252 Nec

270 2299 412 2363 dico
437 2297 609 2379 quod
636 2299 888 2378 tempus
913 2295 1087 2359 sitin
1123 2294 1262 2375 ipsa
1303 2294 1601 2373 materia,
1631 2295 1811 2357 omni

270 2409 478 2470 forma
505 2404 980 2485 circumscripta
999 2450 1015 2479 ,
1062 2402 1215 2484 quia
1247 2401 1369 2465 hoc
1408 2404 1571 2464 esset
1594 2408 1814 2465 contra

270 2513 715 2596 Augustinum
746 2517 793 2591 ²,
826 2511 980 2593 quia
1012 2528 1143 2573 non
1174 2512 1269 2572 est
1296 2506 1660 2572 vicissitudo
1694 2507 1814 2570 ali-

266 2643 401 2707 qua
445 2623 517 2684 in
559 2618 855 2697 materia,
887 2617 1011 2679 nisi
1053 2633 1204 2679 cum
1246 2615 1315 2677 in
1361 2632 1436 2677 ea
1470 2617 1565 2678 est
1601 2613 1815 2696 aliqua

269 2738 515 2800 forma:
554 2732 668 2796 sed
694 2729 989 2814 quamvis
1018 2729 1098 2793 sit
1130 2729 1201 2791 in
1241 2726 1511 2791 materia
1536 2743 1685 2807 quae
1721 2729 1816 2789 est

268 2843 393 2906 sub
414 2842 642 2919 forma,
669 2844 731 2902 et
751 2838 834 2902 ab
863 2837 999 2920 ipsa
1020 2839 1338 2913 causetur,
1369 2834 1580 2915 magis
1598 2839 1813 2898 tamen

272 2950 571 3012 causatur
607 2964 646 3010 a
676 2944 942 3008 materia
979 2946 1057 3007 ut
1084 2943 1291 3007 tendit
1316 2941 1395 3005 ad
1424 2942 1719 3018 formam,
1752 2944 1815 3006 et

271 3056 361 3119 sic
388 3054 577 3118 estin
604 3051 870 3116 materia
906 3051 1151 3115 ratione
1182 3067 1320 3114 suae
1345 3047 1666 3130 potentiae.
1700 3046 1812 3111 Se·

274 3162 559 3226 cundum
600 3160 777 3224 hunc
815 3160 1130 3242 triplicem
1171 3157 1439 3221 modum
1484 3155 1623 3218 nixi
1664 3159 1816 3218 sunt

272 3267 475 3350 aliqui
494 3268 807 3332 unitatem
824 3267 891 3329 in
910 3284 1052 3330 aevo
1068 3282 1327 3348 ponere,
1344 3262 1554 3345 primo
1570 3261 1815 3326 ratione

71 3377 189 3423 M*-
211 3384 247 3423 ¹·
272 3375 541 3457 subjecti
576 3375 643 3438 in
677 3392 804 3457 quo
838 3375 1049 3455 primo
1076 3376 1206 3436 est:
1238 3371 1592 3454 posuerunt
1637 3368 1815 3432 enim

276 3484 565 3547 ordinem
612 3484 684 3545 in
730 3479 1167 3562 intelligentiis
1211 3477 1564 3541 secundum
1608 3477 1813 3539 conti-

277 3591 564 3655 nentiam
590 3588 954 3663 virtualem,
975 3586 1222 3650 sicutin
1246 3584 1604 3648 visibilibus
1627 3582 1701 3665 (b)
1720 3586 1815 3646 est

277 3697 555 3780 reperire
583 3695 1038 3760 continentiam
1062 3693 1347 3757 localem.
1381 3691 1457 3755 Et
1475 3691 1639 3754 sicut
1659 3695 1817 3753 tem-

278 3823 398 3888 pus
426 3805 496 3868 in
524 3803 733 3885 primo
760 3801 983 3864 mobili
1008 3799 1342 3878 fundatur,
1380 3797 1475 3861 sic
1501 3814 1719 3862 aevum
1746 3797 1815 3861 in

277 3912 485 3993 prima
537 3908 958 3990 intelligentia
976 3956 994 3986 ,
1048 3923 1198 3988 quae
1253 3905 1606 3971 virtualiter
1663 3904 1816 3968 alias

105 4015 255 4076 lmim·
279 4019 579 4093 continet,
606 4019 670 4080 et
708 4016 778 4078 in
815 4015 974 4078 alias
1014 4013 1244 4078 influit.
1272 4012 1393 4077 Sed
1432 4013 1553 4075 ista
1586 4012 1815 4094 positio

68 4085 189 4130 Νη
278 4146 406 4191 non
429 4105 634 4208 potest
657 4127 861 4187 stare:
899 4122 1126 4205 primo,
1153 4121 1307 4203 quia
1328 4138 1550 4185 omnes
1576 4119 1814 4183 intelli-

279 4234 511 4316 gentiae
532 4233 601 4296 in
616 4231 1094 4313 incorruptione
1105 4229 1344 4293 habent
1359 4227 1809 4310 aequalitatem,

275 4343 440 4405 sicut
483 4340 551 4403 in
594 4338 883 4422 sequenti
935 4337 1333 4400 distinctione
1382 4336 1651 4413 dicitur3
1707 4352 1814 4399 se—

277 4449 485 4514 cundo
503 4447 656 4530 quia
673 4444 1071 4510 conservatio
1092 4443 1663 4524 intelligentiarum
1687 4443 1814 4506 im-

278 4555 544 4620 mediate
585 4554 817 4636 pendet
854 4571 936 4616 ex
964 4551 1127 4628 Deo;
1178 4551 1391 4629 terti0,
1433 4551 1586 4632 quia
1625 4551 1678 4613 si
1705 4551 1815 4615 illa

277 4663 694 4743 intelligentia
726 4662 1179 4736 destrueretur,
1224 4662 1383 4723 tunc
1423 4657 1811 4722 fundamen-

279 4775 416 4835 tum
442 4771 569 4836 aevi
595 4770 850 4853 periret,
880 4773 945 4832 et
984 4767 1280 4851 possibile
1305 4767 1426 4830 fuit
1458 4766 1632 4830 illam
1660 4785 1814 4848 pec-

284 4897 473 4958 casse,
504 4878 637 4941 imo
658 4878 818 4941 forte
840 4876 1146 4959 peccavit,
1180 4892 1325 4938 cum
1356 4873 1650 4938 credatur
1673 4873 1812 4937 dia-

66 4987 181 5035 1³0.st
203 4997 241 5037 ²·
286 4984 465 5049 bolus
491 4986 686 5049 fuisae
710 4983 1278 5048 excellentissimus
1305 4980 1707 5062 angelorum.
1738 4979 1818 5044 Et

285 5092 421 5157 ideo
478 5092 586 5156 alii
647 5093 853 5156 conati
908 5095 1061 5154 sunt
1117 5092 1444 5171 assignare
1506 5089 1817 5152 unitatem

283 5202 524 5265 ratione
554 5198 823 5283 subjecti
847 5199 916 5263 in
944 5216 1075 5281 quo
1099 5198 1309 5280 primo
1337 5202 1617 5279 apparet,
1647 5197 1819 5279 quod

344 5362 361 5396 ¹
380 5361 608 5425 Pityaia,
639 5360 730 5411 lib.
750 5361 840 5425 111,
862 5362 1001 5410 cont.
1035 5363 1064 5411 6
1084 5364 1136 5411 et
1152 5362 1231 5413 17.
1254 5382 1310 5396 ·-
1351 5357 1375 5392 ²
1391 5358 1546 5421 Aug„
1572 5357 1816 5421 consess„

288 5431 375 5483 lib.
401 5434 491 5484 ΧΠ
508 5470 521 5496 ,
551 5447 596 5482 c.
618 5442 712 5482 xn.

3332 452 3445 512 281

1912 576 2172 658 quidem
2215 582 2310 641 est
2351 577 2587 643 coelum
2626 597 3027 661 empyreum,
3058 582 3127 645 in
3166 600 3297 664 quo
3321 600 3454 646 non

1914 684 2085 748 cadit
2111 685 2400 765 variatio,
2435 685 2568 750 imo
2603 687 2969 751 omnimode
3006 689 3297 770 quietum
3335 696 3448 755 est.
3572 695 3584 708 ‘

1914 788 2035 856 Sed
2059 810 2176 856 nec
2201 791 2361 859 illud
2397 794 2650 873 sufficit,
2677 795 2982 876 quoniam
3012 797 3455 863 immortalitas
3517 823 3687 881 mpro-

1914 902 1981 962 et
2000 899 2480 965 immutabilitas
2504 920 2618 984 per
2643 904 2824 986 prius
2855 909 2950 969 est
2985 906 3053 968 in
3088 906 3454 970 substantiis
3481 888 3621 932 Μ’·

1913 1006 2345 1088 spiritualibus
2383 1027 2580 1091 quam
2619 1013 3049 1093 corporalibus
3066 1060 3083 1090 ,
3134 1031 3284 1076 cum
3327 1014 3455 1077 sint

1915 1116 2277 1198 digniores:
2317 1123 2380 1183 et
2414 1119 2675 1201 dignius
2703 1138 2834 1184 non
2872 1120 3063 1185 habet
3097 1122 3453 1186 mensurari

1915 1242 2030 1306 per
2073 1230 2396 1307 aspectum
2441 1227 2521 1290 ad
2569 1227 2785 1291 minus
2829 1228 3126 1310 dignum.
3186 1228 3264 1293 Et
3309 1229 3452 1294 ideo
3495 1229 3625 1273 1'021‘·
3645 1232 3685 1273 ³·

1914 1336 2320 1398 tentaverunt
2344 1335 2454 1398 alii
2496 1335 2776 1418 accipere
2812 1336 3123 1400 unitatem
3169 1354 3248 1400 ex
3275 1340 3454 1418 parte

1916 1458 2161 1520 causae;
2209 1443 2323 1524 qui
2364 1442 2669 1507 dixerunt
2709 1443 2881 1526 quod
2928 1445 3179 1509 duratio
3218 1443 3456 1508 intelli-

1914 1550 2278 1630 gentiarum
2325 1552 2739 1615 continuatur
2784 1556 2847 1616 et
2889 1557 3303 1617 conservatur
3339 1569 3455 1635 per

1914 1656 2199 1720 divinam
2222 1657 2643 1738 influentiam,
2674 1676 2821 1741 quae
2846 1659 3154 1741 quoniam
3176 1677 3308 1723 una
3334 1661 3449 1737 est,

1915 1767 1978 1827 et
2023 1781 2238 1827 aevum
2286 1781 2666 1829 mensurans
2702 1765 2927 1848 ipsam.
2970 1764 3093 1830 Sed
3142 1783 3259 1829 nec
3295 1764 3454 1828 illud
3520 1790 3691 1846 mpro-

1917 1874 2122 1953 potest
2145 1874 2340 1950 stare,
2369 1871 2676 1953 quoniam
2716 1872 3051 1937 influentia
3077 1871 3185 1936 illa
3210 1876 3322 1936 aut
3343 1890 3455 1936 ac—
3482 1855 3623 1899 ''⁸²¹¹'‘

1915 1977 2070 2056 tive,
2116 1980 2228 2040 aut
2261 1976 2509 2058 passive
2550 1977 2970 2059 intelligitur:
3009 1978 3064 2041 si
3089 1981 3184 2041 est
3221 1978 3451 2057 activa,

1918 2101 2051 2147 non
2087 2087 2180 2147 est
2216 2083 2390 2147 aliud
2422 2102 2621 2167 quam
2653 2084 2842 2164 Deus,
2876 2088 2940 2149 et
2971 2084 3064 2148 ita
3101 2102 3230 2149 non
3266 2084 3458 2148 habet

1919 2206 2137 2254 aevum
2157 2207 2534 2254 mensurans
2553 2190 2659 2273 (c);
2693 2190 2845 2256 side
2866 2192 3136 2273 passiva,
3162 2194 3254 2256 tot
3278 2196 3450 2271 sunt,

1919 2300 2077 2380 quot
2115 2302 2267 2362 sunt
2310 2299 2741 2381 suscipientes,
2786 2299 2863 2363 Et
2906 2299 3047 2363 ideo
3093 2318 3225 2363 non
3265 2303 3456 2364 restat

1919 2404 2086 2469 alius
2105 2405 2355 2484 moduS‚
2371 2405 2497 2469 nisi
2513 2424 2627 2487 per
2640 2405 2951 2471 unitatem
2967 2407 3273 2482 materiae,
3295 2407 3457 2472 sicut

1916 2513 2098 2597 prius
2126 2512 2495 2576 dictumest
2528 2512 2607 2577 de
2632 2519 2940 2596 tempore.
2978 2513 3099 2578 Sed
3128 2513 3316 2576 multi
3342 2531 3459 2577 ne-

1918 2623 2078 2699 gant
2130 2618 2582 2700 intelligentias
2634 2621 2869 2685 babere
2926 2621 3281 2684 materiam.
3336 2620 3459 2685 Sed

1920 2725 2225 2808 quidquid
2272 2725 2357 2788 sit
2389 2724 2468 2790 de
2507 2725 2631 2790 hoc
2644 2774 2659 2802 ‚
2691 2730 2907 2792 tamen
2944 2744 3160 2791 aevum
3206 2727 3463 2808 respicit

1919 2851 2054 2897 esse
2077 2836 2344 2914 actuale,
2370 2839 2434 2898 et
2458 2852 2593 2899 esse
2621 2835 2844 2899 stabile
2866 2858 2882 2913 ;
2914 2835 3023 2898 sed
3045 2838 3299 2917 tempus
3326 2852 3458 2897 ma-

1917 2941 2144 3004 teriam
2161 2988 2178 3020 ,
2211 2944 2286 3004 ut
2319 2941 2388 3004 in
2430 2941 2729 3024 potentia.
2770 2941 2849 3006 Et
2885 2941 3031 3005 ideo
3057 2942 3222 3006 sicut
3245 2942 3461 3006 unitas

1919 3047 2223 3130 temporis
2232 3049 2664 3114 conformatur
2673 3049 2981 3130 materiae,
2997 3049 3086 3112 sic
3103 3050 3317 3114 unitas
3333 3049 3461 3112 aevi

1919 3155 2358 3220 conformatur
2399 3157 2658 3234 formae3
2705 3174 2836 3220 non
2851 3206 2868 3234 ,
2903 3157 3199 3239 inquam,
3236 3156 3459 3221 formae

1919 3262 1988 3325 in
2022 3268 2339 3345 quantum
2379 3264 2519 3327 haec
2556 3265 2659 3328 vel
2699 3264 2831 3340 illa,
2879 3264 2985 3329 sed
3027 3265 3096 3328 in
3141 3268 3459 3346 quantum

1922 3369 2355 3432 immutabilis.
2385 3369 2562 3434 Unde
2597 3371 2760 3433 sicut
2789 3370 2959 3434 linea
2992 3371 3060 3434 in
3090 3369 3459 3454 corporibus

1921 3480 2510 3558 quantumcumque
2525 3476 2789 3541 diversis
2810 3478 3067 3559 ponitur
3084 3479 3305 3543 eadem
3322 3498 3462 3562 spe-

1921 3584 2043 3662 cie,
2076 3584 2165 3646 sic
2196 3601 2412 3647 aevum
2435 3583 2627 3647 habet
2663 3585 2976 3648 unitatem
3021 3585 3460 3652 universalita-

1919 3692 2021 3768 tis,
2048 3691 2133 3773 (d)
2153 3709 2281 3755 non
2308 3691 2619 3754 unitatem
2641 3709 2837 3773 quam
2862 3692 3057 3756 habet
3078 3696 3355 3774 tempuS.
3386 3693 3463 3757 Et

1920 3798 2013 3861 sic
2046 3798 2461 3862 concedendae
2479 3802 2629 3861 sunt
2658 3798 2931 3861 rationes
2966 3797 3304 3880 probantes
3330 3817 3462 3862 non

1920 3923 2055 3970 esse
2085 3925 2291 3970 unum
2320 3924 2539 3972 aevum
2566 3905 3019 3970 aeviternorum
3038 3954 3056 3985 ,
3097 3907 3205 3971 sed
3232 3906 3457 3988 multa,

1919 4013 2088 4076 sicut
2111 4017 2263 4076 sunt
2285 4012 2499 4095 plures
2516 4012 2763 4076 formae.

2001 4128 2060 4185 1.
2107 4120 2284 4197 Quod
2317 4139 2474 4202 ergo
2505 4120 2835 4203 oincitur:
2879 4143 2912 4182 α
2943 4118 3121 4185 Sicut
3165 4139 3233 4184 se
3269 4121 3460 4186 babet

1917 4232 2172 4311 tempus
2188 4228 2270 4292 ad
2288 4228 2682 4310 temporalia,
2700 4232 2818 4292 etc.
2835 4247 2853 4307 3
2874 4249 2906 4286 s
2931 4227 3270 4292 dicendum
3287 4229 3458 4310 quod

1921 4359 2050 4404 non
2077 4345 2171 4404 est
2196 4340 2437 4418 simile3
2478 4339 2630 4422 quia
2655 4358 2807 4403 cum
2833 4343 3107 4422 tempuS,
3138 4345 3457 4422 quantum

1919 4452 2012 4511 est
2045 4447 2124 4511 de
2160 4465 2250 4524 se,
2292 4446 2585 4529 respiciat
2628 4446 3044 4511 variationem
3082 4450 3146 4510 et
3180 4451 3451 4526 motum,

1919 4554 2470 4637 consequituripsa
2482 4572 2760 4637 quorum
2775 4558 2868 4619 est
2877 4572 3200 4630 mensura,
3213 4554 3457 4620 ratione

1917 4663 2091 4727 illius
2132 4660 2448 4744 principii,
2495 4679 2610 4742 per
2643 4660 2815 4742 quod
2853 4665 3004 4725 sunt
3041 4662 3212 4727 entia
3239 4661 3308 4724 in
3339 4680 3454 4744 po-

1917 4770 2155 4835 tentia:
2185 4774 2248 4833 et
2268 4768 2419 4851 quia
2443 4767 2600 4831 illud
2627 4768 2899 4832 unicum
2925 4769 3161 4832 dicitur
3187 4787 3324 4833 esse
3345 4787 3459 4852 per

1921 4878 2283 4955 essentiam,
2313 4875 2453 4939 ideo
2480 4879 2545 4938 et
2566 4878 2856 4957 tempus3
2891 4893 3107 4965 aevum
3137 4878 3355 4940 autem
3380 4875 3459 4940 de

1922 4986 2021 5048 sui
2051 4984 2296 5071 ratione
2322 4981 2577 5066 propria
2606 4984 2861 5064 respicit
2899 5001 3034 5047 esse
3070 4984 3457 5065 completum

1923 5098 1985 5157 et
2012 5092 2254 5170 stabile,
2282 5095 2345 5154 et
2371 5090 2514 5153 ideo
2541 5091 2748 5169 magis
2775 5090 3028 5171 respicit
3062 5091 3363 5154 formam:
3398 5094 3462 5155 et

1923 5201 2064 5264 ideo
2088 5218 2216 5264 non
2238 5199 2429 5263 habet
2454 5197 2576 5261 nisi
2599 5197 2912 5261 unitatem
2942 5198 3456 5276 universalitatis,

1990 5357 2056 5420 (a)
2085 5355 2205 5406 Caet.
2225 5355 2346 5405 edit.
2377 5352 2689 5404 endelechia.
2710 5378 2773 5388 —
2805 5351 2869 5417 (ὁ)
2904 5353 3024 5402 Coet.
3044 5352 3165 5403 edit.
3196 5352 3460 5406 invisibili·

1924 5429 2039 5479 bus.
2064 5451 2126 5466 -
2148 5426 2209 5490 (c)
2237 5426 2363 5476 Item
2387 5438 2755 5476 mensuras.--
2774 5422 2841 5488 (d)
2867 5425 2994 5474 Item
3019 5424 3338 5477 universalis.
