4125 6225
349 1712 559 1758 Fundam.

588 391 709 456 624

664 530 726 589 7.
757 522 857 589 Ad
880 522 1038 588 illud
1060 521 1234 606 quod
1257 522 1583 606 objicitur,
1612 523 1784 605 quod
1808 521 2125 605 posterius

584 631 829 714 indiget
863 631 1098 713 priori,
1141 630 1482 695 dicendum
1513 631 1687 714 quod
1717 650 1949 696 verum
1988 640 2084 695 est
2103 679 2121 711 ,

584 739 839 822 quando
865 738 1081 820 aliqua
1109 738 1487 803 ordinantur
1505 788 1523 818 ,
1551 738 1640 801 ita
1661 739 1832 821 quod
1858 739 2025 802 inter
2049 756 2128 802 ea

586 845 751 909 cadit
779 846 934 910 ordo
965 844 1351 909 essentialis:
1386 846 1644 928 quando
1670 864 1824 910 vero
1851 849 1948 910 est
1969 844 2126 909 ordo

585 952 778 1016 solius
804 953 1244 1034 congruentiae
1268 1001 1286 1028 ,
1316 952 1482 1016 sicut
1506 953 1574 1016 in
1602 952 1923 1036 proposito
1944 1002 1963 1033 ,
1994 971 2126 1017 non

585 1064 679 1124 est
709 1078 960 1125 necesse
989 1061 1160 1144 quod
1191 1060 1423 1126 habeat
1449 1062 1803 1127 veritatem.

1096 1302 1453 1381 QUAESTIO
1496 1302 1604 1368 III.

585 1454 682 1511 An
713 1456 852 1511 Deus
884 1458 1011 1528 post
1038 1456 1449 1529 productionem
1475 1471 1655 1512 rerum
1691 1455 1759 1513 ab
1789 1458 1937 1512 omni
1971 1471 2127 1529 opere

1191 1550 1457 1619 quieverit
1477 1546 1517 1602 ¹.

672 1704 753 1767 De
772 1703 990 1769 ordine
1007 1705 1438 1788 productionis
1456 1705 1832 1770 animalium
1851 1707 1932 1771 ad
1949 1705 2128 1789 quie-

585 1813 747 1890 tem3
796 1815 860 1876 et
900 1813 1216 1893 quaeritur
1258 1816 1485 1877 utrum
1533 1813 1735 1891 Deus,
1787 1818 2126 1896 postquam

584 1918 884 1982 animalia
906 1920 1238 2003 produxit,
1262 1921 1343 1985 ab
1362 1922 1541 1986 omni
1569 1940 1758 2004 opere
1777 1922 2123 2004 quieverit;

583 2029 646 2090 et
690 2027 857 2108 quod
889 2028 1001 2106 sic,
1031 2027 1287 2092 videtur
1313 2049 1427 2112 per
1468 2029 1863 2113 Scripturam
1894 2032 1917 2066 ²
1952 2048 1969 2093 ε
1996 2033 2127 2096 Re·-

581 2136 823 2215 quievit
868 2136 1034 2200 Deus
1080 2134 1185 2201 die
1234 2138 1502 2217 septimo
1554 2137 1631 2201 ab
1685 2139 1863 2204 omni
1905 2153 2122 2219 opere,

581 2240 754 2322 quod
773 2247 1101 2323 patrarat.
1135 2242 1258 2307 Sed
1289 2243 1588 2306 animalia
1630 2243 1939 2325 producta
1976 2249 2129 2309 sunt

580 2349 806 2430 quinto
843 2353 907 2413 et
932 2353 1111 2414 sexto
1137 2351 1241 2414 die
1270 2369 1286 2413 ε
1318 2369 1477 2431 ergo
1521 2354 1664 2432 post
1706 2369 1934 2417 eorum
1966 2370 2122 2435 pro-

580 2456 947 2521 ductionem
974 2458 1263 2541 sequitur
1292 2458 1618 2540 quietatio.

662 2563 821 2627 Item
871 2566 1079 2627 omnis
1125 2565 1444 2648 operatio,
1505 2584 1654 2647 quae
1701 2566 1991 2644 pervenit
2043 2566 2126 2630 ad

582 2672 1070 2755 completionem
1093 2721 1110 2750 ,
1169 2673 1362 2737 habet
1397 2675 1678 2756 quietem
1719 2676 2127 2758 subsequen-

580 2782 713 2844 tem
745 2799 761 2844 :
795 2781 903 2845 sed
933 2781 1265 2863 productio
1294 2786 1729 2847 creaturarum
1770 2782 2128 2865 completur

583 2885 650 2950 in
688 2888 1103 2969 productione
1130 2889 1546 2968 animalium,
1582 2894 1644 2954 et
1683 2891 1965 2955 maxime
2006 2890 2129 2954 ho-

499 3071 507 3078 ·
584 2993 777 3058 minis
809 3016 824 3058 ε
854 3013 1010 3076 ergo
1047 2995 1300 3059 videtur
1336 2996 1542 3078 quod,
1585 3001 1922 3079 postquam
1959 2996 2128 3061 Deus

376 4828 447 4873 Ad
462 4840 567 4886 opp.

585 3100 686 3166 die
710 3106 887 3167 sexto
913 3103 1215 3168 animalia
1241 3104 1586 3187 produxit,
1627 3104 1797 3188 quod
1827 3104 2125 3189 deinceps

585 3209 921 3291 requievit.

668 3314 827 3379 Item
853 3316 1170 3382 distinctio
1188 3316 1440 3381 dierum
1466 3321 1560 3381 est
1584 3317 1666 3382 ad
1684 3322 1968 3383 nostram
1993 3318 2128 3383 ins-

588 3424 971 3489 tructionem
1012 3447 1027 3488 ε
1063 3426 1173 3491 sed
1216 3444 1330 3490 sex
1372 3425 1593 3489 diebus
1635 3426 1924 3508 permisit
1960 3426 2130 3491 Deus

586 3532 880 3596 homines
923 3532 1214 3615 operari,
1259 3534 1527 3614 septimo
1568 3534 1876 3623 praecepit
1914 3534 2129 3616 quies-

589 3657 761 3717 cere,
797 3643 861 3703 et
897 3658 1139 3704 cessare
1175 3639 1255 3702 ab
1283 3641 1678 3723 omniopere
1718 3660 1733 3704 ε
1765 3642 1820 3705 si
1856 3660 2012 3724 ergo
2042 3643 2130 3706 il-

587 3744 698 3810 lud
725 3747 1099 3811 mandatum
1138 3748 1452 3813 rationem
1494 3747 1687 3813 habet
1718 3767 1801 3813 ex
1826 3751 2132 3833 primaria

588 3871 807 3919 rerum
834 3856 1191 3920 conditione
1211 3906 1228 3934 ,
1278 3857 1532 3922 videtur
1557 3859 1728 3940 quod
1755 3860 2130 3925 animalium

589 3963 1070 4044 productionem
1104 3965 1441 4029 subsecuta
1466 3966 1659 4030 fuerit
1685 3967 1888 4049 quieS.

671 4072 830 4136 Item
858 4072 1066 4136 omnis
1093 4075 1404 4136 creaturae
1432 4073 1763 4154 productio
1786 4075 1985 4138 finem
2010 4073 2131 4140 ha-

590 4179 701 4244 bet
723 4184 788 4244 et
812 4181 1162 4244 terminum
1196 4198 1212 4242 z
1243 4197 1401 4261 ergo
1424 4180 1713 4243 similiter
1738 4180 1870 4245 dies
1893 4182 2128 4260 omniS,

592 4287 661 4352 in
683 4306 814 4371 qua
839 4288 1078 4371 aliquid
1101 4286 1477 4370 producitur
1498 4336 1515 4367 ,
1542 4288 1734 4352 habet
1758 4308 2122 4373 vesperam:

591 4396 703 4459 sed
730 4395 1015 4478 septimae
1044 4394 1170 4458 diei
1202 4395 1554 4459 secundum
1584 4395 1975 4479 Scripturam
2000 4418 2132 4463 non

592 4503 1005 4586 assignantur
1046 4521 1329 4585 vesperae
1362 4524 1377 4567 ι
1409 4522 1565 4586 ergo
1607 4510 1749 4588 post
1787 4507 2133 4588 septimum

594 4611 764 4675 diem
802 4611 980 4676 nulla
1023 4615 1177 4674 sunt
1210 4611 1548 4692 producta,
1592 4615 1657 4677 et
1701 4613 1769 4676 in
1810 4618 1988 4678 sexto
2032 4615 2132 4680 die

592 4720 896 4806 producta
928 4723 1080 4784 sunt
1101 4719 1403 4783 animalia
1437 4738 1453 4781 ε
1486 4738 1674 4803 erge,
1707 4726 1825 4786 etc.

675 4835 734 4893 1.
788 4828 1015 4894 Contra
1040 4828 1062 4863 ⁸
1095 4849 1111 4892 z
1142 4827 1328 4893 Pater
1370 4844 1548 4894 meus
1588 4836 1891 4912 operatur
1931 4845 2132 4913 usque

593 4937 776 5004 modo
796 4986 815 5018 ,
846 4942 908 5003 et
939 4952 1047 5020 eqo
1079 4951 1322 5018 operor.
1361 4934 1567 5019 Ergo,
1611 4937 1666 5000 si
1698 4957 1900 5021 usque
1940 4938 2130 5003 modo

592 5050 889 5129 operatus
917 5049 1042 5123 est,
1068 5043 1323 5109 videtur
1364 5045 1538 5128 quod
1561 5047 1832 5130 septimo
1864 5046 1966 5111 die
1998 5065 2131 5114 non

592 5156 857 5221 cessavit
883 5154 964 5217 ab
990 5171 1204 5237 opere.

658 5314 676 5349 ¹
694 5315 772 5380 cs:
801 5312 948 5365 ⁸Alex.
973 5312 1189 5378 AlensiS,
1220 5326 1275 5377 p.
1302 5313 1375 5374 ΙΙ,
1403 5326 1456 5378 q.
1475 5325 1580 5376 rm,
1608 5316 1799 5366 memb.
1822 5318 1852 5368 2
1866 5333 1883 5382 ;
1917 5319 1970 5371 S.
1996 5318 2131 5370 Tho·

595 5397 720 5451 mas,
746 5401 797 5451 p.
823 5387 876 5450 1,
899 5399 950 5449 q.
971 5395 1150 5448 ων,
1173 5387 1280 5435 art.
1300 5388 1363 5447 23
1393 5389 1444 5435 et
1463 5386 1508 5435 ΙΙ
1531 5387 1690 5452 Sene„
1721 5388 1837 5441 dist.
1857 5401 1945 5455 xv,
1969 5406 2024 5456 q.
2045 5402 2126 5456 m,

1715 375 2339 452 SENTENTIARUM
2380 375 2529 450 LIB.
2573 379 2654 449 11.

2313 523 2374 585 2.
2406 520 2565 585 Item
2593 519 2906 602 septimus
2943 517 3079 584 dies
3116 522 3231 584 aut
3271 521 3368 585 est
3393 536 3603 584 novus
3642 515 3785 584 dies

2235 631 2466 711 praeter
2508 628 2642 692 dies
2671 627 3118 709 praecedenteS,
3152 630 3466 691 autnon:
3509 628 3564 691 si
3606 646 3739 692 non
3757 679 3777 709 ‚

2236 755 2394 818 ergo
2412 754 2544 800 non
2564 735 2914 799 debetcum
2936 735 3075 798 aliis
3089 737 3534 800 connumerari
3550 756 3567 816 ;
3589 736 3641 799 si
3655 735 3744 799 sic
3756 783 3777 816 ‚

2236 848 2299 908 et
2322 844 2505 908 illum
2537 844 2684 907 fecit
2709 843 2874 907 Deus
2896 891 2913 920 ,
2957 861 3115 925 ergo
3147 847 3390 907 constat
3429 844 3606 926 quod
3644 863 3784 908 non

2236 951 2549 1034 requievit
2575 951 2655 1015 ab
2676 950 2854 1015 omni
2877 969 3093 1034 opere,
3124 956 3459 1035 postquam
3478 953 3784 1035 produxit

2236 1060 2558 1124 animalia.
2592 1059 2658 1124 Si
2689 1065 2760 1124 tu
2788 1060 2958 1124 dicas
2990 1060 3162 1143 quod
3187 1061 3322 1124 dies
3354 1060 3458 1124 ille
3492 1079 3624 1125 non
3654 1061 3786 1125 dif-

2235 1166 2356 1231 fert
2377 1186 2417 1231 a
2441 1167 2943 1251 praecedentibus
2964 1216 2982 1246 ,
3012 1168 3135 1231 nisi
3164 1167 3518 1232 secundum
3545 1186 3782 1233 nume·

2235 1292 2420 1353 rum;
2460 1276 2570 1340 sed
2594 1275 2684 1339 sic
2708 1275 2917 1340 differt
2943 1279 3233 1355 octavus,
3269 1278 3333 1339 et
3350 1292 3580 1352 nonus,
3604 1276 3785 1339 etsie

2236 1383 2530 1467 deinceps
2566 1403 2580 1445 ε
2619 1402 2776 1465 ergo
2804 1385 2859 1448 si
2886 1384 3192 1467 septimus
3217 1389 3595 1449 numeratur
3609 1433 3627 1464 ,
3669 1402 3785 1447 ea-

2234 1491 2379 1556 dem
2405 1493 2652 1558 ratione
2686 1497 2750 1557 et
2776 1497 3042 1559 octavus
3070 1492 3326 1557 deberet
3357 1491 3709 1558 numerari.

2316 1604 2375 1664 3.
2420 1599 2577 1666 Item
2604 1602 2859 1684 requies
2895 1605 3007 1665 aut
3035 1604 3333 1666 connotat
3364 1600 3640 1683 aliquem
3682 1600 3784 1665 ef-

2232 1707 2469 1772 fectum
2484 1756 2501 1786 ,
2544 1713 2656 1776 aut
2700 1710 2952 1774 nullum
2983 1729 3001 1773 t
3048 1709 3105 1773 si
3148 1708 3405 1773 nullum
3447 1711 3779 1788 connotat,

2235 1834 2393 1897 ergo
2427 1816 2507 1879 ab
2547 1820 2787 1881 aeterno
2824 1817 3144 1899 requievit
3180 1834 3197 1879 ε
3238 1817 3441 1898 igitur
3480 1820 3629 1880 ante
3669 1834 3785 1880 re·-

2236 1922 2519 2004 quievit,
2578 1942 2774 2006 quam
2822 1924 3063 2007 aliquid
3116 1924 3495 2006 produceret
3552 1942 3568 1988 ε
3617 1940 3781 2005 ergo

2234 2047 2429 2111 penes
2452 2032 2923 2113 requietionem
2952 2050 3084 2096 non
3110 2031 3295 2095 debet
3319 2031 3516 2114 accipi
3546 2031 3783 2114 aliquis

2235 2135 2387 2202 dies,
2422 2136 2488 2201 Si
2546 2142 2843 2204 connotat
2883 2138 3165 2223 aliquem
3198 2140 3495 2205 effectum
3513 2190 3531 2221 ,
3572 2146 3633 2204 et
3661 2141 3782 2204 iste

2235 2243 2496 2307 effectus
2534 2263 2667 2309 non
2706 2246 2827 2310 fuit
2862 2247 2927 2310 in
2965 2246 3193 2311 diebus
3233 2248 3775 2330 praecedentibus,

2235 2368 2393 2431 ergo
2413 2351 2650 2434 aliquid
2669 2371 2915 2418 novum
2936 2353 3241 2435 produxit
3265 2355 3334 2418 in
3353 2355 3454 2419 die
3471 2354 3737 2437 septimo
3756 2373 3774 2415 :

2234 2475 2367 2520 non
2384 2476 2543 2540 ergo
2566 2460 2885 2541 requievit
2911 2460 2993 2524 ab
3021 2461 3197 2525 omni
3216 2479 3406 2543 opere
3432 2479 3550 2526 suo
3570 2510 3589 2542 ,
3611 2464 3782 2544 post-

2234 2583 2429 2647 quam
2460 2566 2764 2648 produxit
2788 2566 3098 2631 animalia
3124 2568 3225 2633 die
3252 2572 3454 2633 sexto.

2315 2676 2376 2735 4.
2407 2672 2565 2736 Item
2591 2672 2758 2738 Deus
2784 2678 2953 2738 creat
2975 2675 3255 2757 quotidie
3280 2693 3483 2741 novas
3506 2677 3773 2755 animas,

2235 2783 2299 2843 et
2344 2780 2620 2844 infundit
2676 2781 3048 2865 corporibus
3105 2803 3121 2845 z
3164 2800 3377 2847 creare
3424 2788 3640 2848 autem
3684 2787 3781 2847 oet

2235 2901 2398 2964 opus
2436 2884 2553 2947 soli
2586 2883 2710 2948 Deo
2742 2884 3078 2967 proprium
3110 2906 3125 2949 :
3159 2903 3317 2967 ergo
3349 2903 3480 2949 non
3524 2887 3779 2950 videtur

2235 2991 2406 3072 quod
2431 2991 2511 3055 ab
2541 2991 2904 3074 operatione
2930 2992 3249 3075 quieverit
3276 2995 3419 3076 post
3442 2992 3610 3057 diem
3641 3011 3780 3056 sex·

2234 3103 2399 3163 tum.

2317 3210 2377 3270 5.
2432 3205 2592 3270 Item
2645 3206 2946 3271 animalia
2992 3207 3290 3290 quaedam
3336 3209 3775 3293 producuntur

2236 3332 2350 3397 per
2385 3314 2906 3397 putrefactionem
2947 3336 2961 3378 :
2999 3315 3109 3379 sed
3151 3320 3421 3395 constat,
3459 3318 3631 3400 quod
3665 3316 3774 3381 illa

2235 3446 2367 3492 non
2393 3431 2544 3492 sunt
2568 3428 2873 3511 producta
2900 3429 2969 3492 in
2996 3448 3111 3494 sex
3137 3430 3359 3495 diebus
3376 3480 3394 3511 ,
3436 3431 3599 3495 sicut
3624 3430 3775 3496 dicit

2236 3535 2662 3617 AugustinuS,
2688 3534 2773 3599 111
2798 3552 2988 3618 super
3014 3538 3302 3604 Genesim
3324 3537 3414 3604 ad
3430 3538 3709 3605 litteram
3726 3538 3772 3615 ⁸,

2237 3647 2300 3707 et
2324 3643 2696 3726 hujusmodi
2726 3644 2969 3708 habent
2992 3647 3228 3728 species
3259 3646 3545 3729 proprias
3569 3649 3631 3710 et
3658 3664 3777 3711 na-

2239 3754 2417 3815 turas
2462 3774 2478 3815 :
2521 3770 2679 3834 ergo
2720 3752 2975 3817 videtur
3019 3752 3191 3835 quod
3241 3756 3384 3835 post
3432 3754 3779 3836 septimum

2238 3857 2407 3923 diem
2430 3877 2565 3922 non
2589 3858 2927 3923 cessaverit
2948 3877 2988 3922 a
3016 3858 3428 3943 productione
3455 3876 3779 3924 novarum

2237 3966 2592 4049 specierum
2620 3967 2689 4030 in
2714 3984 2948 4048 genere
2977 3964 3378 4031 animalium.

2318 4079 2379 4138 6.
2411 4074 2568 4138 Item
2592 4075 2889 4158 quaedam
2914 4073 3215 4138 animalia
3244 4076 3640 4154 generantur
3663 4090 3779 4156 per

2240 4182 2764 4247 commixtionem
2790 4229 2808 4260 ,
2869 4181 3034 4245 sicut
3089 4181 3306 4246 mulus
3363 4199 3445 4245 ex
3494 4196 3661 4263 equa
3714 4184 3780 4244 et

2243 4290 2420 4355 asino
2450 4312 2465 4354 ε
2500 4289 2651 4354 Haec
2690 4293 2906 4353 autem
2937 4288 3006 4352 in
3045 4306 3159 4352 sex
3199 4289 3423 4353 diebus
3461 4306 3592 4353 non
3630 4289 3779 4351 fue-

2242 4401 2397 4462 runt
2438 4398 2638 4478 facta,
2681 4415 2798 4460 nec
2832 4396 2903 4459 in
2940 4414 3075 4460 esse
3113 4394 3524 4474 individuali,
3564 4413 3682 4458 nec
3708 4395 3781 4459 in
3836 4442 3845 4449 -

2239 4523 2358 4569 sua
2383 4504 2590 4587 specie
2620 4523 2637 4566 ε
2670 4520 2827 4585 ergo
2856 4507 2998 4585 post
3018 4506 3271 4567 sextum
3300 4503 3468 4567 diem
3497 4519 3630 4566 non
3648 4519 3781 4565 ces-

2239 4613 2402 4679 savit
2417 4630 2456 4674 a
2473 4629 2694 4675 rerum
2711 4610 3129 4694 productione
3142 4656 3164 4689 ,
3192 4628 3322 4676 non
3343 4610 3553 4674 solum
3576 4627 3782 4691 quan-

2237 4721 2381 4783 tum
2420 4719 2500 4783 ad
2533 4720 2899 4801 individua,
2940 4720 3049 4785 sed
3090 4721 3288 4785 etiam
3330 4722 3650 4802 quantum
3670 4696 3780 4783 ⁸ad

2238 4824 2479 4909 species
2506 4830 2570 4892 et
2599 4844 2860 4911 genera.

2239 5071 2335 5120 art.
2356 5072 2415 5133 23
2446 5068 2615 5135 AEgid.
2645 5070 2817 5135 Rom„
2856 5070 2899 5121 11
2937 5071 3093 5131 Seni„
3131 5069 3248 5121 dist.
3272 5080 3368 5135 xv,
3408 5085 3460 5136 q.
3485 5082 3560 5132 11,
3587 5073 3684 5123 art.
3708 5074 3779 5139 23

2237 5141 2559 5207 Richard.,11
2583 5141 2742 5207 Sent„
2770 5143 2888 5194 dist.
2906 5154 2992 5207 xv,
3016 5148 3111 5193 art.
3130 5144 3180 5207 5,
3204 5156 3255 5207 q.
3279 5155 3297 5193 1
3310 5159 3328 5206 3
3358 5143 3535 5209 Steph.
3556 5143 3781 5210 Brulef„

2237 5213 2282 5265 11
2305 5214 2466 5276 Sent„
2494 5213 2608 5266 dist.
2629 5226 2725 5279 xv,
2755 5229 2805 5280 q.
2826 5227 2919 5266 vn.
2937 5242 3003 5253 —
3021 5217 3043 5250 ²
3059 5215 3203 5281 Gen„
3232 5227 3305 5280 11,
3328 5218 3375 5267 2.
3395 5241 3455 5253 -—
3479 5215 3685 5280 Unam,
3714 5228 3781 5283 v,

2242 5287 2317 5337 17.
2338 5311 2401 5323 —
2420 5286 2441 5321 δ
2457 5286 2609 5351 Aug„
2633 5285 2695 5337 de
2723 5286 2844 5338 Gen.
2865 5286 2936 5337 ad
2957 5286 3086 5353 titt„
3112 5287 3203 5338 lib.
3226 5287 3329 5352 ιιι,
3358 5301 3406 5339 c.
3423 5298 3534 5350 nv,
3554 5301 3607 5338 n.
3629 5289 3713 5337 22.
