4125 6225
353 1997 562 2042 rand-m.

602 368 721 427 156

602 503 949 580 potentiam
966 524 1146 590 opus.
1168 532 1199 569 n
1225 509 1398 577 Unde
1415 515 1672 596 quando
1683 516 1936 597 dicitur,
1960 519 2133 601 quod

598 603 766 671 Deus
795 616 996 693 potest
1023 615 1226 682 facere
1257 618 1536 702 infinita,
1568 626 1824 686 notatur
1849 624 2134 689 infinitas

597 713 763 778 circa
792 722 1162 800 potentiam,
1193 743 1322 789 non
1342 726 1507 792 circa
1529 747 1710 812 opuS.
1735 729 1911 795 Unde
1933 732 2131 815 aliqui

596 821 1022 892 distinxerunt
1039 828 1206 895 hanc
1222 854 1237 895 :
1261 856 1293 894 a
1311 834 1703 901 Continuum
1716 844 1920 921 potest
1933 840 2132 905 dividi

596 928 662 991 in
701 929 1026 999 infinitum
1044 985 1061 1013 ,
1080 959 1112 996 ι)
1147 939 1300 1021 quia
1327 941 1434 1005 illa
1461 943 1901 1011 determinatio
1927 950 2132 1031 potest

595 1035 1014 1107 determinare
1030 1043 1152 1109 hoc
1169 1048 1444 1112 verbum
1468 1057 1694 1132 potest,
1723 1053 1826 1117 vel
1840 1053 1963 1119 hoc
1987 1074 2132 1120 ver·

594 1142 751 1206 bum
773 1146 995 1215 dividi
1005 1170 1034 1231 ,·
1053 1156 1263 1217 tamen
1288 1173 1696 1241 quocumque
1713 1161 1903 1225 modo
1918 1162 2132 1225 distin-

593 1251 852 1326 guatur,
869 1270 1118 1336 semper
1133 1257 1620 1340 intelligendum
1640 1268 1734 1327 est
1751 1265 2131 1332 infinitatem

599 1361 918 1425 actualem
937 1382 1073 1430 esse
1097 1369 1423 1452 propriam
1452 1373 1534 1451 (a)
1562 1374 1759 1439 solius
1785 1376 1915 1440 Dei.

1077 1612 1486 1690 QUAESTIO
1525 1619 1635 1685 IV.

683 1793 779 1849 An
808 1793 1000 1853 divina
1024 1803 1277 1869 potentia
1304 1804 1559 1861 ‹ea-tendat
1578 1820 1633 1862 se
1658 1806 1733 1862 ad
1754 1810 1980 1879 infinita
1996 1809 2035 1865 ¹.

669 2001 755 2067 De
781 2004 1092 2073 infinitate
1117 2011 1352 2077 divinae
1383 2017 1680 2097 potentiae
1705 2022 2018 2100 quantum
2047 2020 2128 2083 ad

587 2111 900 2176 rationem
928 2119 1253 2198 operandi,
1285 2141 1370 2185 an
1392 2142 1460 2186 se
1492 2126 1790 2190 extendat
1811 2127 1883 2190 in
1905 2128 2127 2191 infini-

587 2224 729 2282 tum
750 2242 767 2299 ;
807 2224 871 2284 et
904 2225 1073 2305 quod
1119 2226 1238 2306 sic,
1280 2229 1534 2295 videtur
1565 2252 1582 2295 z
1625 2234 1778 2315 quia
1817 2235 2127 2319 quidquid

586 2324 751 2388 Deus
777 2332 998 2408 potest,
1036 2332 1486 2401 rationabiliter
1514 2343 1754 2421 potest:
1787 2343 1895 2406 sed
1922 2347 2128 2425 potest

587 2432 877 2499 infinita:
917 2455 1074 2519 ergo
1110 2443 1570 2509 rationabiliter
1602 2451 1808 2529 potest
1834 2449 2118 2516 infinita:

584 2543 649 2603 et
672 2541 727 2603 si
746 2541 885 2624 hoc,
908 2563 1064 2628 ergo
1088 2549 1249 2613 ratio
1266 2553 1569 2634 operandi
1594 2554 1798 2637 ipsius
1821 2558 2123 2638 potentiae

584 2667 652 2714 se
678 2654 963 2718 extendit
991 2657 1070 2720 ad
1095 2658 1364 2726 infinita.

664 2757 844 2839 Item,
874 2762 1042 2828 sicut
1061 2784 1129 2829 se
1156 2768 1343 2832 habet
1361 2771 1519 2836 ratio
1545 2773 1777 2839 sciendi
1810 2775 1886 2839 ad
1912 2775 2122 2840 scien-

581 2864 760 2945 tiam,
786 2866 873 2931 ita
901 2871 1062 2935 ratio
1094 2875 1480 2955 producendi
1497 2879 1575 2943 ad
1598 2884 1941 2962 potentiam
1957 2907 1974 2962 ;
2010 2885 2119 2948 sed

581 2970 733 3052 quia
770 2973 989 3040 divina
1019 2979 1277 3045 scientia
1310 2988 1403 3048 est
1432 2985 1703 3068 infinita,
1735 2989 1926 3053 habet
1952 2991 2022 3054 in
2052 3011 2119 3057 se

579 3078 855 3145 rationes
903 3083 1183 3150 infinitas
1241 3094 1662 3173 cognoscendi
1689 3119 1704 3159 ε
1755 3116 1910 3179 ergo
1965 3117 2116 3164 cum

578 3186 798 3252 divina
839 3195 1116 3273 potentia
1145 3197 1227 3261 sit
1260 3198 1539 3282 infinita,
1581 3204 1871 3269 similiter
1913 3211 1976 3272 et
2005 3228 2116 3272 ra·

575 3293 779 3358 tiones
806 3300 1191 3380 producendi
1218 3305 1409 3371 habet
1432 3308 1733 3376 infinitas.

659 3401 816 3467 Item
856 3408 1017 3472 ratio
1052 3414 1352 3493 operandi
1393 3415 1461 3478 in
1497 3416 1623 3481 Deo
1650 3436 1781 3482 non
1812 3423 1908 3484 est
1941 3421 2116 3486 aliud

578 3529 773 3592 quam
809 3514 1056 3579 bonitas
1090 3523 1152 3582 et
1194 3522 1528 3604 sapientia:
1573 3526 1680 3589 sed
1722 3529 2026 3610 sapientia
2052 3533 2116 3593 et

576 3616 824 3683 bonitas
850 3627 943 3685 est
970 3624 1220 3690 infinita
1248 3650 1263 3691 :
1289 3648 1445 3711 ergo
1464 3635 1528 3694 et
1544 3634 1706 3698 ratio
1731 3637 2055 3717 operandi.

656 3725 814 3790 Item
849 3730 1009 3794 ratio
1035 3734 1336 3814 operandi
1369 3739 1436 3800 in
1464 3738 1613 3817 Deo,
1641 3759 1772 3804 non
1811 3747 1906 3806 est
1938 3744 2112 3808 aliud

574 3852 772 3916 quam
815 3835 980 3901 Deus
1021 3839 1154 3903 sive
1191 3842 1409 3907 divina
1449 3848 1751 3928 essentia,
1801 3851 2112 3934 quidquid

574 3941 738 4004 dicat
763 3942 868 4007 illa
896 3946 1095 4011 ratio:
1142 3950 1250 4014 sed
1281 3951 1496 4016 divina
1525 3957 1795 4021 essentia
1829 3963 1924 4022 est
1956 3959 2111 4024 infl-

570 4049 743 4113 nita:
783 4069 940 4132 ergo
968 4058 1032 4118 et
1056 4057 1215 4121 ratio
1242 4061 1568 4140 operandi.

651 4157 881 4223 Contra
909 4183 923 4224 :
958 4167 1016 4225 1.
1049 4162 1336 4230 Potentia
1374 4187 1440 4233 se
1477 4171 1760 4235 extendit
1796 4174 1876 4237 ad
1918 4193 2110 4257 opera

569 4267 921 4331 secundum
957 4271 1348 4353 exigentiam
1388 4278 1681 4358 rationis3
1732 4281 1894 4345 nihil
1933 4284 2106 4346 enim

569 4372 805 4437 omittit
829 4375 905 4439 de
929 4377 1032 4441 his
1050 4398 1198 4461 quae
1227 4384 1386 4447 ratio
1405 4386 1608 4466 exigit
1635 4405 1651 4450 ε
1684 4406 1841 4470 ergo
1865 4391 1918 4452 si
1946 4392 2108 4456 ratio

568 4499 635 4544 se
675 4483 955 4547 extendit
994 4487 1073 4550 ad
1109 4488 1396 4571 infinita,
1441 4511 1597 4575 ergo
1639 4496 1894 4562 videtur
1932 4501 2107 4582 quod

567 4587 787 4654 divina
814 4595 1094 4673 potentia
1125 4597 1428 4679 producat
1457 4600 1709 4668 infinita
1741 4626 1755 4668 :
1788 4607 1961 4687 quod
1987 4607 2108 4671 fal-

566 4714 716 4760 sum
743 4704 857 4763 est„

645 4810 706 4868 2.
739 4806 897 4871 Item
925 4809 1086 4874 ratio
1113 4815 1414 4894 operandi
1439 4821 1532 4880 est
1561 4818 1699 4899 ipsa
1722 4799 1945 4883 divina
1964 4823 2109 4903 jus-

565 4912 725 4993 titia,
755 4917 908 4997 quia
924 4919 946 4952 ²
971 4923 1290 4988 universae
1317 4925 1442 4989 vioe
1470 4926 1731 4993 Domini
1751 4930 2106 4997 misericor-

563 5018 683 5086 dia
710 5027 769 5088 et
795 5026 1034 5092 veritas
1052 5076 1072 5104 ,
1107 5030 1224 5092 etc.
1266 5029 1385 5094 Sed
1415 5033 1666 5114 justitia
1702 5053 1834 5098 non
1860 5040 1955 5100 est
1982 5038 2105 5101 nisi

628 5148 646 5181 ¹
670 5147 751 5211 Cf.
781 5149 925 5201 Alex.
955 5153 1174 5215 Alensis,
1195 5170 1248 5219 p.
1275 5156 1310 5218 1,
1343 5171 1393 5222 q.
1419 5169 1491 5219 vl,
1521 5159 1713 5210 memb.
1734 5164 1764 5211 2
1781 5177 1798 5225 3
1822 5163 1874 5213 S.
1894 5163 2102 5227 Thom.‚

562 5229 613 5279 p.
643 5218 701 5283 1,
742 5233 793 5283 q.
819 5233 910 5285 v11,
935 5229 1032 5274 art.
1065 5231 1085 5276 1
1117 5231 1171 5276 et
1197 5230 1263 5292 23
1297 5230 1395 5279 etl
1432 5231 1593 5293 Sena,
1630 5232 1746 5283 dist.
1780 5246 1935 5297 nm,
1967 5251 2017 5300 q.
2063 5250 2101 5302 1,

562 5294 658 5338 art.
694 5293 723 5340 2
740 5305 752 5351 ;
786 5295 839 5342 et
865 5295 884 5344 1
915 5296 1059 5346 cont.
1082 5298 1247 5360 Geni„
1267 5315 1314 5352 c.
1332 5313 1486 5367 xum
1514 5303 1684 5368 AEgid.
1706 5306 1874 5368 Rom„
1899 5308 1917 5357 1
1944 5308 2102 5371 Seni„

562 5359 681 5411 dist.
699 5373 881 5430 xxxix,
901 5378 951 5431 q.
974 5379 1064 5432 1113
1082 5370 1339 5436 menard„
1369 5376 1388 5424 l
1417 5376 1575 5438 Sent„
1603 5376 1719 5430 dist.
1743 5389 1899 5446 xun,
1935 5394 1986 5445 q.
2017 5394 2101 5449 v13

1735 381 2357 449 SENTENTIARUM
2394 385 2543 451 LIB.
2588 388 2637 452 1.

2242 520 2575 586 finitorum
2601 542 2619 586 ε
2646 542 2806 605 ergo
2833 523 3087 588 videtur
3103 525 3276 607 quod
3299 525 3460 590 ratio
3482 527 3783 610 operandi

2241 627 2551 695 similiter.

2322 740 2380 801 3.
2410 737 2567 802 Item
2584 739 2746 803 ratio
2768 740 3071 823 operandi
3096 743 3190 804 est
3206 740 3344 823 ipsa
3361 759 3467 805 ars
3486 744 3548 805 et
3563 741 3784 823 dispo-

2240 843 2384 909 sitio
2414 865 2430 910 :
2462 847 2573 911 sed
2598 847 2922 930 dispositio
2949 867 3080 913 non
3129 854 3224 912 est
3248 849 3371 911 nisi
3400 849 3727 913 finitorum
3762 871 3778 914 :

2240 971 2398 1034 ergo
2438 954 2597 1019 ratio
2635 955 2939 1038 operandi
2966 974 3099 1019 non
3139 959 3234 1019 est
3275 955 3397 1019 nisi
3423 956 3779 1020 finitorum.

2319 1065 2380 1124 4.
2412 1060 2570 1125 Item
2598 1063 2893 1144 objicitur
2930 1063 3009 1128 de
3048 1063 3474 1145 praescientia‚
3509 1082 3657 1146 quae
3694 1064 3783 1127 si·-

2240 1167 2476 1233 militer
2496 1174 2590 1233 est
2604 1170 2765 1233 ratio
2787 1171 3111 1252 operandi,
3135 1175 3199 1234 et
3219 1172 3403 1235 estin
3419 1172 3563 1254 plus
3585 1191 3779 1254 quam

2239 1277 2518 1357 potentia
2536 1326 2552 1355 ,
2590 1277 2743 1360 quia
2769 1284 3054 1361 respectu
3094 1278 3415 1342 malorum
3428 1300 3445 1357 ;
3476 1282 3541 1342 et
3564 1280 3782 1343 tamen

2239 1402 2373 1447 non
2398 1387 2492 1447 est
2515 1389 2805 1467 respectu
2828 1386 3250 1450 infinitorum.

2321 1490 2388 1555 Si
2415 1495 2488 1555 tu
2515 1492 2708 1572 dicaS,
2738 1494 2909 1576 quod
2932 1493 3282 1576 dispositio,
3312 1493 3417 1557 vel
3442 1494 3779 1576 praescien-

2238 1597 2357 1677 tia,
2409 1597 2511 1662 vel
2548 1600 2827 1681 J‘ustitia,
2870 1617 3005 1663 non
3047 1599 3485 1683 complectitur
3524 1601 3779 1684 plenam

2238 1705 2549 1770 rationem
2602 1725 2718 1789 per
2768 1726 2963 1790 qnam
3015 1711 3219 1791 potest
3265 1708 3517 1791 operari
3563 1709 3783 1774 divina

2237 1813 2545 1894 potentia;
2577 1816 2798 1877 contra
2828 1835 2842 1877 :
2877 1813 2943 1877 Si
2978 1831 3114 1878 non
3157 1818 3368 1877 totum
3406 1815 3780 1898 complecti-

2239 1922 2366 1998 tur,
2397 1939 2556 2001 ergo
2580 1919 2797 1984 divina
2821 1922 3102 2003 potentia
3129 1922 3266 1986 sine
3299 1921 3402 1986 bis
3426 1928 3628 2005 potest
3668 1942 3779 1988 ra·

2238 2027 2621 2093 tionabiliter
2637 2030 2884 2112 operari
2916 2052 2931 2094 :
2963 2048 3122 2111 ergo
3145 2032 3439 2113 possibile
3464 2036 3558 2096 est
3575 2033 3779 2097 Deum

2236 2137 2483 2217 operari
2513 2140 2743 2218 praeter
2777 2136 3282 2219 dispositionem,
3316 2142 3548 2220 praeter
3578 2140 3777 2221 justi-

2234 2243 2422 2323 tiam,
2450 2248 2514 2308 et
2551 2249 2783 2327 praeter
2815 2245 3141 2308 scientiam
3188 2264 3205 2308 ε
3247 2246 3356 2309 sed
3390 2246 3604 2310 nullus
3633 2248 3782 2311 talis

2235 2355 2535 2432 operatur
2577 2352 2928 2434 sapienter,
2982 2369 3099 2415 nec
3140 2356 3309 2416 reete
3345 2374 3360 2415 ε
3409 2370 3600 2434 ergo,
3652 2358 3774 2417 etc.

2234 2460 2445 2524 Restat
2470 2478 2649 2542 ergo,
2680 2461 2852 2542 quod
2878 2465 3078 2525 totam
3113 2461 3550 2544 complectitur
3574 2462 3779 2527 ratio-

2233 2585 2408 2632 nem.

2778 2714 3230 2784 CONCLUSIO.

2230 2883 2396 2938 Ratio
2422 2882 2624 2939 divium
2644 2884 2902 2954 potentiae
2928 2880 3003 2957 (b)
3026 2886 3086 2938 in
3114 2884 3308 2941 habitu
3333 2888 3410 2941 est
3438 2885 3512 2941 ad
3527 2888 3777 2957 infinita,

2297 2974 2437 3027 sicut
2459 2975 2708 3044 potentia
2732 2977 2971 3044 respectu
3008 2977 3158 3028 acttas
3191 2978 3286 3044 qui
3313 2979 3389 3031 est
3411 2991 3592 3047 posse;
3623 2982 3775 3034 ratio

2297 3063 2361 3116 in
2385 3065 2511 3116 actu
2537 3065 2617 3116 est
2645 3059 2706 3135 (c)
2740 3060 2814 3116 ad
2848 3063 3045 3131 finita,
3082 3065 3223 3119 sicut
3243 3068 3495 3137 potentia
3533 3073 3776 3139 respectu

2300 3150 2449 3202 αοτιιε
2475 3150 2573 3216 qui
2598 3153 2674 3203 est
2697 3149 2894 3216 facere.

2306 3312 2488 3395 Resp.
2522 3313 2602 3376 ad
2635 3314 2911 3394 Argum.
2956 3312 3135 3378 Sicut
3173 3316 3323 3380 dicit
3357 3315 3656 3399 Magister
3697 3320 3770 3383 in

2223 3525 2459 3590 divinae
2489 3527 2787 3609 potentiae
2815 3532 2910 3590 est
2942 3529 3154 3608 finita;
3186 3533 3250 3593 et
3277 3550 3358 3595 ex
3392 3531 3516 3595 hoc
3541 3534 3776 3600 volue-

2222 3637 2377 3697 runt
2405 3634 2692 3698 divinam
2719 3636 3073 3716 potentiam
3100 3636 3375 3701 limitare
3395 3687 3412 3716 ,
3452 3643 3593 3703 tum
3621 3643 3778 3722 quia

2221 3741 2386 3804 nihil
2428 3745 2634 3823 potest
2674 3742 2879 3806 facere
2924 3743 3047 3806 nisi
3083 3762 3165 3806 ex
3206 3745 3446 3827 optima
3483 3748 3729 3814 ratione
3753 3800 3772 3827 ‚

2219 3865 2337 3911 nec
2364 3847 2713 3926 dimittere3
2744 3852 2887 3911 tum
2921 3848 3076 3931 quia
3104 3849 3267 3913 nihil
3296 3856 3498 3933 potest
3523 3854 3728 3919 facere
3752 3906 3769 3934 ,

2219 3954 2343 4018 nisi
2370 3954 2738 4035 praescien53
2768 3955 2952 4032 nihil,
2985 3957 3108 4019 nisi
3127 3959 3299 4038 juste
3331 3980 3345 4020 :
3376 3964 3437 4022 et
3454 3959 3594 4024 ideo
3618 3981 3773 4027 cum

2216 4061 2358 4124 haec
2385 4062 2718 4125 finitorum
2743 4063 2891 4141 sint,
2914 4067 3145 4144 utputa
3171 4082 3395 4128 eorum
3424 4086 3570 4150 quae
3593 4070 3768 4148 facit,

2217 4170 2522 4235 dixerunt
2547 4171 2836 4235 divinam
2859 4172 3210 4254 potentiam
3237 4192 3369 4237 non
3395 4195 3576 4257 posse
3601 4179 3729 4244 alia
3748 4231 3766 4261 ,

2216 4296 2411 4360 quam
2438 4296 2586 4361 quae
2611 4278 2779 4342 facit.
2806 4278 2927 4343 Sed
2952 4279 3095 4343 haec
3114 4282 3341 4363 positio
3363 4288 3458 4347 est
3474 4304 3767 4366 erronea,

2215 4384 2378 4448 sicut
2398 4385 2672 4449 ostendit
2700 4385 3000 4466 Magister
3022 4387 3093 4449 in
3125 4388 3366 4468 littera3
3398 4392 3549 4473 quia
3573 4394 3771 4457 nobi-

2213 4490 2374 4554 litati
2401 4491 2643 4555 divinae
2665 4493 2964 4575 potentiae
2994 4493 3293 4575 derogat,
3326 4498 3465 4578 eJus
3491 4498 3770 4564 immen-

2214 4599 2462 4663 sitatem
2488 4599 2819 4663 limitando
2851 4623 2866 4660 :
2894 4604 2958 4664 et
2982 4601 3215 4666 dicitur
3238 4603 3428 4668 fuisse
3467 4607 3771 4688 magistri

2217 4708 2386 4773 Petri
2410 4708 2699 4774 Balaardi
2728 4708 2838 4793 (d).
2872 4708 3053 4774 Ratio
3091 4715 3307 4774 autem
3331 4712 3531 4795 hujus
3555 4715 3769 4781 stultae

2214 4817 2543 4899 positionis
2571 4817 2693 4881 fuit
2709 4866 2725 4893 ,
2770 4818 2922 4900 quia
2962 4818 3326 4882 nescierunt
3366 4819 3767 4901 distinguere

2214 4924 2523 4988 rationem
2552 4924 2880 5006 potentiae,
2902 4929 2965 4988 et
2984 4929 3163 4989 actus
3186 4927 3349 5007 ejus.
3378 4926 3573 4991 Actus
3589 4929 3765 4993 enim

2214 5080 2550 5131 Francisc.de
2576 5082 2760 5146 Mayr„
2784 5086 2799 5132 Ι
2820 5082 2982 5143 Seni„
3015 5082 3131 5134 dist.
3157 5095 3288 5134 me
3317 5087 3370 5134 et
3396 5096 3544 5145 mir,
3584 5101 3639 5151 q.
3668 5099 3760 5152 113

2215 5151 2393 5216 Steph.
2428 5153 2637 5214 Brulef„
2670 5154 2686 5201 Ι
2727 5154 2888 5212 Sent„
2924 5154 3043 5204 dist.
3089 5166 3249 5215 xpm,
3293 5169 3342 5218 q.
3374 5167 3459 5219 1v3
3491 5157 3668 5207 Petrus
3697 5159 3763 5210 de

2213 5224 2438 5283 Tarant„
2478 5224 2499 5273 1
2543 5224 2702 5286 Sent„
2729 5224 2848 5275 dist.
2878 5236 3028 5289 xmu,
3059 5240 3110 5290 q.
3147 5237 3220 5276 ιν.
3253 5251 3316 5263 -
3350 5226 3372 5259 ²
3405 5227 3484 5276 Ps.
3504 5240 3650 5293 mv,
3682 5234 3758 5280 10.

2276 5314 2340 5376 (α)
2371 5313 2493 5362 Coet.
2520 5312 2644 5362 edit.
2672 5313 2964 5377 proprium.
2983 5341 3045 5352 —
3070 5314 3129 5380 (ὁ)
3158 5315 3289 5365 Item
3310 5315 3455 5366 deest
3468 5316 3652 5366 divinoe
3667 5332 3758 5381 po-

2217 5386 2404 5435 tentioe.
2424 5412 2488 5422 —
2516 5384 2574 5448 (c)
2608 5387 2735 5436 Item
2753 5385 2899 5435 deest
2930 5389 3021 5436 est.
3043 5413 3107 5424 —
3124 5387 3198 5453 (d)
3220 5386 3338 5438 Sive
3363 5387 3632 5440 Abaelardi.

3865 3339 3905 3384 o
3941 3339 4028 3382 uso

2221 3419 2461 3497 littera,
2506 3419 2702 3502 aliqui
2758 3420 3104 3485 voluerunt
3142 3422 3350 3487 dicere
3390 3426 3558 3505 quod
3608 3428 3774 3492 ratio
3806 3353 4015 3446 ‘⁵⁰2⁰‘
