4125 6225
1214 367 1408 434 DIST.
1445 367 1627 433 XLII.
1669 364 1846 432 ΛΒΤ.
1894 363 1940 429 Ι.
1986 363 2287 442 QUAEST.
2331 365 2442 429 111.

247 498 344 571 ret,
368 494 544 576 quod
572 499 668 559 est
691 495 901 562 simile
929 499 1408 568 inconveniens,
1439 501 1581 569 Non
1609 521 1767 584 ergo

247 604 423 683 potest
445 601 616 665 nihil
641 607 895 685 agendo
913 655 932 686 ,
964 626 1083 673 1100
1123 610 1407 676 faciendo
1429 659 1446 689 ,
1476 629 1593 674 nec
1619 609 1768 674 des-

247 708 494 773 truendo
523 727 722 791 :ergo
749 713 828 777 de
849 716 1193 796 praeterito,
1221 719 1390 801 quod
1417 737 1551 782 11011
1574 717 1767 782 fucrit

245 817 619 898 praeteritum
635 867 653 895 ,
684 837 816 883 non
845 826 1048 904 potest
1074 824 1298 889 facere.
1341 824 1564 890 Patent
1606 843 1764 912 ergo

246 923 562 989 instantiae.
595 923 760 989 Nam
779 931 1015 994 veritas
1041 932 1482 1014 propositionis
1502 932 1581 997 de
1603 951 1765 1015 prse-

246 1031 406 1094 terito
437 1049 572 1096 non
591 1037 942 1100 necessario
971 1039 1275 1104 fundatur
1302 1059 1496 1122 supra
1525 1039 1763 1123 aliquid

249 1143 512 1201 creatum
535 1139 705 1222 quod
732 1142 846 1223 sit,
882 1144 990 1208 sed
1030 1146 1202 1226 quod
1244 1146 1481 1210 fuerit:
1522 1150 1587 1210 et
1621 1145 1763 1212 ideo

249 1250 464 1325 manet,
491 1248 666 1311 omni
689 1255 897 1313 creato
923 1251 1320 1336 interempto.
1351 1252 1526 1318 Patet
1543 1254 1758 1333 etiam,

248 1350 393 1432 quod
444 1356 837 1434 praeteritum
883 1376 1015 1422 non
1056 1359 1206 1424 dicit
1249 1360 1513 1424 omnino
1558 1358 1717 1422 nihil
1739 1381 1756 1437 ;

248 1458 341 1521 sed
369 1460 517 1525 dicit
558 1463 796 1544 aliquid
832 1465 1002 1548 quod
1029 1466 1149 1530 fuit
1169 1516 1188 1546 ,
1234 1472 1298 1531 et
1326 1485 1458 1532 11011
1483 1458 1604 1544 est}
1636 1465 1761 1529 nisi

248 1564 386 1629 forte
410 1570 803 1650 praeteritum
835 1572 1001 1637 dicat
1026 1574 1485 1638 successionem
1513 1578 1639 1639 tem
1645 1593 1759 1657 po-

250 1671 427 1736 ralem
445 1722 463 1751 ‚
489 1694 682 1758 quam
707 1679 930 1761 utique
955 1685 1156 1762 potest
1181 1681 1348 1745 Deus
1385 1682 1707 1746 destruere
1739 1705 1753 1746 :

250 1780 343 1843 sed
366 1781 602 1864 largius
627 1787 934 1869 accipitur
965 1789 1070 1852 hic
1103 1790 1328 1869 fuisse.
1363 1788 1541 1854 Patet
1565 1790 1757 1853 etiam

250 1884 518 1952 instantia
540 1890 608 1954 in
633 1892 772 1974 ipso
797 1895 1037 1974 futuro,
1063 1897 1215 1978 quia
1239 1915 1372 1961 non
1400 1901 1495 1961 est
1521 1897 1751 1960 simile.

251 1988 405 2059 Patet
429 1996 739 2078 instantia,
768 2001 941 2084 quod
972 2003 1364 2085 praeteritum
1389 2007 1591 2086 potest
1616 2003 1756 2067 fieri

250 2116 522 2183 praesens,
551 2110 613 2168 et
638 2111 772 2171 esto
791 2109 961 2190 quod
988 2127 1161 2173 nunc
1190 2110 1588 2191 intelligatur
1604 2109 1749 2189 1100,

250 2206 436 2272 adhuc
464 2212 877 2279 nihilominus
908 2216 1300 2299 intelligatur
1326 2201 1542 2281 fuisse.
1580 2215 1756 2281 Patet

250 2313 424 2378 etiam
460 2320 622 2400 quod
668 2320 834 2385 Deus
879 2328 1082 2405 potest
1130 2323 1451 2389 destruere
1493 2342 1753 2389 omnem

247 2425 745 2505 propositionem,
780 2433 845 2492 et
879 2448 1071 2495 omne
1112 2431 1386 2510 dictum;
1429 2433 1538 2496 sed
1577 2432 1754 2498 salva

247 2532 659 2615 propositione,
688 2539 755 2600 et
785 2539 928 2619 ejus
954 2538 1441 2619 significatione,
1468 2557 1601 2603 non
1628 2558 1752 2622 po-

247 2638 362 2699 test
384 2637 567 2720 ipsam
591 2641 920 2707 falsificare
939 2692 955 2721 ,
987 2645 1294 2727 quoniam
1325 2646 1448 2710 hoc
1474 2665 1605 2711 non
1634 2639 1750 2730 poss

249 2746 360 2806 test
380 2763 496 2810 0550
515 2796 533 2826 ,
561 2749 682 2812 11151
723 2768 861 2813 rem
888 2751 1204 2832 signatam
1238 2757 1514 2818 mutaret
1544 2773 1560 2817 ε
1593 2755 1749 2820 alio·

254 2852 394 2932 quin
414 2853 626 2919 faceret
646 2858 1022 2939 orationem,
1044 2879 1120 2925 00
1145 2861 1166 2923 i
1171 2878 1281 2944 pso
1303 2880 1433 2944 quo
1459 2880 1610 2926 vera
1631 2867 1745 2944 est,

254 2975 371 3022 oese
389 2961 621 3043 falsam,
652 2968 717 3029 et
754 2965 878 3030 hoc
917 2971 1080 3033 esset
1104 2974 1324 3033 contra
1350 2988 1537 3033 suam
1571 2971 1748 3035 veri-

257 3068 420 3132 tatem
442 3087 479 3133 a
505 3089 631 3154 qua
657 3072 848 3138 habet
876 3075 1048 3158 quod
1079 3076 1159 3141 sit
1184 3094 1340 3143 vera
1381 3099 1398 3141 ι
1446 3095 1583 3143 10111
1623 3097 1748 3143 au-

259 3177 364 3239 tem
384 3183 612 3244 mutare
639 3200 773 3245 non
796 3186 1020 3264 potest,
1046 3190 1108 3249 et
1133 3186 1223 3248 ita
1251 3204 1368 3250 1100
1395 3187 1747 3252 orationem

261 3281 559 3351 falsificare.
587 3287 683 3352 Ex
710 3288 815 3353 his
853 3309 998 3372 quae
1033 3292 1196 3357 dIcta
1232 3298 1415 3374 sunt,
1448 3295 1597 3359 satis
1629 3314 1750 3378 po-

263 3390 356 3453 test
376 3394 707 3473 praehabita
735 3399 1062 3480 responsio
1092 3401 1400 3465 roborari.

325 3503 374 3578 1,
397 3504 450 3578 2,
480 3506 515 3565 3
539 3508 600 3566 et
624 3506 689 3567 4.
717 3504 818 3568 Ad
848 3505 1005 3570 illud
1033 3525 1189 3588 ergo
1225 3509 1398 3592 quod
1425 3510 1742 3593 objicitur,

266 3606 397 3684 quod
429 3614 622 3690 potest
651 3629 844 3675 omne
872 3611 1120 3677 dicibile
1148 3619 1208 3679 et
1242 3617 1615 3697 cogitabile3
1648 3618 1746 3681 di-

266 3712 488 3778 cendum
513 3719 680 3799 quod
704 3720 828 3782 hoc
855 3720 1235 3802 intelligitur
1263 3723 1341 3786 de
1362 3723 1465 3785 his
1491 3724 1698 3787 solum
1723 3773 1741 3805 ,

266 3832 378 3896 quae
405 3819 716 3904 dicuntur,
747 3828 812 3890 et
845 3826 1213 3907 cogitantur
1254 3829 1607 3892 secundum
1639 3849 1742 3893 ra-

266 3924 456 3991 tionem
476 3936 637 3995 recte
660 3933 1147 4015 intelligentem,
1180 3941 1242 4001 et
1265 3941 1433 4001 recte
1456 3956 1743 4020 pronun-

265 4030 478 4098 tiantem
509 4060 523 4100 ε
551 4037 713 4101 nihil
744 4039 915 4103 enim
946 4042 1313 4108 rationabile
1341 4050 1543 4127 potest
1583 4045 1704 4110 dici
1724 4095 1741 4127 ,

267 4138 344 4201 vel
364 4143 634 4224 cogitari,
661 4147 834 4228 quod
859 4145 1026 4213 Deus
1047 4148 1249 4216 facere
1266 4171 1399 4218 non
1424 4153 1656 4237 possit,
1685 4159 1746 4219 et

267 4244 419 4311 etiam
441 4250 577 4332 plus
604 4258 831 4335 potest.

331 4358 380 4417 5.
404 4355 489 4421 Ad
509 4359 661 4425 illud
682 4362 854 4444 quod
881 4363 1203 4446 objicitur,
1226 4367 1397 4448 quod
1423 4339 1746 4451 potentius

273 4458 524 4544 estinud,
557 4466 660 4530 cui
697 4469 916 4533 omnia
945 4474 1095 4534 sunt
1126 4473 1448 4554 possibilia
1466 4522 1483 4552 ,
1514 4474 1738 4540 dicen-

273 4560 394 4627 dum
422 4571 575 4651 quod
600 4592 832 4638 verum
863 4580 956 4640 est
981 4576 1059 4640 de
1097 4577 1197 4641 his
1215 4626 1232 4656 ,
1262 4597 1409 4661 quae
1438 4599 1617 4663 posse
1653 4584 1747 4644 est

274 4675 521 4747 potentiae
540 4679 765 4744 nobilis
791 4704 805 4745 :
829 4700 982 4746 nam
1004 4684 1054 4746 si
1082 4691 1291 4766 posset
1312 4686 1549 4769 aliquid
1570 4687 1745 4770 quod

276 4782 457 4846 nonsit
474 4784 543 4849 de
560 4789 881 4856 nobilitate
909 4795 1235 4875 potentiae3
1266 4800 1506 4877 quanto
1536 4796 1745 4878 magis

279 4880 401 4949 illud
424 4901 639 4974 posset,
670 4900 850 4962 tanto
877 4902 1083 4981 magis
1119 4902 1463 4967 adversitas
1501 4909 1563 4967 et
1599 4923 1747 4986 per-

282 4994 494 5059 versitas
511 5009 758 5081 possent
786 5004 858 5067 in
892 5006 1103 5087 illum,
1138 5011 1489 5074 secundum
1521 5012 1742 5076 Ansel-

283 5111 426 5164 mum
448 5111 494 5184 ¹,
517 5110 682 5174 etita
711 5116 890 5175 tanto
916 5116 1125 5179 minus
1153 5123 1314 5181 esset
1343 5124 1586 5201 potenS.

345 5209 395 5269 6.
418 5210 503 5275 Ad
524 5213 674 5280 illud
700 5218 870 5299 quod
896 5221 1232 5303 objicitur:
1272 5248 1303 5288 α
1324 5226 1458 5290 Aut
1482 5232 1745 5310 propter

320 5327 499 5423 .¹¹‘¹⁰‘¹¹¹’
519 5336 575 5387 de
591 5353 707 5391 casu
731 5341 951 5408 Diaboli,
977 5359 1023 5397 0.
1041 5357 1137 5402 xu-

3294 372 3409 434 137

1877 501 2325 584 privationem,
2348 522 2379 561 1>
2405 504 2559 579 etc.;
2581 499 2942 581 dicendum,
2965 502 3137 584 quod
3157 509 3413 588 propter

1874 608 2299 690 privationem
2351 609 2560 673 omnis
2609 609 2961 672 existentias
3013 609 3084 673 in
3139 616 3410 694 utroque

1873 718 2161 780 extremo
2177 765 2196 795 ,
2225 720 2289 780 et
2322 720 2575 798 propter
2601 715 3022 799 privationem
3057 716 3409 784 distinctio-

1874 822 1977 885 nis
1994 870 2011 898 ,
2040 828 2104 886 et
2123 828 2378 906 propter
2402 823 2777 906 positionem
2792 842 2877 887 ex
2894 828 3071 906 parte
3092 823 3199 889 Dei
3217 847 3233 903 ;
3259 826 3411 907 quia

1874 930 2156 1011 potentia
2169 930 2279 993 Dei
2290 910 2540 1012 respicit
2558 930 2661 1011 obj
2669 934 2880 993 ectum
2899 934 2972 993 ut
2981 930 3215 1012 aliquid
3228 932 3409 997 eftec-

1871 1039 2014 1098 tum
2032 1084 2051 1115 ,
2078 1039 2141 1100 et
2173 1036 2476 1118 sapientia
2503 1036 2753 1117 respicit
2789 1040 2861 1099 ut
2907 1036 3268 1100 ordinatum
3298 1038 3405 1121 (a).

1953 1147 2013 1207 7.
2059 1142 2156 1207 Ad
2201 1143 2357 1207 illud
2400 1143 2571 1225 quod
2621 1142 2938 1225 objicitur,
2989 1144 3161 1226 quod
3214 1145 3410 1227 possit

1871 1248 2256 1332 impossibile
2292 1250 2644 1315 secundum
2685 1254 3025 1331 naturam;
3065 1252 3405 1319 dicendum

1870 1357 2042 1439 quod
2072 1357 2231 1421 illud
2256 1376 2487 1422 verum
2513 1362 2627 1421 est.
2942 1355 2959 1369 “

1948 1469 2008 1528 8.
2037 1466 2135 1530 Ad
2154 1465 2313 1529 illud
2331 1465 2501 1547 quod
2524 1463 2843 1545 objicitur,
2866 1465 3040 1546 q'uod
3062 1464 3256 1546 possit
3281 1465 3403 1529 im-

1867 1571 2161 1653 possibile
2186 1591 2298 1655 per
2322 1572 2612 1636 accidens
2628 1620 2646 1651 ,
2678 1572 2831 1654 quia
2857 1572 3101 1636 nullam
3126 1573 3279 1637 dicit
3305 1592 3403 1638 re-

1867 1677 2221 1743 sistentiam
2237 1702 2254 1758 ;
2314 1679 2653 1744 dicendum
2672 1727 2690 1757 ,
2747 1678 2917 1761 quod
2971 1679 3094 1744 hoc
3141 1662 3272 1743 non
3311 1684 3404 1745 est

1865 1788 2122 1865 propter
2152 1785 2570 1849 resistentiam
2589 1833 2607 1864 ,
2647 1784 2756 1848 sed
2786 1788 3040 1867 propter
3078 1785 3402 1850 omnimo-

1864 1890 2012 1954 dam
2041 1910 2174 1955 non
2200 1893 2628 1969 existentiam,
2658 1891 2741 1955 ob
2769 1909 2961 1973 quam
2992 1909 3172 1974 posse
3209 1893 3394 1974 illud,

1864 1998 2147 2062 estnihil
2175 2017 2380 2081 posse.

1942 2111 2002 2170 9.
2027 2108 2130 2171 Ad
2168 2108 2326 2172 illud
2354 2106 2524 2190 quod
2566 2105 2866 2188 objicitur
2900 2106 2977 2170 de
3017 2104 3309 2171 Creatore
3335 2110 3398 2172 et

1862 2217 2171 2292 creatura,
2193 2214 2531 2278 dicendum
2550 2214 2724 2295 quod
2753 2213 2961 2276 omnis
2986 2216 3277 2278 creatura
3302 2218 3398 2279 est

1861 2322 2203 2385 materialis
2277 2326 2340 2386 et
2393 2320 2700 2403 passibilis
2765 2325 3057 2403 respectu
3123 2321 3273 2402 Dei,
3329 2327 3394 2387 et

1859 2427 2027 2493 Deus
2052 2431 2244 2495 estin
2280 2431 2459 2494 omni
2503 2435 2794 2492 creatura
2833 2447 2947 2509 per
2990 2428 3395 2495 intimitatem

1858 2539 2258 2617 substantiae3
2298 2557 2432 2603 non
2457 2537 2546 2601 sic
2577 2535 2940 2618 oppositum
2968 2541 3258 2618 respectu
3283 2555 3393 2620 op-

1857 2646 2063 2727 positi.
2089 2645 2268 2724 Quod
2287 2664 2444 2728 ergo
2471 2644 2792 2725 objicitur,
2821 2642 2992 2724 quod
3018 2643 3230 2724 magis
3257 2644 3392 2708 dis-

1855 2756 2022 2833 tant,
2053 2773 2283 2820 verum
2300 2759 2393 2817 est
2410 2755 2727 2834 quantum
2754 2749 2833 2814 ad
2857 2754 3239 2814 naturarum
3266 2752 3387 2814 dit-

1856 2861 2185 2925 ferentiam
2203 2909 2220 2941 ,
2251 2862 2405 2944 quia
2431 2862 2502 2923 in
2531 2858 2711 2923 nullo
2738 2856 3247 2935 communicant;
3280 2859 3389 2922 sed

1856 2985 1986 3032 non
2004 2972 2098 3032 est
2116 2985 2343 3033 verum
2368 2964 2722 3031 secundum
2747 2963 3084 3027 simultatis
3107 2964 3385 3028 existen-

1855 3075 2036 3140 tiam.

1936 3190 2035 3250 10.
2066 3185 2162 3249 Ad
2199 3183 2355 3249 illud
2386 3183 2557 3267 quod
2595 3180 2892 3265 objicitur
2929 3180 3008 3244 de
3034 3178 3189 3258 hoc,
3216 3180 3388 3261 quod

1856 3297 1948 3357 est
1971 3293 2293 3374 virginem
2321 3310 2570 3376 parere,
2599 3288 2939 3355 dicendum
2959 3287 3131 3369 quod
3148 3292 3241 3351 est
3257 3287 3390 3350 im-

1854 3401 2146 3483 possihile
2164 3401 2517 3467 secundum
2536 3404 2854 3476 naturam,
2878 3395 2986 3460 sed
3005 3414 3136 3460 non
3155 3397 3389 3479 impos-

1854 3508 2034 3572 sibile
2081 3510 2431 3573 secundum
2484 3506 2947 3590 oppositionem
2966 3552 2983 3581 ‚
3045 3504 3201 3586 quia
3255 3520 3387 3569 0880

1852 3617 2208 3699 virqz'nem,
2239 3620 2300 3680 et
2321 3632 2576 3697 parere,
2608 3631 2739 3677 non
2762 3616 2912 3676 sunt
2942 3611 3248 3694 opposita.
3281 3609 3388 3675 Si-

1854 3724 2088 3787 militer
2130 3742 2249 3787 nec
2294 3738 2423 3788 esse
2457 3721 2774 3803 virainem
2813 3724 2878 3783 et
2909 3718 2981 3801 (b)
3017 3720 3383 3799 concipere,

1853 3830 1960 3894 sed
1981 3831 2352 3912 judicantur
2378 3830 2663 3913 opposita
2694 3834 2950 3910 propter
2976 3829 3225 3889 naturae
3256 3826 3388 3888 im-

1851 3937 2222 4020 potentiam.
2269 3934 2390 4001 Sed
2432 3936 2552 3999 ista
2591 3938 2742 3998 sunt
2779 3933 3095 4016 opposita,
3135 3933 3386 4014 coiisse,

1852 4047 1917 4108 et
1938 4058 2066 4110 0380
2091 4046 2408 4127 virqz’nem
2439 4063 2465 4105 .·
2492 4046 2556 4106 et
2579 4042 2721 4107 ideo
2750 4045 2922 4124 patet
2950 4038 3130 4103 illud.

1934 4158 2031 4215 11.
2063 4152 2161 4216 Ad
2188 4153 2347 4215 illud
2375 4152 2542 4234 quod
2562 4150 2881 4232 objicitur,
2911 4148 3083 4231 quod
3106 4164 3240 4211 non
3271 4164 3388 4229 po-

1852 4264 1972 4324 test
2005 4260 2391 4343 impossibile
2417 4259 2766 4323 secundum
2793 4261 3089 4321 naturam
3127 4257 3385 4338 propter

1852 4347 2173 4446 ordinem3
2205 4365 2573 4445 dicendum,
2620 4354 2792 4448 quod
2830 4367 2926 4429 est
2952 4361 3107 4427 ordo
3135 4365 3385 4425 naturae

1852 4476 2165 4559 speciaIiS,
2223 4478 2287 4539 et
2343 4474 2680 4556 generalis
2744 4472 2908 4539 Ordo
2945 4474 3196 4534 naturae
3241 4487 3387 4552 spe-

1853 4583 2027 4646 cialis
2069 4582 2480 4647 transmutari
2535 4586 2770 4664 potest,
2819 4583 2882 4643 et
2923 4576 3196 4654 destrui,
3237 4576 3387 4659 quia

1852 4694 2055 4774 potest
2073 4691 2143 4754 in
2164 4690 2429 4755 alteram
2447 4688 2869 4754 differentiam
2886 4703 2989 4749 res
3014 4682 3212 4748 relabi
3229 4704 3246 4760 ;
3277 4681 3384 4745 sed

1855 4797 2171 4879 generalis
2216 4816 2369 4860 non.
2422 4795 2524 4860 Sic
2550 4794 2889 4860 dicendum
2909 4840 2925 4870 ,
2957 4790 3125 4874 quod
3150 4789 3387 4871 specia-

1854 4905 1930 4967 lis
1952 4905 2106 4967 ordo
2131 4904 2476 4968 attenditur
2505 4903 2856 4967 secundum
2887 4898 3233 4983 potentiam
3267 4914 3387 4958 na-

1855 5016 2020 5075 turae
2039 5010 2323 5094 specialis
2337 5033 2353 5088 ;
2386 5010 2703 5091 generalis
2722 5009 2875 5073 ordo
2900 5004 3251 5070 secundum
3276 5020 3387 5085 po—

1921 5204 1985 5267 (α)
2009 5204 2131 5253 Coet.
2155 5201 2275 5253 edit.
2303 5200 2510 5265 respicit
2533 5200 2722 5264 aliquid
2748 5203 2806 5250 ut
2827 5198 3087 5263 objectum
3113 5194 3352 5247 effectum
3367 5229 3384 5257 ,

1856 5275 2177 5400 exagitantis,
2202 5274 2411 5342 respicit
2451 5273 2761 5326 ordinatum.
2781 5270 2925 5338 -(1›)
2959 5270 3081 5322 Coet.
3116 5268 3239 5319 edit.
3267 5270 3347 5318 est
3362 5302 3381 5333 ‚
