4125 6225
702 348 824 410 406

701 587 921 666 eludit,
951 587 1061 654 scd
1082 589 1371 656 includit.

781 698 841 758 3.
886 694 983 760 Ad
1029 695 1188 760 illud
1230 697 1402 780 quod
1450 698 1783 781 objicitur,
1826 699 1998 781 quod
2034 698 2233 764 libere

698 800 859 866 velle
875 850 891 879 ,
925 807 988 867 et
1020 805 1371 870 necessario
1408 805 1571 870 velle
1594 854 1612 884 ‚
1645 809 2090 888 opponuntur,
2128 805 2231 869 di-

697 910 968 975 cendum
988 913 1160 994 quod
1181 913 1416 996 duplex
1434 917 1526 978 est
1545 914 1877 978 necessitas
1898 935 1913 977 t
1932 913 2229 996 quaedam

697 1039 736 1084 a
772 1039 964 1084 causa
1000 1022 1352 1086 extrinseca
1370 1070 1387 1092 .
1419 1026 1636 1106 utpote
1675 1022 2010 1087 necessitas
2046 1040 2232 1087 coac-

695 1127 885 1192 tionis
907 1177 923 1205 ‚
955 1134 1019 1194 et
1042 1130 1182 1194 haec
1211 1132 1555 1213 opponitur
1596 1132 1654 1196 ei
1687 1133 1857 1214 quod
1903 1138 1995 1196 est
2031 1131 2228 1197 libere

694 1235 887 1314 velle3
928 1238 1225 1319 quaedam
1271 1256 1426 1303 vero
1467 1242 1562 1302 est
1601 1258 1641 1303 a
1682 1239 2087 1321 dispositione
2126 1239 2226 1302 in-

690 1344 992 1424 trinseca,
1032 1348 1095 1410 et
1130 1345 1273 1411 haec
1307 1347 1463 1410 huic
1504 1366 1636 1411 non
1680 1347 2051 1430 opponitur,
2096 1347 2227 1412 imo

689 1453 812 1514 stat
836 1452 1032 1516 simul
1066 1471 1216 1517 cum
1244 1453 1528 1518 libertate
1563 1477 1578 1518 ε
1609 1454 1755 1518 talis
1792 1459 1887 1518 est
1921 1454 1992 1517 in
2031 1454 2226 1518 libero

690 1558 952 1622 arbitrio
996 1559 1364 1624 daemonum
1384 1608 1401 1638 ‚
1445 1560 1617 1643 quod
1648 1561 1737 1625 ita
1780 1559 2228 1642 conglutinant

690 1664 807 1728 sibi
838 1667 1104 1748 malum,
1125 1672 1202 1732 ut
1222 1669 1400 1733 nullo
1422 1668 1612 1733 modo
1629 1669 1830 1735 velint
1852 1669 1932 1732 ab
1955 1687 2031 1733 eo
2048 1686 2223 1751 sepa-

687 1789 838 1838 rari.

768 1886 829 1944 4.
860 1882 955 1945 Ad
973 1881 1130 1946 illud
1151 1900 1304 1949 vero
1330 1883 1501 1965 quod
1526 1883 1823 1965 objicitur
1844 1883 1922 1947 de
1949 1883 2223 1966 phrene-

688 1987 828 2051 ticis
848 2037 866 2068 ‚
897 1989 1239 2054 dicendum
1277 1991 1448 2074 quod
1477 1991 1826 2075 phrenetici
1860 1992 1951 2055 sic
1990 1991 2227 2056 habent

688 2113 881 2162 usum
916 2096 1268 2180 phantasiae
1282 2146 1298 2174 ‚
1329 2099 1500 2181 quod
1526 2100 1898 2164 absorbetur
1935 2119 2092 2164 usus
2120 2117 2225 2163 ra-

690 2204 903 2284 tionis,
934 2209 999 2269 et
1023 2206 1230 2286 magis
1254 2210 1538 2287 aguntur
1579 2224 1775 2289 quam
1810 2211 2006 2288 agant
2034 2226 2050 2270 :
2089 2207 2224 2271 dae-

689 2329 844 2375 mon
862 2316 1075 2376 autem
1104 2312 1192 2376 sic
1204 2313 1396 2377 habet
1412 2313 1813 2396 phantasiam
1829 2319 2219 2397 protervam,

688 2420 860 2503 quod
896 2439 1052 2486 usus
1105 2426 1168 2486 et
1230 2426 1405 2486 actus
1444 2422 1707 2486 rationis
1745 2440 1879 2487 non
1935 2421 2222 2487 excludi-

686 2533 796 2592 tur
818 2527 897 2612 (a)
940 2551 965 2608 ιε
999 2529 1109 2592 illa
1134 2530 1308 2594 enim
1336 2530 1714 2612 protervitas
1743 2530 1954 2613 potius
1972 2533 2070 2595 est
2092 2549 2132 2594 a
2149 2530 2221 2594 li-

685 2636 839 2700 bero
866 2638 1160 2717 arbitrio,
1204 2656 1400 2720 quam
1452 2638 1532 2701 sit
1586 2637 1667 2702 ab
1709 2636 2078 2703 infirmitate
2110 2657 2221 2703 na·

691 2750 881 2811 turae.
912 2746 1016 2812 Sic
1060 2747 1359 2831 ponimus
1386 2747 1454 2811 in
1484 2747 1872 2829 phrenetico·

764 2858 826 2920 5.
853 2855 950 2918 Ad
972 2854 1132 2920 illud
1152 2855 1321 2938 quod
1348 2854 1646 2936 objicitur
1671 2854 1748 2919 de
1775 2854 2017 2932 bestiiS,
2048 2854 2221 2937 quod

682 2961 1169 3043 abstrahuntur,
1200 2979 1357 3043 ergo
1399 2961 1636 3027 minori
1671 2962 1914 3044 impetu
1949 2981 2216 3030 moven-

682 3070 819 3148 tur3
850 3069 1189 3135 dicendum
1221 3070 1397 3152 quod
1426 3068 1584 3135 illud
1625 3069 1872 3153 impetu
1898 3075 2217 3151 movetur,

681 3177 851 3259 quod
900 3195 1031 3242 non
1080 3176 1271 3242 habet
1311 3178 1661 3243 retrahens
1716 3176 1961 3242 Habere
2004 3185 2220 3245 autem

681 3284 1034 3362 retrahens,
1056 3285 1180 3350 hoc
1205 3290 1298 3350 est
1316 3286 1668 3369 dupliciter,
1696 3286 1927 3350 scilicet
1947 3281 2136 3368 intra,
2158 3292 2223 3353 et

682 3396 862 3459 extra
897 3392 1216 3475 :impetus
1259 3398 1473 3458 autem
1516 3395 1628 3477 qui
1655 3395 1865 3476 magis
1901 3401 2223 3477 repugnat

682 3499 882 3564 libero
907 3499 1167 3563 arbitrio
1186 3547 1203 3577 ‚
1235 3504 1328 3563 est
1352 3500 1510 3564 illud
1548 3502 1720 3583 quod
1747 3503 2027 3566 excludit
2067 3504 2219 3566 reti-

681 3606 987 3672 naculum
1012 3607 1301 3684 interius,
1332 3626 1464 3671 non
1488 3609 1659 3690 quod
1682 3610 1963 3673 exterius
1989 3611 2218 3675 exclu-

681 3714 811 3778 dit:
843 3713 1147 3796 quoniam
1174 3714 1379 3795 igitur
1406 3715 1680 3797 impetus
1702 3717 1923 3781 bestiae
1940 3718 2222 3782 excludit

680 3820 1107 3885 retinaculum
1152 3822 1319 3887 intra
1337 3870 1355 3901 ‚
1401 3824 1699 3904 quamvis
1741 3825 1937 3907 possit
1980 3825 2222 3890 retrahi

680 3946 795 4011 per
823 3927 979 3991 illud
1004 3927 1175 4009 quod
1202 3932 1296 3992 est
1318 3933 1520 4005 extra,
1542 3929 1683 3995 ideo
1700 3948 1831 3994 non
1854 3930 2048 3996 habet
2068 3932 2220 3999 lihe-

681 4050 828 4097 rum
854 4033 1188 4099 arbitrium
1222 4056 1236 4097 :
1267 4034 1521 4099 daemon
1541 4039 1759 4100 autem
1790 4037 1982 4102 babet
2003 4044 2221 4121 poten-

680 4140 836 4203 tiam
863 4140 1252 4221 Interiorem‚
1281 4160 1393 4224 per
1421 4161 1618 4226 quam
1640 4144 1778 4208 sine
1800 4145 2015 4227 aliquo
2040 4150 2217 4211 exte-

678 4248 835 4312 riori
858 4247 1196 4331 repellente
1216 4253 1418 4330 potest
1440 4250 1701 4330 retrahi,
1733 4255 1796 4315 et
1812 4271 1958 4334 quae
1978 4272 2018 4317 a
2039 4255 2219 4318 nullo

681 4356 1035 4420 extrinseco
1074 4359 1278 4438 potest
1303 4358 1594 4440 superari
1622 4377 1638 4422 ε
1669 4363 1731 4423 et
1765 4359 1906 4425 ideo
1943 4361 2220 4444 impetus

680 4463 1051 4529 daemonum
1073 4464 1143 4551 in
1172 4464 1414 4529 malum
1436 4464 1638 4530 libero
1664 4467 1924 4532 arbitrio
1956 4487 2088 4533 non
2114 4489 2220 4536 re-

679 4575 948 4655 pugnat,
979 4573 1089 4638 sed
1115 4576 1417 4638 consonat
1447 4591 1464 4636 :
1495 4574 1669 4638 etsie
1695 4580 1868 4657 patet
1893 4576 2074 4643 illud.

1187 4810 1545 4890 QUAESTIO
1587 4813 1694 4880 ΙΙΙ.

677 4967 773 5023 An
814 4967 1148 5036 confirmatio
1183 4968 1245 5022 in
1275 4967 1440 5035 bono,
1483 4968 1569 5023 vel
1609 4968 1905 5027 obstinatio
1944 4975 2008 5031 in
2032 4977 2214 5050 malo,

773 5061 1009 5127 auqeant
1026 5096 1042 5122 ,
1071 5057 1156 5112 vel
1182 5059 1436 5113 minuant
1466 5056 1738 5115 libertatis
1765 5059 2061 5119 dominium
2080 5064 2121 5122 ¹.

447 5233 517 5279 aa
549 5248 652 5292 opp.
765 5214 993 5280 Utrum
1024 5217 1423 5282 confirmatio
1441 5266 1459 5298 ,
1505 5217 1608 5283 vel
1643 5219 1982 5285 obstinatio
2027 5224 2218 5289 dimi-

683 5326 844 5387 nuat
860 5322 1166 5388 libertatis
1181 5325 1561 5404 dominium,
1590 5329 1652 5391 et
1675 5325 1846 5408 quod
1873 5329 2215 5397 confirma-

1813 347 2434 420 SENTENTIARUM
2469 350 2621 416 ΜΒ.
2667 350 2755 416 11.

692 479 924 560 ‚nuatio
949 481 1185 563 peccati
1221 499 1415 548 usum
1450 482 1632 550 liberi
1668 455 1914 552 arbitrii
1943 461 2080 552 non
2119 502 2237 554 ex·-
2337 484 2435 550 tio
2479 486 2757 566 minuat,
2802 485 3077 552 videtur.
3112 484 3398 550 Liberior
3421 490 3518 552 est
3559 491 3830 570 potentia
3844 523 3862 554 ,

2343 595 2408 658 et
2435 594 2646 675 magis
2670 611 2935 658 suorum
2962 595 3222 657 actuum
3240 592 3498 657 domina
3516 641 3534 671 ,
3562 612 3711 676 quae
3734 613 3866 660 om-

2341 701 2496 766 nino
2541 701 2704 766 nulli
2749 701 3032 782 subiacet
3063 701 3416 765 necessitati
3433 750 3452 781 ,
3494 721 3690 784 quam
3728 723 3864 787 quae

2340 808 2555 872 subest
2587 829 2601 871 ε
2633 807 2744 871 sed
2768 807 3045 871 liberum
3071 807 3407 872 arbitrium
3429 810 3868 876 confirmatum

2336 915 2776 980 necessitatem
2809 915 3003 979 habet
3030 915 3111 979 ad
3137 915 3705 998 benefaciendum3
3740 938 3866 984 non

2334 1025 2786 1088 confirmatum
2812 1041 2965 1088 vero
2990 1022 3258 1087 minime
3291 1045 3304 1087 ε
3339 1041 3496 1105 ergo
3529 1026 3862 1091 confirma·

2334 1129 2424 1194 tio
2452 1129 2753 1221 diminuit
2779 1129 3156 1195 dominium.

2416 1241 2476 1299 2.
2508 1236 2668 1300 Item
2690 1285 2707 1314 ,
2760 1241 3001 1320 quanto
3045 1238 3327 1321 potentia
3363 1239 3658 1321 amplior,
3699 1242 3865 1305 tanto

2335 1342 2594 1408 liberior
2625 1365 2641 1406 ι
2668 1344 2776 1408 sed
2807 1345 3206 1409 confirmatio
3234 1350 3433 1410 arctat
3457 1346 3735 1411 liberum
3759 1366 3863 1411 ar-

2335 1450 2602 1516 bitrium
2637 1451 2716 1515 ad
2742 1451 3026 1529 bonum;
3067 1457 3213 1515 ante
3256 1470 3412 1516 vero
3448 1457 3586 1516 erat
3621 1454 3865 1517 indiffe-

2339 1576 2489 1622 rens
2514 1558 2596 1623 ad
2620 1559 2862 1622 bonum
2878 1606 2896 1638 ,
2926 1559 3090 1622 etad
3119 1559 3363 1623 malum
3398 1582 3413 1625 :
3441 1578 3600 1641 ergo
3626 1560 3867 1626 videtur

2331 1666 2505 1747 quod
2522 1665 2788 1730 liberius
2800 1670 2944 1731 erat
2959 1670 3129 1746 ante,
3146 1671 3210 1730 et
3222 1668 3433 1749 magis
3450 1669 3859 1750 dominansw)

2333 1763 2619 1837 actuum.

2416 1885 2479 1945 3.
2518 1881 2710 1960 Item,
2747 1883 3029 1965 potentia
3075 1901 3225 1965 quae
3265 1884 3401 1948 exit
3443 1884 3514 1948 in
3551 1889 3767 1949 actum
3792 1903 3868 1950 ex

2331 1987 2541 2070 seipsa
2590 1989 2797 2070 magis
2838 1994 2932 2053 est
2964 2008 3233 2054 suorum
3269 1993 3529 2054 actuum
3573 1991 3826 2055 domina
3845 2042 3863 2072 ,

2330 2111 2528 2176 quam
2543 2113 2689 2177 quae
2703 2096 2836 2159 exit
2848 2097 3164 2161 mediante
3177 2098 3383 2162 alieno
3396 2098 3729 2177 beneficia,
3741 2100 3866 2162 sive

2330 2201 2540 2281 gratia
2562 2223 2576 2265 :
2603 2203 2713 2267 sed
2739 2203 3011 2269 liberum
3030 2205 3364 2268 arbitrium
3382 2224 3512 2269 non
3529 2207 3867 2269 confirma-

2328 2309 2472 2370 tum
2514 2326 2597 2373 ex
2628 2309 2836 2393 seipso
2879 2310 3146 2375 faciebat
3174 2312 3345 2394 quod
3387 2311 3676 2392 volebat3
3716 2331 3862 2377 con-

2328 2415 2658 2478 firmatum
2708 2422 2923 2480 autem
2949 2463 2968 2494 ,
3027 2420 3198 2501 quod
3246 2420 3428 2499 facit,
3484 2421 3710 2503 implet
3761 2440 3866 2504 per

2328 2522 2610 2602 gratiam
2642 2544 2656 2586 ε
2690 2541 2848 2603 ergo
2875 2523 3139 2589 liberius
3165 2530 3300 2590 erat
3337 2530 3484 2591 ante
3524 2529 3862 2591 confirma-

2323 2622 2590 2704 tionem,
2622 2643 2823 2708 quam
2847 2630 3010 2708 post.

2411 2735 2468 2795 4.
2504 2731 2662 2797 Item
2679 2733 2801 2798 hoc
2821 2735 3033 2817 ipsum
3053 2735 3305 2800 videtur
3328 2737 3407 2801 de
3425 2738 3862 2817 obstinatione,

2327 2839 2535 2921 primo
2560 2858 2674 2923 per
2699 2840 3081 2906 Anselmum
3108 2843 3221 2926 qui
3250 2843 3397 2908 dicit
3420 2841 3444 2876 ¹
3480 2893 3498 2923 ‚
3544 2846 3720 2928 quod
3751 2864 3864 2927 po-

2323 2946 2522 3010 tentia
2560 2948 2863 3029 peccandi
2892 2949 3104 3014 addita
3133 2950 3333 3016 libero
3359 2952 3626 3016 arbitrio
3656 2954 3862 3036 ipsum

2327 3052 2661 3119 diminuit:
2686 3073 2844 3138 ergo
2864 3058 3069 3122 multo
3097 3058 3306 3140 magis
3333 3064 3512 3125 actus
3535 3061 3862 3143 peccandi:

2327 3178 2486 3242 ergo
2527 3163 2808 3228 maxime
2847 3167 3181 3229 necessitas
3206 3168 3509 3249 peccandi
3539 3187 3558 3233 ι
3596 3170 3705 3234 sed
3745 3169 3865 3235 hoo

2327 3270 2516 3333 estin
2546 3271 2966 3336 obstinatione
2997 3295 3013 3338 ι
3050 3292 3213 3356 ergo
3231 3323 3249 3354 ,
3281 3279 3400 3338 etc.

2409 3382 2468 3444 5.
2500 3379 2656 3443 Item
2683 3380 2946 3443 liberius
2959 3384 3056 3444 est
3077 3381 3317 3464 aliquid
3338 3382 3509 3464 quod
3532 3381 3694 3447 nulli
3716 3383 3864 3447 sub-

2319 3488 2489 3569 jacet
2542 3486 2869 3566 servituti,
2915 3506 3110 3569 quam
3154 3489 3327 3570 quod
3368 3488 3655 3569 subjacet
3699 3509 3717 3553 :
3761 3490 3864 3554 sed

2326 3593 2601 3657 liberum
2623 3593 2961 3658 arbitrium
2979 3594 3046 3657 in
3076 3594 3404 3659 obstinatis
3423 3595 3711 3679 subjacet
3729 3615 3863 3660 ser-

2328 3702 2517 3767 vituti
2535 3703 2861 3785 peccandi,
2878 3708 3025 3766 ante
3044 3720 3197 3767 vero
3221 3702 3520 3767 minime:
3545 3723 3727 3786 ergo,
3745 3710 3860 3769 etc.

2408 3815 2469 3875 6.
2487 3810 2645 3875 Item
2659 3815 2835 3875 tanto
2867 3810 2938 3895 (c)
2959 3812 3214 3875 liberior
3231 3817 3325 3876 est
3343 3813 3644 3894 potentia,
3667 3833 3866 3896 quan-

2328 3923 2394 3985 to
2412 3919 2660 3984 facilius
2679 3920 2815 3984 exit
2828 3921 2897 3985 in
2913 3923 3130 3983 actum
3154 3920 3230 3983 ad
3253 3939 3447 4001 quem
3465 3925 3590 3995 est;
3614 3926 3678 3984 et
3696 3927 3862 3987 tanto

2328 4025 2545 4091 minus
2569 4027 2789 4106 libera,
2819 4034 3057 4111 quanto
3085 4027 3400 4093 'difficilior
3439 4031 3636 4092 estad
3662 4030 3854 4093 illud:
3923 4014 3937 4032 ⁶

2327 4134 2436 4198 sed
2454 4133 2899 4197 difficillimum
2918 4134 3100 4199 estin
3117 4135 3350 4216 angelo
3369 4135 3687 4199 obstinato
3707 4135 3864 4200 velle
4115 4134 4116 4211 l

2327 4240 2572 4305 bonum
2610 4260 2627 4304 z
2663 4258 2821 4322 ergo
2861 4240 3115 4306 videtur
3154 4243 3324 4324 quod
3363 4243 3434 4305 in
3473 4261 3549 4306 eo
3594 4242 3860 4307 liberum
4115 4218 4116 4297 l

2326 4348 2663 4413 arbitrium
2690 4348 2970 4412 maxime
2996 4349 3076 4412 sit
3103 4349 3520 4415 diminutum.

2408 4454 2636 4541 Contra
2675 4473 2692 4518 t
2738 4455 2908 4538 quod
2951 4456 3290 4520 obstinatio
3336 4475 3470 4520 non
3507 4456 3858 4535 diminuat,

2324 4560 2599 4626 videtur.
2625 4560 2981 4643 DionysinS,
2999 4561 3076 4628 de
3100 4563 3360 4629 Divinis
3383 4563 3764 4632 Nominibus
3790 4571 3813 4605 ⁸
3842 4588 3862 4628 .·
3886 4609 4049 4654 hm

2335 4690 2366 4729 α
2392 4667 2546 4733 Data
2562 4666 2717 4749 ipsis
2738 4668 2984 4749 angelis
3003 4669 3169 4733 dona
3185 4689 3595 4753 nequaquam
3622 4675 3861 4737 mutata

2327 4775 2630 4854 dicimus3
2677 4774 2787 4839 sed
2832 4778 2982 4839 sunt
3013 4775 3298 4865 integra,
3330 4782 3393 4843 et
3436 4778 3858 4860 splendidissi-

2327 4901 2435 4949 ma
2464 4905 2478 4947 :
2510 4904 2541 4942 n
2578 4900 2735 4963 ergo
2752 4930 2770 4962 ,
2822 4882 2876 4945 si
2917 4882 3196 4957 liberum
3237 4885 3571 4949 arbitrium
3613 4884 3733 4948 fuit
3773 4888 3859 4948 eis

2390 5019 2407 5053 ¹
2433 5017 2513 5081 Cf.
2540 5016 2717 5081 Steph.
2746 5016 2955 5080 Brulef„
2986 5017 3027 5066 11
3059 5017 3222 5083 Seni„
3251 5017 3370 5068 dist..
3390 5030 3492 5084 vn,
3519 5033 3572 5083 q.
3595 5030 3676 5081 νη
3707 5018 3855 5069 Gabr.

2327 5088 2453 5152 Biel,
2482 5090 2526 5139 11
2555 5090 2714 5150 Seni„
2744 5088 2861 5137 dist.
2887 5100 2980 5153 vu,
3010 5103 3063 5153 q.
3088 5103 3198 5153 un„
3227 5095 3323 5140 art.
3348 5093 3460 5139 2.—
3491 5091 3776 5153 ²Anselm.‚
3798 5089 3857 5139 de

2323 5161 2435 5213 Lib.
2460 5160 2651 5223 Arhia,
2678 5175 2726 5210 c.
2748 5160 2873 5210 1.—⁸
2896 5160 3048 5210 Dion.
3077 5164 3285 5225 Arcop„
3302 5161 3362 5210 de
3383 5160 3499 5210 Diu.
3528 5161 3672 5212 Nom.
3677 5197 3698 5223 ,
3720 5174 3765 5210 c.
3783 5171 3852 5211 tv,

2389 5261 2455 5325 (a)
2488 5260 2609 5309 ooee.
2641 5259 2767 5311 east.
2801 5258 3045 5310 excludit.
3075 5244 3658 5324 -‘(b)1t.domina.—
3695 5258 3753 5321 (c)
3789 5259 3850 5307 [t.

2322 5333 2454 5385 deest
2470 5336 2629 5383 tante.
