4125 6225
660 412 779 473 470

660 541 902 628 paratio
925 539 1351 624 dispositionis
1366 588 1384 619 ,
1413 538 1538 603 hoc
1561 541 1777 604 tamen
1811 555 2045 605 verum
2072 544 2166 606 est
2179 590 2198 621 ,

1785 402 2407 473 SENTENTIARUM
2446 406 2596 472 LIB.
2641 405 2720 471 11.

2390 541 2548 607 Item
2575 542 2783 625 gratia
2804 541 2875 606 in
2901 541 3082 607 nobis
3108 540 3350 606 nullam
3382 540 3734 625 potentiam
3759 543 3845 607 ita

664 651 819 735 quia
851 650 1058 732 gloria
1092 648 1363 733 perfecte
1409 647 1685 731 complet
1730 649 2029 713 naturam
2048 698 2066 729 ,
2117 649 2206 713 ita
2313 650 2740 736 principaliter
2782 650 3069 733 respicit,
3111 651 3276 714 sicut
3312 649 3560 715 arbitrii
3592 647 3848 715 liberta-

665 758 839 842 quod
858 757 1079 821 nullus
1107 758 1174 820 in
1204 775 1281 821 ea
1309 759 1598 821 remanet
1621 757 1936 840 appetitus
1959 757 2205 822 incom-

2312 764 2443 824 tem
2489 781 2505 824 ε
2550 759 2654 822 sed
2695 757 2949 822 libertas
2990 757 3238 822 arbitrii
3280 757 3615 842 aequaliter
3650 762 3747 822 est
3786 757 3850 821 in

665 865 894 951 pletuS.
927 863 992 929 Si
1022 883 1181 947 ergo
1208 863 1414 945 gloria
1433 863 1657 947 implet
1682 865 1933 929 naturae
1962 864 2209 948 capaci·
2317 867 2613 932 omnibus
2645 887 2661 930 :
2693 884 2850 947 ergo
2894 865 2948 928 si
2991 869 3197 948 major
3232 869 3327 930 est
3365 865 3577 947 gratia
3612 865 3682 928 in
3727 883 3854 930 uno

666 978 861 1039 tatem
880 1023 898 1052 ‚
942 977 1054 1038 aut
1091 977 1321 1038 natura
1356 971 1570 1054 magis
1603 990 1804 1056 capax
1847 972 2055 1054 magis
2086 971 2212 1036 ha·
2318 993 2513 1058 quam
2532 974 2601 1038 in
2627 973 2781 1051 ali0‚
2811 991 2943 1037 non
2969 976 3063 1038 est
3088 993 3128 1038 a
3153 977 3416 1054 natura,
3443 973 3555 1038 sed
3580 973 3793 1056 magis
3821 991 3859 1037 a

668 1082 842 1147 hebit
875 1080 952 1146 de
992 1080 1199 1163 gloria
1217 1129 1235 1158 ,
1265 1082 1378 1145 aut
1405 1098 1535 1144 non
1569 1078 1690 1143 erit
1725 1079 2078 1160 glorificata
2111 1100 2126 1142 t
2159 1078 2213 1142 si
2321 1081 2760 1149 distributione
2789 1080 3028 1146 divina.

670 1207 827 1272 ergo
841 1188 1074 1253 secund
1082 1203 1194 1252 um
1212 1189 1520 1269 majorem
1536 1186 1945 1269 capacitatem
1960 1188 2211 1250 naturae

2403 1187 2560 1251 Item
2610 1187 2972 1252 distributio
3024 1188 3251 1270 gratiae
3291 1186 3399 1252 Dei
3453 1188 3741 1271 procedit
3784 1207 3864 1254 ex

673 1299 768 1360 est
817 1295 1141 1376 majoritas
1189 1294 1413 1376 gloriae
1434 1343 1451 1374 ,
1507 1298 1568 1358 et
1617 1293 1938 1376 quantitas
1989 1291 2216 1374 glorias
2323 1296 2672 1364 visceribus
2695 1296 2939 1379 pietatis
2967 1301 3029 1361 et
3059 1297 3504 1363 misericordiae
3548 1320 3563 1362 :
3606 1298 3719 1363 sed
3748 1299 3869 1361 mi-

675 1403 1014 1487 respondet
1036 1403 1374 1486 quantitati
1393 1402 1618 1483 gratiae
1646 1450 1662 1479 ‚
1686 1419 1844 1483 ergo
1864 1402 2219 1466 secundum
2326 1401 2683 1470 sericordiae
2725 1408 2818 1469 est
2857 1405 3068 1487 magis
3102 1406 3376 1489 compati
3425 1407 3485 1471 ei
3512 1407 3630 1489 qui
3664 1407 3866 1489 magis

676 1517 803 1593 maj
812 1529 991 1576 orem
1016 1511 1426 1593 capacitatem
1450 1509 1844 1574 naturalium
1876 1508 2223 1573 attenditur

680 1620 1007 1702 majoritas
1029 1619 1278 1701 gratiae.

762 1733 822 1791 6.
852 1726 1009 1790 Item
1037 1725 1474 1809 finisimponit
1498 1724 1932 1788 necessitatem
1957 1724 2059 1788 his
2079 1743 2225 1807 quae

683 1838 836 1901 sunt
870 1834 950 1899 ad
975 1834 1175 1897 finem
1207 1856 1221 1894 :
1253 1832 1363 1896 sed
1394 1834 1624 1896 natura
1649 1832 1813 1895 facta
1839 1835 1933 1895 est
1967 1837 2227 1915 propter

689 1944 990 2028 gloriam,
1019 1960 1150 2006 non
1164 1960 1199 2005 e
1218 1959 1523 2006 converso
1554 1964 1569 2005 ε
1592 1941 1646 2004 si
1662 1958 1821 2022 ergo
1849 1940 2013 2005 Deus
2032 1960 2228 2023 praes-

690 2053 864 2117 ciens
902 2054 965 2115 et
1001 2049 1450 2132 praedestinans
1493 2048 1639 2114 facit
1674 2048 1958 2112 animam
1991 2049 2071 2112 ad
2108 2050 2231 2115 hoc

691 2159 863 2241 quod
882 2177 1025 2222 eam
1055 2156 1396 2239 glorificet,
1425 2159 1670 2220 tantam
1698 2155 1872 2219 dabit
1890 2155 1948 2219 ei
1977 2161 2232 2221 natura-

690 2265 858 2329 lium
885 2264 1327 2347 capacitatem,
1360 2268 1667 2347 quantam
1696 2264 1812 2327 scit
1843 2263 1902 2328 ei
1938 2283 2072 2328 esse
2115 2265 2232 2329 da-

693 2377 913 2436 turum
936 2370 1244 2453 gloriam;
1274 2373 1386 2436 aut
1410 2371 1464 2434 si
1493 2371 1664 2434 ultra
1683 2371 2024 2450 tribuatur,
2053 2372 2236 2438 faciet

694 2478 936 2562 aliquid
979 2480 1214 2544 frustra
1251 2497 1270 2543 ε
1321 2479 1492 2562 quod
1538 2480 1594 2543 si
1636 2479 1759 2543 hoc
1806 2483 1900 2545 est
1956 2480 2189 2545 falsum
2215 2531 2231 2560 ,

693 2591 888 2653 restat
930 2588 1098 2671 quod
1137 2587 1447 2671 capacitas
1486 2591 1738 2652 naturae
1760 2637 1778 2668 ,
1822 2590 1887 2653 et
1915 2590 2237 2671 quantitas

695 2696 942 2776 gloriae,
974 2714 1191 2760 secum
1220 2697 1824 2761 commensurantur
1855 2715 2052 2778 :ergo
2075 2696 2239 2761 redit

696 2804 866 2868 idem
889 2803 1061 2886 quod
1091 2803 1290 2886 priuS.

459 2924 669 2970 rumam.
778 2912 1010 2977 Contra
1049 2915 1065 2949 ¹
1101 2934 1116 2975 ι
1151 2911 1505 2976 Secundum
1536 2911 1761 2978 datum
1787 2928 1975 2976 suum
2009 2912 2241 2994 praebet

699 3018 881 3085 illam
921 3018 1341 3100 dz'liqentibus
1389 3033 1454 3083 se
1499 3037 1521 3077 .-
1572 3036 1730 3100 ergo
1772 3019 2031 3083 videtur
2069 3019 2240 3101 quod

697 3128 1055 3192 distributio
1086 3126 1410 3209 sapientiae
1439 3129 1502 3190 et
1527 3127 1754 3208 gratiae
1782 3145 1914 3191 non
1935 3132 2240 3209 pensatur

698 3252 781 3298 ex
808 3236 986 3315 parte
1014 3232 1416 3316 suscipientis
1433 3281 1450 3311 ,
1482 3232 1590 3297 sed
1628 3251 1711 3297 ex
1738 3239 1916 3315 parte
1950 3232 2060 3297 Dei
2087 3252 2240 3297 con-

694 3341 974 3404 ferentis,

780 3446 934 3511 Item
963 3444 1256 3529 possibile
1288 3447 1385 3509 est
1412 3438 1569 3508 'eum
1605 3445 1719 3527 qui
1755 3444 2022 3511 meliora
2049 3445 2242 3512 habet

697 3553 1013 3618 naturalia
1032 3602 1050 3633 ,
1079 3552 1241 3615 nihil
1279 3552 1512 3617 habere
1555 3552 1632 3616 de
1670 3554 1878 3634 gratia
1897 3602 1914 3632 ,
1959 3559 2023 3617 et
2062 3556 2242 3618 omni

697 3666 984 3744 tempore
1015 3660 1166 3725 vitae
1192 3678 1329 3723 suae
1363 3677 1578 3723 carere
1617 3660 1861 3741 gratia3
1892 3679 2044 3724 eum
2084 3680 2240 3726 vero

700 3768 812 3851 qui
863 3768 1055 3831 habet
1104 3767 1358 3831 minora
1403 3768 1750 3844 naturalia,
1800 3767 2126 3833 abundare
2175 3770 2243 3833 in

702 3876 914 3956 gratia
944 3874 1153 3956 :quod
1176 3874 1229 3937 si
1256 3873 1379 3938 hoc
1408 3892 1640 3938 verum
1672 3878 1785 3952 est,
1813 3893 1969 3956 ergo
1996 3895 2127 3939 non
2150 3881 2244 3941 est

702 3983 1085 4066 dispensatio
1104 3981 1330 4065 gratiae
1353 3982 1708 4047 secuudum
1736 4000 2107 4047 mensuram
2133 4003 2243 4049 na·

701 4091 1032 4159 turalium.

786 4197 944 4264 Item
967 4178 1142 4261 'Deus
1167 4196 1276 4261 dat
1299 4196 1575 4279 gratiam
1601 4196 1852 4260 homini
1892 4178 2246 4263 secundum

704 4308 877 4391 quod
903 4325 970 4371 se
1006 4309 1324 4389 praeparat
1361 4326 1376 4369 :
1411 4324 1569 4387 ergo
1611 4305 1667 4368 si
1707 4305 1949 4369 habens
1993 4306 2246 4371 minora

704 4414 1021 4479 naturalia
1038 4462 1055 4491 ,
1100 4413 1465 4496 frequenter
1510 4431 1577 4478 se
1621 4413 1853 4477 melius
1888 4419 2242 4497 praeparat,

706 4542 904 4607 quam
947 4523 1188 4587 habens
1232 4525 1476 4604 majora
1507 4571 1523 4600 ‚
1572 4540 1730 4604 ergo
1775 4521 2032 4586 videtur
2076 4523 2244 4605 quod

706 4633 954 4714 majora
994 4632 1295 4714 suscipiat
1355 4631 1525 4695 dona
1578 4632 1861 4714 gratuita
1882 4679 1898 4711 ,
1948 4632 2249 4714 quamvis

638 4725 642 4729 ’
706 4740 957 4803 minora
981 4739 1214 4804 habeat
1238 4739 1573 4805 naturalia.

787 4846 946 4913 Item
968 4896 987 4927 ,
1026 4847 1138 4930 qui
1182 4847 1446 4912 meliora
1484 4847 1681 4913 habet
1714 4846 2066 4928 naturalia,
2119 4846 2250 4913 fre-

707 4960 978 5039 quenter
1029 4959 1317 5020 remanet
1364 4955 1431 5018 in
1485 4959 1651 5019 statu
1708 4956 2246 5039 imperfectionis;

709 5065 820 5147 qui
842 5082 999 5130 vero
1027 5064 1308 5143 minora,
1337 5064 1700 5146 frequenter
1728 5063 1993 5126 assumit
2015 5065 2253 5128 statum

711 5171 1131 5255 perfectioni3‚
1161 5171 1294 5235 sive
1334 5169 1667 5253 religionis
1698 5193 1713 5234 :
1745 5187 1925 5251 ergo,
1959 5171 2012 5233 si
2044 5174 2252 5254 major

712 5283 807 5343 est
832 5279 1038 5360 gratia
1062 5279 1131 5342 in
1157 5280 1466 5362 perfectis„
1493 5282 1686 5362 patet,
1712 5282 1831 5343 etc.

781 5403 991 5469 ιΕεείι’.,
1022 5407 1161 5468 1,10.

2330 1513 2521 1577 miser
2553 1516 2668 1590 est,
2698 1497 2942 1577 caeteris
2967 1513 3249 1596 paribus,
3294 1517 3356 1577 et
3381 1514 3496 1596 qui
3532 1514 3747 1594 magis
3773 1513 3866 1577 in-

2331 1621 2505 1702 diget
2536 1642 2551 1685 :
2591 1621 2645 1683 si
2675 1638 2832 1702 ergo
2860 1621 2972 1702 qui
3012 1621 3207 1685 habet
3244 1621 3496 1685 minora
3532 1621 3864 1701 naturalia,

2332 1728 2543 1808 magis
2570 1727 2815 1809 indiget
2840 1728 3177 1792 sustentari
3204 1748 3244 1793 a
3269 1730 3499 1810 gratia,
3532 1748 3735 1811 quam
3764 1730 3869 1813 qui

2332 1837 2526 1901 habet
2565 1835 2863 1915 meliora3
2917 1855 3074 1917 ergo
3119 1837 3232 1901 ubi
3273 1837 3454 1901 nulla
3495 1839 3730 1902 merita
3778 1838 3871 1902 vel

2336 1942 2641 2009 demerita
2683 1943 3084 2025 praecedunt,
3138 1939 3302 2007 Deus
3348 1944 3406 2007 ei
3460 1945 3575 2026 qui
3630 1945 3873 2010 minora

2336 2051 2528 2115 habet
2566 2050 2884 2115 naturalia
2903 2099 2920 2129 ,
2968 2049 3153 2114 debet
3183 2051 3333 2116 dare
3374 2054 3693 2134 majorem
3728 2071 3872 2134 gra-

2339 2158 2497 2220 tiam
2528 2177 2545 2221 :
2589 2177 2744 2240 ergo
2773 2157 3130 2222 distributio
3167 2159 3391 2240 gratiae
3425 2178 3559 2223 non
3586 2164 3685 2224 est
3712 2179 3873 2243 prae-

2342 2266 2469 2330 cise
2484 2266 2835 2329 secundum
2853 2267 2977 2348 maj
2987 2283 3166 2330 orem
3179 2266 3592 2349 capacitatem
3608 2272 3873 2346 naturae,

2340 2373 2449 2439 sed
2481 2374 2833 2439 secundum
2861 2373 3328 2457 beneplacitum
3350 2374 3600 2457 pietatis
3622 2375 3873 2447 divinae.

2860 2650 3377 2718 CONCLUSIO.

2344 2823 2470 2882 Non
2517 2819 2801 2878 secundum
2856 2821 3215 2891 capacitatem
3284 2820 3631 2876 naturalium
3687 2820 3882 2876 dantur

2416 2927 2618 2983 semper
2644 2910 2786 2966 dona
2813 2911 3091 2980 qrataita,
3123 2912 3257 2980 quia
3298 2924 3405 2964 non
3445 2925 3652 2983 semper
3687 2926 3879 2967 corras-

2412 3003 2616 3075 pondct
2641 3002 2925 3074 dispositio
2951 3003 3219 3071 requisita
3238 3019 3256 3067 ς
3278 3017 3395 3071 quoe
3421 3004 3556 3072 quia
3584 3006 3647 3057 in
3677 3002 3883 3072 angelis

2417 3095 2533 3162 fuit
2558 3090 2962 3164 correspondens
2980 3132 2999 3161 ‚
3026 3090 3145 3147 idco
3181 3090 3487 3148 habuerunt
3518 3094 3765 3164 qratiam
3800 3107 3882 3149 se·

2420 3182 2647 3239 cundum
2673 3184 3037 3254 capacitatem
3060 3184 3295 3236 naturoe.

2427 3343 2612 3425 Resp.
2660 3340 2740 3406 ad
2784 3343 2942 3422 Arg.
3001 3339 3098 3405 Ad
3148 3340 3603 3423 praedictorum
3649 3341 3887 3407 intelli-

2349 3451 2637 3535 gentiam
2654 3499 2671 3529 ,
2703 3451 2798 3513 est
2821 3447 3169 3512 notandum
3191 3497 3207 3527 ,
3236 3447 3407 3531 quod
3434 3449 3713 3530 gratiam
3739 3451 3888 3516 dare

2349 3560 2704 3625 secundum
2717 3558 2838 3639 maj
2847 3574 3023 3621 orem
3037 3555 3445 3638 capacitatem
3465 3557 3885 3639 naturalium,

2350 3672 2552 3753 potest
2586 3665 2857 3747 intelligi
2886 3664 3213 3747 tripliciter
3246 3686 3260 3727 :
3290 3667 3404 3727 aut
3428 3665 3517 3727 ita
3541 3666 3713 3748 quod
3740 3667 3884 3748 hoc,

2349 3777 2522 3861 quod
2550 3777 2644 3839 est
2667 3772 3045 3849 secundum,
3079 3771 3244 3835 dicat
3273 3771 3621 3835 efficaciam
3667 3792 3889 3839 causa-

2350 3883 2574 3959 litans,
2623 3885 2685 3946 et
2719 3882 2810 3944 sic
2848 3879 3202 3945 secundum
3238 3897 3461 3942 omnes
3500 3878 3735 3944 falsum
3758 3887 3885 3958 est,

2352 3991 2505 4074 quia
2534 3988 2848 4054 naturalia
2884 4005 3014 4051 non
3041 3990 3193 4050 sunt
3231 4004 3440 4049 causae
3477 3988 3747 4067 gratiae3
3782 3992 3891 4051 aut

2353 4095 2441 4159 ita
2467 4093 2638 4178 quod
2662 4092 2824 4157 dicat
2855 4090 3329 4173 dispositionem
3359 4091 3802 4170 congruitatiS,
3832 4094 3892 4155 et

2352 4203 2464 4282 sic,
2496 4203 2607 4265 ubi
2636 4218 2764 4264 non
2797 4203 2891 4263 est
2912 4197 3335 4275 obstaculum,
3365 4198 3724 4261 secundum
3754 4217 3889 4263 om-

2355 4328 2468 4375 nes
2504 4326 2733 4373 verum
2768 4309 2882 4387 est,
2909 4305 3062 4388 quia
3090 4305 3407 4369 naturalia
3440 4304 3611 4369 bona
3637 4304 3717 4369 de
3744 4324 3893 4369 con-

2356 4437 2524 4501 gruo
2552 4417 2898 4498 disponunt
2939 4412 3016 4477 ad
3062 4413 3336 4495 gratiam
3368 4433 3385 4491 ;
3430 4417 3545 4476 aut
3583 4414 3677 4477 ita
3726 4398 3891 4497 quod

2356 4527 2524 4592 dicat
2544 4522 3012 4606 dispositionem
3030 4520 3442 4600 necessitatis,
3463 4525 3525 4584 et
3544 4522 3656 4600 sic,
3680 4540 3893 4586 secun-

2355 4636 2512 4700 dum
2536 4648 2942 4698 communem
2961 4629 3348 4712 opinionem,
3374 4632 3468 4692 est
3487 4628 3744 4709 falsum,
3776 4634 3840 4694 et
3858 4648 3895 4693 a

2359 4739 2720 4807 doctoribus
2754 4737 3200 4821 reprobatum;
3246 4741 3463 4800 tamen
3485 4784 3504 4816 ,
3544 4738 3893 4801 secundum

2360 4849 2723 4932 aliquorum
2742 4845 3131 4929 opinionem,
3154 4843 3494 4926 aliquando
3512 4845 3790 4927 positum
3806 4847 3893 4908 est

2360 4962 2665 5040 tanquam
2706 4971 2958 5020 verum.
3014 4951 3189 5016 Ratio
3231 4956 3445 5015 autem
3484 4951 3685 5033 hujus
3734 4953 3891 5035 posi-

2362 5048 2552 5130 tionis
2592 5063 2713 5128 fuit
2756 5062 2919 5125 ista:
2968 5060 3070 5124 isti
3115 5059 3289 5124 enim
3333 5060 3691 5142 ponebant,
3730 5059 3894 5142 quod

2364 5172 2573 5252 gratia
2609 5188 2740 5233 non
2765 5172 2901 5233 erat
2939 5166 3114 5232 aliud
3149 5185 3345 5250 quam
3391 5166 3554 5232 Deus
3574 5215 3591 5245 ,
3630 5171 3694 5231 et
3730 5165 3893 5250 quod

2364 5278 2637 5345 charitas
2658 5296 2790 5341 non
2820 5280 2984 5341 esset
3000 5276 3171 5341 aliud
3197 5290 3394 5358 quam
3422 5274 3693 5357 Spiritus
3718 5293 3893 5339 sanc·

2367 5389 2472 5450 tus
2492 5388 2605 5467 31et
2631 5383 2827 5468 quod]
2842 5384 3115 5449 intensio
3139 5382 3388 5466 gratiae,
3420 5382 3526 5449 vel
3554 5380 3887 5455 charitatis,
