4125 6225
674 388 753 449 58
1806 375 2435 445 SENTENTIARUM
2474 374 2626 440 LlB.
2672 374 2722 438 l.

672 522 885 603 majus
904 537 923 581 ε
943 517 1053 582 sed
1076 517 1326 600 aequale
1346 516 1620 600 simplici
1646 535 1778 582 non
1801 520 1896 581 est
1913 514 2040 579 nisi
2056 514 2208 578 sim·

672 627 821 709 plex
850 647 865 689 :
895 625 1005 690 sed
1034 624 1307 707 simplex
1322 674 1341 704 ,
1392 625 1681 689 additum
1725 623 1997 707 simplici
2015 671 2035 703 ‚
2072 640 2207 685 non

672 733 819 798 facit
845 733 1093 813 maius:
1123 751 1280 814 ergo
1317 733 1381 795 in
1410 732 1619 815 primo
1655 731 1924 795 transitu
1950 733 2207 793 tantum

672 844 768 906 est
800 859 875 904 ac
896 841 950 903 si
976 841 1136 904 nihil
1168 845 1478 918 transeat·,
1507 839 1796 903 similiter
1838 856 1956 902 nec
1990 838 2059 901 in
2099 856 2206 901 se-

672 947 882 1011 cundo
894 948 1166 1012 transitu
1188 969 1203 1010 :
1226 966 1384 1031 ergo
1402 948 1601 1012 necin
1622 946 1829 1026 terti0,
1852 948 1917 1011 et
1936 946 2026 1010 sic
2044 964 2210 1009 nun-

671 1075 867 1140 quam
893 1059 1235 1141 pertransit
1264 1059 1541 1141 spatium
1562 1058 1985 1141 aliquantum.

1217 1298 1665 1367 CONCLUSIO.

720 1452 958 1523 Anqelus
990 1452 1117 1510 dum
1142 1458 1410 1518 movetur,
1440 1469 1538 1526 per
1557 1453 1790 1510 medium
1814 1455 2017 1509 moveri
2036 1451 2167 1523 ,iure

1327 1543 1551 1601 dicitur.

755 1687 937 1771 Resp.
964 1689 1043 1753 ad
1072 1687 1346 1771 Argum.
1378 1687 1742 1754 Notandum
1768 1691 1863 1753 est
1893 1687 2001 1751 hic
2036 1687 2210 1770 quod

675 1795 841 1859 circa
857 1796 979 1860 hoc
996 1797 1419 1862 diversimode
1437 1797 1738 1861 dixerunt
1762 1795 2014 1860 diversi.
2055 1795 2212 1873 Qui-

674 1901 822 1965 dam
850 1904 1021 1967 enim
1061 1904 1365 1970 dixerunt
1398 1904 1571 1986 quod
1613 1921 1767 1968 cum
1804 1902 2095 1984 Angelus
2131 1903 2213 1968 sit

675 2010 969 2094 simplex,
1015 2030 1150 2077 non
1197 2016 1400 2095 potest
1440 2012 1727 2077 medium
1785 2012 2206 2093 pertransire;

675 2120 848 2183 unde
874 2124 1167 2185 movetur
1190 2121 1272 2184 ab
1294 2124 1580 2184 extremo
1604 2120 1674 2183 in
1691 2124 2055 2183 extremum
2072 2119 2211 2183 sine

676 2226 907 2306 medio,
934 2232 998 2291 et
1022 2228 1234 2292 omnis
1257 2229 1435 2293 locus
1461 2228 1540 2291 ad
1569 2245 1763 2309 quem
1792 2230 2114 2305 movetur,
2145 2244 2213 2290 se

675 2332 868 2397 habet
890 2334 970 2397 ad
995 2334 1177 2399 illum
1202 2355 1314 2419 per
1336 2335 1601 2401 modum
1626 2334 2006 2411 immediati;
2038 2333 2212 2398 unde

677 2439 796 2504 loci
838 2443 1108 2506 mutatio
1142 2442 1212 2505 in
1241 2442 1491 2524 Angelo
1530 2460 1667 2507 non
1701 2446 1795 2506 est
1838 2444 2075 2517 motuS,
2104 2440 2214 2504 sed

677 2548 946 2612 mutatio
972 2553 1225 2613 tantum
1264 2550 1399 2613 sine
1427 2548 1659 2613 medio,
1687 2547 1810 2612 Sed
1841 2548 1963 2612 ista
1986 2547 2214 2629 positio

676 2645 807 2719 non
840 2656 1093 2720 videtur
1128 2657 1518 2720 conveniens
1556 2679 1571 2720 ε
1614 2660 1860 2719 certum
1898 2655 2072 2718 enim
2119 2658 2216 2718 est

677 2762 843 2844 quod
866 2763 1178 2844 AngeluS,
1203 2764 1317 2845 qui
1332 2767 1426 2827 est
1451 2766 1661 2827 custos
1684 2762 1985 2841 hominiS,
2010 2766 2215 2844 potest

678 2871 769 2934 ita
793 2872 1107 2936 custodire
1126 2872 1297 2954 quod
1308 2889 1441 2935 non
1455 2872 1703 2935 deserat
1727 2872 1962 2953 ipsum,
1988 2873 2052 2933 et
2078 2870 2213 2934 sine

678 3000 942 3064 corpore
958 2983 1272 3047 custodire
1289 2986 1491 3066 potest
1511 3002 1528 3045 :
1554 3001 1711 3064 ergo
1734 2986 1936 3064 potest
1954 2980 2213 3064 insepa-

677 3090 958 3156 rabiliter
982 3092 1270 3157 comitari
1297 3111 1450 3157 eum
1485 3115 1501 3156 :
1528 3109 1688 3175 ergo
1713 3091 1906 3156 homo
1927 3109 2077 3155 cum
2097 3108 2213 3155 va·-

676 3197 771 3262 dit
784 3216 897 3281 per
924 3199 1232 3275 medium,
1254 3202 1319 3265 et
1344 3197 1632 3279 Angelus
1650 3215 1779 3261 non
1794 3197 2023 3261 deserit
2035 3215 2209 3276 eum,

677 3306 911 3388 pariter
929 3310 993 3369 et
1017 3306 1303 3388 Angelus
1328 3305 1502 3370 vadit
1522 3322 1637 3387 per
1648 3303 1958 3368 medium.
1981 3303 2059 3367 Et
2072 3303 2214 3368 ideo

678 3413 937 3478 suerunt
971 3414 1081 3477 alii
1120 3415 1234 3497 qui
1272 3414 1578 3478 dixerunt
1607 3411 1781 3495 quod
1822 3411 2113 3493 Angelus
2151 3417 2215 3475 et

676 3540 791 3604 per
823 3522 1140 3599 medium,
1180 3526 1243 3585 et
1267 3521 1403 3584 sine
1437 3520 1648 3584 medio
1687 3524 1893 3602 potest
1937 3520 2207 3598 moveri,

676 3630 828 3712 quia
854 3635 1065 3694 motus
1086 3631 1142 3711 ej
1152 3648 1226 3693 us
1251 3633 1345 3691 est
1362 3628 1442 3692 ad
1460 3631 1690 3691 nutum
1708 3644 1845 3691 suae
1865 3626 2216 3692 voluntatis

675 3737 1027 3801 secundum
1054 3738 1357 3802 virtutem
1384 3735 1690 3800 divinitus
1717 3736 1835 3799 sibi
1859 3735 2156 3799 collatam
2189 3758 2204 3799 ε

556 3831 562 3838 ’
675 3849 902 3909 etcum
923 3845 1084 3923 vult,
1101 3845 1246 3908 facit
1266 3845 1415 3907 sein
1429 3849 1792 3908 extremum
1811 3844 2208 3920 immediate,

675 3957 739 4017 et
757 3972 903 4017 curn
922 3953 1061 4017 vult
1074 3952 1432 4036 pertransit.
1455 3951 1533 4015 Et
1551 3957 1797 4034 ponunt
1815 3952 2021 4015 simile
2037 3953 2210 4034 quod

674 4059 1030 4124 intellectus
1064 4063 1278 4123 noster
1302 4062 1504 4140 potest
1530 4058 1814 4139 cogitare
1840 4060 1918 4124 de
1947 4058 2209 4124 Parisiis

674 4172 738 4233 et
776 4169 853 4232 de
874 4166 1074 4232 Roma
1099 4164 1470 4249 dupliciter:
1495 4168 1607 4229 aut
1641 4165 1732 4228 ita
1761 4165 1931 4248 quod
1970 4167 2211 4231 imme·-

674 4280 841 4344 diate
877 4277 1113 4359 cogitet
1135 4276 1212 4341 de
1238 4294 1392 4352 un0,
1428 4279 1491 4340 et
1514 4278 1657 4357 post
1682 4274 1761 4338 de
1793 4275 1917 4338 alio
1942 4295 1959 4356 3
1989 4276 2092 4340 vel
2119 4276 2212 4339 ita

675 4385 845 4469 quod
863 4384 1074 4467 primo
1098 4383 1177 4448 de
1204 4401 1334 4447 uno
1352 4430 1369 4460 ,
1400 4386 1626 4463 etpost
1652 4380 1728 4446 de
1759 4383 1866 4447 via
1886 4431 1904 4462 ,
1930 4386 1993 4447 et
2014 4383 2201 4447 terti0

674 4494 753 4558 de
778 4492 964 4557 tertio
996 4495 1102 4556 :et
1124 4491 1277 4573 quia
1301 4489 1552 4571 Angelo
1588 4489 1677 4552 ita
1714 4489 1894 4555 facile
1931 4493 2028 4554 est
2061 4490 2214 4554 ferri

674 4601 840 4665 sicut
862 4600 1047 4664 nobis
1087 4599 1400 4680 cogitare,
1435 4614 1585 4659 cum
1610 4613 1743 4660 non
1786 4597 1870 4659 sit
1910 4598 2213 4679 alligatus

675 4707 955 4790 corpori;
982 4706 1200 4770 dicunt
1228 4703 1403 4787 quod
1430 4702 1521 4765 sic
1553 4701 1742 4766 habet
1782 4705 2053 4769 moveri.
2086 4705 2211 4770 Sed

675 4812 984 4898 quidquid
1022 4812 1105 4875 sit
1147 4811 1224 4875 de
1268 4809 1577 4893 positione
1595 4857 1613 4887 ,
1660 4810 2034 4894 exemplum
2078 4831 2213 4876 non

675 4927 770 4986 est
793 4920 1199 4995 conveniens,
1229 4916 1535 5001 quoniam
1576 4916 1878 4997 cogitans·
1909 4937 2104 5000 penes
2145 4938 2212 4984 se

675 5029 867 5093 habet
882 5028 1152 5111 speciem
1169 5026 1412 5101 Romae,
1424 5028 1486 5087 et
1498 5024 1772 5106 speclem
1792 5023 2204 5107 Parisiorum;

675 5156 793 5201 nec
808 5137 947 5200 istae
964 5136 1204 5200 habent
1223 5134 1416 5198 situm
1431 5132 1502 5196 in
1525 5132 1765 5210 anima,
1780 5151 1899 5197 nec
1915 5134 2210 5200 ordinem

676 5243 1029 5308 secundum
1075 5243 1304 5320 situm;
1357 5239 1490 5303 imo
1535 5239 1839 5320 quaelibet
1880 5242 2213 5325 aequaliter

676 5354 772 5417 est
795 5367 1075 5437 praesens
1099 5347 1380 5435 aspectui
1405 5369 1420 5412 ς
1451 5350 1515 5411 et
1538 5344 1682 5410 ideo
1711 5347 1791 5412 ad
1812 5347 2067 5417 libitum
2088 5368 2211 5436 po-

2314 515 2434 575 taet
2476 511 2555 574 de
2591 528 2723 574 una
2761 508 2992 573 atalia
3029 507 3332 589 cogitare.
3376 505 3500 572 Sed
3537 505 3611 569 in
3651 522 3720 568 re
3759 507 3853 568 est

2314 618 2471 682 ordo
2488 621 2553 681 et
2577 617 2736 681 situs
2761 613 3096 693 naturalis„
3126 618 3190 678 et
3207 613 3569 678 necessario
3588 612 3850 694 interja-

2318 729 2416 788 cet
2440 724 2722 788 medium
2747 723 2913 786 inter
2938 740 3139 785 unam
3166 722 3508 798 civitatem,
3529 723 3593 784 et
3611 718 3800 783 aliam
3832 741 3846 782 :

2315 835 2379 895 et
2406 835 2662 915 propter
2686 830 2810 894 hoc
2835 830 3208 912 exemplum
3237 828 3393 892 illud
3416 846 3547 891 non
3566 829 3661 890 est
3699 843 3853 889 con-

2322 940 2611 1016 venienS,
2650 956 2769 1002 nec
2795 942 3051 1020 propter
3082 938 3204 1002 hoc
3227 936 3508 1019 aperitur
3534 934 3720 999 nobis
3754 934 3863 997 via

2317 1047 2398 1111 ad
2449 1046 2967 1127 intelligendum.
3040 1045 3115 1108 Et
3178 1045 3485 1128 quoniam
3558 1041 3714 1106 illud
3768 1044 3863 1105 est

2317 1155 2717 1236 intelligibile
2761 1153 2979 1237 aliquo
3014 1154 3231 1233 modo,
3278 1152 3448 1237 quod
3487 1154 3727 1217 feratur
3751 1168 3863 1233 per

2318 1263 2634 1341 medium,
2672 1265 2737 1327 et
2783 1263 2944 1326 ratio
2989 1262 3326 1326 concordat
3374 1265 3439 1325 et
3479 1259 3862 1338 auctoritas,

2317 1372 2459 1435 ideo
2495 1370 2749 1434 videtur
2786 1369 3260 1434 rationabiliter
3292 1368 3450 1432 illud
3486 1385 3620 1431 esse
3649 1366 3867 1429 dicen-

2326 1477 2507 1542 dum.
2538 1477 2662 1542 Sed
2709 1475 2870 1540 illud
2907 1477 3270 1540 membrum
3308 1474 3483 1558 quod
3519 1473 3669 1537 dicit
3693 1473 3868 1553 quod

2317 1585 2514 1668 possit
2536 1586 2673 1649 sine
2699 1584 2933 1662 medi0‚
2956 1583 3227 1647 arbitror
3256 1580 3697 1664 rejiciendum,
3723 1596 3864 1642 non

2318 1694 2472 1777 quia
2496 1709 2776 1758 asseram
2803 1709 2940 1755 esse
2971 1690 3231 1769 falsum,
3261 1688 3370 1753 sed
3396 1689 3547 1771 quia
3590 1705 3721 1750 non
3769 1688 3867 1749 est

2318 1802 2659 1868 auctoritas
2669 1801 2739 1864 in
2767 1804 3070 1882 promptu
3094 1816 3243 1882 quae
3270 1797 3393 1861 hoc
3411 1796 3595 1875 dicat,
3621 1799 3684 1858 et
3698 1793 3864 1858 ratio

2319 1930 2452 1977 non
2479 1911 2687 1993 cogit,
2718 1909 2851 1973 imo
2884 1926 3018 1973 non
3062 1906 3252 1990 capit.
3303 1904 3600 1969 Possibile
3643 1907 3869 1966 tamen

2318 2025 2412 2084 est
2437 2020 2608 2102 quod
2630 2019 2795 2083 Deus
2815 2017 3058 2100 aliquid
3086 2015 3326 2080 dederit
3349 2013 3717 2078 substantiis
3741 2011 3873 2075 illis

2318 2127 2759 2211 spiritualibus
2780 2174 2797 2201 ,
2828 2124 3006 2207 quod
3033 2122 3315 2186 carnales
3342 2119 3690 2184 intellectus
3726 2137 3869 2182 non

2319 2236 2600 2317 capiunt.
2627 2232 3061 2298 Concedendae
3082 2248 3242 2313 ergo
3261 2232 3413 2293 sunt
3429 2229 3705 2292 rationes
3719 2245 3872 2310 pro·

2320 2345 2542 2408 bantes
2565 2340 3054 2426 quodAngelus
3066 2342 3401 2403 moveatur
3418 2354 3532 2420 per
3550 2336 3870 2400 medium.

2402 2455 2432 2513 1
2446 2498 2461 2513 .
2494 2449 2593 2514 Ad
2619 2449 2780 2514 illud
2803 2467 2960 2530 ergo
2983 2448 3154 2530 quod
3181 2446 3480 2527 objicitur
3497 2444 3678 2526 quod·
3696 2444 3874 2507 Deus

2321 2576 2452 2622 non
2480 2560 2698 2622 movet
2723 2574 2837 2639 per
2873 2556 3086 2619 locum
3122 2552 3448 2634 Angelum
3469 2600 3487 2632 ,
3518 2551 3870 2616 dicendum

2320 2664 2493 2747 quod
2520 2663 2806 2728 facienda
2832 2666 2927 2727 est
2944 2662 3044 2726 vis
3070 2661 3138 2724 in
3158 2660 3357 2726 verbo
3384 2659 3735 2722 secundum
3766 2659 3871 2721 in-

2326 2771 2642 2835 tellectum
2679 2768 3031 2851 Augustini
3069 2790 3084 2831 :
3118 2767 3290 2850 quod
3324 2768 3493 2849 patet
3519 2783 3603 2829 ex
3635 2764 3876 2830 littera.

2321 2876 2460 2961 Ipse
2501 2878 2680 2942 enim
2722 2875 3034 2958 Spiritum
3080 2874 3243 2938 dixit
3289 2892 3421 2937 non
3462 2871 3706 2936 moveri
3752 2890 3879 2955 per

2318 2984 2481 3060 loca,
2509 2984 2660 3068 quia
2687 2982 3101 3066 proprietates
3132 2979 3254 3044 loci
3273 3029 3290 3059 ,
3321 2978 3552 3042 scilicet
3591 2978 3880 3041 circum-

2319 3092 2727 3176 scriptionem
2769 3094 2832 3155 et
2879 3089 3367 3164 dimensionem,
3421 3103 3554 3151 non
3596 3085 3876 3164 obtinet,

2320 3218 2470 3263 cum
2499 3199 2875 3262 transfertur
2899 3197 2979 3262 de
3013 3197 3152 3262 loco
3188 3195 3268 3259 ad
3305 3195 3549 3272 locum;
3581 3193 3691 3257 sed
3719 3212 3879 3276 pro-

2319 3306 2653 3388 prietatem
2706 3305 3012 3387 temporis
3032 3352 3050 3383 ,
3106 3322 3255 3387 quae
3323 3308 3419 3367 est
3483 3300 3749 3366 variatio
3804 3306 3877 3365 et

2319 3415 2646 3480 innovatio
2691 3413 2909 3496 aliqua
2928 3461 2945 3490 ,
2989 3431 3140 3477 vere
3183 3417 3246 3477 et
3291 3410 3544 3494 proprie
3586 3407 3876 3473 admittit

2320 3522 2605 3605 spiritus,
2657 3519 2820 3584 Nam
2869 3538 3058 3584 novae
3111 3518 3478 3584 affectiones
3516 3517 3877 3583 succedunt

2324 3630 2654 3714 spiritibus
2690 3647 2805 3712 per
2848 3612 3183 3707 naturam,
3212 3631 3276 3691 et
3322 3624 3774 3707 cogitationes;
3806 3628 3878 3688 et

2321 3740 2593 3805 ulterius
2614 3739 2741 3803 illae
2773 3735 3192 3801 intenduntur
3217 3741 3282 3798 et
3313 3733 3753 3811 remittuntur,
3782 3731 3878 3795 ita

2320 3852 2492 3933 quod
2520 3869 2671 3915 vere
2692 3852 2896 3933 potest
2915 3865 3052 3911 esse
3078 3845 3454 3929 partibilitas
3480 3863 3519 3907 a
3538 3847 3712 3927 parte
3739 3843 3876 3909 for·—

2321 3977 2469 4035 mae‚
2491 3960 2626 4021 sive
2649 3955 3052 4039 proprietatis
3075 3936 3511 4037 acquirendae.

2400 4069 2460 4128 2.
2505 4064 2602 4128 Ad
2619 4064 2777 4128 illud
2810 4063 2887 4127 de
2918 4060 3307 4142 philosopho
3331 4057 3540 4141 'quod
3576 4056 3874 4138 imparti-

2318 4173 2445 4237 bile
2476 4192 2606 4236 non
2644 4175 2943 4236 movetur
2973 4187 3171 4251 supra
3192 4165 3731 4248 magnitudinem,
3776 4165 3877 4228 di-

2320 4281 2597 4345 cendum
2611 4280 2782 4363 quod
2795 4277 3215 4358 Philosophus
3232 4273 3463 4357 probat
3480 4276 3544 4336 et
3557 4271 3878 4336 concludit

2320 4388 2397 4452 de
2417 4386 2805 4471 impartibili,
2820 4382 2993 4467 quod
3015 4382 3209 4445 habet
3231 4381 3429 4445 situm
3448 4379 3516 4442 in
3536 4377 3875 4459 magnitu-

2319 4495 2503 4574 dine,
2530 4493 2704 4577 quod
2745 4495 2840 4556 est
2876 4488 3263 4572 impartibile
3281 4536 3299 4565 ,
3328 4491 3392 4551 et
3441 4487 3717 4550 situatur
3740 4484 3870 4549 situ

2320 4599 2689 4683 impartibili
2718 4621 2732 4662 :
2769 4597 2892 4661 hoc
2939 4596 3117 4659 enim
3161 4612 3296 4657 non
3356 4594 3559 4676 potest
3622 4588 3873 4654 moveri

2321 4726 2518 4790 supra
2539 4702 3077 4787 magnitudinem,
3107 4701 3262 4783 quia
3284 4701 3339 4762 si
3369 4700 3688 4775 movetur,
3722 4714 3863 4760 mo-

2319 4821 2509 4879 vetur
2539 4813 2621 4877 ad
2665 4808 3129 4894 acquirendum
3163 4807 3397 4884 situm;
3448 4809 3510 4869 et
3543 4803 3715 4887 quod
3751 4820 3864 4867 ac-

2320 4922 2628 5005 quiritur,
2678 4937 2790 5001 per
2834 4919 3083 4979 motum
3135 4913 3519 4997 acquiritur,
3566 4910 3656 4974 ita
3699 4911 3868 4993 quod

2321 5047 2470 5112 pars
2495 5033 2634 5110 post
2676 5028 2955 5108 partem3
2986 5025 3049 5086 et
3087 5021 3247 5084 situs
3288 5018 3694 5101 impartibilis
3735 5035 3869 5082 non

2321 5140 2523 5220 potest
2543 5133 2810 5216 acquiri,
2838 5130 2930 5194 ita
2950 5127 3122 5212 quod
3146 5145 3291 5209 pars
3315 5130 3455 5208 post
3480 5129 3731 5207 partem
3757 5142 3863 5188 ac·

2320 5243 2617 5326 quiratur
2649 5261 2665 5303 :
2703 5244 2768 5302 et
2792 5238 2934 5302 ideo
2958 5251 3191 5299 verum
3230 5237 3327 5297 est
3375 5232 3551 5315 quod
3586 5232 3714 5297 tale
3729 5230 3867 5294 ‘im-

2391 5366 2598 5432 ¹Arist„
2621 5363 2824 5435 Physic-
2849 5360 2944 5415 lib.
2962 5359 3052 5431 vl,
3077 5359 3222 5419 cont,
3239 5357 3320 5419 88.
