4125 6225
1286 329 1480 398 DIST.
1516 329 1780 400 xxxvl.
1824 334 2005 401 ART.
2048 336 2100 401 I.
2146 336 2444 416 QUAEST.
2488 340 2566 406 ΙΙ.

3430 354 3510 414 23

333 461 741 529 essentialiter
783 465 952 530 meet
1007 464 1076 530 in
1127 464 1293 546 Deo;
1344 484 1466 533 nec
1515 470 1871 536 secundum
1982 472 2172 538 estin
2197 475 2436 560 aliquo,
2466 476 2652 543 estin
2689 477 2800 544 illo
2824 479 3178 546 secundum
3218 499 3309 563 se,
3358 487 3504 566 etc.;

328 569 559 653 aliquid
584 570 714 652 sui,
749 571 906 655 quia
924 572 1091 638 nihil
1124 573 1206 639 de
1234 574 1372 658 ipsa
1398 578 1492 641 est
1517 578 1866 660 aeternum,

329 677 428 742 sed
458 680 669 741 totum
696 696 784 742 ex
810 683 1104 764 tempore
1136 702 1155 746 ι
1182 700 1362 764 ergo,
1385 685 1508 749 etc.

1975 580 2314 649 dicendum
2366 585 2538 667 quod
2557 633 2575 663 ‚
2631 590 2948 670 quantum
3005 589 3085 654 ad
3154 590 3507 656 secundum

1976 689 2266 769 modum,
2324 709 2427 757 res
2483 696 2634 757 sunt
2683 694 2753 759 in
2799 695 2927 761 Deo
2979 697 3337 763 secundum
3381 697 3499 762 ali-

398 788 455 849 3.
482 783 676 862 Item,
705 786 885 868 quod
912 787 1106 852 estin
1133 787 1370 871 aliquo,
1393 790 1590 854 estin
1618 790 1731 856 illo
1764 808 1868 856 se—
1973 797 2132 879 quid
2180 799 2279 864 sui
2301 848 2319 879 ,
2366 799 2520 882 quia
2563 800 2916 866 secundum
2961 805 3288 887 exemplar
3334 826 3350 868 :
3394 805 3502 869 sed

325 891 599 958 ctmdum
653 911 795 958 esse
839 896 1121 976 actuale,
1164 895 1272 962 vel
1309 898 1652 980 potentiale
1696 918 1714 963 ε
1755 899 1865 964 sed

321 1005 891 1067 amhn-anonest
925 1002 1157 1069 inDeo
1186 1005 1543 1070 secundum
1579 1022 1715 1072 esse
1750 1024 1862 1072 ac-

320 1107 501 1188 tuale,
537 1109 707 1191 quia
740 1113 899 1175 tunc
934 1113 1083 1176 actu
1117 1116 1284 1177 esset
1313 1133 1329 1176 ε
1359 1130 1519 1194 ergo
1560 1113 1614 1177 si
1653 1117 1750 1178 est
1789 1114 1862 1178 in

316 1214 455 1297 Deo,
509 1221 613 1281 est
663 1219 1025 1284 secundum
1073 1237 1208 1284 esse
1260 1221 1601 1303 potentiale
1677 1245 1694 1287 :
1751 1222 1861 1287 sed

315 1341 498 1388 omne
523 1342 677 1390 esse
712 1326 1053 1409 potentiale
1066 1373 1085 1407 ,
1125 1329 1480 1393 secundum
1518 1329 1690 1411 quod
1732 1330 1859 1395 hu-

309 1433 622 1516 jusmodi,
658 1439 755 1499 aet
779 1435 1201 1518 permutabile
1238 1437 1338 1500 :si
1368 1455 1524 1520 ergo
1566 1441 1859 1503 creatura

307 1541 386 1604 ab
409 1544 669 1607 aeterno
695 1546 794 1607 est
825 1543 893 1608 in
920 1542 1052 1609 Deo
1084 1545 1441 1610 secundum
1467 1563 1604 1610 esse
1629 1549 1854 1628 poten-

304 1648 468 1725 tiale,
487 1649 575 1712 ab
596 1654 843 1715 aeterno
861 1651 1044 1714 estin
1057 1650 1185 1716 Deo
1196 1652 1546 1716 secundum
1562 1671 1698 1718 esse
1717 1671 1856 1717 mu-

304 1754 491 1820 tabile
521 1777 539 1821 2
566 1756 687 1820 sed
709 1755 834 1821 hoc
860 1760 959 1821 est
980 1758 1252 1823 falsum:
1279 1777 1437 1841 ergo
1463 1763 1527 1824 et
1544 1760 1849 1843 primum.

377 1867 437 1926 4.
484 1861 690 1941 Item,
722 1865 779 1928 si
821 1869 1120 1931 creatura
1169 1867 1398 1932 dicitur
1441 1869 1850 1947 esseinDeO,

301 1970 450 2053 quia
478 1975 859 2053 potestesse
880 1991 922 2038 a
945 1973 1107 2055 Deo;
1139 1993 1294 2057 ergo
1320 1994 1471 2041 eum
1496 1977 1578 2041 ab
1613 1980 1852 2043 aeterno

230 2160 235 2164 .
301 2095 430 2143 aeoe
455 2097 496 2143 a
522 2078 662 2145 Deo
688 2080 776 2145 sit
798 2080 1217 2165 impossibile,
1242 2102 1377 2149 non
1409 2084 1532 2150 erit
1561 2088 1853 2152 creatura

299 2185 373 2249 ab
388 2187 645 2252 &eterno
674 2188 748 2252 in
768 2188 902 2254 Deo
926 2189 1175 2257 ratione
1196 2192 1521 2275 potentiae.

856 2452 1311 2550 conctuslo.

291 2631 387 2686 12oe
435 2633 573 2687 ami
617 2632 684 2686 in
729 2632 838 2687 Deo
893 2630 968 2688 ab
1025 2634 1220 2688 oetemo
1263 2632 1545 2690 secundum
1582 2635 1845 2693 aiamim-

356 2717 507 2777 αἰπὺς
534 2722 907 2793 proesmtimn
920 2759 941 2792 ,
993 2724 1153 2793 atque
1191 2721 1471 2778 semndum
1508 2727 1843 2782 causativam

350 2814 711 2884 potentiam,
744 2812 870 2869 licet
894 2826 1007 2868 non
1045 2811 1325 2869 secundum
1364 2813 1565 2869 realem
1606 2817 1840 2872 emisten-

353 2904 508 2957 tiam.

364 3051 553 3136 Resp.
584 3051 670 3118 ad
695 3052 859 3135 Arg.
888 3050 1237 3119 Dicendum
1263 3053 1434 3137 quod
1463 3053 1704 3138 aliquid
1740 3055 1841 3121 di-

291 3159 448 3226 citur
468 3179 616 3227 esse
642 3160 717 3225 in
732 3161 953 3245 aliquo
970 3160 1333 3244 tripliciter:
1354 3161 1458 3229 vel
1485 3164 1837 3230 secundum

291 3271 603 3336 actualem
627 3269 1042 3335 existentiam
1059 3316 1079 3349 ,
1108 3269 1213 3335 vel
1233 3270 1589 3336 secundum
1610 3271 1833 3337 simili-

292 3376 523 3442 tudinis
549 3379 974 3463 praesentiam
994 3424 1014 3458 ,
1043 3378 1147 3443 vel
1172 3377 1528 3444 secundum
1554 3381 1834 3446 causati-

288 3502 431 3549 vam
454 3487 841 3570 potentiam.
870 3484 1088 3550 Primo
1104 3485 1295 3551 modo
1308 3489 1460 3552 sunt
1478 3505 1582 3551 res
1599 3487 1669 3551 in
1687 3487 1834 3552 uni-

289 3611 501 3675 verso3
527 3595 821 3660 secundo
854 3594 1047 3659 modo
1078 3594 1149 3658 in
1179 3595 1505 3676 cognitiva
1533 3596 1828 3662 substan-

288 3701 401 3779 fia3
434 3703 630 3768 tertio
674 3702 867 3767 modo
913 3702 987 3766 in
1011 3720 1131 3767 sua
1156 3720 1372 3767 causa.
1418 3702 1530 3767 His
1568 3704 1825 3770 duobus

287 3810 483 3874 modis
507 3811 764 3876 ultimis
783 3828 889 3875 res
909 3814 1060 3875 sunt
1080 3810 1153 3873 in
1175 3809 1325 3891 Deo,
1353 3811 1507 3894 quia
1538 3816 1634 3877 est
1669 3831 1824 3895 cog·-

286 3933 544 3982 noscens
568 3937 678 3983 τω
697 3922 1046 4002 antequam
1060 3919 1241 3998 fiant,
1262 3921 1329 3983 et
1346 3923 1568 4001 potens
1589 3921 1824 4003 produ·

286 4041 440 4090 cere.
487 4025 699 4104 Unde,
758 4027 914 4109 quia
962 4026 1044 4091 ab
1082 4030 1322 4091 aeterno
1366 4030 1714 4111 cognoscit,
1756 4033 1823 4095 et

284 4132 563 4213 potentia
603 4151 739 4216 qua
766 4133 1071 4217 produxit
1119 4152 1202 4198 ex
1246 4136 1553 4218 tempore,
1601 4136 1672 4200 in
1692 4136 1823 4203 Deo

282 4238 507 4303 fuitab
552 4243 841 4319 aeterno,
871 4241 1019 4306 ideo
1057 4241 1357 4307 dicuntur
1397 4244 1823 4311 raefuissein

285 4342 406 4412 Deo
432 4347 515 4411 ab
542 4352 817 4412 aeterno.

356 4457 417 4518 1.
447 4454 550 4519 Ad
583 4454 747 4520 illud
771 4456 949 4539 quod
987 4456 1284 4539 objicitm·
1317 4477 1335 4521 z
1391 4478 1427 4519 c
1448 4455 1629 4535 Quod
1654 4458 1819 4524 nihil

286 4565 390 4640 est,
440 4579 583 4625 non
632 4565 729 4627 est
765 4564 838 4627 in
879 4563 1125 4646 aliqum
1171 4584 1204 4624 n
1255 4563 1599 4630 dicendum
1642 4567 1816 4649 quod

284 4684 506 4733 verum
542 4672 641 4734 est
664 4670 1022 4735 secundum
1045 4670 1330 4755 primum
1356 4673 1621 4737 modum
1647 4675 1820 4739 exis-

286 4775 473 4853 tendi,
500 4776 617 4841 sed
656 4777 895 4841 salsum
932 4779 1287 4844 secundum
1312 4781 1669 4845 secundum
1691 4829 1711 4863 ‚
1755 4785 1824 4847 et

287 4883 635 4948 seeundum
660 4885 928 4948 tertium
949 4906 964 4949 ε
984 4886 1139 4968 quia
1160 4886 1320 4952 illud
1350 4889 1521 4971 quod
1544 4888 1819 4954 nihilest

290 4991 493 5069 modo,
522 4990 696 5056 Deus
718 4994 933 5075 potest
951 4993 1175 5058 facem.

362 5100 425 5160 Ξ.
450 5097 551 5162 Ad
568 5098 731 5162 illud
758 5099 932 5182 quod
958 5100 1255 5183 objicitur
1279 5102 1451 5185 quod
1468 5102 1626 5167 illud
1642 5101 1815 5185 quod

350 5255 465 5318 ¹C‘f.
491 5258 550 5309 S.
576 5258 789 5323 Thom.,
820 5259 1350 5327 p.l,q.xw‚art.6;
1379 5262 1477 5314 etl
1507 5263 1667 5326 Seni„
1695 5262 1815 5316 dist.

294 5337 600 5395 xxxv,q.1,
634 5332 1627 5404 arL33etffist.xxm,q.1,a1-t.i;
1667 5335 1817 5387 etde

1969 904 2213 987 aliquid
2237 906 2331 971 rei
2350 910 2555 989 potest
2578 907 2702 971 dici
2738 907 3094 990 tripliciter,
3137 909 3374 975 scilicet
3399 929 3502 976 es-

1970 1011 2333 1091 sentialiter,
2368 1013 2674 1093 effective,
2702 1016 2768 1078 et
2787 1015 3132 1093 causative,
3160 1016 3395 1082 scilicet
3421 1017 3503 1083 si-

1969 1121 2079 1182 cut
2104 1137 2273 1202 para,
2299 1120 2581 1201 effectuS,
2609 1123 2678 1184 et
2700 1139 2914 1186 causa.
2945 1119 3080 1187 Hoc
3101 1123 3290 1188 tertio
3311 1124 3502 1190 modo

1968 1227 2062 1289 aet
2085 1226 2246 1291 illud
2292 1227 2621 1312 exemplar
2649 1227 2894 1312 aliquid
2926 1229 3066 1306 rei,
3098 1229 3389 1296 videlicet
3428 1234 3504 1295 ut

1967 1350 2159 1397 causa
2188 1355 2203 1398 ε
2235 1334 2471 1399 scilicet
2492 1337 2808 1418 quantum
2824 1336 2905 1401 ad
2921 1336 3181 1402 tertium
3205 1337 3496 1420 modum,

1964 1437 2198 1503 scilicet
2222 1441 2568 1523 potentiam
2591 1442 3004 1524 causativam,
3034 1447 3130 1508 est
3148 1461 3252 1509 res
3268 1462 3497 1510 secun-

1963 1544 2120 1610 dum
2142 1563 2210 1610 se
2235 1564 2367 1611 non
2384 1546 2455 1610 in
2469 1549 2639 1627 actu,
2658 1548 2768 1613 sed
2795 1549 3073 1631 potentia
3086 1597 3104 1627 ,
3126 1550 3281 1633 quia
3300 1568 3498 1616 suum

1966 1669 2100 1716 esse
2143 1655 2348 1736 potest
2383 1654 2649 1737 produci
2674 1673 2714 1719 a
2740 1653 2889 1719 Deo.
2939 1654 3244 1721 Similiter
3270 1657 3351 1723 ad
3390 1675 3498 1722 se-

1960 1777 2166 1842 quens
2187 1760 2524 1826 dicendum
2546 1809 2564 1841 ,
2589 1761 2760 1845 quod
2775 1763 3022 1827 ratione
3047 1764 3498 1847 exemplarite-

1959 1869 2041 1932 tis
2079 1886 2181 1932 res
2215 1868 2542 1933 actualiter
2574 1870 2820 1934 suntin
2847 1869 3013 1950 De03
3039 1871 3284 1936 ratione
3310 1889 3496 1937 crea-

1958 1975 2171 2056 tionis,
2190 1975 2634 2058 potentialiter,
2656 1976 2809 2059 quia
2834 1980 3100 2060 possunt
3119 1977 3410 2062 produci.

2038 2087 2098 2146 3.
2132 2081 2314 2159 Quod
2341 2083 2639 2165 objicitur
2669 2105 2685 2147 ε
2723 2107 2755 2146 01
2778 2082 2960 2163 Quod
2989 2088 3085 2150 est
3121 2085 3194 2149 in
3219 2085 3372 2164 De0,
3399 2089 3495 2151 est

1955 2188 2436 2269 immutabile31>
2461 2190 2804 2255 dicendum
2817 2190 2989 2274 quod
3012 2189 3136 2255 hoc
3151 2192 3247 2256 est
3261 2208 3494 2257 verum

1956 2295 2034 2360 de
2063 2314 2140 2361 eo
2162 2298 2335 2380 quod
2356 2300 2450 2362 est
2474 2300 2620 2363 actu
2647 2297 2720 2361 in
2749 2296 2877 2362 Deo
2909 2317 2926 2361 t
2957 2297 3068 2362 sed
3093 2297 3263 2380 quod
3286 2301 3491 2379 potest

1955 2403 2221 2488 produci
2254 2422 2294 2467 a
2323 2404 2481 2484 Deo,
2514 2407 2611 2468 est
2636 2403 2963 2469 mutabile.
2992 2401 3106 2469 Vel
3151 2403 3493 2469 dicendum

1952 2514 2128 2595 quod
2158 2512 2439 2596 potentia
2475 2529 2545 2577 se
2569 2511 2765 2578 habet
2800 2529 2916 2595 per
2951 2512 3491 2594 comparationem

1952 2615 2034 2680 ad
2059 2614 2349 2682 divinam
2370 2616 2722 2698 potentiam
2745 2632 2896 2699 quae
2919 2619 3014 2680 est
3034 2615 3453 2680 immutabilis
3466 2661 3486 2694 ‚

1951 2720 2016 2782 et
2063 2717 2155 2782 sic
2195 2721 2292 2783 est
2316 2718 2748 2797 immutabile3
2801 2717 2908 2784 vel
2950 2716 3031 2781 ad
3074 2720 3485 2781 connotatum

1948 2826 2298 2908 temporale
2319 2829 2525 2903 extra,
2554 2830 2619 2890 et
2652 2826 2745 2889 sic
2765 2824 2960 2890 habet
2988 2843 3123 2890 esse
3148 2825 3479 2891 mutabile.

2028 2937 2091 2997 4.
2130 2932 2230 2997 Ad
2265 2932 2422 2997 illud
2463 2931 2637 3016 quod
2676 2931 2976 3013 objicitur
3017 2932 3096 2997 de
3140 2932 3479 3013 creatione,

1947 3041 2288 3107 dicendum
2301 3039 2627 3126 :quamvis
2642 3041 2823 3105 actus
2836 3040 3091 3105 creandi
3107 3059 3242 3105 non
3258 3044 3484 3124 potue-

1944 3150 2030 3215 rit
2052 3168 2190 3215 esse
2223 3151 2305 3215 ab
2329 3153 2570 3215 aeterno
2591 3196 2611 3229 ,
2644 3153 2863 3215 tamen
2898 3148 3186 3233 potentia
3225 3146 3486 3214 creandi

1942 3257 2066 3324 fuit
2089 3259 2161 3323 in
2183 3257 2312 3324 Deo
2339 3259 2422 3324 ab
2452 3261 2718 3324 aetern0.

2436 3486 2826 3587 ‚QUAESTIO
2866 3486 2948 3556 11.

1935 3652 2031 3711 An
2054 3668 2138 3711 rec
2161 3654 2376 3711 ratione
2399 3652 2633 3711 esseratioe
2645 3690 2664 3721 ,
2694 3651 2781 3708 vel
2799 3664 3041 3725 personae
3064 3652 3178 3708 sint
3203 3652 3267 3708 in
3291 3652 3398 3708 Deo
3427 3651 3468 3709 ¹.

2016 3807 2245 3874 Utrum
2286 3825 2389 3873 res
2424 3807 2556 3873 sint
2586 3807 2660 3871 in
2694 3805 2823 3871 Deo
2858 3805 3104 3871 ratione
3154 3807 3466 3888 essentiae,
3499 3828 3710 3879 ranan.

1933 3916 2040 3984 vel
2081 3933 2400 3999 personae3
2430 3918 2495 3980 et
2535 3913 2708 3998 quod
2745 3913 2993 3979 ratione
3025 3914 3338 3995 essentiae,
3367 3915 3470 3979 vi·

1933 4025 2140 4104 detur,
2170 4024 2323 4107 quia
2355 4022 2528 4107 quod
2553 4023 2718 4087 inest
2743 4021 2985 4087 ratione
3011 4039 3335 4106 personae,
3370 4025 3465 4089 est

1931 4132 2296 4217 proprium;
2328 4130 2502 4214 quod
2542 4130 2709 4194 inest
2729 4130 2976 4195 ratione
3014 4131 3328 4213 oesentiae,
3370 4134 3465 4196 est

1932 4258 2309 4305 commune:
2338 4238 2394 4303 si
2416 4254 2575 4320 ergo
2599 4237 2723 4302 hoc
2748 4241 2843 4302 est
2866 4255 3209 4304 commune
3233 4239 3461 4319 trihus,

1928 4352 2123 4431 patet,
2153 4351 2273 4413 etc.
2299 4346 2619 4413 Praeterea
2645 4363 2752 4409 res
2779 4345 2850 4409 in
2878 4344 3007 4410 Deo
3044 4349 3197 4411 sunt
3216 4346 3466 4412 ratione

1929 4451 2424 4537 exemplaritatis
2435 4470 2457 4534 3
2511 4450 2622 4517 sed
2669 4450 2995 4534 exemplar
3038 4453 3349 4516 creaturae
3393 4451 3465 4515 in

1927 4562 2055 4626 Deo
2097 4566 2191 4626 est
2235 4560 2452 4628 divina
2492 4558 2794 4640 essentia,
2837 4559 2991 4642 quia
3041 4559 3209 4625 Deus
3257 4559 3464 4642 seipso

1926 4668 2220 4751 producit
2243 4670 2310 4732 et
2339 4666 2707 4749 cognoscit:
2738 4684 2930 4749 erge,
2960 4669 3079 4732 etc.

2008 4775 2192 4854 Item,
2221 4774 2454 4857 regula
2491 4777 2622 4853 est,
2660 4775 2833 4858 quod
2859 4774 3172 4857 quidquid
3214 4774 3293 4840 de
3333 4773 3464 4838 Deo

1930 4884 2164 4949 dicitur
2186 4883 2259 4947 in
2284 4882 2588 4947 relatione
2615 4881 2696 4946 ad
2720 4884 3098 4960 creaturam,
3124 4883 3222 4945 est
3243 4898 3461 4945 essen-

1923 4991 2155 5055 tialiter
2180 4990 2422 5055 dictum
2443 5010 2461 5054 z
2482 4989 2592 5054 sed
2609 5006 2712 5053 res
2727 5006 2861 5053 esse
2887 4987 2960 5052 in
2983 4987 3109 5052 Deo
3137 4989 3232 5052 est
3252 4985 3462 5053 taliter

1925 5100 2171 5165 dictum
2198 5116 2355 5181 ergo
2386 5119 2403 5163 z
2431 5101 2551 5163 etc.

1931 5263 2108 5329 Ver-it„
2130 5277 2179 5329 q.
2201 5275 2261 5330 11,
2286 5265 2386 5317 art.
2400 5262 2429 5312 4
2440 5276 2460 5327 ;
2486 5259 2665 5328 Steph.
2685 5256 2896 5322 Bruler„
2915 5258 2936 5309 1
2958 5258 3118 5325 sent„
3137 5258 3256 5311 dist.
3271 5269 3457 5325 xxxv1,

1925 5350 1977 5409 q.
2000 5346 2056 5394 ιι.
