4125 6225
593 2399 713 2444 ivisio
723 2432 733 2444 .

768 406 885 467 378

1880 399 2498 468 SENTENTIARUM
2521 401 2686 467 LIB.
2729 399 2808 466 II.

764 545 864 606 ter
891 538 1292 629 operabitur,
1342 548 1407 608 et
1442 539 1590 609 ideo
1630 540 1798 609 forte
1824 537 2110 607 dicitur¹
2140 544 2297 606 tunc
2332 537 2722 626 solvendus,
2767 538 2926 631 quia
2966 545 3126 607 tunc
3160 538 3429 609 dabitur
3470 542 3534 611 ei
3576 552 3837 635 potestas
3873 570 3906 616 a
3968 561 4054 612 Quo«
3947 611 4092 667 ΜΞ

764 653 899 723 Deo
926 655 1222 724 tentandi
1247 656 1547 725 homines
1570 669 1822 748 ,quam
1850 653 2046 723 modo
2074 675 2209 722 non
2236 654 2455 724 habet.

848 771 1016 840 Aliis
1043 794 1342 864 quoque,
1374 775 1491 865 qui
1518 797 1559 842 a
1587 773 1824 841 sanctis
1851 771 2028 863 juste
2062 779 2128 840 et
2153 768 2388 863 pudice
2428 772 2809 842 viventibus
2836 772 3218 861 vincuntur,
3266 781 3546 865 potestas
3586 777 3746 846 alios
3787 788 4072 853 ten-m„

765 887 947 957 tandi
968 888 1231 957 videtur
1263 888 1490 957 adimi.
1523 888 1713 958 Unde
1739 887 2099 977 Origenes:
2139 911 2173 952 c<
2203 888 2396 975 Puto,
2423 888 2719 980 inquit,
2670 893 2694 929 ¹
2751 910 2906 957 sane
2931 888 3091 979 quia
3119 888 3340 958 Sancti
3367 904 3800 984 repugnantes
3817 897 4026 975 τιεί-Μ,εἰ
3929 815 4092 978 “²²⁵3

765 1027 995 1074 versus
1015 1005 1171 1073 istos
1196 1005 1597 1090 incentoreS,
1628 1013 1692 1073 et
1727 1004 2060 1073 vincentes
2090 1003 2397 1072 minuant
2432 1003 2792 1072 exercitum
2829 1003 3204 1073 daemonum
3230 1058 3247 1092 ,
3292 1015 3357 1075 et
3382 1008 3566 1077 velut
3591 1012 3913 1102 quamplu·
3945 933 4070 1100 ‘33²³

766 1121 967 1188 rimos
993 1143 1221 1189 eorum
1248 1120 1628 1189 interimant
1662 1146 1678 1188 ε
1708 1143 1829 1189 nec
1856 1121 2035 1189 ultra
2062 1120 2161 1187 fas
2184 1120 2267 1188 sit
2295 1119 2395 1188 illi
2424 1120 2721 1211 spiritui,
2755 1119 2875 1211 qui
2901 1120 2987 1188 ab
3013 1121 3240 1213 aliquo
3265 1121 3503 1193 Sancto
3528 1135 3697 1194 caste
3722 1136 3788 1195 et
3810 1152 3914 1220 pu·
3951 1120 4054 1239 “ffi-

764 1236 908 1305 dice
928 1235 1209 1306 vivendo
1236 1237 1447 1304 victus
1472 1244 1591 1322 est,
1627 1237 2021 1328 impugnare
2046 1236 2286 1305 iterum
2315 1236 2522 1305 alium
2551 1237 2912 1305 hominem.
2928 1262 2963 1303 »
2997 1238 3136 1307 Hoc
3162 1247 3383 1308 autem
3409 1249 3644 1333 putant
3669 1244 3915 1336 quidam
3933 1255 4069 1300 Q

763 1352 1267 1443 intelligendum
1296 1361 1559 1423 tantum
1587 1353 1669 1423 de
1707 1353 1827 1421 illo
1858 1353 2021 1422 vitio
2050 1355 2126 1422 in
2151 1377 2286 1445 quo
2326 1363 2672 1445 superatus
2705 1362 2800 1423 oet
2834 1380 2850 1422 :
2881 1361 2960 1424 ut
2985 1355 3040 1423 si
3065 1354 3146 1424 de
3182 1356 3488 1447 superbia
3525 1358 3812 1451 aliquem
3834 1362 3916 1430 vi-
3957 1319 4054 1422 :fa

764 1491 917 1539 rum
944 1478 1239 1541 sanctum
1267 1479 1514 1557 tentat,
1562 1479 1627 1540 et
1669 1471 1984 1557 vincitur,
2036 1471 2316 1540 ulterius
2362 1492 2499 1540 non
2542 1470 2734 1540 liceat
2776 1470 2849 1539 in
2892 1470 3085 1541 illum
3123 1470 3228 1540 vel
3272 1472 3478 1541 alium
3515 1473 3599 1542 de
3635 1476 3918 1566 superbia
3947 1441 4059 1544 -ῗῗ

764 1593 1040 1657 tentare.
3771 1575 3779 1579 ’
3949 1567 4062 1682 ἐξ,

3947 1689 4070 1732 aaa

1144 1837 1555 1904 EXPOSITIO
1594 1837 1922 1904 TEXTUS.

1088 2014 1343 2064 Praeterea
1401 2012 1521 2063 sciri
1578 2015 1816 2078 oportet,
1877 2015 1978 2063 etc.

846 2160 1054 2241 Supra
1087 2159 1222 2241 egit
1246 2157 1548 2240 Magister
1576 2159 1656 2223 de
1690 2158 2021 2224 aversione
2050 2161 2116 2221 et
2145 2174 2304 2220 con-

766 2269 1055 2333 versione
1094 2267 1517 2348 angelorum3
1556 2267 1627 2331 in
1665 2267 1785 2331 hac
1830 2269 2007 2349 parte
2052 2265 2188 2347 agit
2226 2265 2305 2329 de

762 2376 971 2457 lapsu,
1002 2374 1137 2438 sive
1155 2375 1346 2439 ruina
1364 2374 1705 2438 malorum.
1731 2372 1810 2437 Et
1834 2372 2141 2436 dividitur
2162 2372 2303 2435 haec

764 2500 911 2566 pars
929 2482 998 2545 in
1015 2481 1176 2546 duas
1195 2499 1212 2544 ε
1230 2481 1297 2544 in
1315 2481 1522 2563 prima
1540 2481 1917 2545 determinat
1933 2479 2300 2557 veritatem3

762 2590 832 2653 in
856 2588 1136 2653 secunda
1160 2591 1447 2652 removet
1469 2587 1932 2652 dubitationem
1948 2634 1966 2666 ,
1989 2586 2079 2649 ibi
2103 2608 2117 2649 ε
2142 2585 2304 2653 Solet

762 2700 973 2762 autem
1000 2696 1230 2778 quoeri,
1258 2698 1377 2758 etc.
1408 2692 1625 2757 Prima
1650 2711 1797 2776 pars
1819 2693 2013 2756 habet
2038 2696 2205 2756 tres:
2237 2693 2306 2756 in

762 2804 972 2886 prima
1007 2802 1390 2867 determinat
1429 2800 1541 2883 qui
1575 2804 1638 2864 et
1683 2797 1902 2881 quales
1941 2799 2301 2878 ceciderint,

762 2912 847 2975 ibi
873 2931 889 2973 ε
922 2913 1005 2978 Et
1029 2916 1223 2978 tantae
1252 2910 1604 2993 superbie&
1635 2910 1706 2972 in
1730 2909 2030 2986 secunda,
2060 2910 2130 2972 in
2148 2910 2306 2992 quid

763 3019 1120 3097 ceciderint,
1165 3020 1252 3081 ibi
1282 3041 1296 3081 :
1347 3018 1493 3084 Non
1539 3019 1709 3083 enim
1761 3022 1856 3083 est
1899 3018 1993 3082 eis
2044 3031 2300 3083 conces-

762 3142 906 3191 sum
955 3127 1078 3209 (a),-
1128 3127 1199 3190 in
1245 3126 1433 3189 tertia
1474 3144 1628 3190 vero
1650 3174 1667 3204 ,
1710 3125 1985 3208 qualiter
2028 3125 2308 3189 habeant

763 3234 1051 3299 ordinem
1091 3234 1563 3316 praelationum,
1612 3233 1740 3296 ibi:
1790 3234 1873 3299 Et
1920 3234 2094 3301 sicut
2137 3236 2308 3300 inter

765 3343 977 3419 ὺοηοε,
1002 3347 1120 3406 etc.
1144 3341 1445 3406 Similiter
1462 3343 1739 3406 secunda
1761 3359 1906 3423 pars
1927 3342 2124 3406 habet
2139 3346 2302 3406 tres:

762 3450 833 3514 in
861 3451 1068 3533 prima
1096 3454 1310 3515 movet
1335 3449 1755 3531 quaestionem
1797 3451 1875 3514 de
1909 3450 2154 3513 unitate
2185 3449 2306 3512 loci

763 3561 1080 3640 quantum
1135 3558 1213 3621 ad
1271 3556 1534 3637 angelos
1597 3556 1914 3634 minores;
1987 3556 2265 3620 secundo
2285 3604 2304 3635 ,

763 3670 1079 3747 quantum
1101 3665 1181 3728 ad
1199 3664 1563 3728 Luciferum
1588 3683 1606 3742 ;
1635 3663 1819 3727 tertio
1839 3662 2308 3727 occasionaliter

765 3773 1039 3837 ostendit
1091 3771 1482 3853 confligendi
1535 3771 1803 3836 modum
1854 3771 2022 3835 inter
2074 3789 2192 3835 nos
2247 3774 2310 3835 et

766 3885 1056 3945 nostrum
1110 3879 1569 3943 adversarium.
1622 3879 1915 3942 Primum
1966 3878 2117 3941 facit
2173 3879 2304 3942 ibi:

770 3987 932 4055 Solet
966 3993 1179 4055 autem
1205 3988 1410 4070 quoeri
1431 4035 1448 4067 ,
1483 3990 1643 4064 etc.;
1682 3988 2035 4051 secundum
2064 3989 2302 4066 autem,

763 4097 887 4160 ibi:
918 4097 1005 4161 De
1024 4096 1342 4175 Lucifero,
1367 4098 1485 4159 etc.
1522 4095 1597 4177 (b)
1616 4116 1644 4175 ;
1667 4093 1953 4158 Tertium
1972 4094 2061 4157 ibi
2088 4116 2102 4156 ε
2136 4095 2308 4160 Aliis

763 4220 1005 4286 quoque
1025 4205 1142 4285 qui
1160 4220 1202 4268 a
1220 4206 1486 4282 sancti-3,
1508 4206 1625 4266 etc.
1650 4201 2087 4284 Principaliter
2103 4202 2309 4283 igitur

763 4311 832 4373 in
856 4312 976 4373 hac
993 4309 1397 4373 distinctione
1415 4309 1872 4373 determinatur
1891 4308 2066 4372 unde
2090 4309 2306 4390 angeli

763 4420 1179 4496 corruerunt3
1219 4420 1281 4479 et
1310 4415 1537 4480 deinde
1577 4416 1721 4497 quis
1767 4416 1943 4481 locus
1981 4419 2122 4499 post
2165 4417 2306 4479 rui-

763 4542 947 4603 nam;
974 4522 1206 4605 etquis
1237 4522 1392 4587 ordo
1417 4522 1487 4585 in
1511 4522 1652 4586 loco
1680 4526 1744 4586 et
1770 4521 1999 4586 officio.

1424 4710 1563 4755 DUB.
1608 4710 1652 4755 1.

767 4849 969 4911 anque
1010 4845 1250 4896 cadentes
1288 4844 1442 4911 hujus
1483 4842 1747 4907 caliginosi
1788 4845 1921 4895 aeris
1958 4844 2309 4897 habitaculum

889 4917 1113 4983 recepit,
1142 4922 1194 4967 et
1216 4916 1317 4967 hoc
1342 4917 1408 4967 ad
1430 4920 1661 4966 nostram
1682 4916 2060 4981 probationem,
2082 4921 2182 4968 etc.

846 5059 1112 5123 Contra:
1143 5058 1315 5141 Ergo
1346 5058 1600 5122 videtur
1617 5075 1697 5121 ex
1723 5058 1847 5121 hoc
1873 5060 2044 5141 quod
2076 5059 2306 5124 ultimo

766 5165 1018 5243 dicitur,
1043 5166 1213 5249 quod
1240 5165 1508 5229 debeant
1528 5163 1814 5227 habitare
1838 5165 1903 5226 in
1930 5168 2124 5243 terra,
2155 5183 2306 5229 cum

830 5311 848 5344 ¹
876 5309 1047 5373 Apoc„
1072 5321 1163 5373 xx,
1184 5312 1232 5360 7.
1251 5336 1314 5347 —
1341 5311 1364 5344 ²
1389 5308 1616 5372 origen„
1645 5307 1787 5357 hom.
1808 5319 1878 5357 xx
1907 5308 1958 5356 in
1982 5310 2107 5369 Jos„
2136 5325 2183 5359 c.
2207 5321 2303 5359 xri.

832 5398 894 5461 (a)
922 5397 1032 5446 Hoec
1053 5396 1202 5447 verba
1219 5412 1239 5446 .·
1266 5397 1321 5447 in
1337 5396 1588 5462 secunda,
1619 5396 1675 5447 in
1696 5408 1751 5461 q.
1771 5409 1820 5446 c.
1839 5396 1875 5447 i.
1896 5410 1951 5447 n.
1970 5410 2017 5447 e.
2040 5410 2089 5449 e.
2112 5410 2162 5447 e.
2183 5411 2310 5448 con·

2414 1837 2494 1903 ad
2521 1841 2813 1902 nostrum
2849 1837 3226 1903 exercitium
3269 1837 3398 1902 sint
3439 1837 3741 1922 deputati.
3785 1841 3922 1905 Item

2411 1945 2481 2008 in
2535 1944 2787 2025 dialogo
2839 1944 3078 2026 legitur
3124 1945 3294 2027 quod
3338 1946 3635 2027 quaedam
3675 1949 3923 2013 comedit

2411 2051 2725 2116 lactucam
2742 2098 2763 2128 ‚
2801 2054 2864 2115 et
2890 2052 3102 2115 statim
3126 2051 3379 2116 obsessa
3404 2056 3499 2116 est
3523 2071 3566 2117 a
3585 2054 3921 2133 daemonim

2413 2161 2478 2223 et
2511 2158 2747 2223 ibidem
2788 2157 2950 2222 ratio
2978 2158 3282 2236 redditur,
3317 2160 3473 2241 quia
3496 2160 3783 2226 diabolus
3808 2167 3925 2226 erat

2411 2266 2483 2329 in
2528 2267 2772 2330 lactuca
2818 2284 3016 2347 quam
3064 2266 3444 2332 momordit:
3491 2286 3649 2351 ergo
3693 2270 3925 2335 videtur

2414 2374 2585 2459 quod
2617 2374 2836 2438 sintin
2862 2378 3052 2439 terra.

2494 2482 2678 2565 Resp.
2711 2482 3056 2547 Dicendum
3086 2483 3259 2566 quod
3290 2483 3509 2548 divina
3534 2484 3857 2549 clementia
3871 2489 3927 2549 et

2413 2589 2810 2674 providentia
2826 2588 3039 2652 locum
3057 2593 3517 2671 sequestratum
3533 2592 3806 2672 providit
3819 2592 3926 2655 ‹1ae-

2415 2696 2715 2761 monibus
2735 2745 2752 2776 ,
2800 2714 2883 2760 ne
2928 2696 3120 2759 nimis
3161 2696 3390 2760 acriter
3436 2715 3555 2760 nos
3597 2701 3921 2774 tentarent;

2415 2823 2531 2868 nec
2574 2807 2789 2867 tamen
2830 2803 3020 2867 nimis
3064 2823 3104 2868 a
3141 2804 3322 2867 nobis
3362 2804 3820 2886 longinquum,
3864 2807 3928 2866 ut

2414 2916 2669 2996 possent
2698 2930 2816 2975 nos
2856 2912 3220 2976 exercitare.
3268 2910 3446 2975 Unde
3483 2909 3655 2993 quod
3695 2909 3926 2972 inhabi-

2415 3025 2551 3085 tent
2576 3021 2644 3084 in
2672 3019 3020 3100 caliginoso
3059 3019 3218 3093 1000,
3264 3019 3385 3082 hoc
3425 3018 3662 3081 divinae
3692 3023 3928 3082 senten—

2416 3130 2522 3193 tiae
2555 3132 2685 3206 est;
2718 3128 2889 3210 quod
2911 3145 3065 3193 vero
3092 3127 3170 3191 ad
3197 3145 3312 3191 nos
3341 3128 3628 3206 veniant,
3652 3128 3772 3192 hoc
3798 3145 3928 3208 per-

2419 3234 2735 3298 missionis
2787 3237 2902 3297 est.
2953 3233 3131 3298 Unde
3185 3251 3334 3297 cum
3381 3233 3614 3315 triplex
3661 3234 3741 3296 sit
3786 3234 3930 3297 aeris

2416 3342 2824 3405 interstitium
2846 3361 2862 3421 ;
2894 3341 2948 3403 si
2974 3344 3301 3422 quaeratur
3329 3338 3399 3403 in
3429 3357 3561 3421 qua
3586 3343 3762 3420 parte
3789 3339 3927 3417 sint,

2418 3448 2741 3532 probabile
2782 3446 3037 3511 videtur
3077 3446 3249 3528 quod
3293 3446 3422 3509 sint
3456 3447 3526 3508 in
3564 3446 3797 3524 medio,
3835 3446 3932 3509 ubi

2375 3604 2381 3619 .
2418 3561 2512 3621 est
2548 3554 2967 3631 turbulentia,
3001 3557 3064 3618 et
3094 3554 3379 3630 vexatiO,
3414 3556 3478 3616 et
3513 3554 3786 3617 varietas
3824 3553 3932 3615 im-

2419 3663 2865 3746 pressionum:
2923 3665 2988 3725 et
3042 3661 3190 3724 hinc
3234 3665 3328 3724 est
3370 3659 3542 3741 quod
3594 3660 3931 3743 frequenter

2419 3776 2829 3837 commovent
2854 3773 3076 3835 ventos
3102 3774 3164 3833 et
3183 3772 3607 3851 tempestates.

3059 3960 3197 4005 DUB.
3238 3960 3304 4003 11.
3403 3963 3412 3977 ⁸

2541 4078 2673 4128 Aere
2699 4076 2798 4128 isto
2816 4075 3092 4141 caliginoso
3119 4074 3209 4140 qui
3234 4074 3306 4125 eis
3335 4075 3480 4139 quasi
3501 4088 3701 4140 carcer,
3730 4080 3827 4126 etc-

2499 4202 2765 4266 Contra:
2798 4200 3059 4265 Videtur
3085 4199 3256 4282 quod
3282 4198 3461 4263 nullo
3488 4199 3677 4264 modo
3705 4200 3790 4263 sit
3811 4219 3930 4264 car-

2420 4326 2546 4385 cer,
2574 4309 2729 4391 quia
2768 4307 3132 4371 discurrunt
3170 4324 3297 4388 quo
3338 4305 3591 4384 volunt,
3630 4311 3693 4369 et
3717 4307 3928 4371 iterum

2419 4414 2779 4499 spirituales
2809 4419 2993 4478 sunt:
3026 4431 3183 4493 ergo
3211 4431 3327 4476 nec
3355 4412 3805 4494 probibentur,
3836 4429 3928 4475 nec

2420 4523 2782 4588 detinentur
2807 4539 3090 4604 corpore.
3116 4520 3308 4585 Item:
3343 4518 3583 4585 Ventus
3599 4540 3732 4585 non
3755 4524 3930 4604 potest

2417 4648 2839 4709 commovere,
2883 4647 3004 4692 nec
3044 4628 3423 4692 conturbare
3467 4628 3764 4693 radium:
3795 4644 3927 4707 &go

2418 4738 2622 4801 multo
2652 4737 2877 4801 fortius
2908 4755 3025 4801 nec
3058 4735 3379 4818 spiritum.
3409 4734 3611 4800 Item:
3637 4734 3796 4799 Cum
3819 4750 3929 4797 non

2377 4845 2692 4925 ‚habeant
2732 4844 2946 4907 visum
2989 4848 3383 4925 corporalem
3400 4889 3419 4918 ,
3473 4842 3724 4907 videtur
3778 4837 3926 4923 quod

2418 4950 2635 5016 nullus
2665 4951 2840 5015 locus
2883 4950 2964 5014 sit
3000 4950 3091 5015 eis
3129 4949 3540 5032 caliginosuS,
3581 4966 3696 5014 nec
3732 4944 3925 5031 puniri

2417 5058 2716 5123 videntur
2738 5057 3014 5122 tenebris
3043 5057 3500 5139 corporalibus,

2496 5163 2682 5248 Resp.
2728 5164 3076 5229 Dicendum
3122 5163 3291 5247 quod
3336 5164 3504 5229 sicut
3548 5182 3630 5228 ex
3678 5160 3921 5244 quadam

2418 5339 2618 5449 effossum
2629 5363 2648 5390 ,
2678 5327 2848 5376 omnia
2872 5325 3047 5377 desunt
3072 5328 3180 5377 σαί.
3201 5325 3324 5375 edit.
3344 5326 3424 5388 -Ξ
3438 5324 3508 5390 (ὁ)
3535 5325 3654 5376 Coet.
3671 5322 3778 5373 edit.
3800 5317 3920 5368 deest

2418 5412 2446 5448 e
2505 5433 2518 5447 .

3941 623 4092 728 aab(

3941 748 4092 802 δάιο-
