4125 6225
415 2258 484 2303 Aa
517 2270 622 2313 opp.

648 415 765 476 186

1084 655 1569 727 ARTICULUS
1614 656 1730 725 III.

723 865 1219 948 Consequenter‚
1250 869 1561 947 quantum
1602 863 1682 927 ad
1718 862 1979 927 tertium
2022 862 2185 926 arti-

643 974 885 1048 culum,
916 973 1231 1055 quaeritur
1259 972 1338 1036 de
1367 971 1695 1036 voluntate
1726 969 1944 1034 divina
1969 987 2184 1051 quan-

643 1086 781 1144 tum
818 1081 898 1144 ad
932 1080 1243 1143 rationem
1283 1077 1687 1161 significandi
1707 1125 1726 1155 ‚
1767 1080 1830 1140 et
1868 1075 2037 1139 circa
2062 1075 2185 1140 hoc

640 1187 769 1252 duo
795 1187 1219 1270 principaliter
1240 1189 1660 1267 quaeruntur:
1694 1183 1902 1267 primo
1923 1184 2003 1247 de
2029 1201 2185 1246 oon-

642 1295 964 1359 venientia
990 1294 1164 1357 illius
1200 1291 1530 1358 divisionis
1565 1291 1805 1356 divinae
1840 1291 2186 1356 voluntatis

642 1400 709 1464 in
737 1401 1134 1465 voluntatem
1163 1398 1538 1482 beneplaciti
1564 1403 1629 1463 et
1663 1398 2064 1464 voluntatem
2092 1396 2185 1460 si-

642 1507 788 1585 gni3
818 1506 1088 1570 secundo
1128 1507 1438 1588 quaeritur
1477 1506 1558 1569 de
1596 1523 1871 1569 numero
1914 1509 1977 1568 et
2001 1503 2186 1568 suffl-

644 1612 872 1677 cientia
896 1612 1230 1694 signorum
1259 1613 1500 1678 divinae
1527 1612 1890 1677 voluntatis.

1194 1838 1553 1918 QUAESTIO
1594 1840 1646 1904 I.

647 2003 743 2059 An
778 2003 1028 2059 voluntas
1056 2003 1249 2058 divina
1277 2005 1645 2058 convenienter
1679 2001 1963 2058 dividatur
2000 2004 2063 2057 in
2087 2016 2184 2057 υο-

956 2094 1218 2149 luntatem
1244 2095 1392 2162 siqui
1419 2096 1471 2148 et
1500 2093 1825 2165 beneplaciti
1841 2092 1881 2143 ¹.

729 2256 909 2334 Quod
954 2257 1163 2340 prima
1202 2255 1431 2320 divisio
1469 2273 1604 2319 non
1649 2255 1731 2318 sit
1775 2255 2184 2335 convenienS,

650 2363 934 2442 videtur3
990 2364 1143 2446 quia
1196 2363 1362 2426 sicut
1406 2362 1702 2427 voluntas
1755 2367 1849 2425 est
1900 2368 2190 2445 respectu

647 2488 889 2549 rerum,
914 2471 1003 2534 ita
1019 2475 1082 2534 et
1108 2469 1409 2553 potentia,
1434 2475 1499 2533 et
1522 2469 1822 2533 scientia:
1853 2468 1963 2532 sed
1990 2470 2190 2532 scien-

649 2579 736 2641 tia
762 2597 889 2643 non
924 2579 1346 2660 distinguitur
1377 2597 1490 2660 per
1516 2578 1845 2641 scientiam
1878 2577 2185 2658 veritatiS,

648 2691 711 2750 et
752 2688 1081 2750 scientiam
1128 2684 1337 2768 signi3
1377 2686 1671 2748 similiter
1713 2703 1828 2748 nec
1869 2685 2184 2768 potentia:

648 2813 805 2875 ergo
831 2813 949 2858 nec
979 2795 1293 2859 voluntas.
1326 2793 1392 2857 Si
1421 2798 1494 2857 tu
1525 2793 1699 2856 dicas
1723 2794 1893 2875 quod
1922 2792 2029 2855 illa
2057 2810 2190 2855 non

648 2901 884 2966 habent
926 2902 1147 2983 signa3
1197 2907 1456 2966 contra:
1487 2902 1650 2964 sicut
1690 2904 1998 2964 creaturae
2038 2904 2193 2964 sunt

648 3010 837 3090 signa
869 3010 1239 3089 voluntati5‚
1278 3010 1367 3072 ita
1406 3009 1598 3073 etiam
1641 3010 1924 3072 innuunt
1951 3027 2032 3070 ex
2072 3026 2190 3071 suo

648 3118 868 3182 ordine
919 3119 1247 3182 scientiam
1269 3166 1286 3196 ,
1339 3122 1401 3181 et
1438 3106 1532 3181 'ex
1579 3136 1700 3180 sua
1745 3117 2191 3198 magnitudine

647 3231 1004 3292 monstrant
1029 3227 1416 3310 potentiam:
1449 3243 1607 3307 ergo
1637 3226 1693 3288 si
1722 3225 1985 3307 signum
2019 3226 2193 3289 ducit

649 3336 718 3400 in
749 3337 943 3414 aliud,
978 3339 1169 3418 patet.

728 3448 791 3507 2.
837 3442 1015 3521 Item,
1047 3442 1103 3505 si
1132 3439 1447 3521 contingit
1476 3438 1762 3503 divinam
1789 3438 2191 3503 voluntatem

648 3552 932 3633 signari,
976 3556 1089 3614 aut
1131 3567 1244 3631 per
1297 3547 1479 3628 signa
1527 3546 1867 3624 naturalia,
1924 3552 2037 3611 aut
2079 3565 2192 3628 per

648 3662 836 3739 signa
873 3656 1273 3722 voluntaria:
1321 3672 1452 3717 non
1496 3672 1610 3736 per
1648 3654 1987 3733 naturalia,
2038 3655 2192 3736 quia

582 3832 593 3845 ,
648 3765 986 3848 praeceptio
1023 3770 1086 3828 et
1122 3763 1462 3847 prohibitio
1487 3781 1618 3825 non
1659 3767 1810 3825 sunt
1853 3781 1892 3825 a
1921 3767 2187 3841 natura,

647 3874 756 3938 sed
805 3892 845 3935 a
887 3872 1242 3950 voluntate3
1279 3889 1410 3934 non
1440 3888 1554 3952 per
1595 3869 1986 3947 voluntaria,
2036 3870 2192 3951 quia

646 3981 911 4063 signum
936 3979 1371 4043 voluntarium
1400 3983 1493 4041 est
1524 3977 1698 4059 quod
1730 3977 1943 4057 signat
1970 3996 2053 4040 ex
2081 3979 2191 4040 in-

648 4088 1011 4152 stitutione:
1045 4087 1152 4150 sed
1193 4085 1528 4168 praeceptio
1555 4088 1618 4148 et
1666 4084 2012 4165 prohibitio
2057 4104 2191 4150 non

649 4197 907 4278 signant
940 4213 1023 4258 ex
1052 4194 1443 4257 institutione
1474 4192 1901 4272 voluntatem,
1937 4193 2045 4256 sed
2089 4194 2192 4275 ip-

648 4325 795 4369 sum
825 4303 998 4386 quod
1030 4302 1396 4384 praecipitur
1426 4323 1440 4364 :
1475 4318 1655 4380 erg0,
1689 4306 1809 4364 etc.

730 4416 789 4476 3.
837 4410 991 4475 Item
1010 4458 1037 4496 ‚t
1061 4428 1164 4473 res
1190 4408 1547 4488 significata
1586 4425 1717 4471 non
1761 4407 2194 4471 communicat

649 4536 887 4582 nomen
916 4535 1112 4581 suum
1138 4516 1356 4597 sign03
1387 4514 1559 4578 unde
1594 4515 1891 4596 quamvis
1917 4513 2192 4579 circulus

650 4626 731 4689 sit
757 4625 1021 4705 signum
1047 4623 1206 4698 vini,
1228 4640 1359 4686 non
1382 4627 1597 4686 tamen
1617 4629 1711 4687 est
1733 4625 1963 4687 vinum
1987 4646 2003 4687 ι
2032 4641 2190 4705 ergo

650 4732 947 4816 quamvis
974 4730 1314 4812 praeceptio
1360 4735 1424 4793 et
1460 4730 1836 4812 prohibitio,
1885 4737 2039 4810 etc.,
2068 4732 2194 4795 sint

651 4840 839 4922 signa
867 4838 1103 4901 divinae
1132 4837 1513 4916 voluntatiS,
1541 4855 1674 4900 non
1704 4842 1920 4902 tamen
1963 4839 2192 4903 debent

651 4947 774 5011 dici
803 4946 1189 5013 voluntates:
1214 4963 1370 5026 ergo
1389 4963 1518 5008 non
1538 4943 1721 5008 debet
1741 4944 1939 5009 dividi
1965 4946 2192 5010 volun-

650 5063 749 5123 tas
768 5059 838 5122 in
865 5058 1256 5123 voluntatem
1280 5057 1475 5139 signi,
1500 5062 1563 5120 et
1580 5057 1978 5123 voluntatem
1995 5059 2192 5123 bene-

653 5166 885 5248 placiti.

719 5326 735 5360 ¹
756 5325 837 5389 Cf.
865 5325 1007 5376 Alex.
1028 5325 1246 5388 Mensis,
1268 5341 1321 5390 p.
1343 5326 1380 5390 l,
1402 5340 1454 5390 q.
1477 5335 1657 5388 xxxvt,
1680 5324 1870 5375 memb.
1895 5328 1949 5387 ¹3
1981 5327 2034 5375 S.
2054 5325 2194 5376 Tho·

656 5408 799 5460 mas,
834 5411 887 5467 p.
914 5398 965 5459 l,
997 5410 1048 5463 q.
1074 5408 1200 5460 xix,
1231 5400 1326 5448 art.
1352 5400 1411 5460 93
1443 5399 1494 5446 et
1525 5396 1542 5445 l
1572 5396 1732 5456 sent„
1759 5395 2027 5460 dist.va‚
2056 5409 2110 5463 q.
2141 5408 2192 5460 1,

1784 407 2406 476 SENTENTIARUM
2445 407 2593 474 LIB.
2636 408 2686 473 1.

2372 549 2433 607 4.
2468 544 2646 623 Item,
2672 544 3008 628 praeceptio
3031 546 3097 610 et
3118 545 3480 629 prohibitio,
3509 548 3573 612 et
3597 546 3831 630 hujus-

2295 652 2501 730 modi,
2534 655 2646 715 aut
2672 655 2823 715 sunt
2845 653 3034 734 signa
3056 652 3303 717 ratione
3329 658 3541 734 actm,
3577 659 3690 717 aut
3718 674 3832 719 ra-

2293 757 2465 821 tione
2485 758 2713 841 objecti
2730 758 2865 824 sive
2893 760 3242 823 connotati:
3277 759 3327 823 si
3356 761 3602 824 ratione
3627 765 3827 841 actus,

2293 866 2402 930 sed
2450 864 2618 930 idem
2670 869 2765 929 est
2818 869 2999 930 actus
3051 866 3223 948 quod
3276 866 3492 932 divina
3537 867 3834 932 voluntas

2294 977 2358 1038 et
2393 974 2593 1053 DeuS‚
2643 973 2835 1055 quia,
2893 992 3044 1037 cum
3081 974 3258 1037 dico:
3311 997 3343 1035 α
3392 973 3558 1038 Deus
3601 975 3834 1056 praeci-

2293 1080 2418 1162 pit,
2465 1102 2496 1139 n
2549 1079 2780 1144 dicitur
2823 1080 2901 1144 de
2941 1079 3102 1158 Deo,
3134 1083 3199 1143 et
3227 1080 3316 1143 ita
3344 1081 3642 1162 praedicat
3666 1082 3838 1145 divi-

2292 1206 2444 1251 nam
2487 1188 2822 1251 essenliam
2853 1206 2870 1250 ε
2922 1203 3079 1266 ergo
3115 1186 3467 1250 secundum
3506 1187 3626 1252 hoc
3665 1188 3836 1253 idem

2294 1298 2457 1359 esset
2482 1295 2746 1376 signum
2771 1293 3114 1376 suiipsius.
3136 1293 3269 1357 Aut
3285 1293 3529 1358 ratione
3547 1295 3833 1375 effecum,

2295 1404 2359 1466 et
2385 1406 2540 1465 tunc
2568 1419 2720 1465 cum
2750 1400 3091 1483 praeceptio
3118 1405 3182 1464 et
3208 1400 3554 1482 prohibitio
3579 1402 3839 1465 nullum

2295 1510 2638 1572 connotent
2663 1507 2959 1571 effectum
2976 1555 2994 1587 ‚
3030 1525 3148 1570 nec
3174 1506 3511 1570 consilium
3530 1556 3548 1588 ‚
3579 1508 3840 1573 nullum

2296 1616 2561 1679 omnino
2592 1615 2716 1679 erit
2740 1615 3037 1697 signum,
3075 1619 3138 1677 et
3176 1614 3265 1678 ita
3302 1615 3482 1680 nullo
3518 1617 3708 1682 modo
3735 1617 3838 1680 vi-

2296 1722 2529 1786 dentur
2558 1723 2765 1804 signa.

2376 1827 2498 1895 Sed
2556 1837 2821 1895 contra:
2873 1828 3198 1912 Scriptura
3245 1830 3397 1894 dicit
3437 1830 3651 1913 plures
3700 1849 3844 1897 esse
3877 1846 4125 1891 ranam.

2296 1936 2655 2000 voluntates
2675 1936 2786 1999 Dei
2810 1958 2826 2000 ι
2849 1936 2959 2001 sed
2977 1941 3218 2001 constat
3236 1956 3436 2001 unam
3454 1956 3588 2001 esse
3609 1938 3846 2003 volun-

2295 2046 2492 2107 tatem
2517 2044 2930 2126 beneplaciti:
2958 2062 3114 2125 ergo
3142 2044 3194 2108 si
3220 2045 3434 2127 plures
3460 2049 3633 2122 sunt,
3653 2064 3847 2128 opor-

2295 2153 2388 2214 tet
2414 2152 2583 2233 quod
2610 2156 2727 2215 stet
2753 2170 2869 2233 pro
2900 2152 3026 2215 alia
3059 2152 3383 2216 voluntate
3412 2172 3605 2235 quam
3637 2155 3846 2220 bene-

2296 2257 2548 2340 placiti:
2581 2258 2689 2322 sed
2716 2258 2893 2322 nulla
2914 2258 3209 2323 voluntas
3225 2259 3338 2323 Dei
3367 2263 3461 2323 est
3488 2260 3612 2324 nisi
3637 2261 3843 2326 bene-

2297 2366 2527 2447 placiti,
2564 2366 2667 2429 vel
2698 2368 2962 2447 signum
2989 2366 3196 2430 illius:
3227 2384 3408 2447 ergo,
3438 2370 3556 2430 etc.
3653 2401 3658 2405 ·

2379 2470 2533 2536 Item
2553 2520 2571 2551 ,
2627 2473 2943 2554 contingit
3011 2491 3386 2554 cognoscere
3445 2472 3844 2537 voluntatem

2300 2576 2447 2642 Dei:
2485 2578 2595 2642 sed
2626 2596 2755 2642 non
2783 2596 3120 2661 possumus
3148 2596 3530 2659 cognoscere
3558 2597 3693 2641 eam
3722 2598 3847 2660 per

2298 2703 2403 2748 se:
2438 2704 2688 2749 necesse
2715 2692 2810 2750 est
2834 2705 3014 2767 ergo,
3046 2686 3216 2768 quod
3247 2705 3698 2767 cognoscamus
3723 2705 3846 2769 per

2298 2794 2527 2875 signa:
2568 2795 2675 2857 sed
2707 2796 2797 2858 sic
2836 2794 3247 2858 nominamus
3288 2796 3640 2859 secundum
3666 2797 3846 2876 quod

2299 2902 2745 2982 cognoscimus
2776 2922 2793 2965 z
2850 2920 3007 2983 ergo
3051 2920 3182 2967 non
3235 2905 3489 2966 tantum
3537 2902 3849 2966 debemus

2298 3008 2505 3073 dicere
2528 3010 2919 3074 voluntalem
2936 3058 2953 3088 ,
2982 3009 3091 3074 sed
3123 3010 3312 3073 etiam
3343 3010 3604 3091 signum
3631 3012 3686 3092 ej
3700 3030 3795 3073 us.

2379 3119 2567 3198 Item,
2600 3121 2939 3203 praeceptio
2966 3121 3152 3202 alicuj
3164 3138 3239 3183 us
3265 3123 3433 3183 recte
3466 3120 3694 3184 dicitur
3725 3139 3853 3184 vo-

2297 3229 2511 3295 luntas
2534 3229 2704 3292 illius
2728 3251 2743 3290 ε
2774 3246 2932 3310 ergo
2960 3232 3023 3293 et
3044 3228 3384 3311 praeceptio
3407 3226 3553 3290 Dei:
3574 3229 3681 3292 sed
3708 3246 3852 3293 non

2298 3340 2393 3400 est
2431 3336 2730 3399 voluntas
2779 3353 3077 3413 causanS,
3124 3334 3279 3416 quia
3324 3335 3665 3416 praeceptio
3707 3339 3846 3415 est,

2298 3441 2544 3504 etiamsi
2571 3441 2731 3505 nihil
2768 3442 2917 3505 ssat:
2955 3458 3115 3521 ergo
3158 3444 3253 3504 est
3283 3440 3580 3506 voluntas
3622 3442 3838 3523 signi-

2298 3550 2515 3612 ficans.

2808 3750 3332 3818 CONCLUSIO.

2297 3936 2463 3990 Ratio
2499 3937 2552 3989 et
2578 3934 2874 3989 auctoritas
2903 3932 3226 4004 compellunt
3255 3947 3348 3988 nos
3388 3933 3715 4005 distinguere
3742 3951 3844 3990 vo-

2476 4024 2739 4078 luntatem
2770 4021 3096 4093 beneplaciti
3130 4036 3164 4075 a
3190 4022 3475 4079 voluntate
3499 4026 3667 4093 sioni.

2376 4191 2562 4274 Resp.
2588 4192 2667 4256 ad
2697 4191 2855 4272 Arg.
2892 4189 3238 4254 Dicendum
3270 4189 3351 4254 ad
3377 4191 3532 4270 hoc,
3572 4192 3745 4274 quod
3781 4198 3848 4256 et

2298 4301 2458 4364 ratio
2485 4306 2549 4363 et
2570 4299 2906 4363 auctoritas
2933 4297 3251 4379 compellit
3288 4316 3406 4362 nos
3440 4299 3842 4380 distinguere

2298 4407 2692 4471 voluntatem
2707 4406 2903 4487 signi,
2932 4408 2998 4469 et
3014 4405 3409 4469 voluntatem
3431 4406 3832 4488 beneplaciti.

2298 4515 2654 4577 Auctoritas
2690 4513 2979 4594 quidem3
3031 4512 3183 4594 quia
3223 4512 3372 4576 dicit
3416 4514 3750 4596 Apostolus
3776 4520 3843 4580 ²:

2299 4622 2451 4687 Hoec
2491 4626 2585 4686 est
2616 4618 2914 4686 voluntas
2942 4620 3097 4697 Dei,
3124 4619 3556 4699 sanctificatio
3587 4628 3844 4687 vestra.-

2299 4733 2409 4796 sed
2426 4730 2584 4795 illud
2609 4749 2740 4794 non
2758 4734 2854 4793 est
2877 4730 3120 4794 dictum
3140 4749 3252 4812 per
3271 4731 3612 4795 essentiam
3638 4754 3652 4796 :
3684 4751 3848 4814 ergo

2299 4857 2413 4922 per
2457 4855 2746 4915 causam,
2794 4836 2897 4902 vel
2944 4855 3056 4919 per
3100 4837 3671 4918 significationem:
3712 4858 3848 4905 non

2299 4951 2514 5012 autem
2529 4964 2642 5028 per
2659 4962 2916 5009 causam
2936 4966 2952 5007 ι
2972 4961 3129 5025 ergo
3148 4962 3262 5026 per
3280 4945 3839 5026 significationem.

2299 5113 2394 5159 art.
2415 5108 2533 5171 ult.;
2564 5110 2618 5157 et
2641 5107 2702 5156 de
2737 5107 2911 5170 Verit„
2940 5121 2991 5171 q.
3018 5118 3147 5169 xm,
3184 5110 3278 5155 art.
3301 5109 3359 5169 33
3403 5107 3634 5165 AEgzidius
3665 5110 3844 5173 Rom„

2303 5181 2320 5229 1
2340 5179 2628 5239 Sent.‚dist.
2651 5190 2770 5241 xm,
2789 5193 2840 5242 p.
2866 5180 2949 5241 ΙΙΙ,
2969 5193 3020 5242 q.
3037 5190 3071 5241 13
3089 5177 3376 5240 Richard.‚l
3398 5179 3556 5237 Sent„
3576 5181 3693 5230 dist.
3718 5192 3847 5243 xcv,

2299 5256 2394 5302 art.
2415 5254 2472 5314 3,
2501 5266 2553 5315 q.
2579 5264 2651 5313 1¹3
2682 5251 2871 5301 Marsil.
2903 5252 3137 5313 luguen„
3172 5252 3185 5298 l
3217 5252 3376 5309 Seni„
3406 5265 3459 5315 q.
3483 5263 3623 5313 κων,
3651 5256 3746 5301 art.
3769 5256 3839 5316 23

2302 5323 2477 5387 Steph.
2494 5321 2705 5386 Brulef„
2726 5324 2742 5371 l
2763 5323 2921 5379 Sent„
2941 5323 3061 5372 dist.
3077 5334 3199 5384 XLV,
3221 5336 3271 5385 q.
3288 5333 3349 5385 v3
3377 5323 3510 5373 Petr.
3533 5324 3597 5372 de
3616 5325 3847 5389 Terent„

2303 5398 2320 5446 1
2350 5396 2507 5457 Sene„
2536 5394 2653 5445 dist.
2675 5406 2796 5458 ην,
2823 5408 2875 5458 q.
2899 5404 2993 5444 vu.
3022 5419 3084 5432 —
3121 5395 3183 5445 ¹1
3209 5393 3449 5457 Thessal„
3471 5405 3539 5458 w,
3561 5397 3607 5445 3.
