4125 6225
1158 371 1348 439 DIST.
1393 367 1717 436 XXXVIII.
1763 367 1942 434 ART.
1989 367 2067 432 11.
2113 366 2410 445 QUAEST.
2451 367 2499 432 Ι.
3319 367 3391 427 71

250 518 536 588 dixerunt,
565 512 745 595 quod
782 508 1183 594 praescientia
1212 507 1565 572 necessario
1593 522 1745 570 cum

249 626 312 688 sit
330 618 655 685 infallibilis
676 667 695 695 ,
726 618 1001 700 imponit
1027 615 1460 681 necessitatem
1476 662 1494 692 ,
1524 616 1587 677 et
1613 612 1753 677 ideo

249 729 601 794 abstulerunt
622 728 905 791 liberum
929 724 1267 789 arbitrium
1294 726 1358 786 et
1386 722 1747 804 peceatum:

250 839 345 901 ista
386 834 597 918 positio
658 833 782 897 fuit
831 833 1132 897 haeretica
1175 836 1239 895 et
1281 830 1549 911 iniqua,
1602 827 1754 909 quia

253 944 476 1010 destruit
498 943 704 1008 bonos
729 960 964 1006 mores,
995 940 1136 1004 Alia
1160 938 1386 1022 positio
1412 937 1551 1016 fuit,
1579 935 1753 1018 quod

253 1052 430 1115 divina
453 1050 853 1134 praescientia
874 1048 930 1112 si
958 1052 1149 1127 esset,
1176 1047 1611 1111 necessitatem
1633 1046 1753 1109 im-

252 1163 503 1243 poneret,
543 1162 611 1223 et
634 1159 727 1222 sic
757 1158 968 1222 omnis
992 1157 1199 1222 virtus
1223 1160 1286 1220 et
1308 1156 1452 1219 laus
1482 1154 1746 1238 periret;

252 1270 302 1331 et
319 1267 451 1349 quia
473 1267 838 1331 dilexerunt
865 1283 1005 1330 rem
1045 1264 1367 1348 publicam
1390 1309 1405 1339 ,
1435 1261 1577 1327 ideo
1605 1262 1750 1325 abs-

250 1375 495 1438 tulerunt
515 1395 557 1438 a
592 1374 717 1438 Deo
757 1373 1256 1458 praescientiam,
1297 1376 1360 1435 et
1394 1389 1433 1434 a
1456 1369 1751 1453 proposi-

250 1481 488 1545 tionibus
509 1482 588 1546 de
614 1482 833 1546 futuro
857 1481 1261 1545 abstulerunt
1284 1478 1618 1543 veritatem
1647 1497 1663 1540 ε
1688 1480 1753 1541 θῖ

250 1588 363 1653 haec
394 1589 688 1652 haeretica
713 1589 835 1651 fuit
871 1593 935 1651 et
970 1587 1197 1670 impia,
1229 1586 1380 1670 quia
1417 1586 1753 1667 derogavit

250 1695 517 1759 nohilitati
553 1695 818 1759 divinae.
867 1695 1080 1759 Tertia
1119 1694 1348 1778 positio
1388 1698 1485 1758 est
1530 1694 1749 1758 catho-

249 1804 371 1882 lice,
415 1821 557 1887 quae
594 1802 797 1867 Deum
836 1802 1141 1879 honorat,
1189 1806 1254 1865 et
1297 1800 1499 1865 honos
1537 1818 1748 1865 mores

248 1917 577 1990 conservat3
607 1916 671 1974 et
699 1909 843 1974 ideo
860 1912 1069 1992 justa,
1104 1909 1242 1991 pia,
1273 1912 1337 1972 et
1360 1926 1550 1986 vera3
1592 1909 1763 1991 quia

248 2019 433 2084 divina
455 2018 849 2102 praescientia
874 2021 1008 2093 est,
1043 2021 1104 2080 et
1132 2019 1345 2080 tamen
1372 2032 1504 2078 non
1528 2015 1747 2099 impo-

246 2128 325 2191 nit
344 2127 521 2192 rehus
541 2125 1000 2190 necessitatem.
1032 2123 1260 2189 Omnia
1281 2122 1455 2187 enim
1475 2122 1567 2186 sic
1590 2140 1749 2205 prae·

247 2232 535 2315 cognoscit
549 2251 681 2297 esse
700 2236 1035 2311 eventura,
1058 2232 1106 2295 si
1113 2236 1222 2296 cut
1237 2235 1546 2295 eventura
1562 2234 1742 2307 sunt;

246 2345 299 2405 et
316 2340 445 2406 ideo
468 2357 615 2404 cum
644 2338 853 2403 multa
879 2339 1008 2403 sint
1030 2343 1340 2404 eventura
1361 2336 1745 2418 contingen-

249 2454 344 2526 ter,
370 2452 442 2512 ut
468 2447 571 2511 illa
601 2464 750 2530 quae
777 2450 937 2510 sunt
969 2464 1009 2509 a
1046 2445 1246 2509 libero
1273 2443 1536 2509 arbitrio
1554 2490 1572 2521 ,
1608 2448 1673 2509 et
1703 2464 1744 2511 a

248 2574 375 2619 casu
407 2559 467 2619 et
494 2556 747 2619 fortuna
763 2602 782 2630 ,
817 2553 983 2618 sicut
1023 2551 1273 2635 praescit
1297 2551 1439 2616 haee
1479 2570 1616 2617 esse
1640 2553 1746 2617 fu-

248 2667 369 2727 tura
398 2662 471 2726 ab
493 2661 625 2726 istis
641 2710 658 2739 ,
688 2661 781 2725 sic
805 2660 1060 2744 praescit
1086 2659 1352 2724 modum
1380 2660 1749 2743 contingen-

248 2770 336 2833 tiae
354 2769 692 2834 secundum
718 2786 918 2852 quem
945 2768 1200 2833 suntab
1226 2768 1383 2831 istis,

314 2881 366 2940 1.
399 2877 489 2941 Ad
527 2876 1018 2958 intelligentiam
1054 2878 1272 2939 autem
1309 2874 1705 2958 objectorum
1724 2924 1742 2952 ,

250 2985 561 3049 notandum
591 2983 763 3067 quod
793 2982 1032 3064 duplex
1058 2985 1153 3046 est
1182 2980 1516 3046 necessitas
1533 3028 1552 3058 ,
1582 2981 1746 3046 scili-

251 3095 331 3155 cet
348 3090 647 3169 absoluta,
675 3094 742 3155 et
778 3089 1130 3173 respectiva
1159 3110 1174 3153 ε
1206 3087 1542 3153 necessitas
1565 3088 1746 3155 ahso-

249 3197 389 3278 luta,
413 3216 555 3283 quae
591 3198 941 3282 opponitur
981 3196 1472 3279 contingentiae,
1515 3197 1746 3264 dicitur

252 3310 543 3373 neoessitas
584 3306 1064 3391 consequentis3
1103 3306 1440 3370 necessitas
1484 3323 1745 3389 respec-

255 3415 360 3478 tiva
377 3415 591 3479 dicitm·
616 3413 956 3477 necessitas
979 3412 1448 3494 consequentiae
1466 3459 1485 3491 ,
1516 3414 1580 3476 et
1604 3413 1744 3479 haec

254 3539 359 3586 non
403 3521 741 3605 opponitur
791 3517 1206 3600 contingenti.
1267 3515 1432 3582 Nam
1482 3517 1743 3601 aliquod

258 3630 577 3711 contingens
602 3627 958 3693 necessario
977 3625 1301 3709 sequitur;
1332 3628 1409 3690 ut
1424 3625 1481 3689 si
1507 3626 1740 3694 ambu-

258 3732 327 3798 lat
340 3737 483 3818 quiS,
509 3734 864 3800 necessario
895 3733 1182 3816 sequitur
1211 3731 1383 3815 quod
1419 3737 1740 3799 movetur.

262 3836 550 3905 Dicendum
585 3859 748 3922 ergo
765 3889 785 3921 ,
833 3840 1006 3922 quod
1041 3839 1111 3902 in
1149 3838 1440 3921 praescito
1478 3857 1609 3904 non
1650 3845 1747 3906 est

263 3949 538 4013 necesitas
557 3948 868 4027 absoluta,
893 3947 1000 4011 sed
1018 3946 1229 4011 solum
1247 3949 1741 4029 consequentiae,

262 4057 373 4136 quia
411 4057 755 4122 necessario
800 4054 1092 4138 sequitur
1139 4075 1155 4119 ε
1210 4079 1241 4116 α
1282 4054 1448 4120 Βθιιε
1489 4057 1748 4138 praescit

260 4158 375 4241 hoc,
412 4183 560 4246 ergo
601 4165 729 4229 hoc
758 4164 883 4229 erit
920 4185 935 4227 ε
984 4184 1014 4222 n
1057 4167 1122 4227 et
1158 4162 1282 4228 hoc
1325 4163 1515 4228 modo
1550 4165 1742 4229 intel·-

259 4265 437 4348 ligitur
481 4270 821 4336 auctoritas
882 4270 1163 4334 Anselmi
1180 4319 1198 4350 ,
1263 4273 1327 4334 et
1386 4271 1746 4337 consimiles

261 4378 642 4458 auctoritates,
681 4395 834 4462 quae
878 4382 1325 4460 proponuntur
1362 4396 1511 4443 cum
1554 4380 1743 4445 modo

262 4483 620 4561 necessitatis»,
649 4485 830 4549 etsie
860 4488 1031 4566 patet
1068 4486 1377 4566 primum.

322 4593 373 4652 2.
417 4591 507 4655 Ad
550 4591 707 4657 illud
761 4593 935 4675 quod
987 4591 1266 4657 secundo
1315 4592 1616 4676 objicitur
1668 4593 1745 4659 de

267 4695 582 4779 syllogismo
605 4717 689 4763 ex
720 4699 952 4781 majori
994 4699 1073 4764 de
1107 4700 1459 4765 necessario
1477 4749 1495 4781 ,
1526 4706 1589 4765 et
1616 4701 1747 4765 mi-

270 4805 383 4868 nori
403 4807 472 4869 de
494 4807 725 4886 inesse,
757 4808 1096 4872 dicendum
1125 4810 1296 4891 quod
1314 4856 1332 4886 ‚
1361 4809 1526 4872 sicut
1549 4814 1745 4892 patet,

276 4914 323 4971 et
349 4909 733 4996 Philosophus
765 4915 1057 4997 exponit,
1100 4915 1223 4979 hoc
1261 4915 1638 4997 intelligitur
1669 4918 1751 4981 de

281 5032 338 5077 ea
357 5021 770 5102 propositione,
811 5041 960 5105 quae
994 5028 1089 5087 est
1134 5023 1213 5087 de
1253 5023 1460 5087 inesse
1501 5024 1746 5107 simpli-

285 5121 423 5203 citer,
445 5127 601 5207 quod
621 5129 953 5209 aequivalet
974 5131 1327 5195 necessario
1360 5152 1377 5195 ε
1406 5131 1517 5196 sed
1540 5132 1754 5196 minor

288 5224 447 5309 hujus
465 5233 813 5315 syllogismi,
845 5235 1123 5300 scilicet:
1162 5259 1192 5297 ο
1232 5239 1364 5304 Hoc
1404 5243 1500 5303 est
1550 5256 1755 5321 praes-

294 5331 482 5413 eitum,
519 5360 548 5397 ι
612 5358 737 5405 non
787 5347 880 5408 est
941 5342 1022 5408 de
1078 5343 1283 5411 inesse
1344 5345 1750 5429 simpliciter3

1865 504 2029 569 sicut
2074 502 2249 567 enim
2291 502 2458 566 infra
2487 499 2754 583 patebit,
2793 516 2928 563 non
2978 500 3075 563 est
3110 515 3409 563 necessa-2

1862 629 1983 674 ria.

1944 721 2004 780 3.
2056 716 2155 781 Ad
2195 715 2351 781 illud
2399 715 2569 799 quod
2612 713 2909 796 objicitur
2950 712 3028 777 de
3074 713 3396 796 praescito,

1863 824 2032 906 quod
2057 843 2284 888 verum
2322 829 2436 900 est,
2453 827 2516 888 et
2541 823 2595 886 si
2632 840 2866 886 verum
2894 824 3010 900 est,
3043 822 3399 886 necessario

1862 934 1985 1010 est3
2040 932 2379 996 dicendum
2429 930 2601 1014 quod
2649 930 2839 992 istam
2887 928 3200 993 rationem
3254 929 3403 993 facit

1862 1035 2288 1121 Philosophus
2314 1039 2392 1102 ad
2432 1037 2891 1103 ostendendum
2909 1084 2927 1115 ,
2975 1035 3147 1118 quod
3184 1035 3255 1099 in
3298 1037 3402 1100 fu-

1859 1146 2024 1210 turis
2044 1164 2180 1210 non
2205 1150 2300 1211 est
2325 1147 2559 1211 veritas
2590 1168 2604 1210 ε
2632 1149 2696 1210 θῖ
2722 1147 2816 1209 θεῖ
2839 1142 3200 1225 sophistica.
3234 1142 3399 1208 Nam

1859 1253 2118 1335 quando
2145 1254 2377 1318 dicitur
2409 1275 2423 1318 :
2474 1277 2505 1316 α
2543 1253 2746 1319 Omne
2773 1251 2942 1336 quod
2984 1255 3111 1331 est,
3140 1251 3397 1334 quando

1859 1363 1975 1435 est,
2008 1361 2362 1426 necessario
2376 1366 2498 1440 est3
2523 1384 2552 1421 ο
2579 1362 2958 1444 intelligitur
2985 1362 3062 1428 de
3095 1380 3194 1441 θο,
3224 1363 3396 1445 quod

1859 1468 2039 1549 ponit
2091 1468 2329 1552 aliquid
2391 1470 2462 1533 in
2524 1474 2671 1534 actu
2720 1472 2886 1533 circa
2945 1470 3344 1552 suppositum
3371 1518 3390 1549 ,

1859 1576 2028 1658 quod
2043 1625 2060 1655 ,
2102 1595 2184 1640 ex
2215 1596 2344 1660 quo
2383 1577 2662 1660 positum
2708 1582 2834 1657 est,
2884 1577 3271 1660 impossihile
3295 1581 3389 1642 est

1858 1701 1990 1747 non
2008 1702 2144 1749 esse
2165 1685 2443 1768 positum
2469 1704 2486 1749 ε
2508 1687 2616 1750 sed
2641 1704 2873 1750 verum
2892 1685 2970 1749 de
2994 1686 3212 1749 futuro
3231 1685 3395 1750 nihil

1858 1792 2036 1874 ponit
2062 1795 2226 1857 circa
2265 1793 2623 1876 subjectum
2642 1842 2660 1873 ,
2690 1795 2843 1877 quia
2869 1812 3001 1858 non
3041 1797 3138 1859 est
3160 1812 3392 1858 verum

1856 1916 1974 1981 pro
2003 1902 2328 1983 praesenti,
2356 1902 2463 1966 sed
2489 1901 2697 1966 solum
2726 1902 3085 1983 profuturo
3115 1923 3131 1965 ι
3164 1904 3226 1964 θῖ
3253 1900 3395 1967 ideo

1856 2008 2034 2071 nulla
2073 2014 2168 2073 est
2201 2010 2568 2088 ηθθθεείῖθε,
2600 2027 2811 2092 neque
2853 2008 3241 2092 simpliciter,
3283 2027 3393 2074 ne·

1855 2133 1982 2197 que
2010 2121 2084 2180 ut
2115 2134 2324 2194 nunc,
2355 2117 2509 2200 quia
2535 2116 2694 2181 nihil
2721 2116 2902 2201 ponit
2934 2120 3007 2181 ut
3030 2135 3224 2180 nunc.

1936 2226 1997 2285 4.
2019 2223 2118 2287 Ad
2145 2223 2304 2289 illud
2324 2225 2494 2306 quod
2519 2223 2817 2306 objicitur
2845 2242 2960 2307 per
2978 2223 3390 2307 impossihile,

1856 2331 2028 2411 quod
2055 2331 2110 2394 si
2136 2335 2345 2413 posset
2382 2332 2564 2396 aliter
2593 2350 2727 2396 esse
2745 2380 2762 2409 ,
2794 2336 3002 2414 posset
3046 2331 3174 2396 falli
3193 2381 3210 2409 ,
3242 2336 3388 2413 etc.;

1855 2435 2195 2502 dicendum
2237 2439 2439 2522 quod,
2467 2438 2630 2503 sicut
2657 2439 2892 2504 veritas
2919 2440 3096 2504 venit
3133 2458 3217 2504 ex
3242 2458 3393 2504 con-

1857 2544 2072 2608 cordia
2127 2545 2482 2611 intellectus
2538 2547 2617 2612 ad
2661 2565 2802 2610 rem
2844 2546 3170 2628 cognitam
3188 2595 3207 2624 ,
3251 2545 3393 2613 haec

1852 2655 2071 2715 autem
2098 2655 2433 2719 concordia
2459 2673 2589 2719 non
2616 2658 2711 2720 est
2744 2655 2918 2720 aliud
2937 2703 2955 2732 ,
2995 2673 3193 2738 quam
3218 2655 3394 2720 adae-

1852 2764 2072 2845 quatio
2119 2765 2214 2829 rei
2263 2770 2328 2830 et
2360 2766 2717 2831 intellectus
2731 2814 2750 2844 ,
2789 2766 2882 2829 sic
2937 2765 3174 2830 falsitas
3214 2766 3392 2831 venit

1852 2890 1936 2938 ex
1960 2874 2269 2939 discordia
2306 2873 2660 2938 intellectus
2691 2872 2771 2937 ad
2797 2872 3133 2954 cognitum
3148 2921 3165 2952 ,
3207 2871 3387 2936 simi-

1849 2985 1995 3051 liter
2038 2980 2319 3068 potentia
2362 2979 2616 3044 fallendi
2678 2997 2762 3043 ex
2808 2979 3090 3062 potentia
3142 2978 3387 3043 discor-

1853 3093 2043 3160 dandi
2075 3110 2093 3156 2
2123 3090 2262 3156 dico
2302 3106 2460 3171 ergo
2486 3086 2795 3171 quoniam
2835 3086 3184 3152 necessario
3214 3104 3391 3170 prae-

1852 3202 2084 3266 scitum
2118 3197 2409 3285 sequitur
2433 3195 2513 3259 ad
2541 3194 3005 3278 prae-scientiam
3035 3195 3222 3260 :ideo
3254 3212 3390 3259 non

1850 3312 2116 3394 possunt
2139 3304 2497 3372 discordare
2529 3324 2546 3367 t
2578 3306 2640 3367 et
2674 3302 2817 3368 ideo
2853 3319 3190 3385 nunquam
3227 3301 3391 3367 falli-

1850 3422 1979 3496 tur,
2004 3433 2125 3479 nec
2149 3416 2355 3497 potest
2378 3411 2531 3476 falli.

1933 3500 2029 3588 5J
2025 3520 2205 3600 Quod
2240 3539 2401 3602 ergo
2427 3519 2725 3603 objicitur
2759 3517 2928 3602 quod
2964 3517 3148 3584 aliter
3183 3523 3391 3602 potest

1851 3647 2017 3708 esse;
2049 3628 2390 3694 dicendum
2419 3627 2593 3711 quod
2615 3625 2799 3691 aliter
2815 3631 3019 3709 potest
3036 3644 3170 3691 esse
3185 3675 3203 3707 ,
3231 3627 3408 3709 quia¹

1853 3735 2021 3800 Deus
2042 3739 2248 3819 potest
2265 3734 2445 3799 aliter
2471 3734 2794 3818 praescisse
2822 3755 2837 3798 ι
2866 3738 2928 3798 θῖ
2956 3752 3108 3798 cum
3123 3734 3388 3818 ponitur

1851 3844 2025 3927 quod
2057 3843 2240 3907 aliter
2265 3843 2380 3922 sit,
2404 3843 2663 3925 ponitur
2710 3842 2883 3924 quod
2906 3841 3086 3906 aliter
3110 3842 3387 3925 praescit.

1852 3950 2116 4028 Quando
2143 3967 2301 4031 ergo
2338 3950 2610 4014 infertur
2648 3969 2663 4014 ε
2700 3973 2731 4011 c
2765 3949 2977 4015 Potest
3004 3950 3185 4014 aliter
3210 3968 3386 4030 esse,

1851 4076 2049 4141 quam
2077 4059 2194 4137 sit,
2224 4063 2287 4121 et
2313 4057 2478 4121 Deus
2503 4058 2822 4139 praescivit
2855 4058 2945 4121 sic
2974 4077 2991 4121 ε
3025 4075 3184 4139 ergo
3211 4057 3392 4123 aliter

1852 4184 2050 4250 quam
2077 4165 2243 4231 Deus
2277 4165 2552 4247 praescit3
2572 4187 2602 4224 n
2639 4165 3090 4247 distinguenda
3115 4170 3209 4229 θεῖ
3233 4184 3391 4230 con-

1852 4274 2083 4351 clusio,
2109 4274 2264 4355 quia
2283 4276 2486 4355 potest
2510 4272 2782 4354 intelligi
2805 4273 3060 4336 divisim
3086 4295 3101 4336 :
3125 4273 3214 4338 sic
3236 4293 3391 4339 vera

1852 4384 1968 4460 est,
1994 4384 2057 4444 et
2084 4384 2178 4444 est
2204 4398 2429 4444 sensus
2458 4401 2472 4443 ε
2506 4380 2672 4442 Deus
2695 4379 2946 4461 praescit
2965 4379 3087 4444 hoc
3107 4381 3388 4462 evenire,

1853 4492 1916 4552 et
1942 4488 2236 4570 possibile
2271 4490 2365 4550 est
2403 4485 2562 4550 illud
2603 4504 2735 4550 non
2770 4487 3047 4552 evenire.
3081 4487 3147 4552 Si
3174 4492 3392 4554 autem

1855 4595 2282 4678 conjunctim,
2324 4592 2482 4657 falsa
2526 4596 2655 4671 est,
2692 4596 2755 4658 et
2791 4599 2885 4659 est
2924 4613 3148 4659 sensus
3180 4614 3196 4658 :
3230 4594 3392 4660 Illud

1855 4703 1951 4765 est
1980 4699 2278 4782 possibile
2296 4748 2313 4778 ,
2344 4700 2518 4782 quod
2546 4699 2710 4764 Deus
2741 4701 2995 4783 praescit
3021 4720 3153 4766 uno
3179 4700 3389 4781 mod0,

1856 4813 1931 4873 ut
1955 4808 2210 4872 eveniat
2235 4807 2358 4872 alio
2390 4808 2711 4893 modo-‚JEt
2735 4812 2833 4873 est
2859 4809 3105 4874 fallacia
3135 4827 3393 4891 compo-

1857 4917 2103 4980 sitionis
2127 4916 2196 4980 in
2222 4915 2334 4980 illo
2354 4934 2676 4998 processu,
2701 4916 2865 4981 sicut
2888 4916 3037 4979 hic:
3072 4938 3104 4975 α
3120 4914 3396 4981 Currens

1859 5028 2060 5107 potest
2089 5042 2222 5088 non
2251 5024 2494 5087 moveri
2528 5046 2543 5087 ε
2574 5042 2733 5106 ergo
2768 5023 3064 5107 possibile
3095 5028 3191 5088 est
3223 5023 3395 5107 quod

1860 5132 2089 5215 aliquis
2113 5136 2363 5208 currat,
2397 5136 2459 5196 et
2485 5150 2617 5196 non
2657 5136 3023 5211 moveatur3
3057 5153 3088 5191 ι
3123 5150 3256 5196 non
3297 5150 3400 5196 se-

1862 5240 2105 5322 quitur.
2138 5238 2442 5304 Similiter
2468 5259 2620 5304 cum
2642 5239 2975 5322 quaeritur,
3006 5240 3178 5323 quod
3210 5239 3400 5322 poni-

1862 5350 1972 5411 tur
1983 5347 2475 5430 ponendumest;
2492 5347 2601 5413 sed
2618 5364 2768 5412 cum
2785 5347 3165 5414 assumitur:
3186 5370 3219 5411 c
3234 5346 3401 5415 Deus
