4125 6225
1244 370 1441 439 DIST.
1477 366 1613 438 ΧΠ.
1656 365 1845 441 ΑΒΤδ
1883 367 1935 434 1.
1975 364 2256 446 QUAEST
2296 364 2374 434 11.

230 508 423 574 stanti
457 508 662 575 divisa
700 511 795 574 est
829 507 949 573 lux
977 526 1018 573 a
1044 506 1323 574 tenebris
1340 555 1358 585 ,
1395 507 1462 572 id
1493 510 1590 572 est
1621 504 1775 571 boni

231 615 449 699 angeli
492 635 532 681 a
576 615 761 681 malis
790 634 808 680 ι
839 633 998 698 ergo
1042 633 1175 681 non
1216 615 1343 680 fuit
1383 631 1567 679 mora
1607 613 1777 679 inter

231 727 618 791 creationem
657 729 721 791 et
756 725 1006 809 lapsum
1035 746 1051 789 :
1083 724 1255 808 quod
1282 727 1377 788 est
1410 741 1607 807 supra
1644 721 1774 786 im-

231 833 598 916 probatum,
629 836 693 897 et
733 836 1058 897 ostensum
1086 835 1182 896 est
1208 850 1343 896 esse
1379 834 1600 895 contra
1631 830 1773 894 Au-

232 942 593 1022 gustinum.

313 1048 473 1113 Item
490 1098 508 1130 ‚
541 1067 691 1113 cum
725 1066 903 1114 sacra
937 1048 1266 1131 Scriptura
1297 1047 1550 1114 ordinat
1572 1062 1778 1130 opera

232 1175 348 1222 sex
384 1156 667 1237 dierum,
699 1161 814 1223 aut
852 1155 1102 1221 ordinat
1136 1160 1451 1240 quantum
1487 1155 1568 1220 ad
1604 1153 1779 1219 ordi-

233 1283 387 1330 nem
429 1265 779 1331 durationis
797 1312 815 1342 ,
857 1268 972 1329 aut
1009 1268 1327 1348 quantum
1370 1264 1452 1329 ad
1489 1262 1778 1328 ordinem

234 1378 507 1454 naturae,
531 1378 641 1438 aut
664 1376 978 1457 quantum
1002 1373 1084 1438 ad
1102 1373 1392 1438 ordinem
1415 1371 1775 1454 dignitatis:

235 1482 291 1544 si
312 1485 631 1565 quantum
654 1481 735 1545 ad
760 1478 1050 1546 ordinem
1073 1478 1423 1562 dignitatis,
1450 1497 1609 1561 ergo
1630 1496 1780 1544 cum

236 1589 434 1656 homo
480 1590 562 1653 sit
609 1589 987 1672 dignissima
1034 1593 1470 1654 creaturarum
1495 1636 1513 1667 ‚
1560 1588 1781 1653 debuit

239 1700 383 1780 ejus
408 1696 737 1779 productio
760 1696 1022 1761 attribui
1051 1696 1278 1779 primae
1301 1696 1457 1777 diei;
1488 1695 1543 1760 si
1569 1714 1782 1779 quan-

238 1811 382 1870 tum
399 1805 481 1870 ad
502 1804 792 1869 ordinem
809 1807 1082 1885 naturae,
1104 1823 1263 1887 ergo
1286 1804 1613 1889 productio
1634 1804 1783 1868 solis

240 1917 305 1978 et
333 1912 507 1977 lunae
532 1912 653 1976 fuit
678 1916 825 1977 ante
861 1912 1343 1996 productionem
1376 1912 1780 1995 planetarum

241 2023 309 2086 et
331 2020 683 2085 herbarum
713 2038 731 2083 t
760 2023 954 2085 restat
986 2019 1190 2102 igitur
1218 2021 1343 2085 hoc
1370 2038 1507 2085 esse
1541 2019 1783 2085 dictum

240 2135 554 2212 quantum
597 2131 678 2195 ad
717 2129 1007 2196 ordinem
1044 2129 1368 2213 temporie,
1410 2128 1548 2194 sive
1586 2128 1785 2193 dura·-

240 2237 453 2303 tioniS.

785 2315 1253 2386 CONCLUSIO.

241 2438 441 2508 Deum,
463 2438 753 2495 materiam
785 2440 1028 2510 primam
1049 2453 1157 2494 non
1179 2439 1416 2510 perfecte
1438 2439 1629 2495 statim
1666 2439 1785 2507 for-

314 2532 521 2585 matam
530 2543 747 2601 creasse,
758 2544 923 2586 sacres
936 2529 1233 2601 Scriptum
1247 2530 1570 2585 testimoniis
1571 2528 1778 2601 proba-

318 2617 483 2674 bilius
507 2621 603 2686 est,
626 2619 752 2674 licet
772 2619 1075 2691 oppositum
1095 2619 1342 2675 hwname
1360 2620 1575 2675 rationi
1607 2619 1785 2689 mauis

317 2724 599 2765 consonum
625 2707 895 2765 videatur.

326 2808 511 2893 Resp.
545 2811 627 2876 ad
650 2810 811 2892 Arg.
838 2811 938 2875 Ad
959 2809 1413 2894 praedictorum
1433 2810 1791 2892 intelligen-

244 2918 405 2984 tiam
440 2917 796 2983 notandum
824 2922 947 2998 est,
980 2919 1153 3002 quod
1180 2918 1347 2983 circa
1382 2918 1550 2983 hanc
1585 2936 1792 3002 quaes-

244 3027 487 3091 tionem
523 3026 792 3092 diversae
825 3028 979 3090 sunt
1013 3025 1393 3091 Sanctorum
1430 3026 1785 3109 opiniones.

248 3135 519 3214 Quidam
543 3135 717 3201 enim
738 3133 951 3201 Sancti
970 3134 1039 3197 in
1061 3133 1183 3198 hac
1204 3135 1558 3218 quaestione
1581 3136 1792 3219 magis

246 3243 448 3308 secuti
473 3246 627 3309 sunt
648 3241 817 3309 viam
841 3240 1268 3323 theologicam
1287 3289 1305 3320 ‚
1340 3243 1658 3308 trahentes
1685 3262 1791 3307 ra-

202 3372 220 3389 ·
249 3351 490 3417 tionem
521 3351 603 3416 ad
638 3369 714 3416 ea
745 3368 894 3435 quae
923 3352 1075 3414 sunt
1109 3349 1279 3415 fidei.
1311 3349 1580 3428 Quidam
1610 3370 1787 3434 vero,

249 3461 415 3526 inter
432 3477 595 3545 quos
613 3458 976 3543 praecipuus
996 3457 1118 3523 fuit
1133 3458 1559 3540 Augustinus,
1581 3459 1792 3542 magis

249 3568 453 3634 secuti
494 3570 647 3633 sunt
686 3567 863 3634 viam
907 3563 1409 3650 philosophicam
1427 3612 1444 3643 ‚
1489 3583 1638 3650 quae
1683 3566 1793 3632 illa

251 3677 432 3760 ponit
458 3693 607 3759 quae
632 3674 934 3740 videntur
968 3672 1178 3754 magis
1212 3671 1444 3738 rationi
1472 3690 1787 3754 consona;

249 3781 425 3848 unde
449 3786 514 3846 et
544 3780 934 3845 intellectum
962 3776 1306 3861 Scripturae
1341 3778 1537 3843 trahit
1568 3780 1650 3845 ad
1686 3798 1794 3845 ra-

247 3890 439 3955 tionis
456 3888 1004 3955 conflrmationem
1017 3890 1081 3953 et
1098 3887 1789 3974 attestationem.Unde,

249 4017 398 4090 cum
427 3997 723 4066 videatur
747 3996 1183 4062 rationabilius
1213 4016 1253 4063 a
1280 4017 1535 4064 summa
1566 4002 1789 4083 poten-

246 4108 338 4173 tia
364 4108 583 4173 omnia
616 4106 884 4191 produci
911 4105 1104 4171 simul
1122 4155 1141 4188 ,
1183 4112 1246 4172 et
1280 4126 1462 4174 mora
1487 4109 1793 4192 temporis

248 4213 682 4298 interjacentis
720 4212 966 4282 nullius
1000 4211 1296 4278 videatur
1328 4233 1464 4279 esse
1505 4214 1795 4280 utilitatis

248 4321 353 4388 vel
374 4320 780 4402 necessitatis,
810 4319 1023 4404 posuit
1044 4321 1263 4385 omnia
1284 4320 1469 4387 simul
1493 4339 1628 4387 esse
1648 4338 1795 4404 pro-

246 4429 460 4518 ducta,
486 4449 675 4495 suam
696 4429 1077 4514 positionem
1100 4430 1488 4494 confirmans
1509 4448 1625 4513 per
1644 4446 1794 4494 auc—

246 4539 533 4630 toritates
559 4557 757 4604 sacrae
786 4538 1129 4623 Scripturae
1142 4585 1162 4617 ‚
1193 4542 1257 4603 et
1285 4555 1611 4624 exponens
1635 4535 1796 4602 illud

247 4647 421 4732 quod
456 4646 710 4712 videtur
742 4646 864 4711 sibi
898 4646 1355 4728 contradicere,
1384 4646 1683 4712 videlicet
1716 4645 1796 4711 de

247 4755 502 4821 dierum
525 4753 963 4820 distinctione:
988 4753 1326 4819 ostendens
1347 4753 1519 4837 quod
1543 4753 1637 4818 illi
1662 4753 1796 4819 dies

248 4881 383 4928 non
411 4863 671 4927 fuerunt
699 4861 832 4927 dies
863 4861 1250 4943 materiales,
1283 4860 1394 4926 sed
1422 4859 1635 4945 potius
1663 4860 1799 4944 spi-

248 4969 511 5035 rituales
525 5016 544 5049 ,
581 4967 694 5052 qui
731 4987 954 5034 omnes
990 4968 1185 5033 simul
1223 4971 1573 5053 potuerunt
1607 4985 1744 5033 esse
1773 4989 1793 5035 ε

250 5082 314 5143 et
347 5076 494 5142 haec
532 5075 760 5161 positio
801 5075 1082 5142 multum
1119 5075 1244 5142 fuit
1278 5073 1704 5156 rationabilis,
1732 5077 1797 5141 et

250 5204 367 5274 per
404 5185 784 5252 universum
822 5189 1079 5269 tempus
1113 5184 1267 5252 vitae
1309 5183 1641 5269 praesentis
1655 5232 1674 5265 ,
1718 5185 1798 5249 ut

281 5314 332 5435 ¹¹¹
352 5315 509 5436 aug„
533 5311 595 5363 de
623 5312 745 5365 Gen.
768 5310 838 5363 ad
856 5310 986 5374 titt,
1007 5310 1098 5362 lib.
1126 5312 1212 5375 IV,
1235 5325 1280 5362 c.
1315 5322 1378 5375 11,
1397 5325 1452 5361 u.
1474 5309 1791 5376 a.-(a)A1.

250 5396 282 5436 a
319 5399 352 5450 q
411 5422 425 5437 .

570 5492 723 5541 ΊὉΙ.
759 5491 831 5540 11.

3300 374 3423 442 529

1881 503 2068 571 valde
2112 503 2379 570 subtilis.
2405 501 2861 571 Verumtamen
2879 553 2897 585 ‚
2939 504 3097 590 quia
3133 507 3218 573 ad
3256 507 3423 577 hanc
3449 522 3647 583 mprob-

1881 613 2262 697 positionem
2281 613 2538 680 videtur
2554 613 2911 683 intellectus
2933 616 3280 704 Scriptura
3299 620 3423 686 dis·

1881 718 2082 797 trahi,
2113 724 2177 786 et
2199 719 2487 786 securius
2508 725 2633 802 est,
2661 726 2724 787 et
2749 723 2960 806 magis
2985 724 3420 808 meritorium,

1881 826 2273 893 intellectum
2325 832 2622 894 nostrum
2677 833 2740 894 et
2792 829 3106 896 rationem
3158 832 3425 898 omnino

1882 932 2229 1018 Scripturae
2274 955 2635 1021 supponere
2651 986 2669 1019 ‚
2712 956 2913 1022 quam
2957 938 3162 1022 ipsam
3207 940 3425 1025 aliquo

1881 1044 2074 1110 modo
2119 1045 2505 1128 distrahere;
2552 1046 2695 1112 ideo
2727 1048 3156 1113 communiter
3186 1048 3295 1114 alii
3338 1048 3419 1134 (a)
3452 1074 3585 1133 opin.
3618 1077 3665 1118 ι.

1882 1154 2201 1234 doctores,
2232 1154 2434 1238 etqui
2461 1160 2922 1238 praecesserunt
2944 1157 3388 1240 Augustinum
3404 1206 3422 1241 ,

1883 1264 1948 1325 et
1981 1261 2097 1345 qui
2134 1261 2331 1327 secuti
2367 1266 2521 1327 sunt
2534 1311 2553 1344 ,
2586 1262 2676 1329 sic
2710 1263 3166 1330 intellexerunt
3202 1270 3265 1332 et
3305 1284 3423 1350 po·

1884 1371 2183 1449 suerunt,
2212 1368 2378 1434 sicut
2403 1373 2620 1436 textus
2645 1370 2716 1435 in
2745 1369 2954 1437 littera
2988 1391 3184 1438 sacrae
3218 1373 3429 1458 scrip—

1883 1478 2049 1541 turae
2094 1475 2349 1542 Genesis
2388 1494 2617 1544 sonare
2656 1479 2931 1545 videtur.
2969 1478 3148 1546 Unde
3190 1499 3431 1565 posue-

1884 1589 2040 1650 ruut
2083 1586 2302 1651 omnia
2342 1586 2695 1651 materialia
2735 1590 2801 1652 et
2841 1587 3196 1671 corporalia
3237 1589 3432 1656 simul

1886 1710 2023 1758 esse
2044 1698 2254 1759 creata
2276 1694 2347 1758 in
2369 1696 2661 1775 materia,
2683 1696 2796 1761 sed
2817 1714 2932 1780 per
2954 1698 3282 1762 senarium
3303 1696 3433 1763 die-

1886 1819 2037 1866 rum
2077 1820 2214 1867 esse
2251 1802 2544 1869 distincta
2582 1804 2653 1868 in
2694 1805 2924 1870 forma.
2965 1804 3144 1870 Hanc
3177 1805 3433 1889 positio-

1888 1926 2041 1974 nem
2056 1957 2075 1988 ,
2102 1910 2469 1977 etsi'minus
2495 1909 2789 1977 videatur
2814 1911 3209 1977 rationabilis
3234 1929 3434 1995 quam

1889 2016 2044 2100 alia,
2077 2035 2212 2083 non
2248 2022 2465 2084 tamen
2495 2022 2590 2083 est
2626 2018 3060 2084 irrationabile
3094 2018 3432 2085 sustinere.

1892 2125 2201 2205 Quamvis
2226 2126 2403 2192 enim
2429 2127 2593 2192 ratio
2617 2144 2752 2192 non
2776 2126 3081 2212 percipiat
3101 2127 3301 2213 hujus
3326 2146 3437 2212 po-

1891 2238 2138 2304 sitionis
2176 2239 2644 2322 congruitatem
2660 2288 2680 2320 ,
2722 2242 2914 2323 prout
2951 2238 3438 2306 considerationi

1890 2364 2029 2411 suae
2055 2345 2384 2426 innititur;
2415 2345 2683 2430 percipit
2704 2350 2920 2412 tamen
2933 2396 2952 2428 ,
2979 2351 3174 2431 prout
3196 2348 3319 2413 sub
3341 2349 3439 2414 lu-

1892 2453 2072 2518 mine
2109 2454 2260 2519 fldei
2293 2454 2674 2538 captivatur.
2707 2454 2816 2520 Est
2847 2455 3021 2520 enim
3059 2455 3260 2540 hujus
3299 2476 3443 2523 suc-

1894 2561 2153 2628 cessivae
2174 2562 2572 2628 formationis
2586 2566 2651 2628 et
2670 2562 3088 2629 distinctionis
3103 2565 3267 2630 ratio
3286 2584 3442 2650 qua-

1893 2670 2534 2753 druple1,videlicet
2577 2670 2898 2749 litteralis,
2947 2671 3248 2752 moralis,
3294 2674 3442 2740 alle-

1894 2778 2137 2860 gorica,
2166 2781 2229 2843 et
2254 2777 2635 2861 anagogica.
2661 2777 3018 2844 Litteralis
2999 2798 3070 2843 ιιι
3096 2779 3240 2859 hoc,
3268 2782 3442 2864 quod
3497 2818 3660 2863 mum
3635 2830 3679 2861 .

1895 2884 2064 2949 Deus
2099 2903 2235 2950 non
2278 2888 2534 2951 tantum
2569 2884 2841 2950 intendit
2882 2885 3087 2981 facere
3122 2892 3525 2970 quantnm⁸
3469 2880 3525 2927 ¹¹⁸
3555 2882 3682 2926 ''¹¹¹⁰-

1896 2996 2139 3076 potest3
2176 2996 2431 3058 tantum
2460 2994 2654 3059 etiam
2685 2994 3160 3059 communicare
3189 3000 3442 3062 creatu-

1896 3122 2011 3185 rae,
2034 3105 2351 3186 quantum
2377 3105 2581 3187 potest
2598 3102 2900 3187 recipere.
2916 3101 3097 3169 Uude
3118 3123 3269 3169 cum
3294 3123 3447 3188 pos-

1896 3211 1980 3277 sit
2021 3212 2174 3276 dare
2215 3209 2674 3276 beatitudinem
2713 3209 2953 3294 absque
2990 3211 3269 3295 meritis,
3301 3213 3445 3280 vult

1895 3323 2115 3385 tamen
2144 3319 2317 3404 quod
2346 3336 2735 3385 mereamur.
2769 3317 2875 3385 Sic
2905 3337 3055 3384 cum
3084 3321 3284 3404 possit
3313 3325 3446 3387 sta-

1897 3428 2015 3492 tim
2039 3427 2343 3511 perficere
2366 3427 2722 3507 materiam,
2746 3425 2978 3491 maluit
2997 3429 3214 3493 tamen
3234 3427 3441 3512 ipsam

1897 3534 2020 3600 sub
2044 3534 2323 3618 quadam
2350 3532 2738 3598 informitate
2759 3536 2823 3598 et
2845 3533 3322 3617 imperfectione
3345 3536 3444 3602 fa·-

1898 3659 2041 3707 cere
2055 3690 2072 3723 ,
2087 3645 2179 3742 ⁵ut
2203 3659 2286 3707 ex
2314 3659 2433 3707 sua
2458 3641 2933 3726 imperfectione
2961 3643 3147 3728 quasi
3176 3644 3444 3711 materia

1896 3749 1980 3814 ad
2011 3748 2216 3814 Deum
2253 3749 2585 3830 clamaret,
2617 3753 2693 3814 ut
2730 3748 2936 3832 ipsam
2973 3752 3350 3834 perficeret:
3380 3757 3446 3818 et

1896 3855 2021 3922 hoc
2058 3857 2231 3922 idem
2265 3856 2471 3924 voluit
2509 3874 2624 3940 per
2660 3857 2991 3923 senarium
3025 3858 3279 3926 dierum
3317 3860 3444 3926 dif-

1896 3964 2095 4045 ferre,
2127 3964 2291 4029 utin
2320 3965 2701 4048 perfectione
2724 3965 2984 4030 numeri
3010 3965 3206 4032 simul
3229 3971 3442 4033 osten-

1897 4072 2158 4139 deretur
2186 4072 2486 4156 perfectio
2516 4071 2828 4139 universi.
2862 4071 3233 4138 Secundum
3263 4074 3440 4138 enim

1898 4180 2374 4245 arithmeticum
2386 4229 2406 4261 ‚
2434 4178 2722 4246 senarius
2741 4182 2838 4245 est
2860 4196 3177 4246 numerus
3196 4181 3436 4264 perfec-

1897 4293 2005 4355 tus
2021 4297 2064 4371 ¹,
2095 4290 2249 4373 quia
2280 4292 2526 4355 constat
2555 4308 2639 4355 ex
2664 4289 2963 4355 omnibus
2995 4290 3129 4355 suis
3155 4291 3443 4374 partibus

1899 4396 2223 4481 aliquotis,
2247 4396 2339 4460 ita
2358 4397 2531 4480 quod
2552 4414 2685 4462 non
2706 4396 2946 4477 deficit,
2974 4415 3095 4462 nec
3113 4398 3437 4464 excrescit.

1902 4502 2120 4569 Partes
2128 4507 2347 4569 autem
2354 4503 2655 4587 aliquotae
2669 4503 2993 4586 dicuntut,
3007 4523 3157 4589 quae
3166 4509 3442 4589 sumptae

1901 4610 2238 4695 aliquoties
2261 4610 2540 4676 mddunt
2568 4614 2798 4676 totum.
2828 4609 3010 4677 Ratio
3037 4611 3297 4677 moralis
3320 4616 3438 4689 est,
3528 4640 3653 4686 mu„

1901 4718 2072 4784 utin
2099 4716 2222 4783 hoc
2250 4717 2580 4783 erudiatur
2604 4717 2821 4801 homo,
2851 4718 3024 4803 quod
3052 4719 3219 4785 sicut
3241 4722 3446 4785 mate-
3469 4703 3662 4749 ''¹⁰'⁸¹⁵⁸·

1901 4824 2000 4891 ria
2040 4843 2347 4910 corporea
2391 4842 2506 4908 per
2547 4824 2821 4909 seipsam
2862 4825 3154 4892 informis
3198 4828 3441 4907 existit3

1900 4935 2059 4998 tunc
2105 4937 2325 4998 autem
2373 4934 2688 4999 formatur
2731 4951 2881 4999 cum
2929 4933 3149 5001 divina
3197 4935 3448 5001 bonitas

1903 5042 2047 5124 ejus
2084 5040 2459 5107 informitati
2491 5040 2721 5107 tribuit
2756 5043 3035 5108 formam
3061 5061 3081 5109 ε
3109 5043 3201 5109 sic
3230 5043 3449 5111 anima

1904 5148 2168 5215 formari
2206 5166 2341 5214 non
2378 5152 2585 5233 potest
2621 5168 2737 5234 per
2769 5150 3043 5234 seipsam
3056 5199 3076 5233 ‚
3117 5151 3243 5217 nisi
3282 5150 3451 5218 Deus

1905 5258 2182 5340 gratiam
2208 5276 2395 5324 suam
2417 5257 2755 5326 infundat:
2781 5259 2890 5325 cui
2917 5260 3113 5326 etiam
3137 5278 3451 5328 numerus

1906 5367 2199 5431 senarius
2216 5371 2572 5448 attestatur,
2596 5366 2754 5450 quia
2774 5372 3029 5452 tempus
3048 5375 3144 5435 est
3163 5368 3452 5435 merendi

3057 5479 3151 5543 Ἅι
