4125 6225
470 3670 538 3714 Ad
571 3680 673 3723 opp.

715 244 834 366 ΞΜ
1826 299 2451 367 SENTENTIARUM
2491 300 2640 365 LlB.
2683 299 2762 364 11.

713 438 802 500 tio
833 459 848 500 ε
892 433 1050 518 ergo
1093 436 1164 500 in
1198 437 1338 520 ipso
1382 453 1707 520 empyreo.
1747 435 1812 499 Si
1851 455 2008 518 ergo
2051 436 2248 501 habet

712 544 1039 621 virtutem,
1065 546 1178 608 aut
1204 548 1503 626 operatur
1527 545 1676 608 inid
1706 544 1878 626 quod
1899 562 2115 626 supra,
2141 543 2243 608 vel

711 651 782 713 in
810 650 871 713 id
903 651 1072 732 quod
1091 653 1314 732 juxta,
1342 651 1445 716 vel
1475 650 1632 714 inid
1672 651 1843 734 quod
1871 651 2037 715 infra
2064 672 2082 715 t
2113 668 2244 713 non

711 757 782 820 in
808 756 873 821 id
894 758 1067 839 quod
1087 777 1303 841 supra,
1333 759 1595 841 planum
1613 762 1739 835 oet3
1763 776 1879 821 nec
1898 758 1965 820 in
1990 758 2055 821 id
2074 758 2244 839 quod

706 866 919 946 juxta,
938 866 1090 947 quia
1117 865 1329 948 ipsum
1348 868 1441 928 est
1466 883 1663 946 supra
1688 865 1907 928 omnia
1931 882 2237 947 corpora:

712 989 870 1052 ergo
890 972 1147 1036 videtur
1175 973 1345 1055 quod
1372 991 1483 1055 per
1504 972 1681 1036 illam
1700 972 2004 1036 virtutem
2032 972 2244 1035 influit

712 1078 782 1141 in
829 1078 893 1141 id
939 1079 1108 1160 quod
1152 1079 1346 1158 infira3
1390 1084 1504 1143 aut
1543 1080 1750 1144 virtus
1792 1083 1854 1142 et
1895 1078 2247 1143 substantia

710 1186 850 1266 ejus
894 1185 1015 1249 erit
1056 1185 1255 1251 otiosa
1276 1233 1293 1263 ,
1352 1186 1523 1268 quod
1567 1191 1662 1251 aet
1701 1186 1889 1268 plane
1938 1186 2240 1249 inconve-

707 1294 912 1357 niens.

790 1399 946 1464 ltem
990 1400 1208 1464 omnia
1254 1418 1523 1482 corpora
1567 1404 1823 1483 propter
1876 1398 2238 1464 humanum

709 1507 1089 1588 obsequium
1115 1511 1266 1570 sunt
1289 1507 1480 1585 tacta3
1509 1507 1677 1571 unde
1699 1525 1922 1571 sumus
1947 1526 2067 1571 nos
2095 1507 2244 1572 finis

706 1613 985 1695 quodam
1021 1614 1210 1677 modo
1248 1615 1546 1677 omnium
1586 1632 1810 1678 eorum
1850 1633 1997 1695 quae
2029 1620 2181 1679 sunt
2221 1636 2237 1678 τ

707 1738 864 1800 ergo
912 1721 966 1784 si
1013 1739 1388 1803 empyreum
1433 1721 1675 1802 aliquid
1722 1726 1854 1798 est,
1904 1723 1973 1784 in
2027 1723 2240 1804 aliquo

704 1828 903 1891 servit
926 1827 1295 1908 th’usmodi
1330 1845 1347 1890 t
1375 1829 1481 1891 sed
1511 1829 1633 1891 hoc
1663 1846 1709 1891 n
1728 1847 1797 1891 m
1825 1829 2085 1910 faceret,
2115 1830 2241 1893 nisi

705 1934 945 2016 aliquid
964 1934 1032 1997 111
1056 1934 1194 1998 haec
1212 1935 1511 2000 inferiora
1538 1935 1836 1999 influeret
1861 1958 1876 2002 ε
1908 1955 2087 2017 0130,
2119 1942 2236 2001 etc.

786 2040 945 2104 Item
970 2046 1209 2122 quanto
1232 2042 1487 2124 aliquod
1522 2060 1752 2124 corpus
1778 2043 1906 2105 situ
1929 2047 2024 2107 est
2046 2061 2235 2126 supe-

705 2147 876 2223 rius,
923 2150 1101 2212 tanto
1144 2149 1307 2212 inter
1347 2166 1611 2231 corpora
1650 2150 1926 2213 nobilius
1967 2155 2063 2214 est
2113 2173 2128 2215 :
2178 2156 2242 2216 et

705 2259 945 2337 quanto
981 2255 1289 2334 nobiliuS,
1318 2260 1494 2320 tanto
1521 2256 1839 2337 potentius
1865 2260 1928 2321 et
1954 2258 2185 2322 melius
2219 2282 2234 2324 :

704 2367 768 2426 et
781 2368 1020 2444 quanto
1036 2363 1354 2445 potentius
1372 2368 1432 2427 et
1452 2363 1699 2442 11ιο11115,
1716 2366 1891 2430 tanto
1904 2366 1971 2429 in
1990 2367 2240 2447 agendo

703 2478 769 2539 et
790 2473 1117 2537 influendo
1148 2471 1462 2536 efficacius
1496 2496 1511 2537 :
1545 2475 1597 2536 si
1631 2493 1788 2556 ergo
1829 2476 2064 2540 coelum
2102 2492 2240 2537 em-

700 2600 973 2666 pyreum
1018 2586 1110 2646 est
1152 2599 1527 2664 supremum
1546 2630 1564 2661 ,
1595 2600 1753 2663 ergo
1786 2583 2039 2647 videtur
2068 2587 2239 2664 quod

702 2690 783 2753 sit
804 2689 1082 2752 maxime
1112 2688 1386 2752 influens
1409 2688 1481 2751 in
1509 2690 1652 2752 11ωο
1677 2690 1996 2754 inferiora.

785 2796 941 2860 Item
962 2800 1199 2878 quanto
1218 2796 1439 2859 lumen
1464 2800 1559 2860 est
1576 2797 1807 2878 majus,
1828 2801 2003 2861 tanto
2031 2800 2240 2881 magis

701 2923 769 2969 se
806 2903 1104 2967 diffundit
1147 2906 1210 2967 et
1252 2903 1627 2986 multiplicat
1661 2926 1675 2967 z
1724 2904 1778 2968 si
1816 2923 1974 2985 ergo
2015 2924 2241 2989 empy-

703 3031 887 3077 reum
916 3013 1082 3075 inter
1105 3029 1369 3094 corpora
1397 3017 1489 3076 est
1508 3012 1903 3077 luminosum
1931 3015 2234 3094 maxime,

702 3139 861 3201 ergo
899 3120 1177 3183 maxime
1208 3120 1580 3184 diffusivum
1613 3143 1628 3184 :
1675 3122 1783 3185 sed
1822 3121 2044 3187 lumen
2080 3124 2239 3189 illud

703 3247 837 3291 non
872 3228 1161 3309 privatur
1197 3227 1473 3290 efficacia
1517 3229 1856 3309 vegetandi
1889 3235 1951 3293 et
1977 3249 2238 3295 conser-

703 3334 933 3414 vandi,
981 3334 1522 3417 quemadmodum
1578 3353 1695 3399 nec
1749 3336 1969 3400 lumen
2020 3338 2237 3402 firma-

703 3441 903 3506 menti
953 3464 967 3505 :
1012 3459 1168 3521 ergo
1213 3441 1466 3505 videtur
1510 3443 1682 3523 quod
1746 3462 2122 3526 empyreum
2171 3446 2238 3509 in

701 3549 843 3613 haec
872 3548 1169 3611 inferiora
1190 3549 1399 3628 magis
1426 3548 1506 3611 sit
1532 3550 1825 3614 influens„

782 3653 1012 3717 Contra
1067 3676 1082 3718 t
1141 3657 1199 3718 1.
1254 3654 1593 3719 Influentia
1641 3657 1910 3722 coelestis
1958 3662 2239 3743 corporis

701 3761 987 3825 maxime
1040 3762 1321 3826 consistit
1368 3764 1439 3826 in
1484 3764 1821 3829 diffusione
1863 3767 2128 3831 luminis
2178 3773 2240 3833 et

703 3869 974 3932 caloris:
1009 3870 1119 3934 sed
1144 3888 1518 3953 empyreum
1560 3891 1691 3936 non
1730 3873 2043 3953 calefacit,
2089 3876 2239 3958 quia

702 3995 833 4040 non
857 3977 1046 4040 estin
1080 3982 1283 4055 motu,
1314 3998 1432 4043 nec
1464 3980 1587 4043 ista
1610 3998 1874 4062 corpora
1912 3982 2234 4063 inferiora,

702 4084 864 4147 sicut
887 4087 1077 4165 patet,
1098 4085 1357 4148 irradiat
1380 4108 1395 4150 ;
1418 4104 1574 4166 ergo
1593 4086 1845 4150 videtur
1863 4089 2035 4170 quod
2060 4089 2239 4154 nulla

703 4192 783 4257 sit
812 4192 1144 4255 influentia
1174 4195 1458 4276 empyrei
1491 4196 1558 4259 in
1588 4194 1728 4259 11ωο
1756 4196 2075 4260 inferiora.

783 4303 844 4363 2.
893 4299 1054 4363 Item
1105 4318 1371 4382 corpora
1414 4319 1563 4384 quae
1613 4308 1763 4366 sunt
1808 4303 1973 4367 infra
2012 4305 2238 4368 firma-

704 4408 1019 4482 mentum,
1053 4405 1437 4470 sufficienter
1463 4407 1743 4471 influunt
1771 4409 1849 4472 ad
1887 4411 2237 4491 vegetatio-

702 4533 854 4578 nem
903 4518 967 4579 et
1031 4513 1508 4595 generationem
1563 4515 1631 4578 in
1678 4516 1780 4579 his
1832 4516 2240 4583 inferioribus

699 4620 1051 4685 faciendam
1076 4643 1090 4683 ε
1115 4639 1272 4702 ergo
1304 4621 1356 4683 si
1374 4625 1605 4684 natura
1628 4623 1787 4685 nihil
1814 4627 2047 4687 frustra
2068 4626 2235 4704 facit,

701 4726 954 4792 videtur
982 4727 1153 4808 quod
1199 4727 1459 4792 alterius
1502 4727 1645 4790 coeli
1688 4728 2022 4794 influentia
2062 4732 2240 4796 nulla

700 4833 802 4912 sit,
833 4852 982 4897 cum
1009 4834 1249 4897 nullius
1270 4834 1353 4897 sit
1379 4834 1889 4916 opportunitatis.

782 4943 841 5004 3.
879 4940 1037 5006 Item
1065 4942 1398 5005 influentia
1434 4941 1576 5006 coeli
1616 4939 1799 5004 debet
1828 4960 1962 5007 esse
1989 4945 2238 5008 confor-

702 5047 825 5110 mis
861 5048 919 5111 ei
962 5067 1002 5112 a
1041 5067 1169 5131 quo
1207 5053 1329 5127 est;
1361 5048 1542 5113 debet
1588 5047 1779 5112 etiam
1821 5050 2238 5116 nihilominus

702 5171 837 5217 esse
874 5155 1212 5219 conformis
1247 5156 1306 5221 ei
1336 5155 1405 5218 in
1432 5173 1561 5238 quo
1587 5156 1890 5236 recipitur
1921 5179 1936 5220 ε
1970 5159 2080 5221 sed
2106 5177 2238 5223 coe-

698 5259 838 5328 lum
866 5279 1243 5344 empyreum
1260 5267 1356 5328 est
1371 5262 1869 5344 incorruptibile,
1892 5265 2233 5346 unitsorme,

2352 435 2842 519 quietissimum,
2889 433 3079 497 statui
3105 436 3169 497 et
3203 431 3402 514 quieti
3427 430 3651 513 gloriae
3677 431 3876 512 depu-

2350 546 2557 607 tatum
2590 564 2605 606 :
2635 542 2775 606 haec
2802 544 3018 604 autem
3046 556 3191 621 quae
3231 537 3398 602 intra
3433 543 3582 602 sunt
3605 586 3624 615 ,
3651 537 3880 602 habent

2351 651 2612 715 omnino
2637 648 2952 731 oppositas
2978 645 3368 710 conditiones
3397 663 3416 709 ε
3448 663 3604 726 ergo
3633 646 3876 709 videtur

2351 758 2522 840 quod
2548 758 2728 821 nullo
2755 756 2941 821 modo
2969 771 3160 836 super
3185 771 3450 836 corpora
3473 753 3764 818 interiora
3782 755 3874 817 in·

2349 865 2549 929 fluere
2575 865 2828 928 habeat.

2429 976 2490 1035 4.
2522 971 2681 1036 Item
2708 971 2763 1033 si
2799 968 3015 1033 influit
3039 987 3230 1051 super
3255 987 3556 1053 corpora,
3585 972 3695 1033 aut
3724 987 3872 1050 ergo

2350 1058 2428 1142 ad
2459 1078 2834 1142 nobiliorem
2874 1076 3170 1140 effectum
3205 1094 3401 1158 quam
3438 1078 3521 1140 sit
3561 1076 3873 1141 influentia

2351 1189 2592 1250 octavas
2619 1186 2889 1268 sphaerae
2912 1232 2928 1260 ,
2960 1189 3071 1247 aut
3098 1184 3176 1248 ad
3216 1185 3430 1249 minus
3473 1183 3869 1263 nobiliorem,

2350 1298 2463 1357 aut
2488 1295 2569 1357 ad
2593 1293 2892 1357 eumdem
2918 1291 3213 1356 effectum
3244 1311 3261 1354 z
3305 1292 3386 1356 ad
3421 1292 3718 1356 eumdem
3749 1310 3872 1356 non

2351 1404 2624 1483 oportet;
2657 1399 2735 1464 ad
2762 1399 2976 1463 minus
3007 1398 3288 1463 nobilem
3321 1418 3451 1462 non
3484 1400 3694 1478 decet,
3735 1418 3873 1462 cum

2349 1507 2505 1572 illud
2535 1527 2766 1590 corpus
2795 1509 2877 1572 sit
2903 1508 3212 1585 nobilius;
3246 1509 3324 1571 ad
3363 1510 3574 1590 magis
3609 1509 3876 1573 nobilem

2349 1632 2482 1678 non
2503 1620 2741 1695 potest:
2766 1633 2925 1696 ergo
2954 1615 3132 1679 nullo
3160 1615 3352 1679 modo
3376 1615 3610 1680 influit.
3653 1616 3877 1681 Proba-

2349 1723 2460 1787 tio.
2497 1722 2678 1800 Quod
2710 1742 2841 1787 non
2878 1723 3074 1805 possit
3101 1723 3167 1785 in
3197 1724 3406 1804 magis
3431 1725 3680 1803 nobile,
3710 1727 3877 1790 vide-

2349 1833 2456 1895 tur
2502 1853 2515 1895 ε
2548 1849 2698 1894 nam
2719 1878 2735 1908 ,
2765 1831 2926 1894 sicut
2955 1830 3311 1912 philosophi
3345 1831 3572 1895 volunt
3610 1837 3675 1897 et
3711 1852 3877 1897 com-

2349 1939 2631 2002 muniter
2663 1941 2882 2002 tenent
2908 1937 3034 2000 viri
3073 1937 3523 2019 philosophici,
3553 1938 3876 2005 influentia

2348 2046 2492 2108 coeli
2540 2047 2635 2108 est
2683 2062 2954 2127 operans
2995 2044 3075 2109 ad
3120 2045 3604 2126 productionem
3651 2047 3876 2112 animae

2346 2153 2691 2216 sensibilis:
2713 2151 2820 2215 sed
2845 2170 3041 2233 supra
3066 2152 3348 2215 animam
3375 2152 3735 2216 sensibilem
3754 2171 3876 2217 non

2346 2263 2442 2323 est
2466 2260 2587 2322 nisi
2623 2259 2944 2323 rationalis
2972 2280 2985 2322 ε
3019 2260 3158 2323 haec
3185 2265 3402 2324 autem
3437 2259 3601 2323 nulli
3635 2261 3875 2341 corpori

2346 2372 2442 2430 est
2467 2366 2770 2449 subjecta,
2801 2367 2932 2430 imo
2954 2368 3049 2429 est
3073 2385 3112 2428 a
3138 2366 3451 2430 creatione
3487 2384 3650 2447 pura
3684 2389 3697 2430 :
3728 2385 3874 2447 ergo

2345 2472 2524 2536 nullo
2554 2472 2744 2535 modo
2780 2476 2982 2553 potest
3022 2473 3403 2535 eminentior
3437 2490 3572 2536 esse
3609 2472 3873 2538 influen-

2346 2578 2461 2654 tia,
2510 2597 2705 2661 quam
2756 2598 2950 2662 supra
2998 2580 3280 2644 animam
3330 2580 3693 2643 sensibilem
3759 2603 3773 2643 ε
3815 2586 3874 2645 01

2346 2705 2541 2770 supra
2558 2689 2723 2752 hanc
2748 2687 2961 2751 influit
2986 2689 3466 2753 firmamentum
3501 2691 3872 2755 sufficienter

2347 2814 2496 2859 cum
2526 2796 2627 2860 his
2652 2796 2764 2879 qui
2790 2803 2940 2860 sunt
2965 2797 3130 2860 infra
3160 2816 3177 2859 ε
3222 2815 3379 2879 erg-o
3420 2799 3678 2863 videtur
3709 2799 3868 2882 quod

2347 2902 2523 2966 nulla
2548 2903 2628 2965 sit
2650 2903 2981 2968 influentia
3000 2905 3286 2987 empyrei
3306 2905 3636 2969 existentis
3662 2924 3866 2987 supra.

2426 3008 2493 3074 Si
2521 3014 2594 3073 tu
2617 3010 2786 3074 dicas
2810 3012 2981 3092 quod
3007 3012 3217 3075 influit
3235 3031 3365 3076 non
3384 3014 3630 3077 ratione
3647 3015 3864 3078 animae

2345 3118 2414 3182 in
2444 3137 2540 3198 se,
2571 3118 2679 3182 sed
2712 3119 2960 3182 ratione
2998 3119 3421 3201 dispositionis
3456 3140 3496 3184 a
3528 3127 3706 3202 parte
3742 3139 3866 3184 cor-

2345 3225 2546 3308 poris3
2579 3225 2807 3290 Contra
2836 3227 3114 3290 :Anima
3142 3227 3463 3291 rationalis
3492 3229 3714 3292 unitur
3755 3246 3867 3292 me-

2345 3332 2557 3395 diante
2593 3332 2661 3395 vi
2701 3333 3001 3398 sensitiva
3032 3339 3094 3397 et
3131 3335 3526 3415 vegetativa3
3556 3339 3619 3398 et
3653 3351 3865 3416 corpus
3995 3317 4001 3323 ’

2346 3438 2701 3520 disponitur
2717 3440 2798 3508 ad
2824 3442 3285 3522 susceptionem
3304 3441 3539 3505 animae
3565 3442 3864 3505 mediante

2345 3546 2782 3628 complexione
2808 3548 3061 3628 aequali,
3084 3551 3150 3611 et
3175 3548 3403 3630 spiritu
3429 3548 3683 3630 triplici,
3712 3548 3862 3612 scili-

2345 3658 2444 3717 cet
2482 3653 2699 3731 vitali,
2729 3654 3039 3731 naturali,
3069 3658 3134 3719 et
3170 3655 3434 3719 animali
3469 3678 3484 3719 ε
3524 3660 3588 3719 et
3630 3655 3705 3719 ad
3741 3655 3862 3719 haec

2346 3761 2563 3825 omnia
2587 3761 2796 3825 influit
2820 3761 2941 3826 hoc
2968 3761 3200 3825 coelum
3227 3762 3547 3827 sidereum
3567 3763 3860 3828 sufficien-

2347 3871 2444 3932 ter
2471 3889 2487 3931 t
2520 3885 2678 3949 ergo
2703 3867 2866 3934 redit
2886 3867 3056 3932 idem
3080 3868 3254 3950 quod
3280 3869 3482 3951 prius,

2885 4117 3338 4186 CONCLUSIO.
3382 4221 3396 4234 ⁹

2352 4268 2549 4326 Caelum
2562 4285 2858 4340 empyreum
2874 4271 2938 4324 in
2946 4270 3254 4342 corporibus
3268 4270 3622 4338 inferioribus
3639 4272 3864 4342 aliquam

2392 4358 2551 4415 habet
2576 4361 2938 4429 influentiam,
2970 4375 3088 4414 cum
3113 4361 3415 4414 maximum
3435 4362 3511 4415 sit
3538 4362 3599 4415 in
3617 4363 3824 4416 virtute.

2430 4509 2612 4592 Resp.
2643 4508 2724 4572 ad
2753 4509 2913 4590 Arg.
2960 4509 3310 4573 Dicendum
3349 4509 3522 4592 quod
3561 4511 3724 4574 circa
3762 4510 3865 4573 hoc
3896 4526 4028 4581 opim-

2349 4618 2585 4700 duplex
2602 4615 2720 4680 fuit
2742 4617 2979 4699 opinio.
3000 4616 3268 4693 Quidam
3287 4635 3567 4699 namque
3587 4617 3866 4681 dixerunt

2349 4727 2520 4808 quod
2547 4725 2782 4790 coelum
2808 4743 3185 4807 empyreum
3212 4725 3426 4789 influit
3453 4726 3523 4788 in
3551 4726 3689 4788 11ωο
3725 4724 3868 4788 infe-

2348 4836 2518 4899 riora
2535 4883 2553 4914 ,
2597 4840 2661 4898 et
2684 4834 3022 4898 influentia
3056 4834 3491 4911 nobilissima3
3524 4851 3676 4897 cum
3717 4832 3865 4896 enim

2349 4942 2434 5005 sit
2467 4960 2722 5022 corpus,
2764 4959 3016 5006 necesse
3040 4946 3134 5005 est
3166 4942 3568 5005 influentiam
3596 4959 3800 5017 suam,
3825 4939 3868 5002 si

2350 5069 2478 5132 qna
2504 5052 2634 5128 est,
2675 5068 2809 5113 esse
2848 5049 3262 5131 corporalem.
3312 5047 3556 5112 Rursus
3579 5096 3596 5126 ,
3628 5065 3772 5110 cum
3803 5046 3868 5108 sit

2350 5158 2952 5224 excellentissimum
2980 5159 3148 5220 inter
3173 5174 3438 5240 corpora
3465 5156 3760 5232 coelestia,
3789 5156 3865 5217 in-

2347 5268 2495 5334 fluit
2518 5284 2710 5349 super
2731 5284 2997 5349 corpora
3022 5265 3452 5344 nobilissima;
3478 5270 3541 5328 et
3567 5264 3713 5328 talia
3736 5266 3862 5328 sunt
