4125 6225
74 2498 224 2558 Impro-

45 2563 163 2610 hatur.

1041 411 1236 484 DIST.
1281 417 1331 482 1.
1374 405 1605 482 PART.
1652 415 1730 482 II.
1779 413 2103 482 ART.111.
2150 413 2448 495 QUAEST.
2495 417 2576 483 Il.

254 553 443 621 habet
484 573 679 637 quem
709 551 903 620 habet
937 553 1243 636 angelus:
1287 556 1367 620 et¹
1388 553 1605 616 anima
1629 552 1792 628 Adae

252 663 473 728 habuit
509 663 747 745 species
770 662 1041 740 innataS,
1070 661 1358 725 ut·habet
1384 659 1688 740 angelus:
1721 663 1786 723 et

253 771 372 834 hoc
394 774 604 834 totum
648 769 803 851 quid
837 769 1213 833 accidentale
1252 769 1506 832 videtur
1536 767 1779 831 dicere:

254 897 407 960 ergo
453 895 649 961 penes
698 877 822 940 hoc
866 876 1209 941 essentialis
1254 876 1605 939 differentia
1654 894 1784 939 non

156 1003 180 1033 ο
214 984 435 1049 -debet
472 987 666 1048 sumi.
710 983 836 1047 Alii
882 1003 1038 1049 vero
1083 985 1377 1062 fuerunt,
1420 983 1531 1064 qui
1575 981 1785 1046 conati

253 1097 398 1156 sunt
439 1091 866 1157 diflerentiam
898 1091 1188 1155 invenire
1226 1090 1576 1154 secundum
1603 1107 1785 1153 com-

252 1200 644 1282 parationem
681 1217 900 1264 rerum
936 1199 1014 1263 ad
1044 1199 1358 1264 invicem:
1389 1200 1452 1261 et
1476 1196 1629 1278 quia
1654 1214 1785 1260 non

251 1310 601 1388 potuerunt
634 1306 922 1370 invenire
953 1310 1133 1370 actus
1165 1305 1524 1370 differentes
1547 1306 1785 1369 forma-

251 1413 412 1493 liter,
433 1433 548 1497 per
567 1433 728 1497 quos
745 1414 1036 1478 venirent
1051 1415 1120 1476 in
1134 1412 1562 1495 cognitionem
1581 1413 1786 1476 diver-

253 1540 469 1585 sarum
501 1521 1025 1600 differentiarum,
1056 1520 1164 1584 sed
1193 1521 1578 1583 invenerunt
1605 1526 1786 1584 actus

253 1627 610 1694 differentes
628 1628 836 1710 gradu
857 1631 920 1691 et
937 1625 1267 1707 dignitate,
1289 1626 1586 1690 dixerunt
1613 1624 1785 1707 quod

253 1736 464 1800 anima
511 1740 576 1801 et
619 1735 890 1817 angelus
937 1734 1240 1798 differunt
1278 1733 1481 1814 specie
1529 1737 1786 1814 propter

253 1845 562 1925 majorem
598 1861 928 1907 excessum
965 1842 1035 1904 in
1069 1840 1467 1923 simplicitate
1501 1843 1566 1904 et
1594 1839 1786 1902 boni-

253 1953 376 2013 tate
398 1953 652 2015 naturae
676 1972 691 2014 :
722 1955 785 2014 et
808 1950 925 2013 iste
947 1966 1240 2012 excessus
1258 1948 1326 2010 in
1349 1945 1786 2011 essentialibus

255 2058 454 2122 variat
495 2058 769 2142 speciem
787 2104 805 2134 ,
858 2056 1116 2140 quando
1166 2074 1459 2121 excessus
1504 2054 1609 2117 ille
1655 2054 1787 2117 exit

252 2164 515 2229 limitem
566 2166 795 2248 speciei
834 2166 1150 2243 debitum,
1197 2164 1361 2228 sicut
1399 2161 1673 2225 calidum
1717 2162 1786 2225 in

252 2278 474 2353 quarto
500 2273 712 2355 gradu
734 2278 828 2338 est
853 2273 1111 2337 alterius
1142 2272 1391 2355 speciei,
1422 2287 1618 2353 quam
1640 2269 1787 2333 cali-

252 2379 404 2443 dum
428 2381 499 2443 in
526 2381 768 2463 primo:
804 2381 894 2444 sic
918 2381 1137 2445 dicunt
1171 2398 1305 2443 esse
1341 2378 1407 2441 in
1439 2377 1780 2460 proposito·

252 2485 370 2551 Sed
404 2489 526 2553 hoc
571 2490 756 2553 valde
799 2489 1069 2553 dubium
1111 2491 1245 2566 est,
1292 2486 1465 2568 quod
1512 2485 1784 2566 angelus

249 2597 493 2659 tantum
524 2597 786 2660 excedat
822 2597 1133 2672 animam,
1174 2593 1343 2677 quod
1381 2611 1465 2686 ex,
1488 2593 1625 2675 ipso
1662 2611 1786 2656 ex-

251 2719 424 2766 cessu
450 2703 812 2768 differentia
834 2704 1187 2785 specierum
1209 2703 1343 2777 fiat,
1371 2719 1518 2765 cum
1547 2700 1785 2783 optima

250 2810 490 2888 anima,
523 2810 759 2874 scilicet
786 2810 1043 2890 Christi,
1071 2807 1464 2873 nobilissima
1492 2808 1576 2871 sit
1609 2825 1786 2870 crea-

250 2921 390 2981 tura
408 2967 426 2996 ,
450 2938 570 2984 nec
596 2923 778 2982 exeat
807 2918 1080 3001 speciem
1103 2916 1479 2980 humanam.
1508 2913 1585 2978 Et
1612 2932 1784 2997 prae-

249 3027 444 3106 terea,
486 3030 622 3092 esto
670 3025 841 3109 quod
880 3028 1040 3089 esset
1088 3023 1177 3087 ibi
1223 3041 1551 3099 exceSSUS,
1593 3039 1787 3103 penes

249 3131 457 3215 ipsum
488 3153 627 3199 non
667 3135 851 3199 debet
884 3133 1056 3198 sumi
1088 3132 1442 3196 differentia
1471 3130 1780 3213 specifica,

249 3240 394 3321 quia
438 3242 652 3322 potius
705 3241 959 3306 videtur
1009 3240 1308 3322 consequi
1364 3238 1783 3303 differentiam

249 3350 631 3430 specificam,
659 3368 857 3431 quam
906 3368 941 3413 e
994 3366 1320 3413 converso.
1368 3346 1585 3411 Potius
1610 3347 1783 3410 enim

249 3471 346 3519 res
380 3456 783 3521 diversarum
822 3455 1179 3521 bonitatum
1227 3455 1502 3537 gradum
1547 3454 1784 3518 habent

250 3563 313 3627 ln
336 3566 662 3630 nobilitate
680 3569 937 3649 propter
955 3569 1214 3628 naturas
1243 3564 1525 3628 diversas
1543 3562 1782 3645 specie-

248 3686 391 3734 rum
423 3690 575 3754 quae
608 3675 760 3736 sunt
792 3675 960 3735 natae
999 3688 1220 3753 capere
1257 3669 1401 3752 plus
1435 3673 1499 3733 et
1533 3669 1776 3747 minuS,

249 3796 439 3860 quam
455 3798 493 3844 e
514 3798 846 3844 converso,
869 3777 945 3842 Et
969 3779 1227 3856 iterum,
1258 3778 1400 3841 haec
1425 3776 1780 3842 differentia

248 3887 425 3951 valde
448 3888 766 3975 generalis
794 3889 856 3951 et
878 3886 1327 3950 transcendens
1346 3903 1477 3948 esse
1501 3884 1775 3963 videtur,

249 3992 393 4074 quia
432 3994 486 4057 si
535 3995 624 4058 ita
669 3997 873 4077 potest
916 3992 1110 4075 accipi
1165 3991 1303 4070 hic,
1355 3990 1493 4074 pari
1538 3989 1779 4054 ratione

107 4118 171 4161 uio
209 4098 503 4182 ,ubique
552 4099 629 4164 Et
668 4100 808 4164 ideo
853 4100 1078 4162 tertius
1124 4101 1220 4162 est
1261 4097 1362 4161 hic
1411 4097 1638 4159 modus
1682 4096 1777 4158 di-

246 4206 459 4285 cendi,
521 4224 716 4288 quem
774 4204 1261 4288 probabiliorem
1312 4203 1558 4266 aestimo
1581 4248 1598 4283 ,
1665 4203 1777 4285 qui

246 4312 516 4375 sumitur
563 4330 676 4395 per
720 4312 1260 4393 comparationem
1301 4311 1531 4373 animae
1577 4310 1777 4373 ratio-

244 4416 399 4481 nalis
439 4419 520 4484 ad
563 4437 790 4501 corpus
828 4417 1189 4481 humanum
1212 4465 1231 4497 ‚
1279 4435 1360 4479 ex
1419 4436 1549 4498 qua
1596 4420 1775 4499 parte

244 4521 574 4588 innotescit
595 4526 775 4589 nobis
802 4525 1016 4589 anima
1040 4544 1170 4589 non
1189 4525 1397 4587 solum
1422 4523 1775 4586 secundum

244 4632 605 4711 accidentia,
635 4633 739 4696 sed
764 4633 957 4696 eliam
984 4632 1336 4696 secundum
1359 4630 1775 4694 substantiam

244 4739 303 4799 et
318 4742 610 4802 naturam
632 4761 649 4817 ;
671 4743 735 4802 et
747 4758 880 4803 non
906 4740 1112 4802 solum
1135 4738 1488 4802 secundum
1515 4738 1579 4801 id
1603 4736 1776 4818 quod

242 4841 634 4925 indignitatis
650 4850 765 4924 est,
790 4845 899 4909 sed
922 4845 1113 4908 etiam
1135 4844 1485 4908 secundum
1512 4843 1578 4908 id
1603 4842 1775 4924 quod

243 4951 602 5016 nobilitatis,
622 4952 752 5018 Hoc
765 4953 963 5032 enim,
984 4952 1156 5036 quod
1178 4955 1275 5015 est
1290 4950 1577 5015 animam
1596 4950 1775 5014 uniri

243 5059 485 5139 corpori
518 5059 823 5141 humano,
849 5061 986 5125 sive
1028 5059 1353 5124 vivificare
1395 5076 1623 5140 corpus
1643 5057 1773 5120 hu-

243 5182 532 5242 manum,
560 5185 691 5231 non
725 5167 876 5231 dicit
913 5171 1127 5232 actum
1158 5167 1624 5244 accidentalem,
1654 5185 1772 5230 nec

242 5270 393 5336 dicit
430 5277 644 5337 actum
687 5274 1071 5355 ignobilem:
1122 5292 1254 5337 non
1299 5272 1767 5351 accidentalem,

248 5379 402 5461 quia
424 5380 668 5445 ratione
691 5381 859 5446 illius
886 5387 981 5446 est
1000 5381 1217 5445 anima
1239 5381 1448 5444 forma
1473 5381 1770 5444 substan-

3309 425 3422 490 271

1898 552 2091 630 tialis;
2122 570 2250 616 non
2278 552 2651 634 ignobilem,
2688 554 2842 635 quia
2866 555 3110 621 ratione
3138 558 3309 623 illius
3336 571 3432 629 est

1897 660 2113 723 anima
2159 660 2549 724 nobilissima
2600 660 2808 724 forma
2857 664 3149 727 omnium
3173 714 3190 742 ‚
3246 671 3307 730 et
3360 668 3431 731 in

1897 768 2116 831 anima
2124 770 2245 830 stat
2259 767 2574 849 appetitus
2592 768 2785 831 totius
2802 774 3049 834 naturae
3070 771 3148 852 (a)
3161 822 3175 834 .
3190 771 3431 856 Corpus

1898 873 2072 937 enim
2097 874 2459 938 humanum
2490 876 2879 942 nobilissima
2907 881 3342 963 complexione
3370 887 3433 947 et

1896 982 2389 1061 organizatione‚
2418 1001 2566 1064 quae
2594 984 2672 1047 sit
2694 985 2760 1048 in
2788 989 3041 1066 natura,
3067 993 3162 1051 est
3177 990 3432 1071 organi-

1897 1090 2109 1151 zatum
2148 1093 2211 1151 et
2249 1089 2866 1171 complexionatum:
2908 1093 3050 1157 ideo
3085 1114 3217 1158 non
3252 1115 3432 1160 com-

1894 1195 2126 1277 pletur,
2160 1214 2280 1260 nec
2317 1201 2541 1261 natum
2583 1203 2677 1263 est
2712 1201 3036 1283 compleri,
3075 1204 3199 1266 nisi
3243 1206 3430 1269 nobi-

1893 1299 2132 1365 lissima
2165 1302 2392 1382 forma,
2435 1304 2569 1369 sive
2602 1310 2878 1372 natura:
2917 1309 3075 1373 illud
3105 1329 3262 1391 ergo
3301 1331 3432 1394 quo

1896 1409 2113 1472 anima
2157 1413 2251 1473 est
2293 1410 2551 1475 unibilis
2587 1416 2834 1497 corpori
2857 1464 2874 1494 ,
2922 1416 3044 1480 tale
3084 1418 3232 1482 dicit
3277 1421 3433 1501 quid

1896 1516 2223 1581 essentiale
2255 1518 2601 1600 respiciens
2631 1522 2801 1602 quod
2837 1526 2932 1585 est
2964 1524 3432 1590 nobilissimum

1896 1622 1965 1686 in
2007 1624 2259 1689 anima:
2300 1629 2364 1688 et
2399 1626 2486 1689 ita
2527 1645 2718 1708 penes
2760 1628 2915 1692 illud
2945 1635 3111 1694 recte
3156 1634 3433 1698 sumitur

1895 1733 2187 1814 specifica
2215 1733 2570 1798 differentia
2602 1736 2956 1800 secundum
2994 1757 3190 1820 quam
3226 1741 3434 1806 differt

1895 1840 2112 1903 anima
2137 1860 2178 1903 a
2213 1845 2445 1905 natura
2471 1841 2790 1922 angelica:
2836 1845 3005 1908 unde
3047 1848 3321 1914 rationes
3351 1849 3432 1912 ad

1896 1945 2017 2010 hoc
2042 1946 2321 2011 inductae
2348 1948 2761 2013 concedendae
2790 1954 2961 2014 sunt.

1976 2058 2036 2116 1.
2082 2055 2181 2118 Ad
2203 2055 2310 2117 illa
2327 2073 2474 2137 quae
2499 2055 2888 2138 objiciuntur
2914 2059 2983 2122 in
3009 2062 3428 2143 eontrarium,

1895 2176 1978 2223 ex
2008 2159 2189 2224 dictis
2212 2165 2401 2243 patet.
2432 2162 2610 2238 Quod
2633 2164 2807 2227 enim
2834 2166 2983 2230 dicit
3006 2168 3237 2250 prim0,
3260 2169 3432 2252 quod

1895 2266 2248 2332 differentia
2273 2270 2457 2333 debet
2495 2289 2628 2334 esse
2655 2273 2856 2354 prior,
2888 2275 3224 2340 dicendum
3260 2278 3430 2359 quod

1894 2391 2126 2438 verum
2156 2380 2276 2454 est;
2309 2377 2415 2439 sed
2444 2377 2801 2443 differentia
2828 2380 2933 2444 illa
2951 2429 2968 2458 ,
3002 2401 3149 2464 quae
3175 2388 3270 2448 est
3297 2403 3431 2448 esse

1894 2481 2160 2560 unibile,
2205 2501 2336 2547 non
2389 2484 2542 2548 dicit
2584 2504 2815 2567 puram
2862 2489 3273 2572 relationem3
3322 2494 3430 2556 sed

1894 2590 2252 2653 naturalem
2296 2592 2748 2673 aptitudinem,
2798 2613 2945 2677 quae
2991 2597 3154 2675 inest
3196 2601 3429 2663 animae

1894 2697 2246 2760 secundum
2282 2699 2594 2781 principia
2627 2700 2986 2783 intrinseca,
3030 2724 3177 2787 quae
3213 2708 3430 2789 priora

1893 2807 2043 2866 sunt
2072 2804 2288 2868 anima
2313 2823 2427 2886 per
2447 2809 2766 2887 naturam,
2789 2807 2955 2873 sicut
2970 2812 3279 2877 rationale
3302 2831 3430 2877 res-

1891 2914 2082 2992 pectu
2113 2911 2417 2975 hominis.

1972 3022 2010 3082 2
2047 3021 2111 3083 et
2157 3023 2215 3083 3.
2269 3019 2447 3096 Quod
2489 3021 2812 3103 objicitur,
2855 3023 3024 3106 quod
3070 3024 3428 3090 differentia

1892 3127 2275 3210 completiva
2324 3129 2509 3194 debet
2555 3149 2690 3195 esse
2743 3133 3001 3214 propria
3018 3182 3035 3212 ,
3087 3135 3427 3200 dicendum

1891 3234 2066 3315 quod
2095 3235 2265 3298 uniri
2292 3237 2540 3319 corpori
2562 3257 2694 3302 non
2719 3242 2813 3303 est
2835 3240 3166 3322 proprium
3192 3243 3425 3308 animae

1890 3342 2215 3409 rationalis
2227 3366 2244 3423 ;
2266 3346 2639 3410 sedtantum
2659 3346 2833 3411 uniri
2854 3351 3101 3432 corpori
3113 3352 3424 3431 humano,

1891 3450 2056 3514 sicut
2083 3451 2233 3516 dicit
2252 3453 2408 3516 illud
2435 3455 2606 3536 quod
2625 3459 2720 3518 est
2740 3455 2974 3520 animae
2995 3458 3343 3538 essentiale,
3365 3464 3430 3524 et

1892 3557 2128 3637 nobile,
2158 3558 2250 3622 sic
2266 3560 2458 3623 etiam
2467 3561 2768 3643 importat
2779 3562 2951 3645 quod
2963 3564 3424 3646 estproprium.

1889 3662 1968 3728 Et
2020 3658 2133 3748 per
2185 3668 2308 3732 hoc
2334 3673 2506 3751 patet
2543 3671 2867 3752 responsio
2904 3672 2983 3735 ad
3025 3672 3222 3737 aliud.
3264 3673 3426 3739 Nam

1889 3770 2044 3836 illud
2081 3773 2252 3855 quod
2289 3774 2362 3858 (b)
2406 3775 2724 3840 mediante
2759 3777 2977 3841 anima
3010 3779 3254 3859 perficit
3288 3798 3427 3844 cor-

1888 3895 2010 3959 pus
2027 3878 2411 3960 humanum,
2432 3886 2524 3945 est
2541 3882 2700 3946 illud
2718 3901 2848 3965 quo
2868 3884 3085 3949 anima
3102 3890 3196 3949 est
3213 3887 3428 3951 anima

1888 3986 2232 4065 rationaliS,
2262 3990 2325 4052 et
2349 3987 2518 4069 quod
2537 3990 2730 4052 etiam
2757 3994 2851 4053 est
2867 3988 3254 4074 principium
3278 3995 3427 4058 alia-

1888 4109 2038 4156 rum
2090 4094 2403 4158 nobilium
2456 4098 2939 4177 operationum:
2988 4117 3138 4162 nam
3181 4102 3426 4183 perficit

1886 4198 2045 4264 illud
2093 4219 2227 4265 non
2279 4201 2594 4266 mediante
2648 4204 2927 4284 potentia
2948 4253 2965 4285 ,
3024 4207 3131 4270 sed
3183 4209 3426 4290 perficit

1887 4307 2136 4390 seipsa:
2165 4307 2375 4391 ‚seipsa
2417 4308 2590 4372 enim
2635 4311 2848 4375 anima
2893 4314 3134 4395 perficit
3168 4333 3419 4398 corpu5‚

1887 4414 2052 4478 sicut
2081 4416 2289 4479 forma
2311 4415 2513 4497 seipsa
2536 4417 2760 4481 unitur
2788 4422 3093 4484 materiae.

1966 4526 2029 4585 4.
2075 4520 2255 4598 Quod
2283 4522 2582 4604 objicitur
2600 4523 2855 4602 ultimo,
2879 4528 3050 4608 quod
3070 4528 3420 4595 differentia

1885 4629 2296 4693 essentialiter
2334 4630 2654 4708 adhaeret;
2698 4632 3036 4697 dicendum
3081 4637 3252 4718 quod
3287 4656 3420 4702 esse

1884 4737 2128 4800 unibile
2168 4737 2451 4801 adhaeret
2490 4738 3019 4822 inseparabiliter,
3060 4744 3212 4825 quia
3255 4746 3421 4827 apti-

1883 4843 2038 4906 tudo
2056 4861 2308 4925 semper
2326 4844 2513 4923 inest,
2538 4847 2835 4927 quamvis
2852 4862 2982 4912 non
2997 4867 3247 4933 semper
3267 4852 3420 4916 insit

1883 4952 2086 5028 actus,
2117 4951 2280 5015 sicut
2303 4956 2473 5034 patet
2498 4952 2567 5016 in
2591 4954 3080 5021 rationabilitate
3106 4963 3169 5023 et
3193 4961 3419 5040 gressi·

1882 5057 2126 5122 bilitate
2156 5078 2172 5121 :
2224 5063 2289 5124 et
2331 5060 2494 5124 sicut
2544 5062 2890 5141 greoeibilis
2935 5066 3301 5146 truncatur,
3355 5073 3420 5132 et

1881 5165 2208 5229 rationalis
2233 5166 2449 5230 anima
2476 5168 2667 5231 stulta
2699 5168 2969 5233 efficitur
3001 5190 3135 5236 non
3160 5177 3412 5255 natura,

1884 5273 1992 5336 sed
2004 5277 2259 5355 propter
2268 5272 2580 5338 defectum
2592 5278 2841 5341 naturae
2853 5298 2871 5355 ;
2885 5274 2992 5359 ita,
3006 5278 3179 5362 quod
3189 5281 3414 5348 anima

1946 5397 2014 5463 (a)
2041 5397 2164 5449 Cat.
2182 5398 2305 5451 edit.
2332 5401 2614 5451 natmm-
2639 5398 2708 5464 (b)
2734 5413 2857 5463 quo.
