4125 6225
645 461 765 522 648

646 594 802 659 hinc
826 599 920 660 est
944 597 1117 679 quod
1146 598 1216 661 in
1243 597 1524 682 imagine
1558 601 2001 684 recreationis,
2032 622 2185 687 quae

647 702 908 786 quidem
947 703 1137 769 estin
1166 706 1464 787 gratuitis
1486 756 1506 788 ,
1534 708 1680 774 duae
1724 713 1876 775 sunt
1912 709 2185 778 virtutes

648 830 794 897 quae
846 813 1192 897 respiciunt
1228 814 1586 881 affectivam
1601 866 1621 898 ,
1663 817 1899 883 scilicet
1935 838 2081 903 spes
2118 825 2187 886 et

650 920 943 1006 charitas,
974 940 1169 1005 penes
1206 924 1366 987 duas
1398 923 1603 1005 vires»,
1636 925 1873 990 scilicet
1907 927 2187 992 irascibi-

648 1025 777 1092 lem
805 1032 868 1093 et
894 1028 1486 1112 concupiscibilem;
1517 1051 1648 1097 una
1672 1051 1852 1114 vero,
1882 1052 2030 1118 quae
2056 1053 2186 1100 res-

650 1135 801 1220 picit
826 1136 1240 1220 cognitivum,
1267 1138 1501 1203 scilicet
1524 1139 1682 1205 fides
1697 1188 1716 1220 ‚
1758 1158 1906 1223 quae
1932 1141 2188 1224 respicit

650 1243 1024 1308 rationalem
1075 1268 1090 1310 z
1140 1246 1436 1330 quamvis
1473 1250 1539 1312 et
1595 1265 1738 1330 spes
1760 1295 1779 1325 ,
1837 1249 2189 1313 reformans

651 1350 1053 1433 irascibilem,
1075 1371 1189 1437 per
1212 1370 1607 1438 consequens
1627 1355 1929 1421 reformet
1951 1355 2031 1439 (α)
2056 1374 2191 1422 me-

653 1460 926 1524 moriam
944 1509 964 1539 ,
997 1479 1148 1526 cum
1178 1462 1562 1528 conveniant
1602 1462 1675 1527 in
1720 1467 1867 1528 actu
1882 1512 1901 1545 ,
1943 1464 2057 1547 qui
2096 1468 2193 1530 est

654 1568 891 1631 tenere.
948 1566 1313 1633 Secundum
1361 1568 1483 1633 hoc
1536 1569 1737 1652 igitur
1784 1570 2053 1653 planum
2097 1575 2193 1636 est

655 1674 1032 1758 respondere
1058 1676 1138 1740 ad
1164 1677 1583 1760 quaestionem
1613 1682 1678 1743 et
1706 1679 1951 1763 objecta
1983 1699 2003 1747 ε
2030 1699 2192 1747 con-

656 1780 1008 1847 cedendum
1050 1786 1144 1847 est
1186 1783 1359 1848 enim
1400 1784 1480 1850 de
1509 1784 1730 1868 plano,
1768 1787 1939 1869 quod
1973 1787 2197 1872 imago

657 1891 1092 1975 principaliter
1159 1892 1414 1975 respicit
1472 1892 1900 1975 cognitivam3
1966 1914 2196 1963 conce-

659 2000 883 2065 dendae
921 2004 1073 2065 sunt
1107 2001 1300 2066 etiam
1342 2000 1619 2066 rationes
1634 2050 1654 2082 ,
1693 2020 1842 2086 quae
1887 2003 2010 2069 hoc
2037 2024 2197 2089 pro-

659 2105 833 2169 hant.
901 2133 909 2141 ·

743 2217 802 2276 1.
824 2212 922 2277 Ad
952 2212 1108 2277 illud
1130 2231 1285 2278 vero
1311 2214 1484 2297 quod
1497 2215 1795 2299 objicitur
1810 2217 1889 2283 de
1914 2218 2200 2302 imagine

662 2318 1130 2383 reformationis
1147 2368 1167 2401 ,
1217 2319 1555 2386 dicendum
1598 2324 1771 2406 quod
1820 2343 1954 2390 non
1991 2328 2164 2393 vaiet
2178 2376 2195 2406 ,

665 2430 818 2514 quia
842 2430 1061 2513 imago
1094 2432 1558 2527 reformationis
1593 2435 1805 2518 potius
1841 2441 1936 2501 est
1967 2438 2199 2503 simili-

664 2538 821 2603 tudo
847 2539 1164 2622 quaedam,
1184 2558 1381 2623 quam
1400 2541 1485 2605 sit
1507 2543 1744 2625 imago.
1777 2542 1847 2609 Si
1869 2544 2044 2609 enim
2061 2563 2205 2629 pro-

667 2645 808 2728 prie
837 2649 1001 2710 esset
1043 2646 1284 2729 imago,
1328 2650 1492 2713 esset
1528 2667 1727 2733 capax
1765 2650 1896 2728 Dei,
1937 2656 2002 2717 et
2042 2658 2207 2719 aeset

666 2753 1044 2818 immortalis
1091 2773 1108 2818 z
1152 2772 1330 2820 nunc
1371 2760 1587 2821 autem
1627 2776 1761 2822 non
1800 2763 1896 2823 est
1934 2761 2027 2825 sic
2076 2783 2091 2826 ε
2143 2764 2207 2826 et

668 2860 834 2937 ideo,
865 2861 1015 2955 quia
1039 2862 1257 2944 imago
1295 2864 1702 2929 recreationis
1725 2867 1937 2950 potius
1974 2872 2071 2933 est
2113 2869 2203 2933 si-

553 3041 562 3049 ,
670 2968 963 3033 militudo
1002 2987 1201 3052 quam
1245 2969 1489 3052 imago,
1519 2972 1728 3054 magis
1776 2973 2206 3059 principaliter

670 3074 924 3160 respicit
949 3076 1296 3160 potentiam
1330 3077 1710 3162 affectivam,
1746 3099 1941 3164 quam
1975 3083 2207 3165 cogni-

673 3184 876 3261 tivam
889 3232 907 3264 ,
950 3185 1246 3267 quamvis
1284 3186 1584 3252 reformet
1621 3192 1754 3253 tam
1789 3190 2205 3272 cognitivum,

675 3310 873 3376 quam
902 3291 1283 3357 affectivam.

758 3403 818 3462 2.
857 3399 956 3465 Ad
981 3400 1140 3466 illud
1179 3401 1352 3484 quod
1384 3400 1702 3484 objicitur,
1732 3402 1900 3485 quod
1942 3404 2213 3487 comple-

680 3511 972 3572 mentum
1005 3508 1216 3590 magis
1247 3507 1435 3572 estin
1475 3507 1835 3587 voluntate;
1874 3509 2213 3575 dicendum

682 3614 875 3704 quod,
912 3615 1033 3679 etsi
1076 3613 1370 3679 voluntas
1410 3614 1639 3679 ultima
1679 3615 1760 3679 sit
1798 3615 1868 3680 in
1905 3615 2213 3698 imagine,

684 3740 815 3786 non
856 3725 1073 3786 tamen
1119 3740 1187 3786 se
1229 3721 1422 3786 habet
1471 3740 1586 3805 per
1622 3722 1889 3787 modum
1937 3724 2220 3806 comple-

686 3830 886 3894 menti
927 3829 999 3893 in
1028 3830 1268 3895 ratione
1291 3830 1595 3912 imaginis
1625 3848 1641 3891 ε
1670 3829 1890 3912 imago
1924 3831 2102 3896 enim
2132 3831 2222 3896 di-

690 3935 775 4000 cit
814 3936 1102 4001 ordinem
1140 3942 1205 4003 et
1245 3937 1563 4020 originem
1607 3938 1678 4002 in
1713 3938 2027 4020 potentiis»,
2056 3938 2222 4002 sicut

692 4047 785 4109 est
825 4043 894 4107 in
945 4044 1258 4127 personis;
1318 4047 1384 4110 et
1436 4044 1974 4128 quemadmodum
2036 4046 2224 4111 tertia

759 4167 825 4234 (a)
846 4168 969 4221 cat.
984 4168 1106 4220 «αα.
1131 4169 1545 4237 πείσεαι-(ὸ)
1569 4170 1691 4224 cat.
1708 4170 1831 4222 edit.
1853 4170 2222 4238 cognitionem.

1773 466 2401 536 SENTENTIARUM
2445 468 2599 535 LIB.
2638 467 2721 536 11.

2290 622 2560 689 persona
2571 621 2704 669 non
2722 603 2987 687 ponitur
3000 603 3274 669 aliarum
3289 603 3689 687 completiva,
3709 618 3837 666 aec

2289 713 2444 779 alias
2485 712 2824 798 complere,
2857 714 2967 778 sed
3007 713 3222 797 potius
3260 713 3344 778 ab
3381 713 3474 778 eis
3513 713 3833 794 reeipem

2290 820 2381 885 sic
2404 822 2729 897 voluntas,
2756 825 2949 904 prout
2975 825 3071 887 est
3094 838 3245 904 pars
3266 821 3591 903 imaginis,
3618 819 3840 904 potius

2292 929 2724 995 consideratur
2749 927 2821 993 in
2842 928 3085 996 ratione
3110 928 3517 1011 egredientis,
3545 944 3752 1011 quam
3770 925 3840 990 in

2292 1036 2536 1103 ratione
2568 1040 2943 1125 complentis
2968 1057 2987 1103 t
3019 1040 3084 1102 et
3106 1036 3261 1119 quia
3286 1034 3496 1119 prima
3521 1034 3691 1099 ratio
3720 1033 3847 1098 ori-

2291 1144 2465 1226 ginis
2487 1150 2582 1210 est
2619 1166 2735 1230 per
2775 1147 3045 1213 modum
3076 1146 3348 1220 naturae,
3378 1161 3525 1225 quae
3571 1141 3841 1225 quidem

2297 1250 2578 1317 consistit
2604 1253 2674 1317 in
2714 1258 2863 1318 ortu
2897 1249 3340 1331 intelligentiae
3378 1267 3461 1313 ex
3497 1248 3839 1327 memoria,

2295 1357 2447 1422 hinc
2497 1363 2590 1424 est
2640 1361 2812 1442 quod
2854 1359 3072 1440 imago
3124 1356 3534 1440 principalius
3584 1355 3847 1440 respicit

2299 1466 2713 1548 cognitivam,
2740 1486 2937 1552 quam
2961 1464 3344 1531 affectivam.

2379 1578 2435 1638 3.
2482 1574 2581 1640 Ad
2624 1574 2783 1640 illud
2823 1574 2995 1658 quod
3034 1572 3328 1656 obJ'icitur
3342 1620 3360 1648 ,
3399 1571 3573 1653 quod
3622 1570 3847 1652 imago

2300 1681 2580 1747 consistit
2619 1700 2811 1766 penes
2843 1680 3307 1746 nobilissimum
3339 1678 3409 1741 in
3446 1678 3700 1757 anima;
3742 1678 3847 1742 di-

2302 1788 2577 1854 cendum
2611 1788 2781 1871 quod
2813 1786 3282 1853 nobilissimum
3326 1784 3399 1849 in
3452 1785 3672 1850 anima
3720 1785 3851 1849 du-

2303 1895 2548 1978 pliciter
2575 1900 2781 1979 potest
2804 1895 3005 1978 accipi
3032 1914 3049 1958 ε
3076 1895 3180 1959 vel
3205 1892 3556 1959 secundum
3583 1892 3848 1958 distinc-

2302 2001 2542 2067 tionem
2595 2003 3023 2086 potentiarum
3041 2050 3061 2080 ‚
3112 2000 3349 2065 scilicet
3406 2000 3723 2065 affectivae
3786 2002 3855 2065 et

2306 2111 2685 2192 cognitivoe;
2740 2112 2844 2176 vel
2901 2109 3249 2175 secundum
3302 2107 3732 2172 conditionem
3771 2108 3848 2191 (b)

2306 2219 2615 2294 statuum,
2641 2217 2874 2282 scilicet
2906 2214 3253 2298 superioris
3284 2212 3617 2297 portionis,
3640 2219 3709 2278 et
3745 2214 3853 2277 in-

2307 2312 2765 2389 ferioris.‘Cum
2795 2342 2956 2405 ergo
2980 2322 3208 2386 dicitur
3232 2321 3406 2403 quod
3439 2319 3661 2401 imago
3688 2337 3858 2385 con-

2309 2432 2489 2496 sistat
2532 2450 2727 2515 penae
2762 2430 3254 2505 nobilissimum,
3296 2427 3420 2491 hoc
3461 2427 3855 2510 intelligitur

2310 2542 2629 2622 quantum
2658 2539 2739 2604 ad
2773 2543 3011 2602 statum
3048 2537 3116 2600 in
3154 2533 3464 2617 superiori
3489 2537 3690 2614 parte,
3721 2551 3860 2597 non

2312 2650 2629 2728 quantum
2654 2646 2734 2710 ad
2758 2644 3094 2728 potentias;
3122 2641 3276 2724 quia
3299 2639 3520 2720 imago
3541 2639 3857 2723 complec-

2311 2750 2468 2814 titur
2490 2755 2625 2814 tam
2650 2750 3032 2826 affectivam,
3057 2764 3251 2832 quam
3268 2745 3682 2827 cognitivum,
3699 2763 3855 2810 cum

2311 2860 2584 2939 utraque
2602 2860 2757 2921 nata.
2779 2858 2862 2922 sit
2879 2854 3243 2921 immediate
3264 2852 3417 2916 ferri
3438 2851 3520 2916 ad
3541 2851 3772 2917 Deum.

2392 2967 2434 3027 4
2459 2966 2523 3028 et
2564 2966 2625 3028 5.
2670 2963 2767 3029 Ad
2800 2963 2959 3027 illud
2990 2960 3164 3045 quod
3207 2957 3524 3041 objicitur,
3554 2958 3729 3040 quod
3766 2959 3856 3023 si-

2315 3072 2608 3138 militudo
2628 3072 2809 3138 estin
2831 3070 2998 3154 plus,
3018 3086 3216 3153 quam
3239 3067 3487 3148 imago;
3511 3065 3856 3133 dicendum

2316 3180 2491 3262 quod
2524 3178 2896 3259 similitudo,
2935 3179 2988 3242 si
3024 3176 3365 3260 accipiatur
3392 3173 3464 3237 in
3498 3191 3617 3239 sua
3652 3193 3859 3256 gene-

2317 3286 2585 3365 ralitate,
2616 3287 2686 3350 in
2716 3285 2862 3370 plus
2896 3289 3019 3364 est;
3051 3284 3105 3348 si
3143 3299 3296 3348 vero
3331 3279 3675 3363 accipiatur
3706 3302 3856 3365 pro·

2321 3399 2482 3482 prie,
2515 3397 2677 3463 sicut
2699 3398 3005 3480 accipitur
3035 3396 3107 3460 in
3135 3392 3477 3478 proposito,
3505 3409 3636 3456 non
3666 3397 3762 3457 est
3791 3394 3861 3458 in

2323 3506 2468 3589 plus
2506 3527 2523 3570 ι
2570 3505 2773 3569 immo
2821 3502 3235 3586 distinguitur
3278 3499 3359 3563 ab
3407 3499 3729 3579 imagine,
3774 3500 3863 3566 ita

2324 3615 2497 3699 quod
2538 3614 2657 3679 etsi
2704 3617 2974 3696 utraque
3034 3617 3168 3676 tam
3219 3606 3579 3673 affectivam
3596 3655 3617 3686 ,
3662 3627 3865 3690 quam

2326 3722 2718 3804 cognitivam
2751 3720 3076 3803 respiciat,
3111 3718 3328 3797 imago
3369 3718 3586 3778 tamen
3626 3716 3867 3798 princi-

2329 3829 2534 3913 palius
2558 3827 2810 3911 respicit
2847 3827 3260 3909 cognitivam,
3287 3824 3352 3886 et
3379 3818 3728 3886 similitudo
3762 3822 3866 3884 af-

2329 3937 2623 4003 fectivam
2651 3955 2671 4001 2
2699 3941 2763 4001 et
2795 3936 3110 4018 ratiojam
3133 3934 3297 4000 dicta
3330 3937 3426 3998 est
3464 3954 3481 3998 z
3513 3935 3577 3997 et
3602 3948 3716 4013 per
3738 3928 3866 3995 hoc

2332 4049 2506 4130 patet
2539 4043 2867 4128 responsio
2917 4042 2999 4108 ad
3058 4042 3167 4107 illa
3214 4042 3342 4107 duo
3408 4058 3558 4125 quae
3610 4055 3864 4122 quaere-

2332 4154 2591 4219 bantur.

1969 4713 2130 4782 rnus
2167 4711 2319 4766 'rom
2358 4699 2629 4768 saeuum.
