4125 6225
1369 374 1746 442 DISTINCT.
1792 374 1900 440 111.
1943 376 2146 444 PARS
2186 378 2236 443 1.
3309 381 3429 445 309

227 516 421 593 citer,
468 515 634 578 sicut
681 513 919 579 dictum
968 517 1091 594 est,
1140 517 1203 578 et
1246 513 1335 577 sic
1375 512 1673 596 competit
1712 511 1773 577 ei

226 621 603 704 simplicitas
620 626 684 686 et
700 622 1110 703 personalitas
1127 645 1143 701 ;
1160 621 1384 686 formae
1404 620 1774 685 attribuitur

224 729 537 811 imaginis
563 729 991 813 pulchritudo,
1020 730 1155 794 sive
1172 735 1474 794 venustas
1495 748 1512 808 ;
1542 732 1774 811 poten-

224 838 339 902 tiae
366 837 739 905 attribuitur
753 838 1041 903 libertas:
1074 838 1244 903 etsie
1260 841 1431 919 patet
1453 837 1772 920 quomodo

226 949 515 1026 quatuor
544 945 939 1009 reducuntur
966 945 1047 1011 ad
1072 945 1214 1008 tria.
1244 944 1421 1008 Patet
1447 945 1616 1027 quod
1644 947 1773 1007 ter-

225 1052 395 1116 tium
423 1053 807 1116 attributum
837 1052 906 1115 in
932 1052 1053 1116 tria
1082 1051 1408 1137 dividitur,
1439 1051 1506 1114 in
1536 1052 1773 1133 quibus

227 1159 517 1224 consistit
556 1160 796 1241 imago.
841 1152 1019 1224 Patet
1058 1158 1250 1223 etiam
1286 1157 1608 1241 quomodo
1638 1163 1772 1222 ter-

226 1268 398 1332 tium
416 1267 791 1333 attributum
820 1267 1028 1331 differt
1049 1287 1088 1330 a
1104 1270 1353 1349 quartO.
1387 1266 1563 1331 Patet
1580 1268 1772 1331 etiam

225 1375 643 1455 sufficientia,
688 1378 752 1439 et
800 1374 1123 1458 responsio
1175 1375 1254 1438 ad
1294 1375 1537 1456 objecta
1555 1422 1573 1452 ‚
1622 1375 1773 1457 quia

226 1483 340 1548 hic
367 1489 831 1549 enumerantur
851 1483 1155 1547 attributa
1180 1482 1578 1565 principalia.

885 1671 1022 1716 DUB.
1065 1670 1134 1715 11.

467 1784 798 1837 Differentem
826 1786 1063 1838 assentite
1090 1785 1411 1850 tenuitatem,
1440 1788 1540 1837 etc.

310 1913 541 1977 Contra
564 1935 577 1977 :
604 1912 982 1996 Simplicitas
1000 1912 1256 1995 respicit
1277 1913 1614 1976 essentiam
1634 1913 1771 1979 sive

222 2021 672 2096 substantiam,
691 2020 854 2083 sicut
880 2020 1110 2083 dicitur
1137 2019 1206 2083 in
1233 2019 1475 2083 littera:
1505 2020 1775 2085 sedsub-

221 2128 465 2192 stantia
477 2146 605 2191 non
630 2127 852 2210 recipit
870 2127 1079 2208 magis
1098 2131 1159 2189 et
1175 2126 1391 2190 minus
1410 2148 1425 2189 :
1451 2144 1630 2209 erg0‚
1650 2133 1767 2192 etc.

236 2268 245 2279 ·
310 2234 471 2297 Item
498 2235 771 2316 simplex
810 2234 964 2298 dicit
992 2234 1420 2316 privationem
1456 2235 1771 2317 composi-

225 2336 457 2403 tionis:
489 2339 598 2402 sed
644 2339 1027 2421 privationes
1067 2357 1197 2403 non
1222 2339 1536 2421 recipiunt
1562 2341 1773 2421 magis

225 2447 293 2508 et
320 2445 580 2509 minus:
610 2463 790 2526 erg0,
812 2450 930 2509 etc.

309 2551 470 2617 Item
501 2554 709 2634 magis
739 2557 803 2618 et
840 2554 1055 2618 minus
1087 2554 1142 2617 si
1168 2553 1357 2618 alicui
1392 2554 1766 2636 imponitur,

225 2660 349 2725 hoc
398 2666 491 2725 est
538 2680 651 2744 per
690 2661 1067 2726 mixtionem
1096 2680 1247 2727 cum
1286 2680 1402 2727 suo
1446 2666 1766 2745 opposito:

227 2769 343 2833 sed
372 2768 642 2852 simplex
662 2770 922 2852 spiritus
943 2788 1075 2834 non
1094 2774 1190 2835 est
1207 2770 1561 2853 permixtus
1579 2771 1772 2837 alicui

225 2877 671 2958 compositioni
723 2895 871 2958 quae
915 2877 996 2939 sit
1053 2878 1342 2959 opposita
1383 2877 1772 2961 simplicitati

223 2984 559 3064 angelicae,
596 2988 660 3047 et
693 3001 913 3047 omnes
947 2983 1183 3048 habent
1223 2985 1476 3048 easdem
1513 3003 1770 3069 compo-

224 3092 490 3156 sitiones
522 3115 537 3157 :
575 3110 730 3175 ergo
779 3110 1002 3158 omnes
1055 3096 1207 3157 sunt
1248 3093 1576 3177 aequaliter
1615 3096 1774 3161 sim-

224 3200 446 3283 plices.

309 3307 494 3390 Resp.
537 3308 617 3372 ad
655 3307 779 3371 hoc
826 3308 1168 3372 dicendum
1213 3308 1383 3390 quod
1421 3308 1492 3372 in
1527 3311 1773 3393 angelis

225 3419 322 3478 est
365 3414 605 3496 gradus
639 3413 1083 3496 simplicitatiS,
1125 3418 1188 3478 et
1244 3415 1367 3479 hoc
1416 3417 1774 3483 manifestat

224 3523 469 3603 gradus
507 3523 794 3598 virtutis,
845 3524 996 3605 quia
1041 3542 1215 3587 unus
1242 3524 1512 3605 angelus
1539 3529 1632 3588 est
1657 3545 1774 3609 po-

225 3630 464 3693 tentior
513 3631 755 3694 altero:
812 3635 871 3694 et
930 3635 1171 3713 quanto
1222 3630 1290 3693 in
1342 3632 1773 3713 spiritualibus

225 3736 472 3818 aliquid
506 3742 600 3800 est
632 3737 1004 3819 simpliciuS,
1038 3741 1212 3800 tanto
1237 3737 1606 3803 virtuosius.
1641 3740 1773 3805 Hoc

225 3847 423 3910 etiam
451 3847 806 3909 manifestat
833 3847 1298 3929 approximatio
1324 3848 1404 3912 ad
1446 3847 1689 3912 Deum:
1719 3851 1772 3914 si

226 3954 406 4018 enim
441 3972 554 4036 per
580 3959 877 4017 naturam
910 3972 1077 4017 unus
1113 3959 1207 4018 est
1250 3954 1374 4017 Deo
1416 3955 1774 4037 proximior

225 4060 462 4138 altem,
509 4064 570 4124 et
610 4060 905 4139 similior;
959 4078 1116 4141 ergo
1163 4061 1373 4142 magis
1413 4062 1652 4125 accedit
1694 4066 1774 4129 ad

224 4169 518 4233 divinam
561 4168 1049 4249 simplicitatem.
1105 4167 1459 4232 Manifestat
1505 4171 1774 4235 alterins

225 4277 354 4340 hoc
375 4276 512 4358 ipsa
530 4276 831 4357 cognitiO,
860 4275 1012 4357 quia
1028 4295 1202 4340 unus
1217 4276 1489 4340 alterum
1510 4283 1768 4360 purgat,

226 4383 523 4468 pellendo
539 4384 1002 4465 ignorantiam:
1027 4401 1185 4465 ergo
1203 4403 1371 4448 unus
1389 4384 1586 4450 altero
1601 4387 1774 4469 prior

227 4498 295 4557 et
340 4491 725 4573 simplicior:
767 4494 830 4554 et
877 4490 1020 4554 ideo
1061 4491 1222 4554 bene
1281 4491 1429 4555 dicit
1473 4492 1774 4576 Magister

226 4600 404 4684 quod
432 4604 528 4663 est
551 4598 790 4679 gradus
814 4598 884 4660 in
912 4598 1308 4680 simplicitate
1331 4602 1645 4666 essentiae.

314 4706 494 4784 Quod
518 4706 837 4788 objicitur,
870 4706 1042 4788 quod
1069 4706 1419 4771 substantia
1446 4727 1582 4773 non
1607 4711 1768 4775 reci-

227 4815 327 4898 pit
364 4814 574 4895 magis
612 4820 674 4877 et
714 4813 958 4892 minus,
1002 4814 1365 4896 responderi
1411 4822 1613 4898 potest
1660 4838 1773 4901 per

227 4922 817 5004 interemptionem,
859 4921 1010 5003 quia
1040 4940 1172 4985 una
1210 4926 1499 4989 creatura
1536 4927 1773 4992 veriori

228 5030 424 5096 modo
456 5034 550 5092 est
593 5047 737 5108 enS,
772 5047 969 5112 quam
1000 5028 1145 5092 alia.
1193 5028 1271 5093 Et
1307 5031 1475 5112 quod
1516 5034 1767 5115 dicitur,

227 5135 657 5202 substantiam
701 5154 832 5200 nou
869 5137 1151 5219 recipere
1188 5139 1398 5218 magis
1429 5143 1491 5202 et
1531 5141 1768 5219 minuS,

227 5243 354 5307 hoc
382 5241 870 5322 intelligendum
900 5247 992 5306 est
1019 5242 1245 5326 logice.
1291 5241 1403 5310 Vel
1430 5245 1769 5312 ‹ilcendum

297 5369 313 5403 ¹
336 5365 495 5430 intra,
524 5365 641 5416 dist.
660 5377 769 5430 nx,
794 5379 846 5434 q.
867 5377 904 5417 1.

1880 514 2054 595 quod
2081 514 2258 580 aliud
2297 517 2391 579 est
2422 514 2629 579 dicere
2662 513 3023 592 essentiam,
3057 514 3232 580 aliud
3267 514 3427 580 sim-

1878 620 2220 702 plicitatem
2266 621 2578 701 essentiae,
2626 622 2691 686 et
2735 620 3104 705 simplicitas
3131 624 3226 687 est
3267 639 3424 704 pro-

1879 727 2130 809 prietas·
2142 729 2428 792 essentiae
2447 728 2490 793 ¹.

1959 835 2141 912 Quod
2183 837 2479 920 objicitur
2527 837 2702 919 quod
2749 836 2898 901 dicit
2953 835 3379 919 privationem
3399 885 3418 916 ,

1878 943 2221 1008 dicendum
2254 945 2428 1028 quod
2453 944 2572 1009 etsi
2605 944 2769 1008 dicat
2801 943 3255 1026 privationem,
3286 963 3421 1009 non

1877 1053 2095 1116 tamen
2117 1070 2278 1134 pure
2296 1052 2739 1135 privationem,
2762 1051 2917 1134 quia
2938 1051 3177 1134 aliquid
3198 1052 3378 1134 ponit
3400 1071 3418 1117 ε

1879 1163 1942 1223 et
1966 1159 2108 1223 ideo
2135 1163 2339 1242 potest
2364 1158 2644 1242 recipere
2672 1158 2879 1239 magis
2901 1164 2965 1222 et
2986 1158 3225 1223 minus.

1959 1264 2140 1344 Quod
2166 1268 2468 1350 objicitur
2494 1267 2571 1332 de
2599 1265 3043 1350 permixtione,
3071 1266 3415 1332 dicendum

1877 1375 2050 1458 quod
2075 1375 2231 1440 illud
2258 1393 2390 1439 non
2415 1374 2607 1439 habet
2640 1374 2879 1457 ubique
2900 1374 3235 1440 veritatem
3257 1400 3274 1455 ;
3303 1376 3416 1442 sed

1877 1483 1948 1546 in
1976 1483 2079 1546 his
2104 1482 2405 1566 oppositis
2425 1499 2705 1564 quorum
2723 1485 3073 1564 utrumque
3094 1486 3188 1546 est
3204 1483 3421 1566 aliqua

1876 1592 2140 1653 natura:
2170 1589 2239 1652 in
2259 1588 2399 1652 aliis
2423 1605 2578 1652 vero
2608 1592 2704 1651 est
2734 1605 2847 1669 per
2876 1589 3186 1669 majorem
3215 1607 3419 1654 acces·

1878 1715 2024 1761 sum
2046 1698 2127 1761 ad
2145 1715 2337 1762 suum
2362 1713 2714 1760 summum.
2746 1694 2923 1760 Unde
2946 1698 3152 1779 major
3174 1698 3420 1781 simpli-

1878 1806 2033 1869 citas
2059 1809 2158 1869 est
2191 1805 2259 1870 in
2296 1804 2528 1886 angelo
2570 1822 2702 1867 non
2744 1809 3002 1886 propter
3033 1805 3419 1886 paucitatem

1878 1912 2382 1996 compositioniS,
2411 1912 2522 1975 sed
2560 1914 2817 1994 propter
2855 1928 3178 1975 accessum
3204 1915 3419 1994 majo-

1876 2038 2014 2084 rem
2034 2021 2115 2084 ad
2142 2038 2394 2084 summe
2412 2018 2714 2102 simplex:
2736 2018 2860 2083 hoc
2880 2023 3096 2082 autem
3113 2024 3210 2082 est
3232 2038 3420 2104 prop-

1877 2131 1973 2191 ter
2000 2130 2313 2210 majorem
2339 2126 2730 2190 nobilitatem
2768 2126 2994 2189 formae
3007 2174 3026 2204 ‚
3058 2125 3224 2190 sicut
3246 2127 3419 2208 ignis

1878 2238 2085 2317 potest
2108 2233 2231 2299 dici
2258 2234 2327 2297 in
2357 2233 2791 2316 corporalibus
2818 2232 3167 2315 simplicior
3184 2252 3351 2298 aere.

2498 2419 2638 2467 DUB.
2681 2418 2773 2465 111.

1880 2540 1936 2588 In
1952 2537 2064 2602 ipsa
2079 2537 2320 2590 facultate
2338 2535 2534 2586 arbitrii
2552 2535 2838 2587 differentia
2854 2534 3308 2588 animadvertenda
3320 2540 3416 2589 est.

1958 2663 2188 2728 Contra
2216 2687 2231 2727 :
2260 2662 2560 2727 Liberum
2596 2661 2933 2725 arbitrium
2958 2666 3053 2726 est
3077 2661 3350 2727 liberum
3377 2682 3418 2728 a

1878 2774 2030 2839 boni
2053 2773 2398 2851 coactione,
2428 2789 2546 2835 nec
2561 2773 2765 2854 potaet
2786 2771 3003 2853 aliquo
3024 2772 3213 2836 modo
3232 2774 3410 2854 cogi:

1878 2900 2036 2963 ergo
2091 2881 2158 2944 in
2210 2879 2495 2943 libertate
2547 2876 2795 2942 arbitrii
2839 2896 2973 2942 non
3027 2881 3232 2960 potest
3282 2897 3416 2944 esse

1879 2988 2146 3071 gradus.

1960 3097 2145 3179 Resp.
2168 3093 2514 3159 Dicendum
2537 3091 2707 3176 quod
2733 3091 2993 3157 libertas
3020 3092 3263 3157 arbitrii
3290 3094 3415 3160 du-

1877 3204 2122 3288 pliciter
2150 3207 2353 3285 potest
2389 3200 2807 3265 considerari:
2851 3205 2963 3265 aut
3004 3199 3075 3264 in
3102 3205 3416 3284 quantum

1878 3311 2030 3376 dicit
2053 3310 2412 3374 facultatem
2432 3311 2513 3375 ad
2539 3308 2907 3373 exeundum
2932 3308 3002 3371 in
3024 3326 3210 3391 opuS,
3240 3316 3305 3375 et
3327 3311 3418 3376 sic

1879 3419 2030 3484 dicit
2055 3419 2456 3501 positionem,
2487 3421 2551 3481 et
2576 3416 2987 3499 consequitur
3013 3417 3325 3483 rationem
3354 3422 3419 3483 et

1881 3527 2309 3604 voluntatem,
2339 3529 2403 3589 et
2438 3525 2578 3588 istae
2615 3524 2914 3607 potentiae
2939 3530 3419 3608 consequuntur

1880 3633 2335 3697 substantiam:
2380 3638 2444 3697 et
2477 3633 2827 3696 secundum
2856 3632 3027 3715 quod
3068 3633 3420 3697 substantia

1880 3741 2257 3824 simplicior,
2296 3741 2389 3803 sic
2441 3740 2632 3804 etiam
2681 3739 2979 3823 potentiae
3013 3740 3414 3805 excellentio-

1880 3866 2013 3926 reS,
2064 3852 2127 3910 et
2169 3847 2432 3910 facultas
2471 3848 2717 3926 maJor:
2761 3845 2852 3910 sic
2887 3848 2982 3909 est
3018 3845 3107 3909 ibi
3152 3846 3416 3927 graduS,

1879 3959 1944 4020 et
1973 3955 2095 4018 hoc
2136 3957 2326 4019 modo
2365 3953 2650 4036 loquitur
2694 3953 3014 4035 Magister.
3061 3953 3203 4018 Alio
3228 3954 3418 4018 modo

1881 4063 2187 4145 accipitur
2226 4061 2568 4144 privative,
2613 4063 2690 4125 ut
2727 4060 2972 4125 dicatur
3010 4060 3267 4125 libertas
3304 4079 3421 4144 per

1881 4172 2303 4255 privationem
2354 4168 2743 4232 coactionis:
2795 4172 2859 4233 et
2908 4168 3031 4231 hoc
3079 4168 3268 4232 modo
3323 4169 3419 4232 est

1882 4279 2234 4362 aequalitas,
2273 4277 2431 4359 quia
2473 4276 2746 4358 privatio
2791 4275 2862 4340 in
2897 4275 3195 4356 termino,
3238 4278 3302 4340 et
3328 4275 3419 4340 sic

1883 4385 2164 4470 opponit.

2513 4481 2649 4528 nus.
2692 4481 2782 4528 iv.

2006 4590 2157 4651 Quod
2184 4588 2389 4654 spiritus
2410 4591 2557 4640 erant
2569 4627 2588 4655 ,
2615 4589 2754 4655 quod
2779 4585 3171 4651 indissolubiles,
3194 4589 3293 4638 etc.

1960 4706 2223 4770 Contra:
2258 4705 2402 4770 Ideo
2429 4708 2580 4770 sunt
2603 4705 2863 4788 spiritus
2885 4702 3276 4767 immortales
3304 4702 3413 4785 (a),

1881 4814 2036 4897 quia
2060 4819 2210 4878 sunt
2236 4814 2579 4896 simplices3
2611 4813 2719 4878 sed
2745 4831 2876 4878 non
2903 4815 3054 4876 sunt
3082 4809 3416 4893 aequaliter

1879 4922 2227 5005 simplices:
2260 4940 2438 5002 ergo,
2470 4925 2589 4985 etc.

1960 5028 2145 5111 Resp.
2207 5029 2553 5094 Dicendum
2616 5028 2787 5111 quod
2841 5026 3192 5092 secuudum
3246 5023 3419 5106 quod

1878 5138 2140 5220 spiritus
2157 5136 2365 5220 privat
2391 5135 2872 5218 corpulentiam,
2897 5140 2961 5199 et
2977 5132 3419 5197 immortalitas

1879 5246 2092 5328 privat
2152 5246 2660 5327 corruptionem:
2714 5245 2867 5326 quia
2925 5241 3264 5327 utrobique
3282 5290 3301 5325 ,
3354 5245 3420 5314 et

1945 5367 2013 5433 (a)
2046 5369 2168 5424 Coet.
2187 5367 2309 5422 edit.
2339 5367 2596 5421 mortales.
