4125 6225
1086 466 1280 534 DIST.
1320 465 1426 532 ΙΙΙ.
1470 465 1697 531 PART.
1743 467 1793 531 1.
1836 466 2014 545 ART.
2060 467 2111 531 1.
2157 466 2453 544 QUAEST.
2498 467 2575 532 II.

231 608 562 682 mentum;
596 603 748 685 quia
770 603 1037 666 limitata
1063 606 1127 666 et
1144 603 1213 666 in
1240 620 1497 683 genere,
1527 604 1772 684 oportet

230 711 406 794 quod
434 710 952 793 compositionem
984 710 1212 773 habeat
1243 733 1258 774 ε
1295 710 1465 773 unde
1495 728 1629 773 non
1651 727 1771 791 po·-

229 823 356 883 t'est
384 818 838 883 rationabiliter
864 818 1168 899 cogitari,
1206 819 1376 900 quod
1404 836 1534 881 non
1569 820 1774 901 potest

231 946 375 992 esse
402 945 518 990 nec
540 928 701 990 fieri.
727 926 805 991 Et
833 926 886 989 si
915 927 1174 1007 oincias
1193 926 1378 1005 mihi,
1409 925 1581 1007 quod
1611 924 1773 988 Deus

229 1039 444 1118 potest
462 1036 685 1113 facere,
706 1034 876 1118 quod
896 1035 1100 1098 forma
1116 1033 1513 1098 accidentalis
1533 1032 1615 1095 sit
1636 1032 1773 1094 sine

232 1145 525 1220 materIa,
556 1148 631 1208 ut
655 1146 723 1208 iu
747 1148 1141 1208 sacramento
1170 1143 1403 1218 altariS,
1435 1140 1774 1206 dicendum

233 1252 411 1334 quod
437 1269 775 1334 nunquam
807 1252 986 1330 fecit,
1030 1251 1187 1333 quin
1224 1268 1474 1332 semper
1504 1247 1585 1312 sit
1626 1252 1775 1311 nata

233 1377 375 1423 esse
403 1360 472 1422 in
500 1361 785 1437 materia,
812 1362 874 1422 et
903 1359 983 1423 ad
1010 1359 1209 1438 illam,
1235 1362 1547 1440 quantum
1578 1360 1671 1420 est
1697 1355 1774 1419 de

233 1468 339 1531 sui
378 1473 608 1531 natura
628 1516 644 1544 ,
694 1467 924 1531 habeat
970 1466 1463 1530 inclinationem.
1509 1463 1575 1528 Si
1617 1481 1776 1544 ergo

234 1574 408 1638 Deus
434 1593 536 1638 res
569 1575 848 1638 condidit
873 1576 1225 1639 secundum
1270 1573 1440 1656 quod
1477 1572 1777 1654 competit

235 1682 485 1746 naturis
502 1683 810 1763 ipsarum,
828 1686 1000 1764 patet
1014 1681 1186 1763 quod
1207 1699 1542 1762 nunquam
1559 1679 1777 1743 debuit

236 1791 443 1854 facere
470 1790 743 1854 formam
783 1796 947 1853 stare
977 1789 1111 1853 sine
1153 1789 1419 1853 materia
1456 1789 1526 1851 in
1559 1786 1775 1851 condi-

234 1898 411 1961 tione
463 1916 682 1962 rerum
699 1947 720 1977 ‚
771 1898 1065 1980 quamvis
1115 1896 1184 1960 in
1228 1896 1550 1960 miraculis
1591 1895 1778 1958 faciat

237 2010 461 2070 contra
488 2009 815 2084 naturam,
846 2009 909 2069 et
942 2023 1136 2088 supra
1160 2010 1482 2068 naturam.
1518 2001 1591 2065 In
1623 2021 1779 2067 con-

235 2114 474 2178 ditione
494 2115 666 2178 enim
685 2133 904 2178 rerum
922 2131 1052 2177 non
1070 2115 1422 2195 quaerimus
1441 2110 1593 2194 quid
1612 2110 1777 2174 Deus

233 2222 453 2303 possit,
476 2222 584 2285 sed
606 2222 757 2304 quid
780 2225 1091 2302 congruat
1112 2224 1361 2283 naturae
1389 2219 1587 2302 ipsius
1607 2236 1774 2281 crea-

233 2334 424 2404 turae,
456 2329 618 2393 sicut
644 2329 791 2393 dicit
817 2328 1222 2409 Augustinus
1249 2329 1290 2390 ¹.

317 2442 379 2500 4.
414 2436 594 2514 Quod
622 2437 917 2519 oincitur
946 2436 1115 2519 quod
1154 2454 1344 2499 causa
1379 2434 1650 2498 nobilior
1684 2435 1779 2497 est

234 2547 492 2623 effectu,
524 2562 753 2608 verum
777 2548 871 2606 est
889 2543 964 2606 de
992 2542 1299 2607 efficiente
1324 2545 1385 2605 et
1410 2542 1605 2619 finali,
1629 2550 1778 2623 quae

234 2652 494 2736 proprie
524 2655 743 2714 tenent
770 2651 1083 2713 rationem
1118 2667 1358 2728 causae3
1388 2648 1495 2712 sed
1524 2648 1601 2711 de
1641 2666 1779 2709 ma-

236 2758 446 2824 teriali
477 2764 541 2822 et
564 2758 849 2837 formali,
880 2775 1025 2840 quae
1060 2760 1210 2821 sunt
1250 2755 1561 2839 principia
1600 2755 1775 2818 ordi-

239 2872 391 2931 nata
414 2868 496 2932 ad
527 2865 1045 2948 compositionem
1070 2914 1086 2942 ,
1128 2883 1260 2928 non
1284 2864 1520 2927 habent
1544 2863 1780 2927 verita-

237 2981 374 3039 tem
403 2976 768 3058 simpliciter
786 3023 803 3055 ,
834 2974 942 3039 sed
980 2974 1189 3038 solum
1215 2973 1570 3038 secundum
1596 2971 1774 3055 quid.

770 3214 1126 3294 QUAESTIO
1170 3215 1250 3279 ΙΙ.

237 3371 337 3430 An
357 3372 591 3427 materia
616 3385 683 3425 eae
701 3386 810 3441 qua
831 3372 1110 3441 compositi
1130 3373 1256 3425 sum
1281 3370 1485 3441 anacli,
1507 3369 1585 3426 sit
1600 3368 1782 3425 eadem

596 3476 713 3516 cum
738 3463 973 3516 materia
999 3460 1359 3532 corporalium
1375 3459 1417 3516 ².

324 3619 480 3683 Dato
508 3620 678 3703 quod
704 3620 975 3701 angelus
1001 3619 1230 3684 habeat
1257 3619 1778 3703 compositionem

136 3800 145 3808 ,
240 3745 326 3790 ex
352 3727 620 3791 materia
655 3731 716 3790 et
754 3727 996 3803 forma,
1025 3728 1205 3808 large
1253 3727 1329 3810 (a)
1374 3731 1627 3808 sumpto
1660 3745 1780 3789 no-

240 3835 422 3899 mine
476 3835 759 3899 materiae
803 3835 882 3898 ad
938 3854 1125 3898 omne
1178 3835 1553 3917 potentiale,
1611 3834 1781 3917 quod

240 3964 393 4008 cum
427 3944 552 4007 alio
577 3946 755 4008 venit
782 3945 860 4008 ad
889 3942 1400 4007 constitutionem
1424 3992 1441 4021 ,
1473 3947 1780 4024 tanquam

238 4050 731 4116 fundamentum
760 4051 881 4129 rei3
913 4051 1225 4132 quaeritur
1249 4051 1325 4113 de
1358 4050 1466 4112 illa
1494 4049 1776 4128 materia,

238 4163 468 4222 utrum
496 4158 577 4220 sit
601 4158 821 4221 eadem
848 4177 996 4221 cum
1020 4158 1283 4222 materia
1309 4157 1732 4238 corporalium
1758 4178 1774 4217 ε

238 4281 375 4325 non
417 4262 645 4343 loquor
684 4263 761 4326 de
800 4263 1125 4328 identitate
1170 4262 1524 4325 secundum
1567 4279 1780 4324 essen-

243 4369 402 4432 tiam
442 4370 875 4448 numeralem,
925 4370 1089 4433 sicut
1133 4367 1416 4432 Socrates
1464 4368 1537 4450 (b)
1587 4385 1780 4431 senex

241 4481 339 4540 est
373 4476 545 4540 idem
571 4476 690 4539 sibi
720 4474 917 4559 pu'ero
942 4478 1297 4541 secundum
1328 4477 1776 4554 substantiam3

241 4584 351 4648 sed
407 4584 636 4665 loquor
688 4586 1037 4649 secundum
1093 4585 1483 4649 identitatem
1532 4590 1782 4648 naturae

242 4693 631 4770 communis,
655 4697 719 4756 et
742 4693 810 4776 (c)
843 4692 1004 4756 sicut
1026 4711 1249 4757 omnes
1272 4694 1492 4758 annuli
1520 4694 1596 4758 de
1622 4712 1781 4758 auro

240 4802 552 4865 dicuntur
584 4802 816 4864 habere
843 4802 1131 4866 eamdem
1161 4803 1493 4865 materiam
1522 4821 1633 4885 per
1660 4820 1784 4864 na·-

243 4914 484 4986 turam,
516 4908 650 4972 sive
676 4910 1036 4989 essentiam,
1069 4928 1217 4973 cum
1246 4914 1461 4974 tamen
1488 4929 1784 4974 numera-

240 5017 388 5080 liter
434 5015 752 5095 varietur,
798 5022 861 5081 et
899 5018 1022 5082 alia
1054 5036 1199 5100 pars
1242 5020 1591 5082 secundum
1629 5020 1784 5082 sub-

242 5123 548 5187 stantiam
574 5124 748 5187 sitin
776 5144 938 5202 un0,
973 5126 1096 5190 alia
1123 5126 1192 5189 in
1221 5126 1367 5191 ali0.
1397 5126 1474 5192 Et
1507 5130 1677 5211 quod
1704 5130 1785 5192 sit

310 5251 329 5285 ¹
352 5252 509 5314 Aug„
534 5248 593 5298 de
620 5250 742 5300 Gen.
763 5250 835 5300 ad
855 5250 979 5314 litt„
1002 5252 1092 5302 lib.
1117 5254 1181 5318 ll,
1211 5267 1258 5303 c.
1277 5267 1315 5317 1,
1338 5267 1392 5302 n.
1413 5257 1461 5317 2,
1485 5255 1655 5319 quoad
1673 5269 1786 5305 sen-

243 5337 383 5373 sum.
404 5347 465 5358 —
484 5321 602 5384 ’Cfi
636 5322 890 5385 Richard„
927 5325 968 5373 11
1000 5329 1158 5387 Sene„
1181 5326 1296 5376 dist.
1321 5338 1415 5389 11¹,
1444 5333 1538 5376 art.
1565 5331 1612 5388 2,
1650 5343 1701 5392 q.
1729 5340 1782 5390 13

246 5393 428 5457 Stepb.
458 5393 666 5456 Bruler„
701 5396 738 5444 ll
775 5391 932 5458 Sent„
971 5395 1199 5461 dist.111,
1232 5411 1283 5462 q.
1308 5409 1363 5447 11.
1388 5425 1441 5434 —
1466 5400 1577 5448 ³De
1598 5398 1783 5448 mirab.

247 5467 305 5517 S.
328 5465 539 5532 script„
567 5464 656 5515 lib.
680 5466 698 5514 l
713 5498 728 5526 ,
757 5479 804 5515 c.
824 5477 863 5529 1,
883 5466 1018 5517 inter
1037 5481 1192 5531 opera
1220 5470 1271 5520 S.
1293 5471 1529 5535 August„
1553 5471 1782 5535 append.

3294 472 3411 531 313

1880 602 2050 666 idem
2082 621 2197 685 per
2222 603 2582 683 essentiam,
2612 603 2864 669 videtur
2885 603 3253 667 auctoritate
3283 602 3417 665 Au-

1881 710 2124 791 gustini
2143 758 2159 786 ,
2191 709 2268 775 de
2299 710 2698 777 mirabilibus
2726 727 2926 776 sacroe
2966 710 3313 792 scripturae
3342 713 3365 748 ³
3392 727 3418 768 .·

1882 840 1914 878 α
1935 817 2344 901 Omnipotens
2363 818 2527 883 Deus
2544 838 2625 883 ex
2645 820 2900 882 informi
2920 818 3205 894 materia,
3222 835 3419 900 quam

1880 924 2014 1007 ipse
2041 926 2220 1008 prius
2249 925 2326 990 de
2351 925 2551 989 nihilo
2584 927 2881 1005 condidit,
2918 930 3292 989 cunctarum
3314 942 3420 987 re-

1880 1050 2062 1109 rum,
2094 1032 2217 1095 hoc
2251 1037 2346 1097 est
2383 1034 2782 1098 sensibilium
2821 1037 2885 1098 et
2919 1032 3415 1108 insensibilium,

1881 1140 2403 1205 intellectualium
2431 1147 2492 1206 et
2518 1144 2840 1207 intellectu
2875 1141 3250 1216 carentium,
3277 1158 3418 1225 spe-

1883 1250 2009 1312 cies
2035 1250 2458 1316 multiformes
2488 1252 2722 1319 divisit.
2751 1274 2782 1314 n
2819 1250 2983 1331 Quid
3011 1250 3132 1314 hoc
3161 1266 3421 1335 expres-

1883 1356 2055 1420 sius?

1964 1463 2123 1528 Item
2149 1466 2392 1530 ratione
2432 1466 2686 1530 videtur
2718 1485 2734 1529 t
2765 1465 2837 1529 In
2870 1465 3149 1549 quolibet
3185 1480 3422 1545 genere

1884 1575 1976 1635 est
2000 1573 2282 1653 reperire
2308 1593 2515 1637 unum
2544 1575 2850 1656 primum,
2881 1592 3010 1655 quo
3041 1588 3423 1636 mensuran-

1885 1683 1991 1742 tur
2017 1681 2238 1743 omnia
2275 1699 2422 1764 quae
2454 1686 2607 1746 sunt
2632 1683 2698 1744 in
2728 1682 2836 1746 illo
2877 1699 3113 1762 genere
3134 1728 3150 1755 ‚
3184 1681 3256 1742 ut
3282 1676 3423 1741 vult

1885 1785 2303 1869 Philosophus
2329 1788 2351 1823 ⁴
2377 1789 2443 1851 in
2477 1787 2556 1852 XI
2594 1790 2819 1871 primae
2851 1786 3315 1870 Philosophiae,
3357 1788 3421 1847 et

1883 1894 2080 1958 etiam
2105 1894 2174 1957 in
2201 1893 2292 1958 X:
2325 1896 2434 1959 sed
2461 1897 2810 1960 substantia
2835 1899 2930 1960 est
2957 1913 3161 1960 unum
3188 1909 3417 1975 genuS,

1882 2020 2015 2065 non
2039 2005 2293 2067 tautum
2320 2004 2672 2068 secundum
2710 2005 2996 2086 logicum
3017 2053 3035 2083 ,
3066 2003 3178 2086 qui
3214 2000 3418 2064 consi-

1884 2107 2062 2172 derat
2095 2128 2315 2173 rerum
2340 2112 2746 2191 intentioneS,
2772 2112 2883 2176 sed
2907 2111 3261 2175 secundum
3286 2131 3421 2176 me-

1884 2216 2311 2299 taphysicum,
2339 2218 2449 2300 qui
2468 2219 2819 2282 considerat
2842 2219 3140 2282 essentias
3158 2238 3414 2286 rerum:

1885 2343 2042 2407 ergo
2072 2326 2139 2388 in
2158 2345 2393 2408 genere
2416 2327 2784 2391 substantiae
2804 2332 2897 2390 est
2914 2346 3119 2391 unum
3140 2328 3419 2410 aliquod,

1883 2452 2014 2517 quo
2043 2439 2499 2498 mensurantur
2526 2436 2742 2498 omnia
2766 2435 2833 2497 in
2862 2434 2967 2498 illo
2995 2454 3230 2516 genere
3265 2455 3282 2497 ε
3314 2437 3426 2501 sed

1884 2541 2042 2604 illud
2082 2560 2216 2605 non
2257 2546 2458 2624 potest
2502 2561 2637 2606 esse
2681 2541 3068 2624 principium
3113 2545 3422 2607 extrinse-

1884 2667 2069 2727 cum,
2125 2667 2275 2713 cum
2297 2698 2314 2727 ,
2364 2650 2718 2713 secundum
2762 2648 2958 2731 hujus
2998 2652 3310 2732 majorem
3362 2655 3426 2715 et

1885 2755 2203 2819 minorem
2247 2757 2793 2839 participationem
2830 2758 3276 2838 intrinsecam,
3321 2778 3424 2824 res

1886 2862 2057 2925 illius
2089 2864 2345 2944 generis
2382 2866 2589 2946 magis
2629 2871 2692 2930 et
2721 2866 2937 2929 minus
2972 2866 3052 2930 sit
3087 2867 3169 2947 (d)
3205 2886 3223 2931 ε
3265 2886 3424 2951 ergo

1885 2988 2035 3033 cum
2087 2971 2472 3054 principium
2523 2972 2936 3037 intrinsecum
2986 2993 3119 3038 non
3170 2974 3252 3038 sit
3302 2976 3426 3047 nisi

1885 3077 2092 3143 forma
2140 3079 2244 3144 vel
2288 3080 2587 3162 materia,
2640 3080 2761 3145 erit
2805 3081 2908 3146 vel
2960 3082 3224 3147 materia
3244 3131 3261 3161 ,
3320 3082 3425 3148 vel

1883 3187 2091 3249 forma
2137 3206 2155 3250 ε
2200 3188 2256 3251 si
2296 3189 2560 3252 materia
2584 3237 2603 3269 ,
2643 3190 2847 3253 habeo
2895 3191 3321 3273 propositum3
3366 3191 3423 3253 si

1886 3294 2114 3371 forma,
2144 3296 2253 3359 sed
2275 3296 2488 3359 unitas
2516 3297 2736 3361 formae
2764 3298 3115 3361 necessario
3139 3316 3425 3381 praesup-

1886 3402 2066 3484 ponit
2092 3403 2402 3467 unitatem
2428 3405 2711 3468 materiae
2747 3426 2761 3467 ε
2791 3423 2971 3486 erg0,
2997 3409 3118 3469 etc.

1977 3509 2135 3573 Item
2199 3511 2732 3594 quandocumque
2793 3511 3008 3592 aliqua
3063 3513 3423 3576 eommunis

1886 3618 2094 3700 passio
2123 3619 2285 3681 inest
2321 3618 2639 3701 aliquibus
2679 3618 2977 3700 subjectis
2998 3667 3015 3695 ,
3045 3638 3294 3683 necesse
3329 3624 3425 3683 est

1887 3726 2055 3808 quod
2084 3727 2232 3789 insit
2262 3726 2353 3789 eis
2378 3727 2729 3790 secundum
2757 3727 3011 3808 aliquod
3041 3745 3418 3790 commune:

1887 3834 1994 3896 sed
2020 3852 2330 3897 numerus
2354 3837 2448 3897 est
2476 3834 2541 3896 in
2568 3834 3003 3915 spiritualibus
3028 3838 3089 3898 et
3122 3852 3427 3916 corpora-

1886 3942 2054 4005 libus
2096 3942 2498 4005 uniformiter
2520 3989 2537 4017 ,
2567 3942 2719 4022 quia
2760 3941 2982 4005 eodem
3031 3941 3219 4005 modo
3243 3991 3260 4020 ,
3294 3960 3424 4024 quo

1888 4068 2192 4113 numeras
2219 4050 2431 4113 decem
2460 4049 2772 4129 homineS,
2805 4054 2868 4113 et
2894 4050 3109 4113 decem
3137 4052 3420 4132 angelOS,

1886 4177 2202 4221 numerus
2243 4158 2415 4221 enim
2467 4159 2848 4238 angelorum
2895 4159 3290 4240 supplebitur
3343 4177 3426 4222 ex

1886 4264 2257 4328 hominibus
2290 4287 2305 4328 ε
2337 4283 2494 4345 ergo
2521 4283 2772 4328 necesse
2809 4269 2902 4327 est
2927 4264 3206 4346 aliquam
3233 4269 3423 4327 natu-

1885 4392 2025 4437 ram
2045 4389 2455 4435 communem
2475 4372 2543 4434 in
2562 4372 2652 4434 eis
2668 4390 2824 4451 esse,
2846 4373 3198 4435 secuudum
3222 4388 3422 4452 quam

1886 4481 2026 4545 baec
2073 4479 2280 4561 passio
2315 4479 2465 4542 insit
2506 4502 2520 4543 ε
2564 4480 2670 4542 sed
2711 4479 2832 4543 hoc
2879 4497 3009 4542 non
3050 4484 3424 4561 potestesse

1886 4589 2094 4651 forma
2124 4604 2142 4649 ε
2171 4590 2365 4649 restat
2389 4604 2544 4667 ergo
2575 4586 2747 4669 quod
2775 4587 3059 4650 materia.

1968 4693 2125 4757 Item
2152 4693 2558 4756 abstrahatur
2587 4693 2850 4756 materia
2884 4692 3307 4775 corporalium
3341 4692 3423 4755 ab

1890 4803 2064 4867 omni
2098 4802 2334 4880 forma3
2365 4800 2767 4864 abstrahatur
2790 4801 2979 4864 etiam
3011 4801 3268 4864 materia
3294 4800 3422 4882 spi-

1889 4909 2217 4973 ritualium
2246 4909 2326 4972 ab
2354 4907 2529 4972 omni
2556 4907 2760 4971 forma
2794 4930 2808 4971 ε
2836 4925 3056 4990 quaero
3085 4913 3239 4970 tunc
3261 4955 3279 4985 ,
3311 4912 3424 4970 aut

1890 5019 2325 5099 distinguitur,
2373 5020 2486 5080 aut
2524 5035 2654 5079 non
2699 5038 2715 5081 ι
2761 5016 2816 5079 si
2858 5033 3030 5095 non,
3072 5033 3230 5095 ergo
3274 5019 3426 5078 sunt

1890 5130 2059 5195 idem
2089 5149 2202 5212 per
2229 5130 2598 5206 essentiam;
2632 5128 2687 5190 si
2721 5128 2810 5191 sic
2830 5177 2849 5207 ,
2888 5146 3036 5191 cum
3064 5127 3273 5191 omnis
3299 5127 3425 5190 dis·

1892 5251 1928 5297 t.
1959 5249 2021 5297 lll
2041 5285 2057 5311 ,
2088 5247 2208 5297 edit.
2239 5246 2449 5298 Bened..
2483 5245 2621 5295 idem
2653 5244 2760 5295 vult
2787 5246 2997 5310 August.
3024 5260 3134 5310 sup.
3166 5244 3341 5294 Gen-es.
3365 5268 3427 5282 -

1892 5319 1914 5354 ὅ
1932 5319 2105 5383 Arist„
2131 5319 2403 5384 metaphys.
2425 5318 2510 5369 lib.
2533 5318 2592 5380 X,
2615 5321 2752 5367 cont.
2770 5319 2798 5366 3
2819 5321 2870 5367 et
2896 5321 2973 5380 ¹⁰3
3003 5317 3089 5366 lib.
3113 5317 3197 5380 xl,
3217 5319 3357 5366 cont.
3376 5318 3423 5366 4.

1960 5401 2026 5462 (a)
2050 5401 2170 5450 Coet.
2184 5399 2549 5464 edit.largo.-
2567 5396 2635 5464 (ὁ)
2657 5398 2781 5450 Coet.
2798 5396 2924 5448 edit.
2946 5399 3208 5450 Sortes.-
3224 5399 3282 5461 (c)
3298 5396 3422 5446 Item

1892 5473 1966 5522 ut.
1985 5497 2043 5507 --
2066 5471 2137 5537 (d)
2166 5471 2291 5521 Item
2319 5471 2427 5522 mit.
