4125 6225
469 4909 539 4956 Ad
571 4920 676 4966 opp·

654 436 774 496 ΜΞ

1764 420 2387 491 SENTENTIARUM
2427 424 2577 492 LIB.
2622 426 2699 491 11.

651 564 883 648 angelo
930 564 1020 628 ita
1059 560 1211 627 dicit
1255 560 1633 643 dignitatem
1674 558 1746 624 in
1781 560 1998 625 anima
2048 579 2187 625 τω-
2295 562 2410 629 lud
2445 565 2469 599 ²
2519 586 2534 628 ε
2584 563 2964 630 curavimus
3008 563 3424 646 Babylonem,
3467 570 3529 632 et
3565 582 3699 632 non
3747 571 3838 634 est

650 678 840 758 pecta
895 671 1153 735 illarum
1202 674 1640 734 creaturarum
1695 685 1845 751 quae
1896 670 2189 733 commit·
2296 678 2555 751 (κωπίω
2585 670 3104 754 derelinquamus
3124 677 3443 752 eam‚etc.;
3467 673 3557 736 ibi
3577 671 3832 738 Glossa:

649 783 881 846 tantur
931 776 1240 859 angelicae
1295 774 1597 839 eustodiae
1613 823 1632 855 ,
1688 780 1762 839 ut
1822 778 2038 840 tamen
2089 776 2188 841 di·

650 891 753 951 cat
778 885 1319 968 imperfectionem
1345 887 1638 965 respectu
1661 881 1999 948 beatorum
2020 931 2038 960 ,
2072 883 2188 965 qui

651 994 861 1059 aliena
903 991 1188 1056 custodia
1238 1008 1576 1074 nunquam
1637 994 1851 1071 egent.
1912 988 1991 1054 Et
2036 989 2195 1073 quia

652 1102 886 1167 animae
914 1100 1144 1167 Christi
1171 1118 1301 1164 non
1325 1105 1419 1163 est
1444 1097 1919 1164 attribuendum
1948 1096 2194 1179 aliquid

653 1210 825 1292 quod
861 1209 1128 1290 deroget
1151 1210 1291 1290 ejus
1314 1205 1691 1271 beatitudini
1716 1252 1734 1281 ‚
1770 1205 1914 1269 ideo
1959 1205 2078 1268 etsi
2113 1203 2194 1271 ab

652 1319 875 1402 anqelo
897 1316 1219 1384 custodiri
1244 1316 1457 1398 aliquo
1493 1314 1682 1379 modo
1708 1314 1874 1378 dicat
1900 1312 2189 1394 dignita-

656 1432 787 1493 tem
800 1474 817 1504 ,
848 1444 979 1490 non
1001 1430 1217 1490 tamen
1243 1422 1489 1488 Christo
1515 1422 1699 1487 debet
1724 1420 2009 1500 attribui,
2040 1421 2200 1503 quia

656 1534 854 1600 simul
870 1552 1019 1598 cum
1034 1532 1239 1597 hocin
1266 1530 1577 1596 custodito
1594 1529 1944 1612 quamdam
1964 1528 2201 1611 impor-

658 1646 751 1708 tat
780 1640 1335 1706 defectibilitatem.

741 1756 800 1814 6.
842 1750 941 1815 Ad
970 1749 1125 1814 illud
1163 1748 1334 1831 quod
1361 1745 1660 1828 objicitur
1680 1793 1698 1825 ,
1734 1744 1907 1827 quod
1935 1742 1999 1807 id
2026 1741 2202 1825 quod

662 1859 918 1924 charius
959 1863 1094 1937 est,
1141 1856 1371 1921 melius
1418 1853 1809 1932 custoditum
1858 1852 2203 1917 dicendum

662 1967 837 2050 quod
862 1984 1093 2031 verum
1120 1969 1214 2028 est
1247 1963 1503 2047 quando
1542 1961 1739 2039 illud,
1778 1960 1953 2043 quod
1990 1958 2205 2039 magis

666 2078 761 2139 est
788 2074 1087 2151 charum,
1130 2072 1219 2136 ita
1244 2063 1492 2152 indige‘t
1510 2068 1794 2133 custodia
1814 2116 1832 2147 ,
1856 2067 2021 2131 sicut
2042 2065 2204 2130 illud

666 2183 840 2266 quod
874 2182 1092 2247 minus
1124 2203 1138 2246 :
1171 2180 1261 2245 sic
1304 2184 1522 2245 autem
1556 2198 1690 2244 non
1725 2182 1820 2243 est
1852 2177 1923 2241 in
1967 2194 2209 2259 propo-

667 2290 817 2369 sito;
858 2308 1010 2353 nam
1053 2288 1282 2354 Christi
1325 2286 1542 2352 anima
1583 2303 1717 2349 non
1753 2285 1843 2348 sic
1882 2282 2211 2365 indigebat

670 2396 965 2461 custodiri
982 2444 999 2474 ,
1028 2414 1176 2480 quae
1200 2412 1457 2479 peccare
1482 2411 1615 2458 non
1641 2395 1907 2474 poterat.
1950 2388 2061 2454 Vel
2089 2389 2211 2453 ali-

670 2507 769 2570 ter
806 2507 1008 2587 potest
1043 2503 1165 2568 dici
1189 2551 1206 2583 ‚
1245 2502 1417 2585 quod
1460 2499 1626 2565 Deus
1663 2498 2034 2580 diligentius
2060 2514 2214 2562 cus-

671 2612 834 2677 todit
847 2612 1132 2676 animam
1153 2610 1402 2687 Christi,
1423 2627 1620 2693 quam
1636 2609 1920 2673 animam
1938 2605 2215 2687 alicujus

674 2719 935 2785 alterius
966 2718 1281 2797 hominis;
1325 2717 1469 2799 plus
1502 2715 1674 2780 enim
1702 2715 1853 2779 facit
1891 2731 2004 2796 per
2047 2712 2215 2795 seip-

674 2844 821 2891 sum
836 2875 855 2907 ‚
895 2844 1091 2910 quam
1116 2825 1231 2891 ulli
1258 2824 1371 2889 alii
1404 2823 1639 2889 animae
1672 2823 1861 2888 faciat
1892 2838 2007 2904 per
2044 2837 2113 2884 se
2154 2823 2220 2884 et

677 2951 792 3017 per
814 2934 1142 3016 angelum.

1148 3175 1630 3248 ARTICULUS
1678 3175 1764 3244 II.

765 3368 1232 3450 Consequenter
1255 3365 1333 3429 de
1357 3364 1634 3430 secundo
1660 3362 1957 3442 articulo,
1990 3361 2225 3426 scilicet

688 3475 764 3541 de
799 3474 1066 3539 annexis
1103 3471 1409 3555 angelica—‘2
1451 3470 1749 3536 custodiae
1773 3517 1791 3548 ,
1840 3472 2226 3553 quaeruntur

686 3581 810 3646 tria
841 3603 856 3645 :
889 3580 1096 3664 primo
1113 3579 1424 3663 quaeritur
1442 3581 1662 3643 utrum
1678 3576 1948 3659 angelus
1968 3577 2227 3658 propter

688 3692 971 3753 nostram
1011 3686 1499 3751 obstinationem
1540 3683 1872 3748 subtrahat
1920 3681 2226 3747 custodiae

688 3794 1069 3862 beneficium
1098 3813 1117 3873 3
1165 3792 1442 3857 secundo
1494 3792 1804 3874 quaeritur
1865 3794 2088 3855 utrum
2145 3807 2230 3854 ex

691 3906 907 3967 nostra
922 3899 1380 3966 beatificatione
1397 3901 1709 3963 accrescat
1730 3897 1791 3961 ei
1805 3914 2051 3962 novum
2073 3914 2232 3978 gau-

693 4009 904 4085 dium;
946 4007 1130 4071 tertio
1156 4006 1469 4090 quaeritur
1502 4009 1721 4074 utrum
1764 4003 2037 4086 angelus
2079 4020 2231 4067 cus-

693 4116 939 4182 todiens
958 4132 1040 4179 ex
1057 4112 1462 4179 damnatione
1481 4110 1771 4177 custoditi
1795 4111 2081 4175 incurrat
2107 4110 2227 4175 ali-

694 4223 865 4305 quod
890 4221 1365 4287 detrimentum.

1216 4459 1623 4541 QUAESTIO
1665 4459 1716 4526 1.

697 4620 795 4679 An
834 4618 1017 4691 anqeli
1057 4615 1315 4675 custodire
1351 4614 1602 4671 desinant
1626 4656 1644 4686 ,
1672 4613 1772 4671 ubi
1812 4626 1908 4670 nos
1943 4611 2238 4670 obstinatos

1265 4706 1617 4778 compererint
1630 4701 1673 4761 ¹.

783 4871 963 4938 Circa
992 4888 1191 4953 quam
1219 4869 1309 4933 sic
1348 4865 1743 4951 proceditur,
1782 4869 1846 4929 et
1885 4862 2241 4929 ostenditur

702 4979 873 5063 quod
894 4997 973 5042 an
980 4978 1167 5060 gelus
1194 4975 1530 5040 subtrahat
1551 4974 1632 5038 ab
1653 4971 1914 5036 homine
1940 4971 2242 5036 custodiae

704 5087 1085 5153 beneficium
1130 5086 1388 5168 propter
1437 5081 1923 5147 obstinationem
1938 5128 1956 5161 ,
1997 5098 2110 5163 per
2157 5078 2242 5142 il-

769 5216 790 5252 1
809 5213 890 5277 Cf.
910 5213 1057 5265 Alex.
1074 5209 1293 5273 AlensiS,
1312 5224 1366 5274 p.
1387 5210 1452 5273 ΙΙ,
1473 5223 1523 5273 q.
1541 5218 1653 5271 xm,
1671 5206 1868 5257 memb.
1883 5208 1911 5256 5
1923 5221 1942 5271 3
1969 5206 2022 5258 S.
2038 5205 2241 5272 Thom.,

707 5301 761 5351 p.
782 5287 830 5348 1,
855 5300 904 5351 q.
926 5295 1086 5349 cx111,
1110 5288 1204 5334 art.
1229 5285 1288 5347 ⁶5
1322 5285 1374 5332 et
1399 5282 1443 5332 11
1468 5281 1629 5343 Sene„
1657 5277 1775 5330 dist.
1802 5290 1887 5344 11,
1914 5292 1969 5343 q.
1994 5291 2041 5342 1,
2063 5281 2242 5341 art.4;

711 5357 878 5424 AEgid.
898 5359 1068 5419 Rom„
1093 5356 1135 5407 ll
1169 5355 1328 5418 Seni„
1356 5353 1471 5404 dist.
1490 5364 1567 5416 11,
1590 5365 1641 5416 q.
1665 5360 1702 5413 1,
1723 5354 1819 5400 art.
1841 5353 1870 5401 4
1882 5364 1899 5414 3
1928 5349 2243 5414 Altisiodor„

714 5431 733 5479 ι
765 5431 925 5491 Seni„
955 5432 1100 5478 tract.
1130 5438 1202 5490 xv,
1230 5439 1278 5476 e.
1299 5437 1363 5489 v;
1404 5424 1670 5489 Albertus,
1706 5421 1767 5471 de
1808 5422 1994 5474 Virtut.
2023 5424 2244 5483 assirim,

2307 801 2340 838 ι
2367 777 2591 843 Medici
2636 783 2789 844 sunt
2827 780 3045 861 angeli
3088 798 3249 863 quos
3284 798 3324 842 a
3355 779 3540 843 nobis
3581 779 3837 862 repelli-

2301 903 2449 950 mus
2468 935 2487 966 ,
2530 886 2686 951 dum
2732 905 2959 952 eorum
3004 887 3268 952 consilio
3310 905 3445 952 non
3489 887 3835 970 acquiesci-

2303 1012 2473 1057 mus.
2510 1016 2542 1054 ι

2383 1105 2444 1165 2.
2500 1100 2693 1183 Item,
2749 1120 2863 1185 per
2913 1103 3104 1167 aliam
3157 1101 3439 1168 Glossam
3491 1104 3838 1168 ostenditur

2303 1206 2462 1272 illud
2488 1208 2662 1274 idem
2691 1209 2932 1275 ibidem
2970 1230 2990 1275 ε
3028 1234 3060 1272 α
3085 1211 3250 1276 Cave
3290 1212 3631 1295 nequando
3656 1212 3838 1275 relin-

2305 1318 2462 1397 quat
2500 1321 2564 1381 te
2606 1318 2921 1397 medicus;
2961 1318 3018 1382 si
3052 1319 3225 1383 enim
3261 1319 3634 1402 reliquerit,
3677 1322 3841 1402 patet

2306 1422 2481 1504 quod
2525 1424 2836 1490 absceffiio
2873 1425 3103 1490 medici
3143 1426 3465 1490 damnatio
3505 1431 3623 1490 tua
3659 1426 3760 1489 sit.
3802 1446 3831 1483 ι

2308 1528 2484 1611 Ergo
2523 1533 2796 1613 angelus
2818 1532 3157 1597 hominem
3189 1551 3384 1615 quern
3412 1532 3683 1596 custodit
3724 1530 3841 1594 ali-

2309 1637 2565 1719 quando
2602 1638 2981 1720 derelinquit
3015 1663 3031 1702 :
3069 1640 3178 1703 sed
3217 1639 3341 1703 hoc
3380 1657 3515 1704 non
3550 1642 3679 1717 est,
3729 1637 3842 1700 nisi

2309 1749 2565 1831 quando
2587 1749 2887 1814 obfirmat
2903 1750 3129 1815 faciem
3148 1768 3332 1815 suam
3353 1768 3468 1833 per
3485 1748 3840 1815 obstinatio·

2310 1873 2507 1920 nem:
2540 1875 2698 1939 ergo
2716 1907 2735 1937 ,
2764 1861 2890 1922 etc.

2394 1967 2454 2027 3.
2484 1962 2667 2043 Item,
2694 1983 2809 2047 per
2834 1964 3333 2031 Damascenum:
3366 1988 3398 2025 α
3418 1964 3664 2029 Dicitur
3685 1965 3844 2047 quod

2313 2073 2746 2137 Antichristus
2772 2074 3007 2138 carebit
3029 2073 3408 2155 angelorum
3439 2073 3732 2156 praesidio
3765 2095 3780 2136 ε
3811 2093 3838 2129 n

2315 2180 2425 2244 sed
2451 2180 2573 2243 hoc
2601 2198 2735 2244 non
2760 2185 2857 2244 est
2875 2181 2998 2245 nisi
3017 2182 3171 2264 quia
3197 2182 3334 2263 ipse
3352 2181 3474 2245 erit
3500 2181 3846 2245 obstinatus

2316 2288 2387 2350 in
2408 2287 2580 2351 malo
2609 2310 2624 2351 :
2661 2306 2819 2370 ergo
2842 2288 3097 2355 videtur
3118 2288 3293 2372 quod
3318 2287 3693 2371 praesidium
3717 2305 3846 2351 cus-

2314 2394 2504 2459 todiae
2531 2394 2860 2460 obstinatis
2888 2396 3305 2461 subtrahatur
3330 2396 3412 2460 ab
3443 2395 3710 2478 angelis,

2398 2507 2459 2566 4.
2498 2502 2658 2567 Item
2684 2503 2955 2584 angelus
2988 2504 3314 2568 neminem
3345 2503 3625 2569 invitum
3658 2506 3852 2585 potest

2319 2610 2694 2693 compellere
2721 2611 2800 2675 ad
2826 2611 3068 2675 bonum
3095 2630 3112 2675 ε
3147 2612 3259 2676 sed
3284 2611 3636 2676 obstinatus
3658 2611 3853 2673 factus

2319 2721 2416 2781 est
2440 2717 2681 2783 invitus
2708 2718 2787 2782 ad
2809 2718 3054 2783 bonum
3084 2736 3282 2801 :ergo
3311 2719 3548 2782 frustra
3571 2718 3730 2780 circa
3755 2715 3854 2797 ip-

2321 2841 2469 2888 sum
2512 2824 2756 2889 laborat
2794 2826 3065 2909 angelus
3103 2844 3121 2889 ε
3169 2843 3328 2908 ergo
3342 2872 3360 2905 ,
3407 2825 3464 2889 si
3502 2823 3729 2889 stultus
3762 2822 3856 2885 est

2321 2930 2437 3013 qui
2483 2930 2723 3014 aliquid
2772 2932 3004 2997 trustra
3041 2933 3189 2997 facit
3204 2980 3222 3011 ,
3270 2931 3550 2996 maxime
3589 2930 3704 3013 qui
3739 2929 3857 2992 hoc

2322 3041 2605 3120 noverit,
2634 3040 2887 3107 videtur
2904 3040 3077 3124 quod
3095 3044 3351 3124 propter
3377 3037 3858 3105 obstinationem

2324 3148 2545 3231 perdat
2576 3149 2770 3213 homo
2798 3148 3165 3230 angelicum
3192 3146 3592 3232 praesidium.

2407 3258 2468 3318 5.
2493 3254 2654 3319 Item
2683 3255 2940 3338 majoris
2970 3255 3388 3339 benignitatis
3416 3259 3481 3321 et
3507 3254 3861 3319 misericor-

2328 3362 2454 3426 diae
2480 3362 2649 3428 Deus
2673 3369 2768 3428 est
2791 3412 2809 3441 ‚
2852 3381 3048 3445 quam
3089 3362 3170 3427 sit
3197 3363 3466 3444 angelus
3496 3383 3512 3425 ι
3551 3362 3664 3425 sed
3697 3360 3861 3424 Deus

2328 3475 2587 3553 propter
2611 3471 2846 3554 peccati
2862 3470 3380 3536 commissionem
3408 3468 3711 3551 relinquit
3728 3485 3861 3531 cor-

2329 3577 2425 3641 dis
2466 3577 2736 3642 humani
2774 3577 3206 3642 habitaculum
3239 3596 3257 3641 ε
3291 3595 3449 3658 ergo
3486 3576 3695 3640 multo
3732 3575 3862 3639 for-

2331 3685 2461 3749 tius
2522 3686 2773 3750 videtur
2823 3685 2996 3767 quod
3061 3689 3317 3768 propter
3369 3683 3862 3748 obstinationem

2332 3794 2604 3875 angelus
2627 3792 2956 3857 subtrahat
2977 3791 3426 3857 ministerium.

2412 3901 2475 3965 6.
2518 3899 2708 3980 Item,
2751 3903 3007 3983 propter
3035 3899 3447 3964 rebellionem
3484 3903 3547 3963 et
3581 3898 3864 3962 obstina-

2333 4009 2574 4073 tionem
2587 4007 3180 4072 excommunicatur
3194 4007 3337 4089 quis
3347 4011 3409 4070 et
3421 4005 3673 4089 ejicitur
3689 4009 3866 4069 extra

2337 4121 2574 4182 coetum
2593 4115 2910 4196 fidelium,
2932 4120 2996 4181 et
3012 4114 3407 4179 subtrahitur
3425 4114 3485 4178 ei
3505 4114 3870 4178 orationum

2338 4224 2898 4289 ecclesiasticarum
2932 4222 3341 4301 beneficium3
3373 4240 3554 4303 ergo,
3580 4224 3635 4284 si
3659 4224 3872 4284 tantus

2339 4330 2571 4394 zelator
2591 4328 2857 4413 justitiae
2874 4329 2980 4395 vel
3005 4330 3212 4411 major
3242 4331 3336 4392 est
3352 4326 3645 4410 angeluS‚
3676 4342 3871 4408 quam

2341 4435 2421 4499 sit
2451 4435 2741 4500 Ecclesiae
2770 4435 3068 4518 praelatus
3080 4481 3102 4513 ,
3153 4440 3217 4499 et
3239 4434 3542 4517 praelatus
3568 4432 3787 4497 rebelli
3815 4433 3875 4495 et

2341 4542 2654 4607 obstinato
2672 4542 2984 4607 subtrahit
3001 4543 3384 4607 beneficium
3408 4537 3876 4606 communionis

2342 4652 2408 4713 et
2434 4650 2769 4731 orationis,
2801 4650 3056 4715 videtur
3081 4648 3250 4732 quod
3273 4647 3479 4712 multo
3505 4647 3733 4713 fortius
3755 4663 3878 4709 an·

2344 4757 2530 4838 gelus
2550 4757 2881 4822 subtrahat
2905 4757 3273 4841 praesidium
3297 4754 3755 4820 custoditioniS.

2426 4870 2486 4929 7.
2517 4864 2676 4930 Item
2705 4864 2970 4947 gravius
2997 4867 3211 4947 peccat
3235 4863 3339 4927 ille
3374 4863 3481 4928 cui
3511 4863 3880 4945 suggerunt

2345 4973 2548 5049 bona,
2594 4976 2659 5036 et
2691 4971 2839 5036 facit
2881 4970 3080 5050 mala,
3125 4989 3322 5054 quam
3360 4971 3477 5053 qui
3522 4970 3671 5034 facit
3713 4969 3875 5034 mala

2345 5077 2485 5142 sine
2522 5077 2740 5161 aliqua
2776 5076 3213 5143 exhortatione
3257 5078 3574 5142 bonorum
3594 5125 3610 5158 ,
3657 5080 3722 5140 et
3760 5074 3880 5140 hoc

2347 5289 2401 5341 q.
2424 5287 2548 5340 vm,
2583 5279 2765 5340 art.9;
2810 5275 3119 5342 [tiebat-dus,
3164 5278 3208 5328 ll
3245 5276 3404 5341 Sunt„
3441 5275 3564 5326 dist.
3591 5285 3680 5339 11,
3718 5288 3771 5339 q.
3799 5284 3876 5337 1¹3

2345 5348 2527 5399 Thom.
2556 5350 2784 5415 Argent„
2826 5349 2867 5398 ll
2897 5349 3056 5411 Sunt„
3082 5348 3197 5399 dist.
3222 5360 3303 5413 ιι,
3331 5362 3384 5413 q.
3407 5359 3457 5411 1,
3485 5350 3584 5397 art.
3603 5350 3663 5410 33
3694 5345 3872 5410 Stepb.

2351 5419 2557 5484 Brulef„
2583 5420 2628 5469 11
2655 5421 2813 5480 sent„
2841 5419 2959 5471 dist.
2982 5432 3068 5484 11,
3098 5434 3152 5484 q.
3177 5432 3258 5472 111.
3276 5420 3597 5483 -2Jeoem.,
3620 5429 3692 5482 m,
3719 5419 3767 5468 9.
