4125 6225
489 2330 560 2376 Ad
575 2344 679 2390 099.

732 456 853 516 496

727 585 1150 668 intellectivae‚
1182 591 1246 653 et
1269 588 1449 673 loqui
1471 592 1649 654 actus
1674 587 1928 654 virtutis
1951 586 2271 669 interpre-

725 694 965 772 tativae‚
996 713 1156 777 ergo
1179 714 1314 760 non
1341 699 1491 761 sunt
1516 696 1708 761 idem.

807 801 965 868 Item
991 823 1127 869 non
1166 807 1262 870 est
1299 805 1520 870 eadem
1548 803 1879 870 conversio
1915 820 2045 886 qua
2085 800 2269 865 intel-

724 910 926 976 lectus
949 914 1343 978 convertitur
1369 914 1452 979 ad
1487 931 1554 978 se
1577 962 1595 992 ,
1627 916 1692 978 et
1716 930 1846 995 qua
1870 909 2271 976 convertitur

726 1018 807 1082 ad
842 1018 1113 1084 alterum
1158 1040 1175 1084 1
1210 1020 1264 1084 si
1302 1038 1460 1102 ergo
1500 1019 1837 1101 cogitando
1875 1017 2272 1083 convertitur

725 1125 1080 1192 intellectus
1105 1127 1181 1191 ad
1207 1147 1296 1207 se,
1332 1132 1395 1192 et
1418 1127 1738 1210 loquendo
1766 1126 2162 1191 convertitur
2189 1124 2272 1188 ad

723 1233 999 1297 alterum
1016 1282 1035 1313 ,
1065 1253 1224 1316 ergo
1261 1234 1539 1316 cogitare
1566 1238 1630 1298 et
1655 1233 1867 1317 loqui,
1899 1234 1971 1297 in
1996 1232 2229 1315 angelo
2247 1279 2266 1311 ,

725 1358 857 1404 non
884 1345 978 1405 est
999 1340 1194 1420 idem,
1223 1342 1331 1406 sed
1359 1341 1707 1406 diversum.

805 1446 966 1511 Item
990 1466 1104 1532 per
1128 1448 1517 1513 locutionem
1533 1452 1627 1512 est
1651 1446 2080 1512 manifestatio
2100 1446 2271 1529 cogi-

725 1557 896 1619 tatus
936 1555 1213 1638 angelici
1256 1578 1272 1620 t
1319 1555 1371 1619 si
1412 1572 1570 1637 ergo
1597 1554 1767 1619 idem
1806 1557 1971 1618 esset
2004 1553 2181 1636 loqui
2207 1556 2272 1617 et

726 1663 1027 1744 cogitare,
1057 1663 1369 1746 quidquid
1403 1663 1735 1743 cogitaret,
1766 1661 1944 1725 alteri
1971 1660 2267 1725 manifes-

724 1772 885 1833 taret
917 1792 931 1834 :
973 1787 1132 1852 ergo
1161 1769 1324 1833 nihil
1367 1769 1537 1853 quod
1574 1772 1668 1833 est
1704 1769 1773 1832 in
1814 1786 1945 1833 uno
1990 1767 2223 1848 angelo
2246 1816 2264 1846 ,

722 1874 944 1941 lateret
986 1877 1160 1960 quod
1200 1881 1362 1941 esset
1403 1877 1475 1940 in
1516 1876 1645 1942 alio
1686 1898 1703 1940 ι
1752 1893 1911 1957 ergo
1956 1874 2270 1958 quidquid

723 1984 911 2049 sciret
936 1984 1208 2064 angelus
1250 1983 1594 2066 superioris
1634 1983 1876 2047 ordinis
1897 2030 1915 2061 ,
1946 1982 2133 2046 sciret
2161 1980 2270 2046 ille

724 2091 843 2174 qui
890 2096 984 2156 est
1025 2090 1341 2155 inferioris
1381 2089 1623 2154 ordinis
1667 2111 1684 2154 ε
1727 2089 1900 2173 quod
1948 2093 2043 2153 est
2083 2089 2270 2172 plane

723 2198 955 2262 falsum
987 2220 1002 2262 ι
1036 2215 1216 2279 ergo,
1249 2200 1370 2262 etc.

806 2305 1078 2369 Contra:
1112 2312 1172 2369 1.
1204 2304 1567 2387 GregoriuS,
1597 2305 1666 2369 in
1692 2305 2067 2382 Moralibus,
2096 2304 2269 2369 diffl-

723 2413 908 2476 niens
947 2431 1174 2478 vocem
1209 2412 1592 2494 angelorum
1632 2411 1832 2475 (11611ι
1870 2434 1887 2476 z
1930 2435 1960 2473 α
1984 2410 2124 2477 Vox
2152 2431 2271 2476 an-

724 2519 1024 2603 gelorum
1064 2520 1136 2584 in
1176 2519 1364 2584 laude
1406 2518 1756 2583 Conditoris
1796 2523 1893 2583 est
1932 2519 2269 2584 admiratio

727 2626 976 2691 intimae
997 2626 1568 2710 contemplationis,
1589 2648 1620 2685 1>
1646 2624 1713 2690 Si
1731 2644 1889 2707 ergo
1907 2626 2264 2703 admiratio,

725 2733 864 2798 sive
905 2733 1385 2817 contemplatio,
1433 2750 1563 2797 non
1605 2737 1701 2798 est
1751 2738 1931 2798 actus
1972 2734 2270 2798 differens

723 2860 764 2905 a
791 2841 1184 2924 cognitione,
1218 2858 1377 2923 ergo
1404 2858 1524 2905 nec
1558 2841 1822 2921 locutio,
1853 2841 1989 2906 sive
2029 2843 2271 2906 vocife-

723 2949 909 3014 ratio.
1510 2940 1516 2944 ’

803 3058 864 3119 2.
901 3055 1062 3122 Item
1100 3055 1524 3123 Damascenus
1550 3057 1575 3093 ²
1605 3075 1624 3121 2
1670 3081 1703 3120 a
1738 3055 1883 3123 Non
1907 3056 2172 3140 lingua,
2206 3062 2271 3125 et

722 3164 948 3229 auditu
978 3164 1275 3246 indigent
1313 3165 1527 3248 angeli
1560 3188 1575 3230 ε
1615 3183 1767 3230 nam
1797 3165 1932 3230 sine
1973 3184 2269 3230 sermone

723 3290 880 3337 voce
905 3261 1152 3356 prol'ato
1177 3273 1437 3337 tradunt
1461 3273 1583 3336 sibi
1605 3292 1753 3337 suas
1778 3272 2198 3337 intentiones:
2234 3294 2266 3334 n

724 3378 898 3463 Ergo
924 3380 1180 3445 videtur
1205 3381 1373 3462 quod
1400 3385 1514 3444 aut
1539 3381 1772 3446 locutio
1798 3381 2088 3463 angelica
2107 3379 2270 3445 nihn

721 3485 835 3567 sit,
866 3490 1017 3564 aut,
1045 3488 1099 3551 si
1125 3486 1366 3570 aliquid
1400 3491 1532 3566 est,
1565 3506 1700 3553 non
1733 3493 1831 3554 est
1868 3489 2046 3554 aliud
2071 3506 2268 3573 quam

722 3595 1029 3675 cogitare.

805 3704 865 3765 3.
909 3700 1071 3765 Item
1103 3700 1340 3766 locutio
1374 3720 1507 3767 non
1541 3708 1637 3768 est
1668 3703 1840 3769 aliud
1878 3723 2078 3787 quam
2107 3724 2270 3770 con-

721 3814 945 3894 ceptus
998 3810 1420 3876 manifestatio
1477 3830 1495 3876 :
1553 3811 1823 3892 angelus
1885 3818 2103 3877 autem
2123 3861 2140 3892 ,
2197 3812 2270 3877 in

722 3924 1042 4001 quantum
1068 3921 1162 3983 est
1184 3919 1539 3983 substantia
1563 3919 1912 4001 cognitiva,
1940 3919 2133 3984 habet
2157 3938 2270 3984 na-

719 4028 935 4094 turam
962 4026 1227 4091 luminis
1259 4030 1323 4091 et
1347 4026 1585 4109 speculi
1618 4049 1633 4094 :
1679 4026 1785 4091 sed
1813 4026 1931 4091 lux
1967 4046 2268 4111 corpora-

719 4131 835 4211 lis,
882 4152 996 4218 per
1034 4134 1160 4199 hoc
1203 4134 1376 4216 quod
1414 4134 1583 4200 lucet
1602 4182 1621 4215 ,
1661 4152 1729 4198 se
1767 4135 2163 4214 manifestat3
2203 4139 2269 4200 et

721 4241 1051 4324 speculum
1072 4290 1089 4320 ,
1118 4260 1234 4324 per
1272 4241 1395 4305 hoc
1424 4242 1596 4325 quod
1630 4242 1906 4325 speciem
1947 4243 2171 4327 recipit
2204 4248 2267 4308 et

721 4348 991 4429 retinet,
1036 4349 1313 4433 speciem
1337 4354 1751 4433 repraesentat
1780 4372 1796 4415 ι
1826 4368 1984 4432 ergo
2009 4351 2265 4420 videtur

721 4457 892 4539 quod
920 4456 1218 4539 angeluS‚
1239 4456 1364 4521 hoc
1388 4458 1528 4540 ipso
1555 4458 1728 4541 quod
1748 4456 2070 4539 intelligit,
2091 4458 2266 4540 cogi-

718 4565 989 4629 tationes
1024 4583 1175 4628 suas
1202 4564 1475 4630 declaret
1504 4583 1522 4628 ε
1557 4584 1715 4647 ergo
1755 4584 1907 4630 cum
1944 4566 2267 4648 cognitio-

718 4671 819 4735 nis
840 4671 1182 4737 declaratio
1209 4673 1290 4737 sit
1311 4671 1573 4750 locutio,
1593 4672 1764 4737 idem
1781 4677 1876 4738 est
1898 4674 1969 4739 in
1992 4692 2072 4739 eo
2091 4674 2266 4756 cogi-

717 4781 872 4844 tatio
898 4785 963 4845 et
987 4781 1247 4846 locutio.
2137 4781 2141 4785 Α

798 4894 861 4954 4.
902 4889 1084 4970 Item,
1113 4889 1292 4973 loqui
1315 4907 1446 4953 non
1471 4892 1567 4954 est
1591 4889 1767 4954 aliud
1800 4909 1998 4973 quam
2025 4891 2258 4973 dicere,

718 5001 782 5062 et
818 4997 1025 5063 dicere
1067 5017 1199 5062 non
1244 5001 1339 5062 est
1375 4996 1549 5062 aliud
1593 5016 1790 5080 quam
1834 4999 2109 5063 verbum
2158 4999 2260 5082 gi-

716 5122 940 5187 gnere,
957 5104 1093 5170 sive
1115 5104 1390 5169 formare
1412 5123 1429 5169 1
1453 5105 1562 5170 sed
1580 5104 1879 5185 cogitatio
1899 5106 2061 5170 nihil
2083 5106 2262 5172 aliud

717 5216 813 5276 est
836 5231 1037 5296 quam
1066 5211 1249 5278 verbi
1273 5212 1567 5278 formatio
1591 5260 1609 5293 ,
1638 5212 1746 5277 vel
1771 5213 1950 5277 verbi
1990 5231 2262 5299 concep-

782 5375 802 5410 1
822 5375 997 5439 Greg.,
1022 5373 1202 5426 Moml.
1232 5375 1321 5425 lib.
1360 5376 1403 5426 11
1419 5413 1438 5441 ,
1466 5387 1605 5426 c.1v.
1631 5401 1692 5414 —
1720 5375 1743 5410 ¹
1762 5376 2017 5441 Damaso„
2045 5376 2108 5427 de
2131 5378 2260 5429 Fide

719 5444 935 5510 orthod„
961 5445 1052 5497 1111.
1081 5447 1153 5510 11,
1179 5460 1226 5498 6.
1245 5458 1328 5498 111.
1350 5472 1409 5485 -
1426 5446 1449 5482 ⁸
1468 5447 1714 5511 anselm„
1740 5446 1990 5512 Honoloq.
2006 5485 2022 5511 ,
2042 5437 2099 5499 8.
2119 5461 2192 5502 11.

1849 447 2477 518 SENTENTIARUM
2517 449 2667 517 LIB.
2714 450 2794 515 11.

2380 586 2470 651 tio
2487 634 2506 667 ,
2545 587 2711 652 sicut
2749 586 2889 652 vult
2910 584 3252 650 Anselmus
3279 588 3302 623 ⁸
3325 631 3342 663 ‚
3373 587 3438 647 et
3461 582 3868 664 Augustinus
3895 589 3917 638 Ξ

2380 712 2539 776 ergo
2568 692 2871 775 cogitatio
2897 691 3057 756 nihil
3088 691 3262 756 aliud
3304 692 3396 754 est
3434 707 3635 772 quam
3661 689 3920 755 interior

2380 799 2616 864 locutio
2661 819 2678 863 ε
2724 799 2833 864 sed
2881 797 3115 863 locutio
3157 815 3307 880 quae
3354 795 3654 860 convenit
3694 797 3922 878 angelo

2375 908 2734 975 secundum
2778 925 2846 970 se
2868 953 2888 982 ,
2937 909 3035 970 est
3070 910 3323 970 tantum
3373 903 3642 968 interior
3691 921 3710 965 z
3767 921 3923 986 ergo

2379 1013 2550 1079 idem
2578 1018 2695 1091 est,
2725 1012 2896 1096 quod
2922 1012 3243 1094 cogitatio.

2462 1124 2524 1186 5.
2573 1120 2766 1202 Item,
2807 1121 2861 1185 si
2900 1121 3136 1185 locutio
3173 1120 3384 1185 differt
3417 1139 3461 1184 a
3495 1120 3921 1201 cogitatione3

2380 1248 2531 1294 cum
2571 1234 3024 1314 praesupponat
3059 1247 3204 1293 eam
3225 1275 3243 1305 ‚
3280 1246 3503 1310 quaero
3553 1227 3710 1311 quid
3754 1228 3929 1293 addit

2380 1355 2573 1421 supra
2613 1337 2838 1419 ipsam.
2894 1336 2959 1400 Si
3005 1340 3078 1400 tu
3127 1335 3299 1400 dicas
3344 1334 3504 1398 mihi
3543 1333 3718 1416 quod
3756 1333 3928 1398 addit

2380 1446 2976 1524 manifestationem,
3006 1461 3153 1528 quae
3179 1444 3254 1507 fit
3269 1461 3385 1526 per
3410 1442 3764 1525 quamdam
3789 1460 3928 1525 596-

2381 1553 2502 1618 6161
2525 1553 2933 1633 oblationem,
2954 1558 3018 1617 et
3039 1550 3530 1621 transfusionem
3556 1550 3629 1612 in
3651 1548 3928 1614 alterum

2379 1660 2563 1744 quasi
2588 1660 2659 1724 in
2691 1661 3093 1737 audientem3
3124 1664 3277 1723 tunc
3303 1659 3585 1733 videtur,
3615 1674 3769 1721 cum
3809 1674 3928 1721 an-

2379 1769 2566 1850 gelus
2591 1769 2936 1853 superioris
2961 1767 3199 1833 ordinis
3224 1767 3387 1831 nihil
3411 1765 3677 1849 recipiat
3703 1766 3786 1830 ab
3808 1783 3925 1830 an-

2380 1877 2528 1958 gelo
2545 1877 2894 1956 inferioris„
2922 1876 3095 1961 quod
3121 1875 3391 1957 angelus
3416 1874 3740 1939 inferioris
3763 1873 3924 1939 ordi-

2380 1985 2485 2048 nis
2516 2003 2649 2048 non
2677 1984 2873 2066 possit
2901 1983 3077 2066 loqui
3100 1982 3288 2046 alicui
3313 1981 3548 2063 angelo
3576 1981 3925 2064 superioris

2379 2092 2617 2156 ordinis
2668 2113 2685 2157 ε
2732 2091 2905 2175 quod
2944 2091 3132 2174 plane
3180 2090 3409 2154 falsum
3455 2094 3586 2169 est3
3642 2089 3701 2152 si
3751 2088 3922 2152 enim

2377 2202 2580 2282 potest
2603 2199 2874 2279 angelus
2895 2196 3075 2279 loqui
3090 2195 3243 2276 Deo,
3264 2196 3468 2261 multo
3488 2196 3703 2278 magis
3720 2199 3923 2279 potest

2376 2306 2555 2391 loqui
2579 2306 2759 2371 alteri
2782 2305 3034 2387 angelo.

2458 2419 2520 2479 6.
2551 2413 2710 2479 116111
2735 2413 2973 2505 10611110
3002 2429 3150 2494 quae
3190 2412 3400 2477 differt
3427 2429 3468 2476 a
3493 2410 3874 2493 cogitatione
3892 2458 3913 2490 ‚

2375 2522 2550 2587 addit
2597 2522 2853 2605 aliquod
2897 2521 3161 2602 signum
3204 2520 3572 2601 exprimens
3613 2540 3630 2583 ε
3677 2519 3731 2583 51
3761 2535 3915 2600 ergo

2380 2627 2649 2710 angelus
2689 2628 2832 2693 vult
2876 2627 3153 2709 speciem
3200 2627 3670 2708 intelligibilem
3719 2643 3912 2709 quam

2380 2736 2572 2801 hahet
2617 2736 2689 2800 in
2734 2754 2826 2805 se,
2854 2734 3037 2819 alteri
3089 2734 3321 2816 angelo
3368 2734 3772 2799 manifestare
3814 2732 3913 2796 lo-

2379 2843 2656 2927 quendo,
2685 2843 2836 2907 etin
2856 2842 2996 2925 1950
3020 2842 3230 2906 differt
3245 2842 3479 2906 locutio
3502 2846 3570 2906 et
3587 2840 3909 2923 cogitatio,

2380 2956 2628 3034 oportet
2649 2969 2806 3033 ergo
2831 2949 3004 3034 quod
3025 2950 3274 3015 differat
3306 2950 3544 3032 species
3573 2968 3706 3033 qua
3730 2947 3910 3013 intel-

2378 3058 2525 3142 ligit
2542 3106 2559 3136 ‚
2588 3064 2654 3125 et
2683 3060 2946 3142 signum
2965 3077 3094 3142 quo
3129 3057 3433 3141 exprimit
3464 3079 3478 3122 ε
3513 3062 3672 3122 111116
3698 3074 3914 3141 quaero

2378 3167 2457 3231 de
2500 3166 2609 3231 illo
2636 3167 2823 3248 signo
2862 3186 2880 3231 z
2915 3169 3046 3231 Aut
3088 3170 3181 3232 est
3206 3165 3463 3249 5966165,
3509 3169 3625 3229 aut
3669 3183 3773 3230 res
3805 3187 3821 3228 :
3860 3164 3914 3228 si

2379 3278 2647 3361 5966165,
2672 3296 2831 3360 ergo
2855 3278 2994 3361 pari
3018 3278 3263 3343 ratione
3291 3277 3536 3358 indiget
3557 3275 3688 3340 alio
3703 3276 3909 3357 signo,

2378 3391 2441 3451 et
2469 3387 2759 3451 similiter
2794 3392 3189 3469 quaereretur
3231 3385 3310 3451 de
3358 3385 3468 3450 illo
3513 3384 3640 3449 alio
3691 3384 3873 3449 tertio
3893 3433 3912 3464 ,

2377 3513 2496 3559 nec
2521 3496 2641 3559 erit
2664 3494 2750 3558 ibi
2774 3500 2999 3572 statuS,
3024 3495 3186 3559 sicut
3204 3512 3323 3558 nec
3347 3492 3418 3557 in
3444 3493 3693 3575 prim03
3725 3493 3781 3556 si
3806 3511 3916 3557 au-

2378 3606 2509 3667 tem
2534 3607 2628 3668 est
2653 3620 2778 3680 res,
2801 3607 2913 3666 aut
2935 3600 3375 3683 intelligibilis,
3408 3603 3519 3664 aut
3545 3599 3865 3664 sensibilis
3894 3620 3910 3663 :

2378 3711 2690 3775 sensibilis
2714 3730 2881 3790 non,
2914 3710 3069 3793 quia
3091 3708 3402 3792 quidquid
3427 3711 3521 3772 est
3547 3707 3617 3770 in
3645 3706 3910 3790 angelo,

2379 3824 2474 3883 est
2494 3817 2858 3902 spirituale;
2894 3817 2949 3880 si
2978 3815 3425 3896 intelligibilis,
3455 3832 3683 3897 quaero
3715 3831 3910 3897 quare

2378 3925 2588 4006 magis
2634 3924 2813 3989 illam
2868 3921 3286 4007 apprehendit
3340 3921 3614 4003 angelus
3676 3923 3784 3985 6111
3842 3921 3913 3984 fit

2377 4052 2619 4114 sermo,
2649 4051 2846 4116 quam
2873 4032 3078 4115 ipsam
3105 4030 3378 4114 speciem
3409 4046 3556 4112 quae
3591 4033 3688 4093 est
3715 4030 3787 4092 in
3811 4028 3912 4092 in-

2375 4141 2628 4206 tellectu
2650 4139 2962 4222 angelico·
3000 4137 3076 4202 Et
3100 4137 3338 4202 iterum
3367 4135 3476 4199 illa
3503 4153 3608 4199 res
3635 4152 3786 4218 quae
3823 4139 3912 4200 oet

2374 4248 2446 4313 in
2471 4265 2605 4314 uno
2625 4246 2857 4329 angelo
2888 4263 3020 4309 non
3057 4248 3260 4326 potest
3286 4242 3422 4307 fieri
3445 4242 3514 4306 in
3550 4243 3818 4308 veritate
3843 4242 3909 4306 in

2376 4355 2499 4420 alio
2525 4356 2761 4437 angelo
2795 4376 2812 4417 t
2844 4369 3002 4434 ergo
3044 4354 3293 4434 oportet
3323 4350 3496 4433 quod
3525 4350 3643 4415 fiat
3684 4367 3908 4415 secun-

2375 4468 2532 4533 dum
2580 4464 3061 4531 similitudinem
3112 4485 3128 4528 :
3178 4467 3243 4528 et
3289 4468 3441 4527 tunc
3486 4462 3629 4544 pari
3669 4463 3904 4526 ratione

2374 4573 2614 4655 species
2648 4572 2924 4637 existens
2958 4571 3030 4635 in
3057 4571 3383 4636 intellectu
3418 4570 3617 4636 unius
3657 4568 3870 4651 angeli
3884 4615 3903 4643 ‚

2372 4683 2578 4763 potest
2601 4697 2909 4761 generare
2935 4678 3038 4743 sui
3079 4678 3355 4743 similem
3393 4677 3466 4741 in
3512 4676 3677 4757 ali03
3717 4680 3827 4742 aut
3848 4672 3900 4737 si

2372 4805 2504 4853 non
2518 4834 2535 4863 ,
2560 4785 2878 4870 quaeritur
2901 4802 3103 4867 quare
3129 4803 3286 4851 non.

2450 4898 2512 4959 7.
2541 4893 2724 4971 Item,
2756 4891 3076 4976 quomodo
3099 4896 3305 4976 potest
3331 4891 3491 4958 illud
3518 4891 3813 4975 intelligi,
3841 4896 3900 4957 et

2369 5001 2527 5084 quid
2552 5006 2649 5066 est
2669 5001 2758 5066 ihi
2780 5001 3064 5066 medium
3092 4999 3380 5064 deferens
3397 5048 3417 5079 ,
3445 5004 3509 5064 et
3534 5019 3684 5083 quae
3710 5007 3802 5065 est
3814 4999 3904 5064 ibi

2367 5110 2485 5176 lux
2511 5110 2911 5189 abstrahenS,
2943 5112 3006 5172 et
3031 5125 3179 5191 quae
3207 5112 3302 5172 est
3327 5108 3417 5171 ibi
3445 5107 3543 5171 vis
3571 5110 3676 5174 vel
3703 5110 3899 5173 virtus

2367 5218 2683 5297 excitans„
2719 5221 2783 5283 et
2821 5218 3202 5301 imprimens
3237 5238 3253 5281 t
3295 5216 3513 5280 omnia
3547 5216 3722 5281 enim
3763 5216 3897 5280 haee

2366 5324 2671 5391 videntur
2695 5343 2832 5389 esse
2856 5322 3231 5405 necessaria,
3250 5322 3306 5387 si
3329 5322 3548 5389 differt
3571 5322 3645 5388 in
3667 5321 3892 5405 angelo

2365 5431 2598 5498 locutio
2611 5481 2628 5513 ,
2662 5435 2727 5497 et
2746 5433 3069 5515 cogitatio.
