4125 6225
545 1594 616 1640 Ad
646 1607 751 1652 opp.

777 502 905 564 164

780 633 981 699 novit.
1011 632 1311 697 Attamen
1339 629 1394 695 si
1411 648 1546 696 non
1570 632 1739 713 tecit,
1768 649 1961 697 nemo
1987 636 2190 716 potest
2216 652 2317 697 ar-

780 759 978 821 guere
992 763 1010 819 ;
1042 739 1195 822 quia
1219 739 1342 805 hoc
1365 744 1571 806 totum
1602 741 1773 824 quod
1800 740 1945 805 fecit
1963 790 1979 817 ‚
2010 741 2133 804 fuit
2167 759 2317 822 gra-

777 848 867 912 tia
898 868 915 913 ε
942 867 1062 913 nec
1089 851 1224 913 erat
1250 848 1466 931 aliqua
1482 848 1839 931 exigentia,
1867 849 2116 912 ratione
2135 850 2321 929 cujus

779 956 974 1038 possit
995 955 1147 1040 poni
1171 956 1243 1019 in
1267 975 1344 1022 eo
1369 956 1562 1021 tuisse
1583 956 1850 1020 invidia.

1287 1196 1643 1276 QUAESTIO
1686 1195 1767 1261 II.

779 1348 874 1408 An
897 1351 1124 1408 mundus
1154 1351 1400 1423 potuerit
1427 1351 1552 1419 fieri
1591 1348 1784 1404 melior
1811 1352 2072 1418 quantum
2103 1344 2178 1401 ad
2197 1358 2326 1418 pro·

1040 1442 1304 1512 prietates
1323 1440 1576 1511 partium
1601 1438 1998 1509 integrandum
2013 1433 2052 1487 ¹.

865 1596 1088 1662 Utrum
1146 1597 1466 1662 mundum
1540 1595 1819 1680 potuerit
1885 1594 2027 1659 fleri
2100 1592 2327 1659 melior

781 1711 1097 1791 quantum
1126 1706 1207 1771 ad
1241 1706 1527 1789 partium
1551 1703 2015 1786 integi-antium
2041 1700 2328 1785 proprie-

779 1817 972 1891 tates;
1007 1817 1071 1877 et
1096 1814 1268 1895 quod
1301 1812 1412 1892 sic,
1437 1812 1694 1876 videtur
1719 1812 1741 1845 ²
1770 1830 1787 1874 ε
1820 1810 1966 1876 Erit
1993 1809 2113 1874 lux
2150 1808 2322 1873 lance

780 1923 953 1987 sicut
974 1920 1100 1985 lua·
1125 1921 1304 2001 solis,
1336 1926 1393 1987 et
1425 1921 1543 1986 lua·
1571 1920 1727 1985 solis
1754 1919 1920 1984 sicut
1941 1915 2063 1981 lua·
2098 1919 2330 1997 septem

778 2027 1053 2094 dieram.
1097 2027 1230 2092 Hoc
1278 2028 1438 2092 erit:
1490 2045 1649 2108 ergo
1693 2028 1899 2108 potest
1938 2041 2075 2087 esse
2112 2040 2129 2085 t
2174 2038 2330 2102 ergo

779 2134 946 2200 Deus
970 2139 1177 2219 potest
1202 2135 1472 2200 condere
1503 2157 1518 2199 :
1563 2138 1629 2199 et
1648 2132 1738 2196 ita
1769 2132 1847 2196 de
1873 2130 2015 2194 aliis
2040 2126 2331 2210 corpori-

781 2242 946 2307 bus:
977 2248 1040 2307 et
1073 2244 1128 2307 si
1151 2243 1273 2308 hoe
1290 2292 1307 2324 ‚
1337 2248 1548 2309 essent
1581 2244 1806 2326 utique
1840 2258 1943 2305 res
1977 2237 2273 2302 meliores
2311 2257 2328 2300 t

703 2336 710 2343 ’
781 2366 962 2430 ergo,
992 2354 1110 2421 etc.

863 2451 1043 2534 Item,
1072 2474 1189 2538 per
1214 2456 1685 2540 Augustinum‚
1716 2468 1908 2537 super
1932 2452 2223 2518 Genesim
2244 2448 2335 2514 ad

787 2560 1065 2627 litteram
1087 2567 1135 2641 ⁸,
1166 2567 1229 2627 et
1254 2563 1555 2646 Magister
1577 2563 1832 2628 adducit
1855 2561 2022 2625 hanc
2051 2556 2334 2622 auctori-

785 2673 982 2736 tatem
1014 2694 1031 2736 ε
1074 2697 1105 2735 α
1133 2672 1385 2753 Potuit,
1429 2674 1673 2757 inquit,
1702 2671 1870 2737 Deus
1907 2670 2102 2734 talem
2130 2669 2336 2732 facere

784 2777 1114 2845 hominem
1133 2830 1151 2862 ,
1197 2783 1312 2865 qui
1336 2800 1454 2846 nec
1482 2798 1739 2864 peccare
1767 2778 1960 2845 vellet
1974 2826 1991 2857 ,
2023 2795 2142 2841 nec
2180 2793 2336 2859 pos-

788 2889 884 2950 set
894 2909 912 2966 ;
949 2889 1013 2951 et
1052 2888 1107 2951 si
1146 2889 1340 2953 talem
1378 2888 1660 2969 fecisset,
1709 2889 1854 2972 quis
1902 2887 2151 2951 dubitat
2183 2903 2337 2951 eum

789 2995 1118 3060 meliorem
1144 2997 1381 3062 fuisse?
1403 3020 1433 3059 n
1467 2997 1661 3080 Erg0,
1693 3002 1817 3063 etc.

871 3101 1030 3168 Item
1062 3103 1289 3170 melior
1320 3109 1417 3171 est
1445 3104 1796 3189 proprietas
1834 3100 2337 3186 incorruptibili·

792 3210 939 3275 tatis
964 3213 1027 3274 et
1050 3211 1306 3294 quieti5‚
1335 3230 1535 3296 quam
1553 3210 1979 3295 corruptionis
2000 3214 2067 3275 et
2084 3214 2335 3274 motus:

793 3317 904 3382 sed
933 3318 1149 3382 omnia
1173 3337 1322 3402 quae
1352 3319 1498 3383 fecit
1523 3318 1720 3399 Deus,
1751 3317 2034 3383 sutfecit
2067 3334 2341 3399 corrup-

792 3424 1014 3504 tibilia,
1041 3430 1156 3491 aut
1175 3426 1390 3510 aliquo
1408 3425 1600 3491 modo
1618 3425 1879 3491 mobilia
1902 3446 1919 3491 ε
1939 3442 2100 3508 ergo
2122 3424 2344 3491 omnia

793 3534 1004 3617 potuit
1028 3534 1232 3599 facere
1255 3535 1543 3601 meliora.

874 3644 1055 3727 Item,
1089 3645 1300 3711 sinon
1327 3648 1674 3731 potuerunt
1695 3647 2005 3710 creaturae
2033 3646 2173 3711 fleri
2198 3663 2344 3712 me-

793 3751 981 3818 liores
996 3800 1015 3831 ‚
1063 3753 1188 3818 hoc
1220 3753 1342 3818 fuit
1357 3802 1377 3835 ,
1420 3756 1533 3819 aut
1561 3753 1715 3836 quia
1749 3751 1917 3818 Deus
1955 3771 2091 3818 non
2137 3753 2344 3836 potuit

793 3858 946 3925 dare
970 3860 1138 3943 pluS,
1170 3864 1285 3926 aut
1315 3860 1472 3945 quia
1497 3865 1811 3926 creaturas
1835 3878 1967 3925 non
1993 3862 2344 3944 potuerunt

794 3966 941 4049 plus
967 3986 1192 4050 capere
1235 3991 1251 4034 :
1283 3969 1339 4032 si
1370 3969 1527 4052 quia
1570 3967 1737 4032 Deus
1776 3987 1909 4032 non
1946 3967 2155 4051 potuit
2201 3985 2342 4030 am-

794 4071 965 4155 plius
991 4073 1165 4155 dare,
1195 4093 1354 4158 ergo
1370 4075 1588 4141 divina
1607 4074 1890 4158 potentia
1916 4078 2012 4138 est
2036 4073 2338 4154 limitata;

793 4179 850 4243 si
882 4181 1037 4264 quia
1066 4186 1375 4248 creaturae
1401 4200 1533 4246 non
1553 4186 1903 4265 potuerunt
1934 4181 2210 4264 amplius
2237 4198 2342 4244 ca-

794 4305 944 4370 pere
961 4337 982 4369 ,
1026 4289 1256 4354 Contra
1290 4312 1305 4355 :
1333 4286 1643 4355 Videmus
1675 4293 1811 4355 tota
1852 4289 1954 4354 die
1979 4293 2342 4353 creaturam

663 4469 668 4478 ,
792 4393 1116 4459 meliorari
1129 4444 1148 4475 ‚
1170 4399 1235 4460 et
1257 4395 1631 4461 deteriorari
1646 4444 1667 4475 ,
1697 4397 1874 4462 salva
1898 4395 2252 4460 substantia
2277 4398 2342 4459 et

558 4649 631 4695 Ad
661 4663 765 4709 opp.

793 4503 1179 4584 capacitate:
1212 4521 1391 4585 erge,
1423 4507 1544 4569 etc.
1646 4542 1652 4548 -

874 4606 1104 4673 Contra
1136 4629 1152 4673 :
1204 4615 1264 4673 1.
1301 4607 1541 4692 Optimi
1573 4612 1672 4673 est
1713 4609 1954 4692 optima
1983 4609 2297 4674 adducere
2314 4657 2334 4690 ‚

794 4714 958 4780 sicut
981 4716 1133 4781 dicit
1158 4715 1497 4799 Dionysius
1524 4722 1548 4758 ὕ
1581 4739 1596 4781 :
1628 4717 1740 4781 sed
1766 4719 2009 4800 optimo
2047 4735 2182 4781 non
2223 4735 2343 4799 po-

796 4828 917 4887 test
939 4842 1074 4888 esse
1103 4824 1372 4889 melius:
1402 4841 1562 4906 ergo
1579 4824 1633 4887 si
1663 4823 1851 4907 Deua,
1882 4845 2032 4891 cum
2061 4828 2147 4890 sit
2174 4825 2340 4908 opti-

795 4949 943 4996 mus
966 4980 985 5013 ,
1035 4932 1290 4997 adducit
1332 4951 1434 4997 res
1464 4932 1723 5016 optime,
1760 4939 1933 5017 patet
1980 4952 2171 5015 ergo,
2214 4938 2334 4997 etc.

874 5044 938 5104 2.
986 5038 1145 5105 Item
1188 5039 1366 5105 Plato
1404 5040 1576 5105 addit
1618 5041 1933 5105 rationem
1981 5059 2001 5105 ε
2060 5064 2094 5102 <1
2142 5039 2339 5106 Porro

861 5202 880 5237 ²
907 5201 989 5264 Cf.
1029 5201 1176 5250 Alex.
1205 5200 1437 5264 Alensis,
1480 5214 1533 5264 p.
1561 5201 1618 5264 1,
1647 5214 1699 5265 q.
1720 5187 1834 5265 ixl,
1856 5202 2048 5254 memb.
2072 5205 2121 5266 3,
2149 5206 2245 5253 art.
2269 5206 2298 5253 2
2313 5219 2332 5266 3

797 5273 852 5321 S.
881 5271 1087 5336 Thom.‚
1127 5271 1340 5332 ISent.,
1375 5271 1494 5321 diat.
1532 5283 1690 5334 mv,
1737 5286 1789 5336 q.
1838 5285 1890 5337 1,
1929 5277 2027 5323 art.
2081 5277 2142 5337 23
2190 5274 2334 5338 AEgi-

796 5340 909 5392 dius
943 5345 1114 5404 Rom„
1153 5344 1174 5392 l
1223 5345 1384 5406 sent„
1431 5343 1551 5393 dist.
1597 5355 1752 5408 unt,
1795 5359 1847 5410 q.
1893 5357 1971 5408 113
2014 5347 2238 5409 scotus,
2283 5346 2340 5395 in

795 5415 1058 5480 Report.,1
1090 5416 1251 5478 Sent„
1297 5416 1416 5467 dist.
1448 5426 1598 5481 xm,
1637 5431 1692 5482 q.
1729 5429 1780 5481 13
1821 5418 2082 5482 Richard„
2116 5420 2133 5468 Ι
2177 5419 2341 5476 Sent..

796 5486 916 5536 dist.
946 5497 1102 5551 mv,
1138 5499 1192 5551 q.
1231 5497 1312 5551 ιη
1350 5488 1535 5538 Tuom.
1576 5490 1721 5554 Arg„
1759 5494 1779 5539 ι
1823 5493 1983 5550 Sent„
2023 5491 2151 5540 dist.
2185 5500 2342 5555 XLIV,

1953 494 2577 563 SENTENTIARUM
2616 496 2764 562 LIB.
2810 497 2860 560 1.

2427 633 2582 715 quia
2606 632 2887 715 optimus
2910 634 3025 709 est,
3057 630 3138 693 ab
3168 630 3409 713 optimo
3447 650 3601 698 vero
3638 638 3845 702 omnis
3872 640 3968 703 in-

2428 739 2602 803 vidia
2642 738 2926 819 relegata
2957 742 3091 801 erat
3111 759 3128 816 ;
3171 742 3235 801 et
3273 739 3413 803 ideo
3441 741 3614 805 dedit
3630 744 3971 825 unicuique

2429 851 2734 910 creaturae
2750 850 2997 909 tantum
3013 843 3091 909 de
3108 846 3409 924 bonitate,
3432 855 3753 930 quantum
3773 855 3974 934 potuit

2428 972 2674 1036 capere.
2708 979 2739 1015 ι»
2784 952 2852 1017 Si
2880 957 2954 1017 tu
2986 954 3156 1018 dicas
3183 954 3355 1035 quod
3384 953 3662 1020 Platonis
3703 959 3972 1023 verbum

2429 1079 2560 1124 non
2590 1061 2795 1137 valet,
2829 1061 2984 1143 quia
3005 1059 3246 1124 invidia
3271 1080 3403 1124 non
3428 1066 3524 1125 est
3550 1068 3840 1146 respectu
3875 1067 3970 1130 in·

2429 1169 2711 1248 ferioris3
2761 1168 2992 1231 Contra
3035 1191 3049 1231 :
3098 1168 3540 1249 Augustinus»,
3582 1187 3776 1253 super
3821 1174 3969 1239 Gen.

2432 1277 2521 1343 acl
2556 1277 2840 1343 litteram
2865 1276 2887 1312 ⁸
2909 1299 2935 1341 .·
2974 1298 3003 1336 (ι
3030 1275 3097 1340 Si
3121 1276 3293 1340 bona
3328 1278 3535 1343 facere
3566 1298 3699 1343 non
3739 1285 3969 1363 posset,

2433 1383 2614 1449 nulla
2641 1388 2804 1448 esset
2846 1384 3161 1467 potentia3
3193 1385 3247 1447 si
3284 1390 3537 1468 posset,
3588 1388 3696 1452 sed
3746 1387 3970 1468 nollet,

2433 1511 2677 1574 magna
2719 1495 2881 1557 esset
2922 1491 3181 1557 invidia.
3222 1514 3253 1553 n
3308 1491 3481 1575 Ergo
3519 1495 3661 1577 pari
3704 1498 3971 1575 ratione,

2433 1601 2490 1665 si
2541 1604 2750 1684 posset
2796 1601 3001 1666 facere
3051 1600 3316 1665 meliora
3330 1648 3347 1680 ‚
3412 1605 3478 1665 et
3529 1601 3762 1683 nollet,
3822 1608 3977 1669 esset

2433 1707 2717 1775 invidus,

2517 1819 2577 1879 3.
2613 1814 2772 1879 Item
2792 1815 3035 1879 ratione
3063 1815 3350 1894 videtur3
3387 1815 3544 1898 quia
3562 1834 3756 1880 omne
3787 1835 3977 1898 agens

2435 1941 2519 1987 ex
2572 1927 2703 1988 tota
2749 1942 2867 1988 sua
2915 1923 3269 1986 substantia
3287 1971 3305 2002 ,
3360 1923 3508 1987 facit
3563 1941 3703 1987 rem
3749 1925 3977 2007 optimo

2437 2031 2626 2095 modo
2645 2048 2774 2113 quo
2800 2035 3005 2112 potest
3029 2030 3192 2106 fieri,
3216 2032 3269 2092 si
3291 2030 3643 2112 potentiam
3664 2032 3720 2111 ej
3732 2049 3807 2094 us
3827 2030 3977 2093 nihil

2437 2138 2700 2202 omnino
2730 2137 2995 2220 impedit
3025 2159 3042 2201 ι
3068 2137 3178 2201 sed
3199 2136 3364 2201 Deus
3393 2142 3488 2200 est
3514 2155 3717 2219 agens
3747 2156 3829 2201 ex
3854 2141 3978 2201 tota

2438 2263 2555 2309 sua
2580 2245 2860 2328 potentia
2885 2245 2955 2307 in
2982 2244 3161 2308 omni
3182 2263 3300 2308 sua
3326 2244 3599 2324 actione,
3627 2249 3691 2308 et
3712 2245 3978 2326 potentia

2439 2354 2579 2435 ejus
2616 2352 2862 2415 nullam
2897 2350 3093 2415 habet
3132 2351 3561 2432 indigentiam
3584 2399 3602 2427 ‚
3633 2370 3838 2434 neque
3882 2370 3978 2415 re-

2440 2462 2790 2525 sistentiam
2823 2483 2838 2525 :
2871 2478 3027 2541 ergo
3062 2460 3372 2543 quidquid
3398 2460 3584 2537 facit,
3615 2461 3705 2524 ita
3745 2462 3976 2525 bonum

2439 2570 2610 2650 facit,
2641 2569 2811 2651 quod
2837 2569 3016 2633 nullo
3043 2569 3236 2632 modo
3268 2572 3470 2650 potest
3498 2569 3643 2632 fieri
3678 2568 3920 2632 melius..

2522 2681 2584 2740 4.
2617 2676 2776 2740 Item
2805 2677 2947 2740 haec
2972 2681 3239 2740 estvera
3263 2694 3377 2758 per
3406 2694 3475 2739 se
3509 2698 3526 2740 z
3568 2700 3599 2736 α
3618 2675 3863 2741 Bonum
3894 2680 3977 2737 est

2443 2783 2815 2848 diffusivum
2832 2783 2936 2847 sui
2968 2805 2981 2846 ε
3013 2804 3044 2841 ι)
3071 2801 3230 2865 ergo
3253 2783 3463 2863 magis
3482 2783 3753 2861 bonum,
3780 2783 3978 2863 magis

2442 2890 2854 2969 diffusivum3
2881 2894 2944 2954 et
2964 2890 3245 2953 maxime
3268 2890 3542 2968 bonum,
3571 2890 3849 2954 maxime
3878 2890 3980 2952 dis·

2443 2998 2726 3064 fusivum
2752 3020 2769 3062 ε
2801 2998 2911 3062 sed
2939 2998 3110 3063 Deus
3135 3003 3230 3062 est
3255 3017 3453 3079 agens
3479 2998 3785 3062 maximae
3811 2997 3981 3062 boni·

2444 3105 2591 3171 tatis
2621 3128 2639 3170 2
2668 3124 2826 3187 ergo
2851 3105 3131 3170 maxime
3157 3124 3225 3170 se
3251 3103 3558 3170 diffundit
3593 3126 3609 3168 ε
3642 3123 3797 3187 ergo
3820 3103 3978 3168 vide-

2444 3216 2555 3278 tur
2583 3213 2755 3296 quod
2801 3214 3307 3296 unumquodque
3350 3211 3675 3295 optimum
3713 3210 3889 3290 facit,
3924 3215 3982 3273 et

2446 3325 2764 3405 quantum
2806 3320 2887 3384 ad
2931 3320 3352 3387 substantiam
3369 3367 3388 3400 ‚
3440 3322 3508 3386 et
3554 3322 3867 3403 quantum
3906 3317 3981 3382 ad

2448 3430 2882 3513 proprietates.
3935 3455 3949 3469 ·

2992 3665 3448 3735 CONCLUSIO.

2447 3846 2701 3902 Partium
2729 3846 3127 3916 tnteqrantium
3151 3843 3366 3911 mundi,
3408 3859 3528 3916 quoe
3553 3859 3591 3902 a
3617 3845 3726 3900 Deo
3755 3841 3979 3916 pendent

2519 3933 2848 4000 immediate,
2865 3936 3228 4007 proprietates
3248 3936 3299 3990 si
3316 3934 3559 3990 absolute
3575 3931 3977 3995 considerentur,

2520 4024 2763 4080 meliores
2787 4026 2910 4094 fieri
2929 4028 3261 4096 potuerunt5
3305 4026 3356 4079 si
3386 4038 3510 4080 vero
3535 4024 3767 4081 relative
3802 4021 3874 4078 ad
3896 4023 3978 4076 in-

2523 4114 2692 4170 vicem
2717 4117 2770 4169 et
2794 4111 2869 4168 ad
2887 4115 3067 4183 finem,
3098 4128 3454 4184 nequaquam.

2531 4285 2717 4371 Roep.
2777 4286 2858 4351 ad
2905 4286 3179 4369 Argum.
3235 4286 3584 4351 Dicendum
3632 4286 3800 4369 quod
3840 4299 3979 4348 cum

2449 4395 2764 4478 quaeritur
2803 4393 2883 4458 de
2926 4393 3300 4459 melioritate
3340 4396 3620 4478 partium
3669 4391 3975 4466 universi,

2450 4501 2888 4585 potest'quaeri
2911 4506 3228 4584 quantum
3252 4502 3332 4566 ad
3361 4502 3598 4585 duplex
3616 4519 3821 4585 genus
3848 4515 3978 4582 par·

2448 4611 2617 4674 tium
2659 4627 2677 4673 ε
2729 4614 2844 4674 aut
2885 4613 3202 4692 quantum
3251 4609 3332 4674 ad
3380 4616 3588 4692 partes
3628 4612 3970 4682 manentes,

2450 4717 2611 4781 sicut
2639 4722 2872 4781 natura
2901 4717 3360 4796 intellectualiS‚
3392 4717 3738 4799 rationaliS,
3769 4714 3972 4780 coeles-

2450 4823 2531 4887 tis
2553 4871 2574 4904 ,
2600 4828 2666 4887 et
2705 4824 3131 4903 elementaris;
3166 4830 3279 4889 aut
3312 4831 3630 4908 quantum
3667 4825 3746 4890 ad
3783 4826 3974 4907 partes

2450 4935 2850 4997 transeuntes
2871 4981 2889 5013 ,
2926 4933 3090 4997 sicut
3128 4933 3233 4997 hic
3267 4933 3462 4998 homo
3485 4982 3504 5013 ,
3543 4939 3608 4997 et
3636 4934 3736 4996 hic
3762 4946 3970 5013 equus.

2451 5037 2520 5104 Si
2544 5045 2860 5123 quantum
2898 5040 2979 5104 ad
3021 5043 3233 5124 partes
3269 5042 3670 5105 transeuntes
3692 5087 3710 5118 ,
3738 5040 3828 5102 sic
3848 5035 3973 5100 sine

2451 5216 2504 5268 q.
2550 5215 2602 5265 1,
2646 5207 2743 5252 art.
2790 5205 2855 5267 23
2905 5203 3097 5253 Marsil.
3146 5204 3400 5268 Inguen„
3459 5205 3478 5253 1
3525 5201 3683 5267 sent„
3728 5215 3777 5265 q.
3820 5204 3967 5252 me.

2451 5278 2548 5324 art.
2579 5278 2608 5324 2
2618 5290 2637 5338 3
2668 5275 2804 5325 Patr.
2846 5274 2911 5324 de
2940 5258 3169 5342 'im-ant„
3197 5278 3213 5325 1
3241 5276 3403 5337 sent„
3439 5274 3557 5326 dist.
3586 5285 3725 5338 mv,
3749 5286 3797 5336 q.
3832 5280 3885 5318 11.
3915 5290 3970 5302 -

2449 5347 2609 5409 ¹1⁸0„
2634 5358 2777 5411 xxx,
2810 5349 2894 5397 26.
2920 5348 3191 5411 —⁸Aug.,
3219 5347 3279 5397 de
3308 5347 3479 5399 Gener.
3521 5347 3588 5397 ad
3607 5347 3729 5406 litt„
3769 5343 3850 5393 lib.
3872 5339 3929 5390 X!
3949 5373 3966 5399 ‚

2453 5432 2501 5468 c.
2522 5429 2617 5478 vn,
2636 5432 2690 5468 n.
2708 5421 2758 5469 2.
2777 5443 2841 5455 —
2857 5421 2878 5454 δ
2898 5420 3049 5469 Dion.
3075 5421 3350 5484 Areopag„
3376 5419 3436 5468 de
3461 5420 3573 5468 Diu.
3600 5417 3815 5478 Nomia„
3839 5425 3881 5460 c.
3900 5418 3965 5458 {v-

2455 5514 2516 5526 —
2534 5491 2557 5526 ⁸
2575 5493 2728 5554 Aug„
2754 5489 2815 5540 de
2842 5491 3020 5541 Genes.
3049 5490 3119 5541 ad
3144 5491 3270 5553 titt„
3296 5491 3385 5540 lib.
3404 5492 3495 5554 IV,
3523 5504 3568 5542 c.
3601 5500 3705 5541 m.
