<?xml version="1.0" encoding="UTF-8"?>
<!DOCTYPE html PUBLIC "-//W3C//DTD XHTML 1.0 Transitional//EN"
    "http://www.w3.org/TR/xhtml1/DTD/xhtml1-transitional.dtd">
<html xmlns="http://www.w3.org/1999/xhtml" xml:lang="en" lang="en">
 <head>
  <title>
</title>
<meta http-equiv="Content-Type" content="text/html;charset=utf-8" />
  <meta name='ocr-system' content='tesseract 3.04.00' />
  <meta name='ocr-capabilities' content='ocr_page ocr_carea ocr_par ocr_line ocrx_word'/>
</head>
<body>
  <div class='ocr_page' id='page_1' title='image "./srecardinalissb01peltgoog_0425.png"; bbox 0 0 4125 6225; ppageno 0'>
   <div class='ocr_carea' id='block_1_1' title="bbox 84 2003 282 2062">
    <p class='ocr_par' dir='ltr' id='par_1_1' title="bbox 84 2003 282 2062">
     <span class='ocr_line' id='line_1_1' title="bbox 84 2003 282 2062; baseline 0.01 -14"><span class='ocrx_word' id='word_1_1' title='bbox 84 2003 157 2048; x_wconf 69' lang='lat' dir='ltr'>Ad</span> <span class='ocrx_word' id='word_1_2' title='bbox 174 2015 282 2062; x_wconf 81' lang='lat' dir='ltr'>opp.</span> 
     </span>
    </p>
   </div>
   <div class='ocr_carea' id='block_1_2' title="bbox 1228 371 2552 451">
    <p class='ocr_par' dir='ltr' id='par_1_2' title="bbox 1228 371 2552 451">
     <span class='ocr_line' id='line_1_2' title="bbox 1228 371 2552 451; baseline 0.001 -12"><span class='ocrx_word' id='word_1_3' title='bbox 1228 372 1607 440; x_wconf 85' lang='lat' dir='ltr'><strong>DISTINCT.</strong></span> <span class='ocrx_word' id='word_1_4' title='bbox 1641 372 1719 441; x_wconf 73' lang='lat' dir='ltr'>V.</span> <span class='ocrx_word' id='word_1_5' title='bbox 1762 372 1944 439; x_wconf 77' lang='grc' dir='ltr'><strong>ΛΒΤ.</strong></span> <span class='ocrx_word' id='word_1_6' title='bbox 1986 372 2097 438; x_wconf 89' lang='grc' dir='ltr'><strong>ΙΙΙ.</strong></span> <span class='ocrx_word' id='word_1_7' title='bbox 2138 371 2435 451; x_wconf 82' lang='lat' dir='ltr'><strong>QUAEST.</strong></span> <span class='ocrx_word' id='word_1_8' title='bbox 2475 373 2552 440; x_wconf 94' lang='lat' dir='ltr'>II.</span> 
     </span>
    </p>
   </div>
   <div class='ocr_carea' id='block_1_3' title="bbox 301 510 1846 5418">
    <p class='ocr_par' dir='ltr' id='par_1_3' title="bbox 301 510 1846 1021">
     <span class='ocr_line' id='line_1_3' title="bbox 302 510 1845 594; baseline -0.001 -17"><span class='ocrx_word' id='word_1_9' title='bbox 302 529 456 577; x_wconf 85' lang='lat' dir='ltr'>cum</span> <span class='ocrx_word' id='word_1_10' title='bbox 482 511 694 577; x_wconf 89' lang='lat' dir='ltr'>omnis</span> <span class='ocrx_word' id='word_1_11' title='bbox 723 526 1134 594; x_wconf 86' lang='lat' dir='ltr'>perseverans</span> <span class='ocrx_word' id='word_1_12' title='bbox 1158 510 1230 574; x_wconf 91' lang='lat' dir='ltr'>in</span> <span class='ocrx_word' id='word_1_13' title='bbox 1266 511 1477 593; x_wconf 88' lang='lat' dir='ltr'>gratia</span> <span class='ocrx_word' id='word_1_14' title='bbox 1510 512 1671 575; x_wconf 89' lang='lat' dir='ltr'>bene</span> <span class='ocrx_word' id='word_1_15' title='bbox 1698 514 1845 575; x_wconf 84' lang='lat' dir='ltr'>uta-</span> 
     </span>
     <span class='ocr_line' id='line_1_4' title="bbox 305 616 1843 701; baseline -0.002 -18"><span class='ocrx_word' id='word_1_16' title='bbox 305 622 415 683; x_wconf 84' lang='lat' dir='ltr'>tur</span> <span class='ocrx_word' id='word_1_17' title='bbox 450 636 524 683; x_wconf 89' lang='lat' dir='ltr'>ea</span> <span class='ocrx_word' id='word_1_18' title='bbox 543 666 561 696; x_wconf 93' lang='lat'>,</span> <span class='ocrx_word' id='word_1_19' title='bbox 600 617 714 701; x_wconf 81' lang='lat' dir='ltr'>qui</span> <span class='ocrx_word' id='word_1_20' title='bbox 757 620 1118 701; x_wconf 84' lang='lat' dir='ltr'>perseverat</span> <span class='ocrx_word' id='word_1_21' title='bbox 1162 616 1233 680; x_wconf 92' lang='lat' dir='ltr'>in</span> <span class='ocrx_word' id='word_1_22' title='bbox 1281 617 1489 700; x_wconf 89' lang='lat' dir='ltr'>gratia</span> <span class='ocrx_word' id='word_1_23' title='bbox 1504 666 1523 697; x_wconf 98' lang='lat'>,</span> <span class='ocrx_word' id='word_1_24' title='bbox 1560 620 1843 682; x_wconf 88' lang='lat' dir='ltr'>meretur</span> 
     </span>
     <span class='ocr_line' id='line_1_5' title="bbox 303 724 1844 807; baseline -0.002 -17"><span class='ocrx_word' id='word_1_25' title='bbox 303 743 447 790; x_wconf 90' lang='lat' dir='ltr'>eam</span> <span class='ocrx_word' id='word_1_26' title='bbox 477 744 494 790; x_wconf 87' lang='lat'>:</span> <span class='ocrx_word' id='word_1_27' title='bbox 525 725 631 789; x_wconf 91' lang='lat' dir='ltr'>sed</span> <span class='ocrx_word' id='word_1_28' title='bbox 676 725 847 807; x_wconf 82' lang='lat' dir='ltr'>quod</span> <span class='ocrx_word' id='word_1_29' title='bbox 886 727 981 789; x_wconf 88' lang='lat' dir='ltr'>est</span> <span class='ocrx_word' id='word_1_30' title='bbox 1023 742 1107 788; x_wconf 87' lang='lat' dir='ltr'>ex</span> <span class='ocrx_word' id='word_1_31' title='bbox 1142 724 1387 789; x_wconf 87' lang='lat' dir='ltr'>meritis</span> <span class='ocrx_word' id='word_1_32' title='bbox 1403 771 1421 802; x_wconf 90' lang='lat'>,</span> <span class='ocrx_word' id='word_1_33' title='bbox 1455 743 1589 789; x_wconf 91' lang='lat' dir='ltr'>non</span> <span class='ocrx_word' id='word_1_34' title='bbox 1631 727 1725 789; x_wconf 87' lang='lat' dir='ltr'>est</span> <span class='ocrx_word' id='word_1_35' title='bbox 1761 741 1844 788; x_wconf 82' lang='lat' dir='ltr'>ex</span> 
     </span>
     <span class='ocr_line' id='line_1_6' title="bbox 303 830 1846 914; baseline -0.002 -18"><span class='ocrx_word' id='word_1_36' title='bbox 303 831 517 914; x_wconf 88' lang='lat' dir='ltr'>gratia</span> <span class='ocrx_word' id='word_1_37' title='bbox 558 850 574 895; x_wconf 70' lang='grc' dir='ltr'>ε</span> <span class='ocrx_word' id='word_1_38' title='bbox 622 849 780 913; x_wconf 90' lang='lat' dir='ltr'>ergo</span> <span class='ocrx_word' id='word_1_39' title='bbox 825 831 1127 896; x_wconf 89' lang='lat' dir='ltr'>merendo</span> <span class='ocrx_word' id='word_1_40' title='bbox 1171 831 1444 913; x_wconf 79' lang='lat' dir='ltr'>gratiam</span> <span class='ocrx_word' id='word_1_41' title='bbox 1462 880 1480 911; x_wconf 89' lang='lat'>,</span> <span class='ocrx_word' id='word_1_42' title='bbox 1531 830 1846 896; x_wconf 83' lang='lat' dir='ltr'>desineret</span> 
     </span>
     <span class='ocr_line' id='line_1_7' title="bbox 301 939 698 1021; baseline -0.003 -17"><span class='ocrx_word' id='word_1_43' title='bbox 301 957 440 1004; x_wconf 89' lang='lat' dir='ltr'>esse</span> <span class='ocrx_word' id='word_1_44' title='bbox 470 939 698 1021; x_wconf 87' lang='lat' dir='ltr'>gratia.</span> 
     </span>
    </p>

    <p class='ocr_par' dir='ltr' id='par_1_4' title="bbox 303 1043 1845 1984">
     <span class='ocr_line' id='line_1_8' title="bbox 386 1043 1839 1127; baseline -0.001 -18"><span class='ocrx_word' id='word_1_45' title='bbox 386 1044 545 1110; x_wconf 88' lang='lat' dir='ltr'>Item</span> <span class='ocrx_word' id='word_1_46' title='bbox 566 1094 584 1125; x_wconf 88' lang='lat'>,</span> <span class='ocrx_word' id='word_1_47' title='bbox 641 1045 695 1108; x_wconf 91' lang='lat' dir='ltr'>si</span> <span class='ocrx_word' id='word_1_48' title='bbox 751 1043 1091 1126; x_wconf 68' lang='lat' dir='ltr'>praemium</span> <span class='ocrx_word' id='word_1_49' title='bbox 1146 1044 1445 1127; x_wconf 77' lang='lat' dir='ltr'>praecedit</span> <span class='ocrx_word' id='word_1_50' title='bbox 1496 1044 1799 1108; x_wconf 89' lang='lat' dir='ltr'>meritum</span> <span class='ocrx_word' id='word_1_51' title='bbox 1822 1092 1839 1121; x_wconf 88' lang='lat'><strong>‚</strong></span> 
     </span>
     <span class='ocr_line' id='line_1_9' title="bbox 303 1151 1844 1236; baseline -0.002 -19"><span class='ocrx_word' id='word_1_52' title='bbox 303 1170 530 1236; x_wconf 83' lang='lat' dir='ltr'>quaero</span> <span class='ocrx_word' id='word_1_53' title='bbox 557 1151 728 1234; x_wconf 89' lang='lat' dir='ltr'>quod</span> <span class='ocrx_word' id='word_1_54' title='bbox 744 1154 839 1216; x_wconf 86' lang='lat' dir='ltr'>est</span> <span class='ocrx_word' id='word_1_55' title='bbox 853 1151 1012 1215; x_wconf 89' lang='lat' dir='ltr'>illud</span> <span class='ocrx_word' id='word_1_56' title='bbox 1029 1152 1353 1231; x_wconf 86' lang='lat' dir='ltr'>meritum,</span> <span class='ocrx_word' id='word_1_57' title='bbox 1383 1154 1494 1215; x_wconf 89' lang='lat' dir='ltr'>aut</span> <span class='ocrx_word' id='word_1_58' title='bbox 1520 1155 1844 1232; x_wconf 85' lang='lat' dir='ltr'>quantum</span> 
     </span>
     <span class='ocr_line' id='line_1_10' title="bbox 303 1257 1838 1340; baseline -0.003 -15"><span class='ocrx_word' id='word_1_59' title='bbox 303 1260 386 1325; x_wconf 84' lang='lat' dir='ltr'>ad</span> <span class='ocrx_word' id='word_1_60' title='bbox 430 1264 644 1324; x_wconf 88' lang='lat' dir='ltr'>actum</span> <span class='ocrx_word' id='word_1_61' title='bbox 687 1258 1235 1340; x_wconf 81' lang='lat' dir='ltr'>contemplationis</span> <span class='ocrx_word' id='word_1_62' title='bbox 1253 1303 1271 1335; x_wconf 82' lang='lat'>‚</span> <span class='ocrx_word' id='word_1_63' title='bbox 1308 1261 1421 1322; x_wconf 90' lang='lat' dir='ltr'>aut</span> <span class='ocrx_word' id='word_1_64' title='bbox 1458 1257 1794 1322; x_wconf 89' lang='lat' dir='ltr'>ministerii</span> <span class='ocrx_word' id='word_1_65' title='bbox 1824 1279 1838 1321; x_wconf 90' lang='lat'><strong>:</strong></span> 
     </span>
     <span class='ocr_line' id='line_1_11' title="bbox 305 1364 1844 1448; baseline 0 -19"><span class='ocrx_word' id='word_1_66' title='bbox 305 1384 440 1431; x_wconf 93' lang='lat' dir='ltr'>non</span> <span class='ocrx_word' id='word_1_67' title='bbox 465 1369 780 1448; x_wconf 84' lang='lat' dir='ltr'>quantum</span> <span class='ocrx_word' id='word_1_68' title='bbox 807 1364 888 1428; x_wconf 90' lang='lat' dir='ltr'>ad</span> <span class='ocrx_word' id='word_1_69' title='bbox 916 1367 1130 1428; x_wconf 88' lang='lat' dir='ltr'>actum</span> <span class='ocrx_word' id='word_1_70' title='bbox 1156 1364 1731 1447; x_wconf 87' lang='lat' dir='ltr'>contemplationis,</span> <span class='ocrx_word' id='word_1_71' title='bbox 1755 1365 1844 1430; x_wconf 88' lang='lat' dir='ltr'>sic</span> 
     </span>
     <span class='ocr_line' id='line_1_12' title="bbox 306 1471 1843 1554; baseline -0.001 -16"><span class='ocrx_word' id='word_1_72' title='bbox 306 1474 483 1539; x_wconf 89' lang='lat' dir='ltr'>enim</span> <span class='ocrx_word' id='word_1_73' title='bbox 512 1490 734 1546; x_wconf 88' lang='lat' dir='ltr'>omnes</span> <span class='ocrx_word' id='word_1_74' title='bbox 769 1471 935 1535; x_wconf 89' lang='lat' dir='ltr'>beati</span> <span class='ocrx_word' id='word_1_75' title='bbox 964 1475 1362 1535; x_wconf 85' lang='lat' dir='ltr'>mererentur</span> <span class='ocrx_word' id='word_1_76' title='bbox 1391 1493 1407 1534; x_wconf 74' lang='grc' dir='ltr'><strong>ι</strong></span> <span class='ocrx_word' id='word_1_77' title='bbox 1441 1471 1495 1534; x_wconf 89' lang='lat' dir='ltr'>si</span> <span class='ocrx_word' id='word_1_78' title='bbox 1531 1477 1843 1554; x_wconf 87' lang='lat' dir='ltr'>quantum</span> 
     </span>
     <span class='ocr_line' id='line_1_13' title="bbox 308 1577 1845 1660; baseline -0.001 -17"><span class='ocrx_word' id='word_1_79' title='bbox 308 1579 391 1644; x_wconf 88' lang='lat' dir='ltr'>ad</span> <span class='ocrx_word' id='word_1_80' title='bbox 425 1583 637 1643; x_wconf 87' lang='lat' dir='ltr'>actum</span> <span class='ocrx_word' id='word_1_81' title='bbox 686 1577 1053 1654; x_wconf 86' lang='lat' dir='ltr'>ministerii,</span> <span class='ocrx_word' id='word_1_82' title='bbox 1099 1595 1257 1658; x_wconf 89' lang='lat' dir='ltr'>ergo</span> <span class='ocrx_word' id='word_1_83' title='bbox 1295 1577 1546 1641; x_wconf 89' lang='lat' dir='ltr'>videtur</span> <span class='ocrx_word' id='word_1_84' title='bbox 1579 1578 1749 1660; x_wconf 82' lang='lat' dir='ltr'>quod</span> <span class='ocrx_word' id='word_1_85' title='bbox 1790 1578 1845 1642; x_wconf 88' lang='lat' dir='ltr'>si</span> 
     </span>
     <span class='ocr_line' id='line_1_14' title="bbox 308 1686 1838 1768; baseline -0.001 -17"><span class='ocrx_word' id='word_1_86' title='bbox 308 1705 445 1751; x_wconf 91' lang='lat' dir='ltr'>non</span> <span class='ocrx_word' id='word_1_87' title='bbox 466 1691 630 1752; x_wconf 86' lang='lat' dir='ltr'>esset</span> <span class='ocrx_word' id='word_1_88' title='bbox 654 1687 871 1766; x_wconf 92' lang='lat' dir='ltr'>homo,</span> <span class='ocrx_word' id='word_1_89' title='bbox 897 1686 1167 1768; x_wconf 84' lang='lat' dir='ltr'>angelus</span> <span class='ocrx_word' id='word_1_90' title='bbox 1189 1704 1323 1750; x_wconf 90' lang='lat' dir='ltr'>non</span> <span class='ocrx_word' id='word_1_91' title='bbox 1344 1687 1554 1768; x_wconf 84' lang='lat' dir='ltr'>posset</span> <span class='ocrx_word' id='word_1_92' title='bbox 1575 1686 1838 1750; x_wconf 88' lang='lat' dir='ltr'>mereri:</span> 
     </span>
     <span class='ocr_line' id='line_1_15' title="bbox 309 1793 1844 1878; baseline 0.001 -21"><span class='ocrx_word' id='word_1_93' title='bbox 309 1811 468 1875; x_wconf 91' lang='lat' dir='ltr'>ergo</span> <span class='ocrx_word' id='word_1_94' title='bbox 503 1811 623 1858; x_wconf 89' lang='lat' dir='ltr'>nec</span> <span class='ocrx_word' id='word_1_95' title='bbox 645 1794 882 1875; x_wconf 86' lang='lat' dir='ltr'>dignus</span> <span class='ocrx_word' id='word_1_96' title='bbox 910 1796 1073 1856; x_wconf 88' lang='lat' dir='ltr'>esset</span> <span class='ocrx_word' id='word_1_97' title='bbox 1098 1793 1444 1858; x_wconf 84' lang='lat' dir='ltr'>beatificari</span> <span class='ocrx_word' id='word_1_98' title='bbox 1475 1816 1491 1858; x_wconf 72' lang='grc' dir='ltr'><strong><em>ε</em></strong></span> <span class='ocrx_word' id='word_1_99' title='bbox 1522 1796 1691 1878; x_wconf 78' lang='lat' dir='ltr'>quod</span> <span class='ocrx_word' id='word_1_100' title='bbox 1722 1794 1844 1859; x_wconf 84' lang='lat' dir='ltr'>fal-</span> 
     </span>
     <span class='ocr_line' id='line_1_16' title="bbox 309 1901 814 1984; baseline -0.004 -19"><span class='ocrx_word' id='word_1_101' title='bbox 309 1919 457 1965; x_wconf 87' lang='lat' dir='ltr'>sum</span> <span class='ocrx_word' id='word_1_102' title='bbox 485 1903 580 1965; x_wconf 92' lang='lat' dir='ltr'>est</span> <span class='ocrx_word' id='word_1_103' title='bbox 608 1901 814 1984; x_wconf 89' lang='lat' dir='ltr'>plane.</span> 
     </span>
    </p>

    <p class='ocr_par' dir='ltr' id='par_1_5' title="bbox 311 2006 1845 2305">
     <span class='ocr_line' id='line_1_17' title="bbox 393 2006 1845 2090; baseline 0.001 -17"><span class='ocrx_word' id='word_1_104' title='bbox 393 2008 623 2073; x_wconf 85' lang='lat' dir='ltr'>Contra</span> <span class='ocrx_word' id='word_1_105' title='bbox 647 2009 771 2073; x_wconf 90' lang='lat' dir='ltr'>hoc</span> <span class='ocrx_word' id='word_1_106' title='bbox 800 2012 894 2072; x_wconf 89' lang='lat' dir='ltr'>est</span> <span class='ocrx_word' id='word_1_107' title='bbox 926 2030 940 2071; x_wconf 89' lang='lat'>:</span> <span class='ocrx_word' id='word_1_108' title='bbox 976 2013 1035 2071; x_wconf 87' lang='lat'>1.</span> <span class='ocrx_word' id='word_1_109' title='bbox 1069 2008 1243 2090; x_wconf 84' lang='lat' dir='ltr'>quod</span> <span class='ocrx_word' id='word_1_110' title='bbox 1274 2006 1573 2090; x_wconf 84' lang='lat' dir='ltr'>Magister</span> <span class='ocrx_word' id='word_1_111' title='bbox 1599 2008 1749 2073; x_wconf 89' lang='lat' dir='ltr'>dicit</span> <span class='ocrx_word' id='word_1_112' title='bbox 1774 2010 1845 2074; x_wconf 91' lang='lat' dir='ltr'>in</span> 
     </span>
     <span class='ocr_line' id='line_1_18' title="bbox 311 2115 1845 2199; baseline 0 -17"><span class='ocrx_word' id='word_1_113' title='bbox 311 2119 518 2182; x_wconf 87' lang='lat' dir='ltr'>littera</span> <span class='ocrx_word' id='word_1_114' title='bbox 551 2138 567 2181; x_wconf 90' lang='lat'><strong>:</strong></span> <span class='ocrx_word' id='word_1_115' title='bbox 597 2139 627 2177; x_wconf 75' lang='grc' dir='ltr'><strong>α</strong></span> <span class='ocrx_word' id='word_1_116' title='bbox 656 2115 836 2193; x_wconf 86' lang='lat' dir='ltr'>Quod</span> <span class='ocrx_word' id='word_1_117' title='bbox 876 2116 1087 2198; x_wconf 88' lang='lat' dir='ltr'>magis</span> <span class='ocrx_word' id='word_1_118' title='bbox 1123 2116 1356 2199; x_wconf 90' lang='lat' dir='ltr'>placet,</span> <span class='ocrx_word' id='word_1_119' title='bbox 1405 2116 1635 2181; x_wconf 85' lang='lat' dir='ltr'>scilicet</span> <span class='ocrx_word' id='word_1_120' title='bbox 1674 2119 1845 2199; x_wconf 84' lang='lat' dir='ltr'>quod</span> 
     </span>
     <span class='ocr_line' id='line_1_19' title="bbox 311 2222 1204 2305; baseline -0.004 -18"><span class='ocrx_word' id='word_1_121' title='bbox 311 2228 641 2288; x_wconf 88' lang='lat' dir='ltr'>merentur</span> <span class='ocrx_word' id='word_1_122' title='bbox 659 2226 800 2305; x_wconf 87' lang='lat' dir='ltr'>jam</span> <span class='ocrx_word' id='word_1_123' title='bbox 828 2222 1141 2286; x_wconf 87' lang='lat' dir='ltr'>habitum.</span> <span class='ocrx_word' id='word_1_124' title='bbox 1172 2243 1204 2281; x_wconf 82' lang='grc'>11</span> 
     </span>
    </p>

    <p class='ocr_par' dir='ltr' id='par_1_6' title="bbox 304 2329 1846 3919">
     <span class='ocr_line' id='line_1_20' title="bbox 393 2329 1846 2411; baseline 0.001 -17"><span class='ocrx_word' id='word_1_125' title='bbox 393 2335 453 2395; x_wconf 74' lang='lat'>2.</span> <span class='ocrx_word' id='word_1_126' title='bbox 499 2331 656 2395; x_wconf 83' lang='lat' dir='ltr'>[tem</span> <span class='ocrx_word' id='word_1_127' title='bbox 684 2331 927 2394; x_wconf 90' lang='lat' dir='ltr'>ratione</span> <span class='ocrx_word' id='word_1_128' title='bbox 955 2353 969 2394; x_wconf 91' lang='lat'>:</span> <span class='ocrx_word' id='word_1_129' title='bbox 997 2329 1262 2411; x_wconf 88' lang='lat' dir='ltr'>Angeli‚</span> <span class='ocrx_word' id='word_1_130' title='bbox 1293 2329 1449 2393; x_wconf 91' lang='lat' dir='ltr'>dum</span> <span class='ocrx_word' id='word_1_131' title='bbox 1486 2330 1846 2395; x_wconf 88' lang='lat' dir='ltr'>ministrant</span> 
     </span>
     <span class='ocr_line' id='line_1_21' title="bbox 310 2438 1843 2521; baseline 0 -19"><span class='ocrx_word' id='word_1_132' title='bbox 310 2439 518 2518; x_wconf 77' lang='grc'><strong>1101115,</strong></span> <span class='ocrx_word' id='word_1_133' title='bbox 540 2438 781 2521; x_wconf 83' lang='lat' dir='ltr'>aliquid</span> <span class='ocrx_word' id='word_1_134' title='bbox 803 2441 1150 2512; x_wconf 89' lang='lat' dir='ltr'>merentur,</span> <span class='ocrx_word' id='word_1_135' title='bbox 1171 2455 1318 2502; x_wconf 92' lang='lat' dir='ltr'>cum</span> <span class='ocrx_word' id='word_1_136' title='bbox 1342 2455 1421 2501; x_wconf 86' lang='lat' dir='ltr'>ex</span> <span class='ocrx_word' id='word_1_137' title='bbox 1443 2454 1681 2519; x_wconf 84' lang='lat' dir='ltr'>magna</span> <span class='ocrx_word' id='word_1_138' title='bbox 1699 2438 1843 2502; x_wconf 89' lang='lat' dir='ltr'>cha-</span> 
     </span>
     <span class='ocr_line' id='line_1_22' title="bbox 309 2545 1845 2624; baseline 0.001 -15"><span class='ocrx_word' id='word_1_139' title='bbox 309 2546 496 2609; x_wconf 87' lang='lat' dir='ltr'>ritate</span> <span class='ocrx_word' id='word_1_140' title='bbox 523 2549 586 2610; x_wconf 90' lang='lat' dir='ltr'>et</span> <span class='ocrx_word' id='word_1_141' title='bbox 613 2545 983 2609; x_wconf 84' lang='lat' dir='ltr'>liberalitate</span> <span class='ocrx_word' id='word_1_142' title='bbox 1017 2545 1199 2609; x_wconf 88' lang='lat' dir='ltr'>nobis</span> <span class='ocrx_word' id='word_1_143' title='bbox 1227 2545 1753 2624; x_wconf 85' lang='lat' dir='ltr'>condescendant,</span> <span class='ocrx_word' id='word_1_144' title='bbox 1781 2550 1845 2611; x_wconf 90' lang='lat' dir='ltr'>et</span> 
     </span>
     <span class='ocr_line' id='line_1_23' title="bbox 310 2652 1839 2734; baseline 0 -17"><span class='ocrx_word' id='word_1_145' title='bbox 310 2653 739 2717; x_wconf 84' lang='lat' dir='ltr'>ministerium</span> <span class='ocrx_word' id='word_1_146' title='bbox 776 2670 909 2717; x_wconf 94' lang='lat' dir='ltr'>non</span> <span class='ocrx_word' id='word_1_147' title='bbox 945 2653 1029 2715; x_wconf 92' lang='lat' dir='ltr'>sit</span> <span class='ocrx_word' id='word_1_148' title='bbox 1064 2656 1241 2716; x_wconf 88' lang='lat' dir='ltr'>actus</span> <span class='ocrx_word' id='word_1_149' title='bbox 1275 2652 1839 2734; x_wconf 73' lang='lat' dir='ltr'>comprehensoria,</span> 
     </span>
     <span class='ocr_line' id='line_1_24' title="bbox 309 2760 1843 2841; baseline 0 -16"><span class='ocrx_word' id='word_1_150' title='bbox 309 2761 419 2825; x_wconf 90' lang='lat' dir='ltr'>sed</span> <span class='ocrx_word' id='word_1_151' title='bbox 461 2760 719 2824; x_wconf 88' lang='lat' dir='ltr'>viatoris</span> <span class='ocrx_word' id='word_1_152' title='bbox 746 2760 959 2841; x_wconf 89' lang='lat' dir='ltr'>potius</span> <span class='ocrx_word' id='word_1_153' title='bbox 989 2781 1003 2824; x_wconf 71' lang='grc' dir='ltr'>ε</span> <span class='ocrx_word' id='word_1_154' title='bbox 1036 2763 1147 2823; x_wconf 91' lang='lat' dir='ltr'>aut</span> <span class='ocrx_word' id='word_1_155' title='bbox 1181 2777 1339 2841; x_wconf 89' lang='lat' dir='ltr'>ergo</span> <span class='ocrx_word' id='word_1_156' title='bbox 1368 2764 1696 2825; x_wconf 91' lang='lat' dir='ltr'>merentur</span> <span class='ocrx_word' id='word_1_157' title='bbox 1724 2760 1843 2825; x_wconf 90' lang='lat' dir='ltr'>ha-</span> 
     </span>
     <span class='ocr_line' id='line_1_25' title="bbox 308 2867 1842 2947; baseline 0.001 -15"><span class='ocrx_word' id='word_1_158' title='bbox 308 2868 516 2932; x_wconf 85' lang='lat' dir='ltr'>bitum</span> <span class='ocrx_word' id='word_1_159' title='bbox 535 2917 553 2947; x_wconf 83' lang='lat'>‚</span> <span class='ocrx_word' id='word_1_160' title='bbox 587 2873 701 2932; x_wconf 90' lang='lat' dir='ltr'>aut</span> <span class='ocrx_word' id='word_1_161' title='bbox 738 2868 1102 2933; x_wconf 89' lang='lat' dir='ltr'>habendum</span> <span class='ocrx_word' id='word_1_162' title='bbox 1136 2890 1150 2931; x_wconf 71' lang='grc' dir='ltr'>ε</span> <span class='ocrx_word' id='word_1_163' title='bbox 1181 2867 1233 2931; x_wconf 89' lang='lat' dir='ltr'>si</span> <span class='ocrx_word' id='word_1_164' title='bbox 1278 2867 1570 2932; x_wconf 88' lang='lat' dir='ltr'>habitum</span> <span class='ocrx_word' id='word_1_165' title='bbox 1589 2917 1606 2947; x_wconf 90' lang='lat'>,</span> <span class='ocrx_word' id='word_1_166' title='bbox 1639 2868 1842 2933; x_wconf 88' lang='lat' dir='ltr'>habeo</span> 
     </span>
     <span class='ocr_line' id='line_1_26' title="bbox 308 2976 1842 3059; baseline 0.001 -21"><span class='ocrx_word' id='word_1_167' title='bbox 308 2976 706 3057; x_wconf 88' lang='lat' dir='ltr'>propositum</span> <span class='ocrx_word' id='word_1_168' title='bbox 725 3025 742 3055; x_wconf 89' lang='lat'>,</span> <span class='ocrx_word' id='word_1_169' title='bbox 789 2977 958 3059; x_wconf 91' lang='lat' dir='ltr'>quod</span> <span class='ocrx_word' id='word_1_170' title='bbox 1003 2976 1304 3039; x_wconf 89' lang='lat' dir='ltr'>meritum</span> <span class='ocrx_word' id='word_1_171' title='bbox 1350 2976 1634 3058; x_wconf 85' lang='lat' dir='ltr'>sequitur</span> <span class='ocrx_word' id='word_1_172' title='bbox 1676 2993 1842 3059; x_wconf 83' lang='lat' dir='ltr'>prae-</span> 
     </span>
     <span class='ocr_line' id='line_1_27' title="bbox 308 3083 1844 3165; baseline 0.003 -19"><span class='ocrx_word' id='word_1_173' title='bbox 308 3083 554 3163; x_wconf 82' lang='lat' dir='ltr'>mium3</span> <span class='ocrx_word' id='word_1_174' title='bbox 599 3084 654 3147; x_wconf 82' lang='lat' dir='ltr'>si</span> <span class='ocrx_word' id='word_1_175' title='bbox 690 3084 1057 3149; x_wconf 90' lang='lat' dir='ltr'>habendum</span> <span class='ocrx_word' id='word_1_176' title='bbox 1074 3133 1091 3162; x_wconf 88' lang='lat'>,</span> <span class='ocrx_word' id='word_1_177' title='bbox 1130 3101 1287 3165; x_wconf 89' lang='lat' dir='ltr'>ergo</span> <span class='ocrx_word' id='word_1_178' title='bbox 1326 3086 1481 3148; x_wconf 90' lang='lat' dir='ltr'>tunc</span> <span class='ocrx_word' id='word_1_179' title='bbox 1518 3101 1668 3148; x_wconf 88' lang='lat' dir='ltr'>cum</span> <span class='ocrx_word' id='word_1_180' title='bbox 1705 3103 1844 3151; x_wconf 93' lang='lat' dir='ltr'>me-</span> 
     </span>
     <span class='ocr_line' id='line_1_28' title="bbox 306 3192 1843 3271; baseline 0.002 -17"><span class='ocrx_word' id='word_1_181' title='bbox 306 3195 572 3255; x_wconf 90' lang='lat' dir='ltr'>reantur</span> <span class='ocrx_word' id='word_1_182' title='bbox 620 3192 1073 3256; x_wconf 86' lang='lat' dir='ltr'>beatitudinem</span> <span class='ocrx_word' id='word_1_183' title='bbox 1090 3240 1108 3271; x_wconf 87' lang='lat'>,</span> <span class='ocrx_word' id='word_1_184' title='bbox 1157 3209 1289 3256; x_wconf 91' lang='lat' dir='ltr'>non</span> <span class='ocrx_word' id='word_1_185' title='bbox 1338 3195 1487 3255; x_wconf 89' lang='lat' dir='ltr'>sunt</span> <span class='ocrx_word' id='word_1_186' title='bbox 1534 3192 1725 3257; x_wconf 90' lang='lat' dir='ltr'>beati.</span> <span class='ocrx_word' id='word_1_187' title='bbox 1776 3192 1843 3259; x_wconf 91' lang='lat' dir='ltr'>Si</span> 
     </span>
     <span class='ocr_line' id='line_1_29' title="bbox 306 3298 1844 3381; baseline 0.002 -20"><span class='ocrx_word' id='word_1_188' title='bbox 306 3298 484 3362; x_wconf 89' lang='lat' dir='ltr'>alind</span> <span class='ocrx_word' id='word_1_189' title='bbox 510 3317 703 3381; x_wconf 85' lang='lat' dir='ltr'>quam</span> <span class='ocrx_word' id='word_1_190' title='bbox 730 3300 1215 3376; x_wconf 83' lang='lat' dir='ltr'>beatitudinem,</span> <span class='ocrx_word' id='word_1_191' title='bbox 1247 3317 1405 3380; x_wconf 86' lang='lat' dir='ltr'>ergo</span> <span class='ocrx_word' id='word_1_192' title='bbox 1431 3317 1561 3364; x_wconf 91' lang='lat' dir='ltr'>non</span> <span class='ocrx_word' id='word_1_193' title='bbox 1587 3306 1679 3365; x_wconf 86' lang='lat' dir='ltr'>est</span> <span class='ocrx_word' id='word_1_194' title='bbox 1704 3318 1844 3364; x_wconf 91' lang='lat' dir='ltr'>me-</span> 
     </span>
     <span class='ocr_line' id='line_1_30' title="bbox 306 3406 1838 3489; baseline 0.001 -20"><span class='ocrx_word' id='word_1_195' title='bbox 306 3406 510 3470; x_wconf 89' lang='lat' dir='ltr'>ritum</span> <span class='ocrx_word' id='word_1_196' title='bbox 550 3425 775 3471; x_wconf 90' lang='lat' dir='ltr'>eorum</span> <span class='ocrx_word' id='word_1_197' title='bbox 817 3407 1164 3489; x_wconf 78' lang='lat' dir='ltr'>perfectum</span> <span class='ocrx_word' id='word_1_198' title='bbox 1179 3456 1197 3484; x_wconf 89' lang='lat'>‚</span> <span class='ocrx_word' id='word_1_199' title='bbox 1234 3424 1353 3470; x_wconf 90' lang='lat' dir='ltr'>nec</span> <span class='ocrx_word' id='word_1_200' title='bbox 1391 3407 1838 3472; x_wconf 89' lang='lat' dir='ltr'>necessarium.</span> 
     </span>
     <span class='ocr_line' id='line_1_31' title="bbox 308 3512 1843 3598; baseline 0.003 -21"><span class='ocrx_word' id='word_1_201' title='bbox 308 3512 626 3578; x_wconf 85' lang='lat' dir='ltr'>Praeterea</span> <span class='ocrx_word' id='word_1_202' title='bbox 642 3563 661 3593; x_wconf 86' lang='lat'>,</span> <span class='ocrx_word' id='word_1_203' title='bbox 714 3513 1021 3596; x_wconf 85' lang='lat' dir='ltr'>quidquid</span> <span class='ocrx_word' id='word_1_204' title='bbox 1068 3518 1455 3593; x_wconf 85' lang='lat' dir='ltr'>mereantur,</span> <span class='ocrx_word' id='word_1_205' title='bbox 1504 3533 1652 3579; x_wconf 88' lang='lat' dir='ltr'>cum</span> <span class='ocrx_word' id='word_1_206' title='bbox 1699 3532 1843 3598; x_wconf 76' lang='lat' dir='ltr'>spes</span> 
     </span>
     <span class='ocr_line' id='line_1_32' title="bbox 306 3620 1846 3704; baseline -0.001 -18"><span class='ocrx_word' id='word_1_207' title='bbox 306 3638 450 3703; x_wconf 78' lang='lat' dir='ltr'>quoe</span> <span class='ocrx_word' id='word_1_208' title='bbox 494 3620 829 3704; x_wconf 79' lang='lat' dir='ltr'>differtur,</span> <span class='ocrx_word' id='word_1_209' title='bbox 874 3621 1135 3703; x_wconf 60' lang='lat' dir='ltr'>affligat</span> <span class='ocrx_word' id='word_1_210' title='bbox 1183 3621 1505 3687; x_wconf 79' lang='lat' dir='ltr'>animam¹</span> <span class='ocrx_word' id='word_1_211' title='bbox 1524 3671 1544 3701; x_wconf 89' lang='lat'>,</span> <span class='ocrx_word' id='word_1_212' title='bbox 1590 3623 1846 3687; x_wconf 88' lang='lat' dir='ltr'>videtur</span> 
     </span>
     <span class='ocr_line' id='line_1_33' title="bbox 306 3728 1842 3811; baseline 0.002 -20"><span class='ocrx_word' id='word_1_213' title='bbox 306 3729 478 3811; x_wconf 89' lang='lat' dir='ltr'>quod</span> <span class='ocrx_word' id='word_1_214' title='bbox 522 3728 647 3793; x_wconf 84' lang='lat' dir='ltr'>tale</span> <span class='ocrx_word' id='word_1_215' title='bbox 700 3728 1002 3792; x_wconf 87' lang='lat' dir='ltr'>meritum</span> <span class='ocrx_word' id='word_1_216' title='bbox 1056 3732 1346 3811; x_wconf 88' lang='lat' dir='ltr'>respectu</span> <span class='ocrx_word' id='word_1_217' title='bbox 1392 3730 1483 3792; x_wconf 90' lang='lat' dir='ltr'>rei</span> <span class='ocrx_word' id='word_1_218' title='bbox 1536 3730 1842 3794; x_wconf 83' lang='lat' dir='ltr'>habendae</span> 
     </span>
     <span class='ocr_line' id='line_1_34' title="bbox 304 3836 1681 3919; baseline 0.001 -19"><span class='ocrx_word' id='word_1_219' title='bbox 304 3856 436 3901; x_wconf 90' lang='lat' dir='ltr'>non</span> <span class='ocrx_word' id='word_1_220' title='bbox 464 3837 659 3919; x_wconf 86' lang='lat' dir='ltr'>possit</span> <span class='ocrx_word' id='word_1_221' title='bbox 688 3841 852 3902; x_wconf 88' lang='lat' dir='ltr'>stare</span> <span class='ocrx_word' id='word_1_222' title='bbox 879 3856 1028 3901; x_wconf 89' lang='lat' dir='ltr'>cum</span> <span class='ocrx_word' id='word_1_223' title='bbox 1056 3840 1225 3900; x_wconf 85' lang='lat' dir='ltr'>statu</span> <span class='ocrx_word' id='word_1_224' title='bbox 1254 3836 1681 3901; x_wconf 62' lang='lat' dir='ltr'>beatitudinis</span> 
     </span>
    </p>

    <p class='ocr_par' dir='ltr' id='par_1_7' title="bbox 302 3943 1844 4562">
     <span class='ocr_line' id='line_1_35' title="bbox 387 3943 1843 4027; baseline 0.001 -20"><span class='ocrx_word' id='word_1_225' title='bbox 387 3948 447 4007; x_wconf 88' lang='lat'>3.</span> <span class='ocrx_word' id='word_1_226' title='bbox 496 3943 656 4007; x_wconf 87' lang='lat' dir='ltr'>Item</span> <span class='ocrx_word' id='word_1_227' title='bbox 692 3963 930 4025; x_wconf 88' lang='lat' dir='ltr'>magna</span> <span class='ocrx_word' id='word_1_228' title='bbox 973 3943 1237 4027; x_wconf 86' lang='lat' dir='ltr'>praemia</span> <span class='ocrx_word' id='word_1_229' title='bbox 1273 3962 1404 4007; x_wconf 90' lang='lat' dir='ltr'>non</span> <span class='ocrx_word' id='word_1_230' title='bbox 1441 3944 1671 4008; x_wconf 88' lang='lat' dir='ltr'>debent</span> <span class='ocrx_word' id='word_1_231' title='bbox 1708 3944 1843 4008; x_wconf 89' lang='lat' dir='ltr'>dari</span> 
     </span>
     <span class='ocr_line' id='line_1_36' title="bbox 304 4051 1843 4133; baseline -0.001 -19"><span class='ocrx_word' id='word_1_232' title='bbox 304 4052 443 4116; x_wconf 91' lang='lat' dir='ltr'>sine</span> <span class='ocrx_word' id='word_1_233' title='bbox 481 4053 738 4133; x_wconf 89' lang='lat' dir='ltr'>magnis</span> <span class='ocrx_word' id='word_1_234' title='bbox 765 4052 1007 4115; x_wconf 80' lang='lat' dir='ltr'>meritis</span> <span class='ocrx_word' id='word_1_235' title='bbox 1040 4070 1056 4114; x_wconf 75' lang='grc' dir='ltr'><strong><em>ε</em></strong></span> <span class='ocrx_word' id='word_1_236' title='bbox 1089 4055 1152 4115; x_wconf 90' lang='lat' dir='ltr'>et</span> <span class='ocrx_word' id='word_1_237' title='bbox 1185 4069 1423 4131; x_wconf 87' lang='lat' dir='ltr'>magna</span> <span class='ocrx_word' id='word_1_238' title='bbox 1458 4051 1682 4114; x_wconf 85' lang='lat' dir='ltr'>merita</span> <span class='ocrx_word' id='word_1_239' title='bbox 1711 4068 1843 4115; x_wconf 93' lang='lat' dir='ltr'>non</span> 
     </span>
     <span class='ocr_line' id='line_1_37' title="bbox 304 4158 1843 4240; baseline -0.001 -17"><span class='ocrx_word' id='word_1_240' title='bbox 304 4165 460 4224; x_wconf 88' lang='lat' dir='ltr'>sunt</span> <span class='ocrx_word' id='word_1_241' title='bbox 497 4160 631 4223; x_wconf 85' lang='lat' dir='ltr'>sine</span> <span class='ocrx_word' id='word_1_242' title='bbox 668 4161 923 4240; x_wconf 89' lang='lat' dir='ltr'>magnis</span> <span class='ocrx_word' id='word_1_243' title='bbox 958 4158 1272 4240; x_wconf 86' lang='lat' dir='ltr'>obsequiis</span> <span class='ocrx_word' id='word_1_244' title='bbox 1303 4180 1318 4221; x_wconf 71' lang='grc' dir='ltr'>ε</span> <span class='ocrx_word' id='word_1_245' title='bbox 1350 4176 1506 4239; x_wconf 90' lang='lat' dir='ltr'>ergo</span> <span class='ocrx_word' id='word_1_246' title='bbox 1541 4176 1691 4221; x_wconf 89' lang='lat' dir='ltr'>cum</span> <span class='ocrx_word' id='word_1_247' title='bbox 1727 4178 1843 4222; x_wconf 90' lang='lat' dir='ltr'>an-</span> 
     </span>
     <span class='ocr_line' id='line_1_38' title="bbox 302 4264 1844 4350; baseline -0.001 -19"><span class='ocrx_word' id='word_1_248' title='bbox 302 4267 436 4350; x_wconf 84' lang='lat' dir='ltr'>geli</span> <span class='ocrx_word' id='word_1_249' title='bbox 463 4286 703 4348; x_wconf 89' lang='lat' dir='ltr'>magna</span> <span class='ocrx_word' id='word_1_250' title='bbox 734 4266 998 4348; x_wconf 84' lang='lat' dir='ltr'>praemia</span> <span class='ocrx_word' id='word_1_251' title='bbox 1027 4265 1334 4341; x_wconf 84' lang='lat' dir='ltr'>habeant,</span> <span class='ocrx_word' id='word_1_252' title='bbox 1365 4269 1428 4329; x_wconf 93' lang='lat' dir='ltr'>et</span> <span class='ocrx_word' id='word_1_253' title='bbox 1458 4283 1699 4346; x_wconf 88' lang='lat' dir='ltr'>magna</span> <span class='ocrx_word' id='word_1_254' title='bbox 1728 4264 1844 4329; x_wconf 92' lang='lat' dir='ltr'>ob-</span> 
     </span>
     <span class='ocr_line' id='line_1_39' title="bbox 302 4371 1844 4457; baseline -0.001 -19"><span class='ocrx_word' id='word_1_255' title='bbox 302 4375 524 4457; x_wconf 80' lang='lat' dir='ltr'>sequia</span> <span class='ocrx_word' id='word_1_256' title='bbox 558 4391 690 4437; x_wconf 89' lang='lat' dir='ltr'>non</span> <span class='ocrx_word' id='word_1_257' title='bbox 736 4372 1170 4456; x_wconf 62' lang='lat' dir='ltr'>praecesserint</span> <span class='ocrx_word' id='word_1_258' title='bbox 1206 4373 1275 4434; x_wconf 91' lang='lat' dir='ltr'>in</span> <span class='ocrx_word' id='word_1_259' title='bbox 1318 4371 1554 4454; x_wconf 89' lang='lat' dir='ltr'>quibus</span> <span class='ocrx_word' id='word_1_260' title='bbox 1590 4390 1844 4436; x_wconf 90' lang='lat' dir='ltr'>merue-</span> 
     </span>
     <span class='ocr_line' id='line_1_40' title="bbox 302 4479 1132 4562; baseline -0.004 -18"><span class='ocrx_word' id='word_1_261' title='bbox 302 4482 434 4544; x_wconf 88' lang='lat' dir='ltr'>rint</span> <span class='ocrx_word' id='word_1_262' title='bbox 452 4527 469 4557; x_wconf 80' lang='grc'>,</span> <span class='ocrx_word' id='word_1_263' title='bbox 496 4499 653 4561; x_wconf 85' lang='lat' dir='ltr'>ergo</span> <span class='ocrx_word' id='word_1_264' title='bbox 679 4479 907 4544; x_wconf 90' lang='lat' dir='ltr'>debent</span> <span class='ocrx_word' id='word_1_265' title='bbox 932 4479 1132 4562; x_wconf 85' lang='lat' dir='ltr'>sequi.</span> 
     </span>
    </p>

    <p class='ocr_par' dir='ltr' id='par_1_8' title="bbox 302 4583 1845 5418">
     <span class='ocr_line' id='line_1_41' title="bbox 386 4583 1838 4668; baseline 0 -19"><span class='ocrx_word' id='word_1_266' title='bbox 386 4591 446 4649; x_wconf 74' lang='lat'>4.</span> <span class='ocrx_word' id='word_1_267' title='bbox 498 4586 657 4650; x_wconf 91' lang='lat' dir='ltr'>Item</span> <span class='ocrx_word' id='word_1_268' title='bbox 702 4586 1053 4650; x_wconf 85' lang='lat' dir='ltr'>secundum</span> <span class='ocrx_word' id='word_1_269' title='bbox 1097 4585 1268 4668; x_wconf 85' lang='lat' dir='ltr'>quod</span> <span class='ocrx_word' id='word_1_270' title='bbox 1313 4585 1456 4668; x_wconf 89' lang='lat' dir='ltr'>plus</span> <span class='ocrx_word' id='word_1_271' title='bbox 1496 4584 1603 4649; x_wconf 89' lang='lat' dir='ltr'>dat</span> <span class='ocrx_word' id='word_1_272' title='bbox 1639 4583 1804 4649; x_wconf 90' lang='lat' dir='ltr'>Deus</span> <span class='ocrx_word' id='word_1_273' title='bbox 1822 4635 1838 4662; x_wconf 88' lang='lat'>,</span> 
     </span>
     <span class='ocr_line' id='line_1_42' title="bbox 305 4692 1845 4777; baseline -0.001 -19"><span class='ocrx_word' id='word_1_274' title='bbox 305 4694 453 4777; x_wconf 90' lang='lat' dir='ltr'>plus</span> <span class='ocrx_word' id='word_1_275' title='bbox 487 4693 693 4773; x_wconf 82' lang='lat' dir='ltr'>exigit</span> <span class='ocrx_word' id='word_1_276' title='bbox 725 4693 889 4758; x_wconf 84' lang='lat' dir='ltr'>Deus</span> <span class='ocrx_word' id='word_1_277' title='bbox 914 4712 955 4757; x_wconf 88' lang='lat' dir='ltr'>a</span> <span class='ocrx_word' id='word_1_278' title='bbox 984 4696 1274 4757; x_wconf 87' lang='lat' dir='ltr'>creatura</span> <span class='ocrx_word' id='word_1_279' title='bbox 1300 4714 1315 4757; x_wconf 73' lang='grc' dir='ltr'>ε</span> <span class='ocrx_word' id='word_1_280' title='bbox 1342 4692 1397 4755; x_wconf 90' lang='lat' dir='ltr'>si</span> <span class='ocrx_word' id='word_1_281' title='bbox 1434 4709 1592 4773; x_wconf 86' lang='lat' dir='ltr'>ergo</span> <span class='ocrx_word' id='word_1_282' title='bbox 1632 4695 1845 4775; x_wconf 87' lang='lat' dir='ltr'>majus</span> 
     </span>
     <span class='ocr_line' id='line_1_43' title="bbox 302 4796 1839 4881; baseline -0.003 -16"><span class='ocrx_word' id='word_1_283' title='bbox 302 4799 505 4865; x_wconf 88' lang='lat' dir='ltr'>robur</span> <span class='ocrx_word' id='word_1_284' title='bbox 544 4800 802 4864; x_wconf 82' lang='lat' dir='ltr'>virtutis</span> <span class='ocrx_word' id='word_1_285' title='bbox 843 4799 1013 4864; x_wconf 87' lang='lat' dir='ltr'>dedit</span> <span class='ocrx_word' id='word_1_286' title='bbox 1048 4799 1277 4880; x_wconf 88' lang='lat' dir='ltr'>angelo</span> <span class='ocrx_word' id='word_1_287' title='bbox 1317 4817 1513 4881; x_wconf 88' lang='lat' dir='ltr'>quam</span> <span class='ocrx_word' id='word_1_288' title='bbox 1552 4796 1804 4862; x_wconf 89' lang='lat' dir='ltr'>homini</span> <span class='ocrx_word' id='word_1_289' title='bbox 1820 4845 1839 4878; x_wconf 87' lang='lat'>‚</span> 
     </span>
     <span class='ocr_line' id='line_1_44' title="bbox 304 4905 1842 4990; baseline -0.002 -18"><span class='ocrx_word' id='word_1_290' title='bbox 304 4924 467 4989; x_wconf 91' lang='lat' dir='ltr'>ergo</span> <span class='ocrx_word' id='word_1_291' title='bbox 493 4911 556 4971; x_wconf 97' lang='lat' dir='ltr'>et</span> <span class='ocrx_word' id='word_1_292' title='bbox 582 4911 825 4990; x_wconf 87' lang='lat' dir='ltr'>majora</span> <span class='ocrx_word' id='word_1_293' title='bbox 849 4907 1157 4989; x_wconf 84' lang='lat' dir='ltr'>obsequia</span> <span class='ocrx_word' id='word_1_294' title='bbox 1180 4906 1480 4988; x_wconf 78' lang='lat' dir='ltr'>requirit3</span> <span class='ocrx_word' id='word_1_295' title='bbox 1511 4905 1618 4970; x_wconf 89' lang='lat' dir='ltr'>sed</span> <span class='ocrx_word' id='word_1_296' title='bbox 1646 4905 1842 4970; x_wconf 89' lang='lat' dir='ltr'>homo</span> 
     </span>
     <span class='ocr_line' id='line_1_45' title="bbox 305 5012 1845 5096; baseline -0.001 -19"><span class='ocrx_word' id='word_1_297' title='bbox 305 5031 439 5077; x_wconf 92' lang='lat' dir='ltr'>non</span> <span class='ocrx_word' id='word_1_298' title='bbox 472 5014 889 5095; x_wconf 85' lang='lat' dir='ltr'>glorificatur,</span> <span class='ocrx_word' id='word_1_299' title='bbox 922 5014 1048 5078; x_wconf 88' lang='lat' dir='ltr'>nisi</span> <span class='ocrx_word' id='word_1_300' title='bbox 1088 5032 1201 5096; x_wconf 89' lang='lat' dir='ltr'>per</span> <span class='ocrx_word' id='word_1_301' title='bbox 1232 5013 1481 5077; x_wconf 88' lang='lat' dir='ltr'>labores</span> <span class='ocrx_word' id='word_1_302' title='bbox 1512 5012 1750 5076; x_wconf 88' lang='lat' dir='ltr'>multos</span> <span class='ocrx_word' id='word_1_303' title='bbox 1781 5016 1845 5076; x_wconf 93' lang='lat' dir='ltr'>et</span> 
     </span>
     <span class='ocr_line' id='line_1_46' title="bbox 306 5119 1843 5203; baseline -0.001 -20"><span class='ocrx_word' id='word_1_304' title='bbox 306 5138 580 5201; x_wconf 89' lang='lat' dir='ltr'>magnos</span> <span class='ocrx_word' id='word_1_305' title='bbox 623 5144 639 5184; x_wconf 74' lang='grc' dir='ltr'>ι</span> <span class='ocrx_word' id='word_1_306' title='bbox 685 5140 842 5202; x_wconf 90' lang='lat' dir='ltr'>ergo</span> <span class='ocrx_word' id='word_1_307' title='bbox 888 5140 1007 5185; x_wconf 90' lang='lat' dir='ltr'>nec</span> <span class='ocrx_word' id='word_1_308' title='bbox 1049 5121 1321 5202; x_wconf 86' lang='lat' dir='ltr'>angelus</span> <span class='ocrx_word' id='word_1_309' title='bbox 1365 5121 1501 5185; x_wconf 91' lang='lat' dir='ltr'>sine</span> <span class='ocrx_word' id='word_1_310' title='bbox 1547 5119 1843 5203; x_wconf 89' lang='lat' dir='ltr'>operibus</span> 
     </span>
     <span class='ocr_line' id='line_1_47' title="bbox 308 5227 1842 5310; baseline -0.002 -17"><span class='ocrx_word' id='word_1_311' title='bbox 308 5227 495 5293; x_wconf 88' lang='lat' dir='ltr'>debet</span> <span class='ocrx_word' id='word_1_312' title='bbox 536 5227 876 5309; x_wconf 79' lang='lat' dir='ltr'>glorificari</span> <span class='ocrx_word' id='word_1_313' title='bbox 906 5250 922 5291; x_wconf 78' lang='lat' dir='ltr'><em>z</em></span> <span class='ocrx_word' id='word_1_314' title='bbox 952 5227 1060 5291; x_wconf 90' lang='lat' dir='ltr'>sed</span> <span class='ocrx_word' id='word_1_315' title='bbox 1099 5232 1293 5310; x_wconf 75' lang='lat' dir='ltr'>opera</span> <span class='ocrx_word' id='word_1_316' title='bbox 1328 5244 1458 5291; x_wconf 90' lang='lat' dir='ltr'>non</span> <span class='ocrx_word' id='word_1_317' title='bbox 1497 5244 1842 5310; x_wconf 84' lang='lat' dir='ltr'>praeoesse-</span> 
     </span>
     <span class='ocr_line' id='line_1_48' title="bbox 306 5353 1569 5418; baseline -0.001 -15"><span class='ocrx_word' id='word_1_318' title='bbox 306 5356 391 5418; x_wconf 47' lang='lat'>43‘</span> <span class='ocrx_word' id='word_1_319' title='bbox 413 5354 585 5415; x_wconf 68' lang='lat' dir='ltr'>Prov„</span> <span class='ocrx_word' id='word_1_320' title='bbox 608 5355 823 5416; x_wconf 81' lang='lat'>1111,12.</span> <span class='ocrx_word' id='word_1_321' title='bbox 840 5379 903 5391; x_wconf 95' lang='lat'>—</span> <span class='ocrx_word' id='word_1_322' title='bbox 923 5354 943 5387; x_wconf 74' lang='lat'>²</span> <span class='ocrx_word' id='word_1_323' title='bbox 964 5353 1221 5417; x_wconf 67' lang='lat' dir='ltr'>Richard„</span> <span class='ocrx_word' id='word_1_324' title='bbox 1248 5354 1344 5404; x_wconf 79' lang='lat' dir='ltr'>art.</span> <span class='ocrx_word' id='word_1_325' title='bbox 1362 5355 1413 5417; x_wconf 81' lang='lat'>2,</span> <span class='ocrx_word' id='word_1_326' title='bbox 1436 5366 1487 5418; x_wconf 84' lang='lat' dir='ltr'>q.</span> <span class='ocrx_word' id='word_1_327' title='bbox 1510 5364 1569 5403; x_wconf 92' lang='lat'>11.</span> 
     </span>
    </p>
   </div>
   <div class='ocr_carea' id='block_1_4' title="bbox 1949 375 3496 838">
    <p class='ocr_par' dir='ltr' id='par_1_9' title="bbox 1949 375 3496 700">
     <span class='ocr_line' id='line_1_49' title="bbox 3369 375 3490 437; baseline 0 0"><span class='ocrx_word' id='word_1_328' title='bbox 3369 375 3490 437; x_wconf 74' lang='lat'>375</span> 
     </span>
     <span class='ocr_line' id='line_1_50' title="bbox 1952 509 3496 592; baseline -0.001 -19"><span class='ocrx_word' id='word_1_329' title='bbox 1952 513 2127 589; x_wconf 86' lang='lat' dir='ltr'>runt,</span> <span class='ocrx_word' id='word_1_330' title='bbox 2152 509 2262 575; x_wconf 90' lang='lat' dir='ltr'>sed</span> <span class='ocrx_word' id='word_1_331' title='bbox 2283 509 2455 576; x_wconf 85' lang='lat' dir='ltr'>solus</span> <span class='ocrx_word' id='word_1_332' title='bbox 2475 513 2691 575; x_wconf 88' lang='lat' dir='ltr'>motus</span> <span class='ocrx_word' id='word_1_333' title='bbox 2712 509 3064 577; x_wconf 83' lang='lat' dir='ltr'>affectionis</span> <span class='ocrx_word' id='word_1_334' title='bbox 3085 532 3102 578; x_wconf 73' lang='grc' dir='ltr'>ε</span> <span class='ocrx_word' id='word_1_335' title='bbox 3124 526 3287 592; x_wconf 88' lang='lat' dir='ltr'>ergo</span> <span class='ocrx_word' id='word_1_336' title='bbox 3310 525 3496 592; x_wconf 83' lang='lat' dir='ltr'>opor-</span> 
     </span>
     <span class='ocr_line' id='line_1_51' title="bbox 1949 617 2272 700; baseline 0.006 -20"><span class='ocrx_word' id='word_1_337' title='bbox 1949 619 2038 681; x_wconf 78' lang='lat' dir='ltr'>tet</span> <span class='ocrx_word' id='word_1_338' title='bbox 2070 617 2272 700; x_wconf 63' lang='lat' dir='ltr'>sema.</span> 
     </span>
    </p>

    <p class='ocr_par' dir='ltr' id='par_1_10' title="bbox 2515 767 2967 838">
     <span class='ocr_line' id='line_1_52' title="bbox 2515 767 2967 838; baseline 0.004 -4"><span class='ocrx_word' id='word_1_339' title='bbox 2515 767 2967 838; x_wconf 88' lang='lat' dir='ltr'><strong>CONCLUSIO.</strong></span> 
     </span>
    </p>
   </div>
   <div class='ocr_carea' id='block_1_5' title="bbox 1951 926 3493 1267">
    <p class='ocr_par' dir='ltr' id='par_1_11' title="bbox 1951 926 3493 1267">
     <span class='ocr_line' id='line_1_53' title="bbox 1951 926 3493 999; baseline -0.002 -17"><span class='ocrx_word' id='word_1_340' title='bbox 1951 926 2282 996; x_wconf 67' lang='lat' dir='ltr'>Angelorum</span> <span class='ocrx_word' id='word_1_341' title='bbox 2317 926 2604 997; x_wconf 76' lang='lat' dir='ltr'>praemium</span> <span class='ocrx_word' id='word_1_342' title='bbox 2643 928 2911 999; x_wconf 70' lang='lat' dir='ltr'>proecaesit</span> <span class='ocrx_word' id='word_1_343' title='bbox 2946 928 3196 983; x_wconf 77' lang='lat' dir='ltr'>meritum</span> <span class='ocrx_word' id='word_1_344' title='bbox 3211 966 3228 993; x_wconf 91' lang='lat'>,</span> <span class='ocrx_word' id='word_1_345' title='bbox 3277 926 3493 980; x_wconf 72' lang='lat' dir='ltr'>tametsi</span> 
     </span>
     <span class='ocr_line' id='line_1_54' title="bbox 2022 1016 3490 1088; baseline -0.001 -16"><span class='ocrx_word' id='word_1_346' title='bbox 2022 1017 2285 1086; x_wconf 75' lang='lat' dir='ltr'>Maqister</span> <span class='ocrx_word' id='word_1_347' title='bbox 2309 1030 2449 1072; x_wconf 70' lang='lat' dir='ltr'>sectas</span> <span class='ocrx_word' id='word_1_348' title='bbox 2477 1018 2733 1088; x_wconf 81' lang='lat' dir='ltr'>opinatus</span> <span class='ocrx_word' id='word_1_349' title='bbox 2752 1018 2943 1085; x_wconf 66' lang='lat' dir='ltr'>merit,</span> <span class='ocrx_word' id='word_1_350' title='bbox 2972 1018 3105 1087; x_wconf 69' lang='lat' dir='ltr'>quia</span> <span class='ocrx_word' id='word_1_351' title='bbox 3131 1016 3380 1071; x_wconf 63' lang='lat' dir='ltr'>mei-itinn</span> <span class='ocrx_word' id='word_1_352' title='bbox 3402 1029 3490 1071; x_wconf 82' lang='lat' dir='ltr'>re-</span> 
     </span>
     <span class='ocr_line' id='line_1_55' title="bbox 2022 1105 3492 1179; baseline -0.003 -17"><span class='ocrx_word' id='word_1_353' title='bbox 2022 1108 2198 1177; x_wconf 78' lang='lat' dir='ltr'>quirit</span> <span class='ocrx_word' id='word_1_354' title='bbox 2223 1105 2633 1175; x_wconf 65' lang='lat' dir='ltr'>flandam-mium</span> <span class='ocrx_word' id='word_1_355' title='bbox 2659 1108 2721 1160; x_wconf 85' lang='lat' dir='ltr'>in</span> <span class='ocrx_word' id='word_1_356' title='bbox 2738 1105 3070 1179; x_wconf 79' lang='lat' dir='ltr'>perfectione</span> <span class='ocrx_word' id='word_1_357' title='bbox 3085 1105 3410 1170; x_wconf 76' lang='lat' dir='ltr'>voluntatis,</span> <span class='ocrx_word' id='word_1_358' title='bbox 3439 1106 3492 1159; x_wconf 74' lang='lat' dir='ltr'>et</span> 
     </span>
     <span class='ocr_line' id='line_1_56' title="bbox 2024 1194 3019 1267; baseline -0.001 -16"><span class='ocrx_word' id='word_1_359' title='bbox 2024 1210 2132 1251; x_wconf 86' lang='lat' dir='ltr'>non</span> <span class='ocrx_word' id='word_1_360' title='bbox 2158 1198 2221 1251; x_wconf 83' lang='lat' dir='ltr'>in</span> <span class='ocrx_word' id='word_1_361' title='bbox 2245 1194 2599 1252; x_wconf 71' lang='lat' dir='ltr'>multitudine</span> <span class='ocrx_word' id='word_1_362' title='bbox 2625 1197 3019 1267; x_wconf 78' lang='lat' dir='ltr'>operationum.</span> 
     </span>
    </p>
   </div>
   <div class='ocr_carea' id='block_1_6' title="bbox 2032 1369 3732 1455">
    <p class='ocr_par' dir='ltr' id='par_1_12' title="bbox 2032 1369 3732 1455">
     <span class='ocr_line' id='line_1_57' title="bbox 2032 1369 3732 1455; baseline 0.001 -20"><span class='ocrx_word' id='word_1_363' title='bbox 2032 1370 2216 1455; x_wconf 88' lang='lat' dir='ltr'>Resp.</span> <span class='ocrx_word' id='word_1_364' title='bbox 2248 1372 2328 1435; x_wconf 89' lang='lat' dir='ltr'>ad</span> <span class='ocrx_word' id='word_1_365' title='bbox 2359 1371 2515 1454; x_wconf 84' lang='lat' dir='ltr'>Arg.</span> <span class='ocrx_word' id='word_1_366' title='bbox 2552 1371 2899 1436; x_wconf 89' lang='lat' dir='ltr'>Dicendum</span> <span class='ocrx_word' id='word_1_367' title='bbox 2930 1370 3102 1454; x_wconf 83' lang='lat' dir='ltr'>quod</span> <span class='ocrx_word' id='word_1_368' title='bbox 3137 1369 3302 1435; x_wconf 86' lang='lat' dir='ltr'>circa</span> <span class='ocrx_word' id='word_1_369' title='bbox 3336 1370 3487 1446; x_wconf 88' lang='lat' dir='ltr'>hoc,</span> <span class='ocrx_word' id='word_1_370' title='bbox 3519 1389 3678 1449; x_wconf 79' lang='lat' dir='ltr'>opinio</span> <span class='ocrx_word' id='word_1_371' title='bbox 3692 1393 3732 1436; x_wconf 83' lang='lat'>1.</span> 
     </span>
    </p>
   </div>
   <div class='ocr_carea' id='block_1_7' title="bbox 1951 1475 3495 2204">
    <p class='ocr_par' dir='ltr' id='par_1_13' title="bbox 1951 1475 3495 2204">
     <span class='ocr_line' id='line_1_58' title="bbox 1953 1475 3492 1562; baseline -0.001 -20"><span class='ocrx_word' id='word_1_372' title='bbox 1953 1479 2115 1543; x_wconf 87' lang='lat' dir='ltr'>sicut</span> <span class='ocrx_word' id='word_1_373' title='bbox 2140 1479 2290 1543; x_wconf 88' lang='lat' dir='ltr'>dicit</span> <span class='ocrx_word' id='word_1_374' title='bbox 2315 1478 2639 1561; x_wconf 87' lang='lat' dir='ltr'>Magister,</span> <span class='ocrx_word' id='word_1_375' title='bbox 2668 1478 2905 1562; x_wconf 82' lang='lat' dir='ltr'>duplex</span> <span class='ocrx_word' id='word_1_376' title='bbox 2931 1478 3051 1542; x_wconf 84' lang='lat' dir='ltr'>fuit</span> <span class='ocrx_word' id='word_1_377' title='bbox 3071 1477 3309 1560; x_wconf 91' lang='lat' dir='ltr'>opinio.</span> <span class='ocrx_word' id='word_1_378' title='bbox 3335 1475 3492 1559; x_wconf 87' lang='lat' dir='ltr'>Qui-</span> 
     </span>
     <span class='ocr_line' id='line_1_59' title="bbox 1952 1584 3493 1668; baseline 0 -18"><span class='ocrx_word' id='word_1_379' title='bbox 1952 1586 2102 1650; x_wconf 90' lang='lat' dir='ltr'>dam</span> <span class='ocrx_word' id='word_1_380' title='bbox 2138 1586 2312 1651; x_wconf 91' lang='lat' dir='ltr'>enim</span> <span class='ocrx_word' id='word_1_381' title='bbox 2345 1586 2678 1661; x_wconf 85' lang='lat' dir='ltr'>dixerunt,</span> <span class='ocrx_word' id='word_1_382' title='bbox 2721 1585 2894 1668; x_wconf 82' lang='lat' dir='ltr'>quod</span> <span class='ocrx_word' id='word_1_383' title='bbox 2932 1586 3004 1649; x_wconf 92' lang='lat' dir='ltr'>in</span> <span class='ocrx_word' id='word_1_384' title='bbox 3038 1584 3287 1666; x_wconf 86' lang='lat' dir='ltr'>angelis</span> <span class='ocrx_word' id='word_1_385' title='bbox 3325 1601 3493 1667; x_wconf 81' lang='lat' dir='ltr'>prae-</span> 
     </span>
     <span class='ocr_line' id='line_1_60' title="bbox 1954 1690 3494 1775; baseline -0.001 -18"><span class='ocrx_word' id='word_1_386' title='bbox 1954 1694 2160 1758; x_wconf 90' lang='lat' dir='ltr'>mium</span> <span class='ocrx_word' id='word_1_387' title='bbox 2187 1693 2480 1775; x_wconf 66' lang='lat' dir='ltr'>praecedit</span> <span class='ocrx_word' id='word_1_388' title='bbox 2503 1692 2829 1767; x_wconf 85' lang='lat' dir='ltr'>meritum,</span> <span class='ocrx_word' id='word_1_389' title='bbox 2854 1694 2917 1757; x_wconf 90' lang='lat' dir='ltr'>et</span> <span class='ocrx_word' id='word_1_390' title='bbox 2941 1692 3139 1774; x_wconf 74' lang='lat' dir='ltr'>hujus</span> <span class='ocrx_word' id='word_1_391' title='bbox 3164 1690 3494 1773; x_wconf 87' lang='lat' dir='ltr'>positionis</span> 
     </span>
     <span class='ocr_line' id='line_1_61' title="bbox 1951 1798 3495 1881; baseline -0.001 -17"><span class='ocrx_word' id='word_1_392' title='bbox 1951 1801 2074 1865; x_wconf 83' lang='lat' dir='ltr'>fuit</span> <span class='ocrx_word' id='word_1_393' title='bbox 2122 1800 2418 1881; x_wconf 88' lang='lat' dir='ltr'>Magister</span> <span class='ocrx_word' id='word_1_394' title='bbox 2461 1817 2478 1863; x_wconf 72' lang='grc' dir='ltr'><strong>ε</strong></span> <span class='ocrx_word' id='word_1_395' title='bbox 2521 1802 2583 1863; x_wconf 90' lang='lat' dir='ltr'>et</span> <span class='ocrx_word' id='word_1_396' title='bbox 2626 1798 2707 1863; x_wconf 90' lang='lat' dir='ltr'>ad</span> <span class='ocrx_word' id='word_1_397' title='bbox 2751 1798 2875 1863; x_wconf 91' lang='lat' dir='ltr'>hoc</span> <span class='ocrx_word' id='word_1_398' title='bbox 2918 1798 3287 1880; x_wconf 88' lang='lat' dir='ltr'>ponendum</span> <span class='ocrx_word' id='word_1_399' title='bbox 3336 1799 3495 1863; x_wconf 87' lang='lat' dir='ltr'>moti</span> 
     </span>
     <span class='ocr_line' id='line_1_62' title="bbox 1952 1904 3488 1987; baseline -0.003 -15"><span class='ocrx_word' id='word_1_400' title='bbox 1952 1911 2108 1973; x_wconf 90' lang='lat' dir='ltr'>sunt</span> <span class='ocrx_word' id='word_1_401' title='bbox 2128 1906 2602 1982; x_wconf 88' lang='lat' dir='ltr'>rationabiliter,</span> <span class='ocrx_word' id='word_1_402' title='bbox 2624 1910 2689 1971; x_wconf 89' lang='lat' dir='ltr'>et</span> <span class='ocrx_word' id='word_1_403' title='bbox 2708 1907 3024 1987; x_wconf 83' lang='lat' dir='ltr'>quantum</span> <span class='ocrx_word' id='word_1_404' title='bbox 3043 1906 3123 1968; x_wconf 90' lang='lat' dir='ltr'>ad</span> <span class='ocrx_word' id='word_1_405' title='bbox 3147 1904 3488 1986; x_wconf 86' lang='lat' dir='ltr'>motivum,</span> 
     </span>
     <span class='ocr_line' id='line_1_63' title="bbox 1953 2011 3492 2098; baseline -0.003 -18"><span class='ocrx_word' id='word_1_406' title='bbox 1953 2019 2017 2080; x_wconf 87' lang='lat' dir='ltr'>et</span> <span class='ocrx_word' id='word_1_407' title='bbox 2055 2018 2371 2098; x_wconf 89' lang='lat' dir='ltr'>quantum</span> <span class='ocrx_word' id='word_1_408' title='bbox 2395 2012 2476 2078; x_wconf 90' lang='lat' dir='ltr'>ad</span> <span class='ocrx_word' id='word_1_409' title='bbox 2514 2012 2795 2077; x_wconf 89' lang='lat' dir='ltr'>modum.</span> <span class='ocrx_word' id='word_1_410' title='bbox 2832 2011 3156 2089; x_wconf 86' lang='lat' dir='ltr'>Quantum</span> <span class='ocrx_word' id='word_1_411' title='bbox 3194 2013 3274 2076; x_wconf 91' lang='lat' dir='ltr'>ad</span> <span class='ocrx_word' id='word_1_412' title='bbox 3302 2012 3492 2077; x_wconf 88' lang='lat' dir='ltr'>moti-</span> 
     </span>
     <span class='ocr_line' id='line_1_64' title="bbox 1951 2118 3495 2204; baseline -0.002 -17"><span class='ocrx_word' id='word_1_413' title='bbox 1951 2141 2115 2187; x_wconf 87' lang='lat' dir='ltr'>vum</span> <span class='ocrx_word' id='word_1_414' title='bbox 2142 2141 2160 2185; x_wconf 78' lang='lat' dir='ltr'><strong><em>z</em></strong></span> <span class='ocrx_word' id='word_1_415' title='bbox 2186 2121 2338 2204; x_wconf 88' lang='lat' dir='ltr'>quia</span> <span class='ocrx_word' id='word_1_416' title='bbox 2364 2120 2539 2185; x_wconf 91' lang='lat' dir='ltr'>enim</span> <span class='ocrx_word' id='word_1_417' title='bbox 2567 2119 3017 2184; x_wconf 85' lang='lat' dir='ltr'>intellexerunt</span> <span class='ocrx_word' id='word_1_418' title='bbox 3042 2118 3215 2201; x_wconf 89' lang='lat' dir='ltr'>quod</span> <span class='ocrx_word' id='word_1_419' title='bbox 3241 2137 3375 2184; x_wconf 93' lang='lat' dir='ltr'>non</span> <span class='ocrx_word' id='word_1_420' title='bbox 3400 2123 3495 2184; x_wconf 89' lang='lat' dir='ltr'>est</span> 
     </span>
    </p>
   </div>
   <div class='ocr_carea' id='block_1_8' title="bbox 1932 2226 3493 2309">
    <p class='ocr_par' dir='ltr' id='par_1_14' title="bbox 1932 2226 3493 2309">
     <span class='ocr_line' id='line_1_65' title="bbox 1932 2226 3493 2309; baseline -0.003 -15"><span class='ocrx_word' id='word_1_421' title='bbox 1932 2229 2258 2295; x_wconf 49' lang='lat' dir='ltr'>«meritum</span> <span class='ocrx_word' id='word_1_422' title='bbox 2282 2227 2420 2292; x_wconf 91' lang='lat' dir='ltr'>sine</span> <span class='ocrx_word' id='word_1_423' title='bbox 2444 2227 2673 2309; x_wconf 88' lang='lat' dir='ltr'>gratia,</span> <span class='ocrx_word' id='word_1_424' title='bbox 2700 2245 2818 2290; x_wconf 89' lang='lat' dir='ltr'>nec</span> <span class='ocrx_word' id='word_1_425' title='bbox 2844 2243 3161 2307; x_wconf 88' lang='lat' dir='ltr'>magnum</span> <span class='ocrx_word' id='word_1_426' title='bbox 3188 2226 3493 2291; x_wconf 90' lang='lat' dir='ltr'>meritum</span> 
     </span>
    </p>
   </div>
   <div class='ocr_carea' id='block_1_9' title="bbox 1948 2333 3569 2848">
    <p class='ocr_par' dir='ltr' id='par_1_15' title="bbox 1948 2333 3569 2848">
     <span class='ocr_line' id='line_1_66' title="bbox 1950 2333 3569 2415; baseline -0.001 -15"><span class='ocrx_word' id='word_1_427' title='bbox 1950 2336 2228 2401; x_wconf 88' lang='grc'><strong>1111111011</strong></span> <span class='ocrx_word' id='word_1_428' title='bbox 2254 2338 2348 2399; x_wconf 92' lang='lat' dir='ltr'>est</span> <span class='ocrx_word' id='word_1_429' title='bbox 2386 2351 2701 2415; x_wconf 89' lang='lat' dir='ltr'>magnum</span> <span class='ocrx_word' id='word_1_430' title='bbox 2730 2333 3138 2415; x_wconf 82' lang='lat' dir='ltr'>obsequium,</span> <span class='ocrx_word' id='word_1_431' title='bbox 3176 2336 3240 2398; x_wconf 92' lang='lat' dir='ltr'>et</span> <span class='ocrx_word' id='word_1_432' title='bbox 3268 2333 3337 2396; x_wconf 92' lang='lat' dir='ltr'>in</span> <span class='ocrx_word' id='word_1_433' title='bbox 3376 2352 3494 2399; x_wconf 90' lang='lat' dir='ltr'>an-</span> <span class='ocrx_word' id='word_1_434' title='bbox 3562 2354 3569 2361; x_wconf 93' lang='lat'><em>·</em></span> 
     </span>
     <span class='ocr_line' id='line_1_67' title="bbox 1952 2440 3494 2525; baseline -0.001 -18"><span class='ocrx_word' id='word_1_435' title='bbox 1952 2443 2134 2523; x_wconf 89' lang='lat' dir='ltr'>gelis,</span> <span class='ocrx_word' id='word_1_436' title='bbox 2166 2445 2421 2525; x_wconf 81' lang='lat' dir='ltr'>propter</span> <span class='ocrx_word' id='word_1_437' title='bbox 2445 2445 2694 2506; x_wconf 85' lang='lat' dir='ltr'>naturae</span> <span class='ocrx_word' id='word_1_438' title='bbox 2724 2440 3121 2504; x_wconf 86' lang='lat' dir='ltr'>velocitatem</span> <span class='ocrx_word' id='word_1_439' title='bbox 3156 2443 3220 2505; x_wconf 87' lang='lat' dir='ltr'>et</span> <span class='ocrx_word' id='word_1_440' title='bbox 3247 2441 3494 2507; x_wconf 90' lang='lat' dir='ltr'>idonei-</span> 
     </span>
     <span class='ocr_line' id='line_1_68' title="bbox 1950 2547 3494 2632; baseline 0.001 -18"><span class='ocrx_word' id='word_1_441' title='bbox 1950 2553 2175 2629; x_wconf 88' lang='lat' dir='ltr'>tatem,</span> <span class='ocrx_word' id='word_1_442' title='bbox 2205 2549 2400 2613; x_wconf 88' lang='lat' dir='ltr'>simul</span> <span class='ocrx_word' id='word_1_443' title='bbox 2436 2549 2766 2613; x_wconf 88' lang='lat' dir='ltr'>duratione</span> <span class='ocrx_word' id='word_1_444' title='bbox 2797 2547 2985 2612; x_wconf 86' lang='lat' dir='ltr'>datur</span> <span class='ocrx_word' id='word_1_445' title='bbox 3013 2548 3223 2630; x_wconf 87' lang='lat' dir='ltr'>gratia</span> <span class='ocrx_word' id='word_1_446' title='bbox 3254 2553 3317 2614; x_wconf 89' lang='lat' dir='ltr'>et</span> <span class='ocrx_word' id='word_1_447' title='bbox 3349 2551 3494 2632; x_wconf 87' lang='lat' dir='ltr'>glo-</span> 
     </span>
     <span class='ocr_line' id='line_1_69' title="bbox 1949 2655 3488 2738; baseline 0.002 -18"><span class='ocrx_word' id='word_1_448' title='bbox 1949 2657 2078 2736; x_wconf 88' lang='lat' dir='ltr'>ria;</span> <span class='ocrx_word' id='word_1_449' title='bbox 2108 2657 2408 2721; x_wconf 84' lang='lat' dir='ltr'>dixerunt</span> <span class='ocrx_word' id='word_1_450' title='bbox 2442 2655 2610 2738; x_wconf 87' lang='lat' dir='ltr'>quod</span> <span class='ocrx_word' id='word_1_451' title='bbox 2644 2657 2715 2718; x_wconf 90' lang='lat' dir='ltr'>in</span> <span class='ocrx_word' id='word_1_452' title='bbox 2742 2655 2990 2737; x_wconf 85' lang='lat' dir='ltr'>angelis</span> <span class='ocrx_word' id='word_1_453' title='bbox 3023 2657 3328 2720; x_wconf 87' lang='lat' dir='ltr'>meritum</span> <span class='ocrx_word' id='word_1_454' title='bbox 3356 2675 3488 2723; x_wconf 93' lang='lat' dir='ltr'>non</span> 
     </span>
     <span class='ocr_line' id='line_1_70' title="bbox 1948 2762 3494 2848; baseline -0.001 -18"><span class='ocrx_word' id='word_1_455' title='bbox 1948 2766 2159 2848; x_wconf 88' lang='lat' dir='ltr'>potuit</span> <span class='ocrx_word' id='word_1_456' title='bbox 2197 2763 2551 2847; x_wconf 74' lang='lat' dir='ltr'>praecedere</span> <span class='ocrx_word' id='word_1_457' title='bbox 2594 2763 2939 2846; x_wconf 83' lang='lat' dir='ltr'>praemium</span> <span class='ocrx_word' id='word_1_458' title='bbox 2956 2811 2973 2842; x_wconf 93' lang='lat'>,</span> <span class='ocrx_word' id='word_1_459' title='bbox 3009 2762 3313 2828; x_wconf 83' lang='lat' dir='ltr'>meritum</span> <span class='ocrx_word' id='word_1_460' title='bbox 3330 2813 3348 2844; x_wconf 90' lang='lat'>,</span> <span class='ocrx_word' id='word_1_461' title='bbox 3386 2765 3494 2829; x_wconf 90' lang='lat' dir='ltr'>in-</span> 
     </span>
    </p>
   </div>
   <div class='ocr_carea' id='block_1_10' title="bbox 1949 2870 3607 2954">
    <p class='ocr_par' dir='ltr' id='par_1_16' title="bbox 1949 2870 3607 2954">
     <span class='ocr_line' id='line_1_71' title="bbox 1949 2870 3607 2954; baseline 0.001 -19"><span class='ocrx_word' id='word_1_462' title='bbox 1949 2889 2167 2954; x_wconf 87' lang='lat' dir='ltr'>quam,</span> <span class='ocrx_word' id='word_1_463' title='bbox 2200 2870 2501 2951; x_wconf 88' lang='lat' dir='ltr'>condigni</span> <span class='ocrx_word' id='word_1_464' title='bbox 2529 2892 2543 2934; x_wconf 89' lang='lat'>:</span> <span class='ocrx_word' id='word_1_465' title='bbox 2573 2871 2682 2936; x_wconf 87' lang='lat' dir='ltr'>sed</span> <span class='ocrx_word' id='word_1_466' title='bbox 2711 2871 2942 2950; x_wconf 86' lang='lat' dir='ltr'>solum,</span> <span class='ocrx_word' id='word_1_467' title='bbox 2972 2870 3026 2934; x_wconf 87' lang='lat' dir='ltr'>si</span> <span class='ocrx_word' id='word_1_468' title='bbox 3052 2870 3291 2953; x_wconf 86' lang='lat' dir='ltr'>aliquid</span> <span class='ocrx_word' id='word_1_469' title='bbox 3323 2890 3489 2954; x_wconf 81' lang='lat' dir='ltr'>prae-</span> <span class='ocrx_word' id='word_1_470' title='bbox 3604 2890 3607 2893; x_wconf 72' lang='grc'><strong><em>’</em></strong></span> 
     </span>
    </p>
   </div>
   <div class='ocr_carea' id='block_1_11' title="bbox 1948 2977 3496 3704">
    <p class='ocr_par' dir='ltr' id='par_1_17' title="bbox 1948 2977 3496 3704">
     <span class='ocr_line' id='line_1_72' title="bbox 1949 2977 3490 3061; baseline 0.001 -20"><span class='ocrx_word' id='word_1_471' title='bbox 1949 2977 2145 3054; x_wconf 88' lang='lat' dir='ltr'>cedit,</span> <span class='ocrx_word' id='word_1_472' title='bbox 2183 2977 2306 3041; x_wconf 89' lang='lat' dir='ltr'>hoc</span> <span class='ocrx_word' id='word_1_473' title='bbox 2335 2980 2429 3042; x_wconf 88' lang='lat' dir='ltr'>est</span> <span class='ocrx_word' id='word_1_474' title='bbox 2463 2977 2763 3042; x_wconf 89' lang='lat' dir='ltr'>meritum</span> <span class='ocrx_word' id='word_1_475' title='bbox 2791 2977 3097 3058; x_wconf 82' lang='lat' dir='ltr'>congrui3</span> <span class='ocrx_word' id='word_1_476' title='bbox 3141 2978 3251 3042; x_wconf 91' lang='lat' dir='ltr'>sed</span> <span class='ocrx_word' id='word_1_477' title='bbox 3277 2978 3490 3061; x_wconf 89' lang='lat' dir='ltr'>sequi-</span> 
     </span>
     <span class='ocr_line' id='line_1_73' title="bbox 1949 3083 3496 3166; baseline 0.002 -17"><span class='ocrx_word' id='word_1_478' title='bbox 1949 3088 2055 3149; x_wconf 87' lang='lat' dir='ltr'>tur</span> <span class='ocrx_word' id='word_1_479' title='bbox 2101 3083 2403 3150; x_wconf 89' lang='lat' dir='ltr'>meritum</span> <span class='ocrx_word' id='word_1_480' title='bbox 2452 3084 2774 3166; x_wconf 89' lang='lat' dir='ltr'>condigni.</span> <span class='ocrx_word' id='word_1_481' title='bbox 2823 3083 2953 3150; x_wconf 90' lang='lat' dir='ltr'>Hos</span> <span class='ocrx_word' id='word_1_482' title='bbox 3000 3085 3191 3149; x_wconf 89' lang='lat' dir='ltr'>etiam</span> <span class='ocrx_word' id='word_1_483' title='bbox 3239 3086 3319 3151; x_wconf 90' lang='lat' dir='ltr'>ad</span> <span class='ocrx_word' id='word_1_484' title='bbox 3372 3086 3496 3152; x_wconf 90' lang='lat' dir='ltr'>hoc</span> 
     </span>
     <span class='ocr_line' id='line_1_74' title="bbox 1948 3192 3493 3276; baseline 0.001 -19"><span class='ocrx_word' id='word_1_485' title='bbox 1948 3193 2321 3276; x_wconf 88' lang='lat' dir='ltr'>ponendum</span> <span class='ocrx_word' id='word_1_486' title='bbox 2346 3192 2698 3274; x_wconf 84' lang='lat' dir='ltr'>instigavit,</span> <span class='ocrx_word' id='word_1_487' title='bbox 2730 3192 2901 3275; x_wconf 89' lang='lat' dir='ltr'>quod</span> <span class='ocrx_word' id='word_1_488' title='bbox 2931 3192 3237 3256; x_wconf 87' lang='lat' dir='ltr'>meritum</span> <span class='ocrx_word' id='word_1_489' title='bbox 3261 3194 3354 3257; x_wconf 91' lang='lat' dir='ltr'>rei</span> <span class='ocrx_word' id='word_1_490' title='bbox 3381 3194 3493 3258; x_wconf 88' lang='lat' dir='ltr'>ha-</span> 
     </span>
     <span class='ocr_line' id='line_1_75' title="bbox 1949 3299 3493 3381; baseline 0.001 -18"><span class='ocrx_word' id='word_1_491' title='bbox 1949 3300 2176 3365; x_wconf 83' lang='lat' dir='ltr'>bendae</span> <span class='ocrx_word' id='word_1_492' title='bbox 2202 3303 2385 3363; x_wconf 87' lang='lat' dir='ltr'>sonat</span> <span class='ocrx_word' id='word_1_493' title='bbox 2420 3299 2870 3381; x_wconf 87' lang='lat' dir='ltr'>indigentiam,</span> <span class='ocrx_word' id='word_1_494' title='bbox 2901 3317 3048 3381; x_wconf 83' lang='lat' dir='ltr'>quae</span> <span class='ocrx_word' id='word_1_495' title='bbox 3081 3317 3210 3363; x_wconf 93' lang='lat' dir='ltr'>non</span> <span class='ocrx_word' id='word_1_496' title='bbox 3238 3300 3493 3365; x_wconf 84' lang='lat' dir='ltr'>videtur</span> 
     </span>
     <span class='ocr_line' id='line_1_76' title="bbox 1949 3405 3492 3490; baseline -0.001 -18"><span class='ocrx_word' id='word_1_497' title='bbox 1949 3425 2131 3490; x_wconf 88' lang='lat' dir='ltr'>posse</span> <span class='ocrx_word' id='word_1_498' title='bbox 2152 3412 2316 3471; x_wconf 88' lang='lat' dir='ltr'>stare</span> <span class='ocrx_word' id='word_1_499' title='bbox 2339 3426 2490 3471; x_wconf 91' lang='lat' dir='ltr'>cum</span> <span class='ocrx_word' id='word_1_500' title='bbox 2514 3406 2743 3489; x_wconf 90' lang='lat' dir='ltr'>gloria.</span> <span class='ocrx_word' id='word_1_501' title='bbox 2772 3405 3031 3470; x_wconf 90' lang='lat' dir='ltr'>Modum</span> <span class='ocrx_word' id='word_1_502' title='bbox 3055 3410 3272 3471; x_wconf 85' lang='lat' dir='ltr'>autem</span> <span class='ocrx_word' id='word_1_503' title='bbox 3293 3406 3492 3487; x_wconf 74' lang='lat' dir='ltr'>huJus</span> 
     </span>
     <span class='ocr_line' id='line_1_77' title="bbox 1951 3513 3489 3594; baseline 0.002 -18"><span class='ocrx_word' id='word_1_504' title='bbox 1951 3514 2162 3578; x_wconf 91' lang='lat' dir='ltr'>meriti</span> <span class='ocrx_word' id='word_1_505' title='bbox 2205 3513 2356 3577; x_wconf 87' lang='lat' dir='ltr'>satis</span> <span class='ocrx_word' id='word_1_506' title='bbox 2399 3514 2724 3578; x_wconf 85' lang='lat' dir='ltr'>advertere</span> <span class='ocrx_word' id='word_1_507' title='bbox 2770 3531 3109 3594; x_wconf 87' lang='lat' dir='ltr'>possumus</span> <span class='ocrx_word' id='word_1_508' title='bbox 3159 3514 3228 3576; x_wconf 91' lang='grc'>111</span> <span class='ocrx_word' id='word_1_509' title='bbox 3270 3513 3489 3579; x_wconf 90' lang='lat' dir='ltr'>militi-</span> 
     </span>
     <span class='ocr_line' id='line_1_78' title="bbox 1949 3620 3488 3704; baseline 0.001 -20"><span class='ocrx_word' id='word_1_510' title='bbox 1949 3621 2072 3685; x_wconf 91' lang='lat' dir='ltr'>bus</span> <span class='ocrx_word' id='word_1_511' title='bbox 2089 3670 2106 3700; x_wconf 90' lang='lat'>,</span> <span class='ocrx_word' id='word_1_512' title='bbox 2143 3622 2255 3703; x_wconf 82' lang='lat' dir='ltr'>qui</span> <span class='ocrx_word' id='word_1_513' title='bbox 2297 3621 2456 3685; x_wconf 90' lang='lat' dir='ltr'>bene</span> <span class='ocrx_word' id='word_1_514' title='bbox 2496 3620 2845 3702; x_wconf 86' lang='lat' dir='ltr'>pugnando</span> <span class='ocrx_word' id='word_1_515' title='bbox 2885 3624 3212 3685; x_wconf 89' lang='lat' dir='ltr'>merentur</span> <span class='ocrx_word' id='word_1_516' title='bbox 3246 3640 3488 3704; x_wconf 87' lang='lat' dir='ltr'>equum</span> 
     </span>
    </p>
   </div>
   <div class='ocr_carea' id='block_1_12' title="bbox 1950 3725 3730 3823">
    <p class='ocr_par' dir='ltr' id='par_1_18' title="bbox 1950 3725 3730 3823">
     <span class='ocr_line' id='line_1_79' title="bbox 1950 3725 3730 3823; baseline 0.004 -32"><span class='ocrx_word' id='word_1_517' title='bbox 1950 3731 2098 3792; x_wconf 91' lang='lat' dir='ltr'>ante</span> <span class='ocrx_word' id='word_1_518' title='bbox 2160 3727 2385 3791; x_wconf 85' lang='lat' dir='ltr'>merita</span> <span class='ocrx_word' id='word_1_519' title='bbox 2440 3726 2683 3790; x_wconf 89' lang='lat' dir='ltr'>datum.</span> <span class='ocrx_word' id='word_1_520' title='bbox 2746 3725 2897 3790; x_wconf 85' lang='lat' dir='ltr'>Haec</span> <span class='ocrx_word' id='word_1_521' title='bbox 2956 3731 3173 3791; x_wconf 86' lang='lat' dir='ltr'>autem</span> <span class='ocrx_word' id='word_1_522' title='bbox 3228 3728 3446 3811; x_wconf 89' lang='lat' dir='ltr'>opinio</span> <span class='ocrx_word' id='word_1_523' title='bbox 3468 3777 3485 3807; x_wconf 89' lang='lat'>,</span> <span class='ocrx_word' id='word_1_524' title='bbox 3555 3764 3730 3823; x_wconf 57' lang='lat' dir='ltr'>hm.</span> 
     </span>
    </p>
   </div>
   <div class='ocr_carea' id='block_1_13' title="bbox 1950 3830 3728 3950">
    <p class='ocr_par' dir='ltr' id='par_1_19' title="bbox 1950 3830 3728 3950">
     <span class='ocr_line' id='line_1_80' title="bbox 1950 3830 3728 3950; baseline -0.002 -50"><span class='ocrx_word' id='word_1_525' title='bbox 1950 3834 2246 3917; x_wconf 87' lang='lat' dir='ltr'>quamvis</span> <span class='ocrx_word' id='word_1_526' title='bbox 2288 3833 2369 3897; x_wconf 92' lang='lat' dir='ltr'>sit</span> <span class='ocrx_word' id='word_1_527' title='bbox 2408 3834 2749 3916; x_wconf 89' lang='lat' dir='ltr'>probabilis</span> <span class='ocrx_word' id='word_1_528' title='bbox 2768 3881 2784 3911; x_wconf 88' lang='lat'>,</span> <span class='ocrx_word' id='word_1_529' title='bbox 2822 3838 3038 3898; x_wconf 90' lang='lat' dir='ltr'>tamen</span> <span class='ocrx_word' id='word_1_530' title='bbox 3077 3835 3265 3918; x_wconf 88' lang='lat' dir='ltr'>plura</span> <span class='ocrx_word' id='word_1_531' title='bbox 3302 3835 3493 3900; x_wconf 85' lang='lat' dir='ltr'>habet</span> <span class='ocrx_word' id='word_1_532' title='bbox 3518 3830 3728 3950; x_wconf 37' lang='lat'>3323,-</span> 
     </span>
    </p>
   </div>
   <div class='ocr_carea' id='block_1_14' title="bbox 1948 3940 3493 4343">
    <p class='ocr_par' dir='ltr' id='par_1_20' title="bbox 1948 3940 3493 4343">
     <span class='ocr_line' id='line_1_81' title="bbox 1950 3940 3493 4024; baseline 0 -19"><span class='ocrx_word' id='word_1_533' title='bbox 1950 3942 2072 4005; x_wconf 91' lang='lat' dir='ltr'>sibi</span> <span class='ocrx_word' id='word_1_534' title='bbox 2117 3940 2516 4005; x_wconf 87' lang='lat' dir='ltr'>adversantia</span> <span class='ocrx_word' id='word_1_535' title='bbox 2531 3989 2549 4019; x_wconf 86' lang='lat'>,</span> <span class='ocrx_word' id='word_1_536' title='bbox 2597 3959 2742 4024; x_wconf 87' lang='lat' dir='ltr'>quae</span> <span class='ocrx_word' id='word_1_537' title='bbox 2787 3941 2858 4004; x_wconf 91' lang='lat' dir='ltr'>in</span> <span class='ocrx_word' id='word_1_538' title='bbox 2904 3941 3281 4024; x_wconf 89' lang='lat' dir='ltr'>opponendo</span> <span class='ocrx_word' id='word_1_539' title='bbox 3328 3945 3493 4006; x_wconf 84' lang='lat' dir='ltr'>tacta</span> 
     </span>
     <span class='ocr_line' id='line_1_82' title="bbox 1950 4046 3491 4130; baseline -0.001 -18"><span class='ocrx_word' id='word_1_540' title='bbox 1950 4051 2121 4112; x_wconf 87' lang='lat' dir='ltr'>sunt.</span> <span class='ocrx_word' id='word_1_541' title='bbox 2154 4046 2418 4130; x_wconf 88' lang='lat' dir='ltr'>Propter</span> <span class='ocrx_word' id='word_1_542' title='bbox 2443 4048 2613 4129; x_wconf 84' lang='lat' dir='ltr'>quod</span> <span class='ocrx_word' id='word_1_543' title='bbox 2644 4048 2768 4111; x_wconf 85' lang='lat' dir='ltr'>fuit</span> <span class='ocrx_word' id='word_1_544' title='bbox 2793 4047 2918 4111; x_wconf 87' lang='lat' dir='ltr'>alia</span> <span class='ocrx_word' id='word_1_545' title='bbox 2944 4047 3190 4130; x_wconf 88' lang='lat' dir='ltr'>positio,</span> <span class='ocrx_word' id='word_1_546' title='bbox 3221 4048 3392 4129; x_wconf 88' lang='lat' dir='ltr'>quod</span> <span class='ocrx_word' id='word_1_547' title='bbox 3422 4049 3491 4111; x_wconf 91' lang='lat' dir='ltr'>in</span> 
     </span>
     <span class='ocr_line' id='line_1_83' title="bbox 1950 4154 3492 4237; baseline 0 -19"><span class='ocrx_word' id='word_1_548' title='bbox 1950 4155 2194 4236; x_wconf 88' lang='lat' dir='ltr'>angelis</span> <span class='ocrx_word' id='word_1_549' title='bbox 2244 4155 2547 4219; x_wconf 89' lang='lat' dir='ltr'>meritum</span> <span class='ocrx_word' id='word_1_550' title='bbox 2599 4154 2920 4237; x_wconf 82' lang='lat' dir='ltr'>praecessit</span> <span class='ocrx_word' id='word_1_551' title='bbox 2969 4154 3310 4236; x_wconf 74' lang='lat' dir='ltr'>praemium</span> <span class='ocrx_word' id='word_1_552' title='bbox 3359 4172 3492 4218; x_wconf 95' lang='lat' dir='ltr'>non</span> 
     </span>
     <span class='ocr_line' id='line_1_84' title="bbox 1948 4259 3492 4343; baseline -0.001 -18"><span class='ocrx_word' id='word_1_553' title='bbox 1948 4266 2264 4343; x_wconf 88' lang='lat' dir='ltr'>tempore,</span> <span class='ocrx_word' id='word_1_554' title='bbox 2294 4261 2404 4324; x_wconf 88' lang='lat' dir='ltr'>sed</span> <span class='ocrx_word' id='word_1_555' title='bbox 2430 4266 2678 4325; x_wconf 89' lang='lat' dir='ltr'>natura.</span> <span class='ocrx_word' id='word_1_556' title='bbox 2717 4260 2793 4324; x_wconf 89' lang='lat' dir='ltr'>Et</span> <span class='ocrx_word' id='word_1_557' title='bbox 2820 4261 3132 4324; x_wconf 88' lang='lat' dir='ltr'>rationem</span> <span class='ocrx_word' id='word_1_558' title='bbox 3163 4259 3362 4343; x_wconf 83' lang='lat' dir='ltr'>hujus</span> <span class='ocrx_word' id='word_1_559' title='bbox 3389 4278 3492 4324; x_wconf 91' lang='lat' dir='ltr'>as-</span> 
     </span>
    </p>
   </div>
   <div class='ocr_carea' id='block_1_15' title="bbox 1950 4366 3630 4450">
    <p class='ocr_par' dir='ltr' id='par_1_21' title="bbox 1950 4366 3630 4450">
     <span class='ocr_line' id='line_1_85' title="bbox 1950 4366 3630 4450; baseline 0 -19"><span class='ocrx_word' id='word_1_560' title='bbox 1950 4369 2248 4450; x_wconf 81' lang='lat' dir='ltr'>signant,</span> <span class='ocrx_word' id='word_1_561' title='bbox 2302 4368 2452 4450; x_wconf 89' lang='lat' dir='ltr'>quia</span> <span class='ocrx_word' id='word_1_562' title='bbox 2507 4368 2713 4449; x_wconf 88' lang='lat' dir='ltr'>gratia</span> <span class='ocrx_word' id='word_1_563' title='bbox 2768 4367 3140 4431; x_wconf 86' lang='lat' dir='ltr'>naturaliter</span> <span class='ocrx_word' id='word_1_564' title='bbox 3189 4366 3492 4449; x_wconf 85' lang='lat' dir='ltr'>praecedit</span> <span class='ocrx_word' id='word_1_565' title='bbox 3625 4370 3630 4373; x_wconf 68' lang='grc'>’</span> 
     </span>
    </p>
   </div>
   <div class='ocr_carea' id='block_1_16' title="bbox 1946 4472 3492 5302">
    <p class='ocr_par' dir='ltr' id='par_1_22' title="bbox 1946 4472 3492 5302">
     <span class='ocr_line' id='line_1_86' title="bbox 1951 4472 3492 4556; baseline -0.001 -18"><span class='ocrx_word' id='word_1_566' title='bbox 1951 4475 2258 4556; x_wconf 83' lang='lat' dir='ltr'>gloriam3</span> <span class='ocrx_word' id='word_1_567' title='bbox 2289 4476 2352 4537; x_wconf 84' lang='lat' dir='ltr'>et</span> <span class='ocrx_word' id='word_1_568' title='bbox 2387 4473 2596 4555; x_wconf 88' lang='lat' dir='ltr'>gratia</span> <span class='ocrx_word' id='word_1_569' title='bbox 2613 4522 2631 4552; x_wconf 91' lang='lat'>‚</span> <span class='ocrx_word' id='word_1_570' title='bbox 2662 4491 2809 4537; x_wconf 89' lang='lat' dir='ltr'>cum</span> <span class='ocrx_word' id='word_1_571' title='bbox 2850 4473 3096 4537; x_wconf 89' lang='lat' dir='ltr'>invenit</span> <span class='ocrx_word' id='word_1_572' title='bbox 3133 4475 3385 4537; x_wconf 86' lang='lat' dir='ltr'>motum</span> <span class='ocrx_word' id='word_1_573' title='bbox 3420 4472 3492 4536; x_wconf 91' lang='lat' dir='ltr'>in</span> 
     </span>
     <span class='ocr_line' id='line_1_87' title="bbox 1946 4578 3485 4659; baseline -0.001 -14"><span class='ocrx_word' id='word_1_574' title='bbox 1946 4581 2148 4646; x_wconf 91' lang='lat' dir='ltr'>libero</span> <span class='ocrx_word' id='word_1_575' title='bbox 2173 4581 2432 4645; x_wconf 90' lang='lat' dir='ltr'>arbitrio</span> <span class='ocrx_word' id='word_1_576' title='bbox 2459 4580 2847 4659; x_wconf 89' lang='lat' dir='ltr'>ordinatum,</span> <span class='ocrx_word' id='word_1_577' title='bbox 2874 4580 3023 4643; x_wconf 84' lang='lat' dir='ltr'>facit</span> <span class='ocrx_word' id='word_1_578' title='bbox 3048 4578 3485 4643; x_wconf 87' lang='lat' dir='ltr'>meritorium:</span> 
     </span>
     <span class='ocr_line' id='line_1_88' title="bbox 1950 4685 3487 4772; baseline -0.003 -19"><span class='ocrx_word' id='word_1_579' title='bbox 1950 4694 2013 4753; x_wconf 93' lang='lat' dir='ltr'>et</span> <span class='ocrx_word' id='word_1_580' title='bbox 2035 4691 2337 4772; x_wconf 89' lang='lat' dir='ltr'>pensatur</span> <span class='ocrx_word' id='word_1_581' title='bbox 2359 4688 2663 4751; x_wconf 90' lang='lat' dir='ltr'>meritum</span> <span class='ocrx_word' id='word_1_582' title='bbox 2688 4686 3043 4751; x_wconf 88' lang='lat' dir='ltr'>secundum</span> <span class='ocrx_word' id='word_1_583' title='bbox 3067 4685 3487 4769; x_wconf 85' lang='lat' dir='ltr'>quantitatem</span> 
     </span>
     <span class='ocr_line' id='line_1_89' title="bbox 1950 4792 3489 4879; baseline -0.004 -18"><span class='ocrx_word' id='word_1_584' title='bbox 1950 4797 2178 4879; x_wconf 68' lang='lat' dir='ltr'>gratiae</span> <span class='ocrx_word' id='word_1_585' title='bbox 2197 4844 2214 4873; x_wconf 88' lang='lat'>,</span> <span class='ocrx_word' id='word_1_586' title='bbox 2255 4813 2385 4860; x_wconf 90' lang='lat' dir='ltr'>non</span> <span class='ocrx_word' id='word_1_587' title='bbox 2420 4794 2775 4860; x_wconf 86' lang='lat' dir='ltr'>secundum</span> <span class='ocrx_word' id='word_1_588' title='bbox 2819 4792 3296 4858; x_wconf 88' lang='lat' dir='ltr'>multitudinem</span> <span class='ocrx_word' id='word_1_589' title='bbox 3336 4810 3489 4874; x_wconf 89' lang='lat' dir='ltr'>ope·-</span> 
     </span>
     <span class='ocr_line' id='line_1_90' title="bbox 1949 4900 3487 4983; baseline -0.005 -14"><span class='ocrx_word' id='word_1_590' title='bbox 1949 4924 2100 4969; x_wconf 89' lang='lat' dir='ltr'>rum</span> <span class='ocrx_word' id='word_1_591' title='bbox 2120 4924 2136 4968; x_wconf 73' lang='grc' dir='ltr'>ε</span> <span class='ocrx_word' id='word_1_592' title='bbox 2159 4904 2302 4969; x_wconf 90' lang='lat' dir='ltr'>ideo</span> <span class='ocrx_word' id='word_1_593' title='bbox 2324 4922 2474 4967; x_wconf 90' lang='lat' dir='ltr'>cum</span> <span class='ocrx_word' id='word_1_594' title='bbox 2495 4901 2744 4983; x_wconf 88' lang='lat' dir='ltr'>angelis</span> <span class='ocrx_word' id='word_1_595' title='bbox 2765 4900 2911 4965; x_wconf 87' lang='lat' dir='ltr'>data</span> <span class='ocrx_word' id='word_1_596' title='bbox 2931 4902 3013 4964; x_wconf 88' lang='lat' dir='ltr'>sit</span> <span class='ocrx_word' id='word_1_597' title='bbox 3037 4900 3313 4983; x_wconf 81' lang='lat' dir='ltr'>perfecta</span> <span class='ocrx_word' id='word_1_598' title='bbox 3334 4916 3487 4982; x_wconf 88' lang='lat' dir='ltr'>gra-</span> 
     </span>
     <span class='ocr_line' id='line_1_91' title="bbox 1947 5007 3486 5090; baseline -0.003 -16"><span class='ocrx_word' id='word_1_599' title='bbox 1947 5011 2062 5090; x_wconf 88' lang='lat' dir='ltr'>tia,</span> <span class='ocrx_word' id='word_1_600' title='bbox 2080 5016 2144 5076; x_wconf 90' lang='lat' dir='ltr'>et</span> <span class='ocrx_word' id='word_1_601' title='bbox 2158 5011 2431 5076; x_wconf 88' lang='lat' dir='ltr'>liberum</span> <span class='ocrx_word' id='word_1_602' title='bbox 2448 5009 2782 5075; x_wconf 89' lang='lat' dir='ltr'>arbitrium</span> <span class='ocrx_word' id='word_1_603' title='bbox 2803 5007 3068 5071; x_wconf 90' lang='lat' dir='ltr'>omnino</span> <span class='ocrx_word' id='word_1_604' title='bbox 3087 5008 3168 5072; x_wconf 86' lang='lat' dir='ltr'>sit</span> <span class='ocrx_word' id='word_1_605' title='bbox 3186 5023 3486 5089; x_wconf 86' lang='lat' dir='ltr'>coopera-</span> 
     </span>
     <span class='ocr_line' id='line_1_92' title="bbox 1949 5112 3489 5199; baseline -0.003 -18"><span class='ocrx_word' id='word_1_606' title='bbox 1949 5123 2088 5182; x_wconf 90' lang='lat' dir='ltr'>tum</span> <span class='ocrx_word' id='word_1_607' title='bbox 2116 5119 2342 5199; x_wconf 73' lang='lat' dir='ltr'>gratiae</span> <span class='ocrx_word' id='word_1_608' title='bbox 2355 5165 2371 5193; x_wconf 90' lang='lat'>‚</span> <span class='ocrx_word' id='word_1_609' title='bbox 2402 5117 2617 5181; x_wconf 87' lang='lat' dir='ltr'>dicunt</span> <span class='ocrx_word' id='word_1_610' title='bbox 2643 5113 2814 5197; x_wconf 85' lang='lat' dir='ltr'>quod</span> <span class='ocrx_word' id='word_1_611' title='bbox 2839 5114 2908 5176; x_wconf 91' lang='lat' dir='ltr'>in</span> <span class='ocrx_word' id='word_1_612' title='bbox 2935 5133 3053 5178; x_wconf 90' lang='lat' dir='ltr'>sua</span> <span class='ocrx_word' id='word_1_613' title='bbox 3077 5112 3489 5179; x_wconf 87' lang='lat' dir='ltr'>conversione</span> 
     </span>
     <span class='ocr_line' id='line_1_93' title="bbox 1949 5218 3489 5302; baseline -0.005 -13"><span class='ocrx_word' id='word_1_614' title='bbox 1949 5224 2332 5289; x_wconf 87' lang='lat' dir='ltr'>sufficienter</span> <span class='ocrx_word' id='word_1_615' title='bbox 2369 5225 2741 5289; x_wconf 90' lang='lat' dir='ltr'>meruerunt</span> <span class='ocrx_word' id='word_1_616' title='bbox 2775 5220 3304 5302; x_wconf 85' lang='lat' dir='ltr'>glorificationem</span> <span class='ocrx_word' id='word_1_617' title='bbox 3326 5219 3373 5286; x_wconf 80' lang='grc'>’.</span> <span class='ocrx_word' id='word_1_618' title='bbox 3411 5218 3489 5283; x_wconf 87' lang='lat' dir='ltr'>Et</span> 
     </span>
    </p>
   </div>
   <div class='ocr_carea' id='block_1_17' title="bbox 1947 5326 3628 5416">
    <p class='ocr_par' dir='ltr' id='par_1_23' title="bbox 1947 5326 3628 5416">
     <span class='ocr_line' id='line_1_94' title="bbox 1947 5326 3628 5416; baseline -0.001 -19"><span class='ocrx_word' id='word_1_619' title='bbox 1947 5331 2089 5397; x_wconf 84' lang='lat' dir='ltr'>haec</span> <span class='ocrx_word' id='word_1_620' title='bbox 2115 5331 2341 5416; x_wconf 88' lang='lat' dir='ltr'>positio</span> <span class='ocrx_word' id='word_1_621' title='bbox 2361 5327 2798 5397; x_wconf 86' lang='lat' dir='ltr'>rationabilior</span> <span class='ocrx_word' id='word_1_622' title='bbox 2817 5331 2934 5413; x_wconf 83' lang='lat' dir='ltr'>est,</span> <span class='ocrx_word' id='word_1_623' title='bbox 2960 5332 3025 5394; x_wconf 86' lang='lat' dir='ltr'>et</span> <span class='ocrx_word' id='word_1_624' title='bbox 3044 5328 3276 5395; x_wconf 85' lang='lat' dir='ltr'>melius</span> <span class='ocrx_word' id='word_1_625' title='bbox 3295 5326 3490 5396; x_wconf 79' lang='lat' dir='ltr'>habet</span> <span class='ocrx_word' id='word_1_626' title='bbox 3623 5349 3628 5355; x_wconf 74' lang='grc'>’</span> 
     </span>
    </p>
   </div>
  </div>
 </body>
</html>
