4125 6225
737 439 859 503 202

735 577 831 638 est
851 571 1224 654 producens,
1248 577 1312 638 et
1334 573 1699 653 intendens3
1725 574 1836 638 sed
1857 589 2039 636 casus
2060 570 2271 653 privat

732 680 1171 758 intentionem,
1197 681 1304 745 sed
1332 699 1463 745 non
1490 683 1940 765 operationem,
1965 681 2127 743 sicut
2153 695 2269 760 pa-

730 791 821 852 tet
841 790 908 851 in
932 789 1226 868 fodiente,
1247 765 1359 870 quii
1377 787 1625 852 invenit
1640 788 2014 852 thesaurum
2036 788 2269 867 praeter

729 894 1181 973 intentionem3
1225 895 1467 959 occasio
1506 899 1721 958 autem
1765 895 1975 976 privat
2007 896 2269 956 utrum-

731 1019 899 1082 que:
927 1019 1056 1063 non
1084 1001 1257 1065 enim
1286 1000 1439 1065 dicit
1465 1000 1851 1083 principium
1881 999 2263 1082 producens,

731 1108 840 1171 sed
868 1107 1076 1187 magis
1102 1106 1249 1170 dicit
1286 1107 1523 1188 aliquid
1551 1108 1723 1188 quod
1760 1106 2146 1188 principium
2171 1103 2269 1167 af—

730 1213 896 1291 ficit,
922 1218 996 1276 ut
1021 1214 1282 1289 efficiat,
1311 1213 1478 1277 sicut
1500 1215 1550 1277 si
1582 1217 1664 1294 (a)
1693 1214 1925 1296 aliquis
1964 1232 2047 1277 ex
2069 1212 2267 1276 verbo

731 1320 948 1384 audito
968 1321 1238 1402 percutit
1268 1321 1488 1400 alium,
1518 1322 1792 1387 verbum
1823 1322 2115 1407 auditum
2146 1321 2269 1385 suit

731 1426 993 1505 occasio,
1010 1445 1139 1490 non
1157 1428 1437 1490 efficiens
1457 1429 1952 1509 percussionem,
1972 1445 2092 1491 nec
2119 1444 2267 1490 coo-

731 1552 959 1616 perans
985 1535 1302 1610 efficienti,
1323 1536 1433 1599 sed
1458 1537 1929 1618 quodammodo
1956 1537 2261 1600 afficiens

730 1638 808 1703 Et
842 1640 981 1705 haec
1017 1642 1258 1705 occasio
1284 1642 1533 1707 duobus
1571 1645 1774 1708 modis
1807 1647 1899 1708 est
1927 1666 1942 1708 z
1969 1645 2265 1726 quaedam

730 1748 905 1812 enim
927 1754 1020 1812 est
1046 1768 1194 1832 quae
1219 1752 1495 1833 quodam
1523 1753 1711 1816 modo
1736 1752 1926 1816 habet
1953 1754 2265 1817 rationem

729 1855 947 1931 activi,
983 1857 1135 1938 quia
1169 1858 1447 1938 quodam
1483 1859 1675 1922 modo
1711 1858 1943 1923 excitat
1977 1860 2264 1923 efficien-

728 1965 857 2025 tem
878 2010 894 2038 ,
924 1962 1086 2026 sicut
1122 1964 1367 2028 malurn
1394 1964 1761 2047 exemplum
1787 1965 1867 2028 ad
1901 1970 2259 2048 peccatum3

728 2068 831 2130 vel
860 2085 1006 2148 quae
1049 2068 1242 2133 habet
1266 2071 1577 2136 rationem
1618 2074 1852 2155 passivi
1870 2120 1888 2152 ,
1919 2076 1993 2136 ut
2024 2092 2106 2137 ex
2134 2091 2264 2155 quo

727 2173 960 2254 aliquis
1001 2177 1271 2239 assumit
1311 2178 1656 2258 rationem,
1704 2180 1866 2242 sicut
1906 2179 2139 2261 aliquis
2184 2198 2266 2243 ex

729 2280 900 2343 malo
942 2280 1203 2345 alterius
1243 2285 1477 2348 excitat
1516 2305 1584 2350 se
1619 2287 1701 2350 ad
1742 2287 2102 2351 faciendum
2143 2287 2263 2350 bo·-

727 2405 913 2449 num.
963 2386 1328 2454 Secundum
1383 2392 1505 2456 hoc
1552 2394 2039 2475 intelligendum
2094 2394 2264 2476 quod

728 2493 970 2559 malum
1017 2496 1145 2561 duo
1190 2498 1339 2562 dicit
1374 2521 1389 2563 ε
1422 2501 1656 2565 scilicet
1697 2503 2155 2584 privationem,
2202 2508 2266 2566 et

726 2607 1025 2666 naturam
1077 2606 1494 2672 ordinabilem
1534 2626 1552 2669 ε
1590 2615 1653 2674 θῖ
1702 2611 1947 2674 ratione
2002 2610 2262 2675 malitiae

725 2715 1134 2790 comparatur
1165 2713 1245 2776 ad
1286 2713 1527 2778 bonum
1547 2765 1564 2793 ,
1595 2717 1767 2797 quod
1800 2717 2071 2792 elicitur,
2102 2717 2266 2781 sicut

724 2817 971 2880 occasio
1002 2820 1284 2900 passiva3
1327 2825 1573 2888 ratione
1607 2824 1756 2888 boni
1784 2824 1955 2905 quod
1981 2825 2264 2888 subster-

724 2921 935 3001 nitur,
990 2926 1156 2989 sicut
1204 2930 1446 2993 occasio
1493 2930 1708 3012 aliquo
1754 2930 1945 2994 modo
1992 2931 2199 2994 activa
2241 2953 2259 2996 t

614 3073 625 3080 -
726 3035 982 3112 propter
1025 3034 1195 3116 quod
1243 3035 1483 3099 malum
1528 3037 1759 3100 dicitur
1799 3038 2041 3101 occasio
2085 3037 2260 3102 boni.

726 3136 884 3201 Cum
912 3158 1068 3221 ergo
1093 3142 1329 3224 aliquid
1358 3145 1546 3208 ducat
1573 3145 1639 3209 in
1666 3146 1910 3210 bonum
1933 3146 2034 3209 bis
2058 3147 2265 3210 tribus

725 3245 962 3325 modiS,
1006 3249 1196 3312 habet
1238 3251 1328 3313 sic
1371 3252 1791 3317 differentiam
1834 3255 1902 3315 in
1950 3254 2259 3319 ducendo.

724 3352 979 3433 Aliquid
1011 3356 1184 3420 enim
1226 3362 1428 3439 potest
1457 3359 1687 3423 ducere
1715 3359 1958 3442 aliquid
1988 3360 2068 3427 ad
2105 3361 2260 3424 alte-

724 3477 874 3523 rum
893 3509 910 3537 ,
941 3467 1052 3526 aut
1078 3483 1158 3528 ex
1185 3485 1283 3545 se,
1312 3471 1425 3530 aut
1449 3487 1561 3550 per
1587 3468 1828 3551 aliquid
1856 3470 1986 3546 sui,
2016 3473 2081 3533 θῖ
2107 3474 2262 3533 tunc

723 3568 897 3630 tenet
924 3570 1233 3635 rationem
1260 3592 1471 3638 causae
1502 3593 1612 3656 per
1636 3595 1733 3654 se;
1770 3580 1882 3639 aut
1909 3580 2113 3658 potest
2140 3577 2261 3640 du-

724 3690 865 3736 cere
901 3693 1015 3755 per
1039 3678 1340 3759 alterum,
1370 3681 1451 3744 ad
1486 3683 1657 3764 quod
1686 3687 1899 3746 tamen
1929 3701 2058 3746 non
2087 3684 2259 3747 ordi-

724 3783 944 3860 natur,
976 3783 1085 3846 sed
1122 3784 1275 3848 illud
1309 3788 1558 3851 ordinat
1596 3789 1675 3852 ad
1712 3790 1974 3853 tertium
2003 3795 2261 3874 sumpta

723 3889 1047 3953 occasione
1069 3910 1151 3954 ex
1179 3892 1308 3972 illo,
1339 3897 1402 3957 et
1427 3895 1516 3958 sic
1542 3900 1713 3959 tenet
1738 3897 2051 3960 rationem
2081 3915 2261 3961 occa-

724 3996 921 4060 sionis
933 4019 953 4075 ;
998 4002 1112 4062 aut
1147 4000 1319 4066 ducit
1356 4021 1503 4066 cum
1535 4003 1684 4079 alio,
1716 4004 1795 4067 ad
1835 4006 2007 4087 quod
2042 4010 2260 4070 tamen

724 4120 853 4167 non
898 4105 1252 4187 ordinatur,
1302 4128 1419 4173 nec
1467 4110 1626 4174 illud
1674 4111 1753 4174 ad
1780 4106 2061 4175 ‘tertium
2084 4161 2101 4192 ,
2151 4114 2260 4177 sed

723 4211 912 4274 ambo
957 4211 1186 4293 simul,
1216 4220 1281 4279 et
1323 4218 1412 4281 sic
1454 4222 1627 4282 tenet
1672 4218 1984 4282 rationem
2031 4238 2215 4283 casus
2237 4267 2255 4299 ,

723 4316 834 4398 qui
861 4335 943 4381 ex
969 4337 1283 4386 concursu
1310 4327 1404 4387 est
1431 4342 1790 4388 causarum.
1822 4323 1919 4388 Ex
1948 4324 2073 4389 hoc
2100 4345 2259 4408 ergo

723 4428 930 4505 patet,
976 4427 1149 4509 quod
1199 4428 1351 4493 illud
1399 4433 1569 4513 quod
1616 4431 1791 4496 ducit
1838 4450 1953 4514 per
1993 4433 2257 4497 modum

723 4549 961 4612 causae,
993 4534 1184 4599 habet
1216 4536 1385 4601 intra
1412 4557 1479 4603 εθ
1508 4539 1820 4604 rationem
1847 4540 2259 4606 ordinationis

724 4640 792 4701 in
817 4641 1011 4705 finem
1030 4691 1046 4718 ,
1078 4648 1142 4706 et
1167 4643 1308 4708 ideo
1333 4645 1402 4708 in
1429 4645 1565 4728 ipso
1593 4653 1685 4711 est
1714 4648 1961 4712 bonitas
1989 4670 2003 4712 :
2030 4653 2093 4712 et
2118 4648 2259 4713 ideo

723 4751 890 4811 recte
917 4748 1360 4816 denominatur
1396 4755 1659 4819 bonum.
1693 4755 1869 4833 Quod
1897 4775 2051 4821 vero
2088 4757 2262 4820 ducit

724 4872 839 4936 per
877 4859 1141 4922 modum
1178 4836 1549 4939 occasionis,
1579 4865 1825 4927 nullam
1862 4865 2053 4929 habet
2093 4865 2260 4928 intra

724 4979 790 5024 se
819 4964 1132 5029 rationem
1157 4969 1573 5033 ordinationis
1596 4972 1665 5034 in
1694 4973 1890 5035 finem
1922 4995 1937 5035 :
1971 4972 2115 5035 ideo
2141 4990 2259 5035 nec

723 5065 1068 5134 bonitatem
1097 5095 1112 5136 ε
1138 5079 1200 5137 θῖ
1233 5080 1492 5158 propter
1515 5076 1639 5141 hoc
1664 5097 1796 5143 non
1830 5082 2033 5161 potest
2057 5079 2252 5142 deno-

724 5174 957 5240 minari
996 5179 1243 5245 bonum
1286 5202 1400 5266 per
1441 5205 1542 5262 se,
1579 5187 1703 5249 nisi
1744 5204 1895 5249 cum
1938 5185 2259 5250 additione

724 5278 892 5343 illius
915 5302 1027 5366 per
1046 5290 1217 5368 quod
1238 5293 1589 5375 ordinatur,
1608 5294 1679 5358 in
1701 5312 1832 5378 quo
1853 5294 2089 5357 scilicet
2110 5312 2259 5359 con—

1873 434 2498 504 SENTENTIARUM
2537 434 2686 502 LIB.
2730 437 2780 501 Ι.

2378 569 2544 634 sistit
2576 571 2735 635 ratio
2761 570 3174 635 ordinationis
3199 574 3263 635 θῖ
3296 571 3614 652 bonitatiS,
3644 578 3707 638 et
3732 573 3893 639 circa

2377 678 2544 757 quod
2573 678 2833 759 ponitur
2855 678 3122 741 bonitas.
3150 676 3310 742 Cum
3330 697 3484 760 ergo
3510 680 3748 744 malum
3772 699 3895 744 non

2377 783 2566 847 ducat
2600 784 2680 849 ad
2719 785 2962 848 bonum
2997 803 3077 848 ex
3115 803 3213 864 se,
3243 786 3350 848 sed
3390 805 3503 869 per
3539 787 3696 851 illud
3733 789 3898 870 quod

2376 890 2624 955 elicitur
2652 911 2734 956 ex
2768 893 2906 975 ipso
2932 912 2972 956 a
3000 893 3279 975 sapiente
3308 892 3463 972 De0,
3495 894 3774 959 absolute
3807 896 3900 959 lo-

2375 999 2660 1080 quendo,
2703 1000 2948 1063 malum
2988 1000 3126 1064 fleri
3163 1018 3297 1064 non
3329 1004 3423 1064 est
3458 1000 3736 1078 bonum;
3773 1002 3899 1065 imo

2376 1123 2599 1170 omnes
2625 1107 2984 1171 consimiles
3009 1111 3159 1170 sunt
3185 1106 3497 1188 negandae
3512 1156 3530 1186 ,
3555 1109 3709 1190 quia
3733 1108 3902 1172 boni-

2375 1215 2471 1275 tas
2498 1217 2754 1277 notatur
2791 1215 2941 1296 poni
2974 1215 3138 1278 circa
3163 1215 3374 1297 ipsum
3401 1216 3667 1280 malum.
3700 1215 3763 1281 Si
3795 1236 3904 1282 au-

2373 1321 2506 1382 tem
2542 1320 2813 1385 addatur
2846 1321 3089 1385 bonum
3127 1322 3299 1404 quod
3337 1322 3611 1403 elicitur,
3640 1323 3744 1387 vel
3776 1325 3903 1407 ipse

2376 1426 2661 1507 eliciens,
2692 1429 2780 1491 sic
2805 1428 3219 1493 concedendae
3248 1435 3398 1493 sunt
3425 1431 3794 1512 hujusmodi
3820 1432 3904 1495 lo-

2376 1533 2657 1598 cutiones
2687 1557 2702 1600 :
2729 1559 2761 1596 α
2789 1534 3026 1598 Malum
3069 1536 3206 1599 sseri
3245 1540 3339 1600 est
3382 1536 3626 1600 bonum
3669 1537 3761 1616 ei,
3796 1539 3905 1620 qui

2375 1642 2554 1704 novit
2575 1643 2870 1707 ordinare
2894 1643 2959 1706 in
2981 1643 3224 1707 bonum
3252 1666 3267 1708 :
3294 1666 3324 1703 ι)
3349 1644 3646 1709 similiter
3668 1645 3904 1709 malum

2373 1748 2512 1812 fleri
2537 1753 2632 1812 est
2654 1751 2928 1829 bonum,
2959 1756 3031 1814 ut
3062 1751 3238 1816 electi
3267 1753 3642 1833 probentur.

2455 1861 2483 1918 1
2514 1861 2577 1920 θῖ
2602 1862 2661 1920 2.
2695 1857 2791 1921 Ex
2815 1858 2934 1923 hoc
2961 1877 3118 1939 ergo
3144 1863 3359 1942 patent
3383 1859 3533 1924 duae
3561 1860 3786 1942 primae
3811 1878 3903 1924 ra·

2372 1962 2574 2027 tiones
2594 1986 2610 2028 ε
2634 1965 2980 2047 procedunt
2995 1967 3169 2029 enim
3189 1985 3338 2029 cum
3358 1967 3899 2047 determinatione,

2372 2071 2537 2134 sicut
2561 2075 2730 2154 patet
2754 2073 2822 2135 in
2848 2073 3000 2156 ipsis
3025 2074 3527 2138 auctoritatibus.

2452 2182 2511 2241 3.
2560 2179 2654 2241 Ad
2699 2179 2859 2244 illud
2899 2179 3069 2262 quod
3108 2180 3405 2262 objicitur
3445 2181 3681 2245 tertio:
3714 2182 3905 2263 Cujus

2370 2303 2529 2348 usus
2554 2286 2783 2363 bonuS,
2810 2291 2955 2366 etc.;
2985 2287 3327 2352 dicendum
3351 2288 3526 2370 quod
3557 2289 3792 2371 duplex
3817 2293 3907 2353 est
4007 2287 4014 2292 ’

2371 2410 2528 2456 usus
2551 2392 2643 2456 rei
2666 2411 2683 2455 ι
2704 2411 2876 2456 unus
2901 2393 2981 2456 ad
3007 2411 3201 2475 quem
3227 2412 3331 2457 res
3353 2393 3431 2457 de
3457 2412 3527 2457 se
3552 2396 3902 2474 ordinatur,

2370 2500 2533 2563 etde
2559 2500 2670 2563 tali
2695 2517 2926 2564 verum
2951 2503 3075 2578 est,
3105 2500 3271 2563 sicut
3298 2505 3468 2582 patet
3499 2502 3577 2565 de
3604 2520 3774 2585 equo
3793 2502 3906 2585 qui

2371 2610 2463 2670 θεῖ
2502 2607 2580 2670 ad
2609 2607 3061 2688 equitandum3
3100 2607 3267 2670 alius
3307 2627 3466 2694 usus
3499 2614 3631 2686 est,
3676 2611 3788 2693 qui
3816 2616 3907 2675 est

2368 2713 2741 2795 aliquandO,
2783 2719 2847 2777 et
2888 2732 2971 2778 ex
3014 2718 3155 2797 post
3198 2715 3363 2779 facto
3394 2738 3411 2778 t
3441 2719 3509 2780 et
3551 2717 3669 2781 iste
3709 2720 3908 2800 potest

2369 2839 2504 2885 esse
2543 2822 2750 2885 bonus
2785 2840 2864 2885 ex
2907 2822 3188 2886 bonitate
3219 2823 3489 2899 utentis,
3523 2842 3655 2887 non
3690 2825 3901 2888 utilis:

2369 2929 2521 3011 quia
2558 2930 2766 2994 bonus
2802 2933 2988 2994 utens
3027 2930 3188 2993 bene
3230 2930 3436 2993 utitur
3468 2930 3661 2993 malis
3690 2952 3705 2993 ε
3736 2934 3798 2993 θῖ
3831 2929 3906 2994 de

2367 3037 2479 3100 tali
2505 3056 2631 3100 usu
2666 3055 2799 3100 non
2830 3040 2923 3101 θεῖ
2960 3036 3186 3118 regula
3214 3054 3365 3101 vera
3394 3054 3410 3099 ε
3441 3036 3524 3101 de
3558 3037 3670 3101 tali
3696 3043 3904 3102 autem

2369 3143 2651 3226 loquitur
2678 3143 3108 3225 Augustinus,

2447 3254 2508 3312 4.
2548 3251 2644 3315 Ad
2676 3250 2832 3315 illud
2868 3252 3040 3334 quod
3070 3250 3411 3332 objicitur:
3439 3249 3625 3328 Quod
3658 3254 3903 3333 justum

2367 3360 2481 3431 est,
2507 3357 2749 3421 bonum
2775 3361 2890 3435 est,
2917 3360 3063 3436 etc.;
3094 3358 3433 3422 dicendum
3455 3361 3630 3441 quod
3654 3363 3903 3442 justum

2365 3463 2594 3527 dicitur
2629 3465 2960 3547 dupliciter
2995 3487 3010 3529 z
3045 3483 3176 3529 uno
3219 3465 3408 3528 modo
3440 3468 3616 3546 juste
3653 3465 3903 3530 ordina-

2365 3573 2506 3633 tum
2545 3589 2659 3652 per
2674 3570 2991 3652 justiliam
3018 3588 3163 3652 quae
3192 3576 3287 3634 est
3317 3571 3589 3654 inipso,
3620 3579 3684 3636 et
3717 3589 3903 3637 omne

2366 3675 2538 3757 quod
2572 3676 2661 3739 sic
2697 3678 2950 3757 justu'm
2989 3681 3114 3755 est,
3156 3676 3399 3741 bonum
3441 3683 3565 3758 est,
3600 3677 3902 3760 quoniam

2365 3782 2531 3846 intra
2571 3801 2638 3847 se
2680 3783 2874 3848 habet
2906 3785 3260 3866 Justitiam3
3296 3784 3402 3848 vel
3440 3788 3539 3848 est
3579 3783 3899 3849 declarati-

2365 3907 2523 3952 vum
2542 3890 2827 3971 justitiae,
2852 3895 2914 3954 et
2940 3892 3030 3954 sic
3052 3895 3255 3973 potest
3280 3890 3527 3954 malum
3549 3891 3897 3955 ostendere.

2365 3996 2542 4062 Sicut
2576 3998 2747 4062 enim
2785 3999 3031 4063 malum
3069 4002 3272 4081 potest
3305 3999 3386 4061 ad
3422 3999 3902 4063 retributionem

2358 4107 2624 4188 Justitiae
2658 4107 3024 4189 disponere,
3063 4107 3152 4170 ita
3189 4111 3252 4169 et
3282 4105 3636 4171 ostendere.
3672 4107 3751 4171 Et
3786 4105 3901 4170 hoc

2364 4213 2553 4279 modo
2584 4214 2732 4278 dicit
2770 4214 3235 4279 ordinationem
3264 4213 3537 4296 justitiae
3576 4215 3647 4277 in
3683 4214 3896 4290 altem,

2364 4339 2482 4385 nec
2517 4321 2808 4402 sequitur
2839 4322 3008 4403 quod
3045 4321 3125 4384 sit
3164 4320 3443 4399 bonum,
3476 4322 3627 4402 quia
3652 4324 3897 4402 justum

2363 4428 2508 4509 plus
2529 4428 2826 4509 importat
2846 4429 3159 4492 rationem
3183 4427 3446 4491 ordinis,
3470 4425 3899 4492 Nihilominus

2363 4538 2576 4598 tamen
2601 4552 2809 4598 sermo
2837 4534 2941 4598 ille
2970 4552 3102 4599 non
3129 4539 3222 4599 est
3248 4535 3567 4617 proprius,
3597 4553 3727 4617 quo
3754 4535 3900 4598 dici·

2363 4646 2512 4706 tur:
2544 4665 2575 4703 a
2600 4641 2853 4707 Justum
2881 4646 3003 4721 est,
3033 4646 3108 4705 ut
3133 4644 3153 4678 ¹
3177 4644 3293 4725 qui
3326 4644 3402 4708 in
3437 4642 3736 4708 sordibus
3772 4646 3893 4717 est,

2361 4748 2684 4816 sordescat
2699 4770 2725 4828 ,·
2749 4772 2780 4811 n
2808 4750 2939 4813 imo
2974 4749 3160 4814 valde
3199 4768 3315 4831 per
3348 4749 3640 4814 accidens
3679 4748 3895 4813 intelli·

2363 4860 2564 4941 gitur,
2596 4860 2746 4940 quia
2765 4861 3013 4941 justum
3040 4862 3231 4922 estut
3259 4858 3658 4940 relinquatur
3682 4877 3722 4921 a
3747 4858 3889 4930 De0‚

2364 4972 2428 5032 et
2460 4967 2540 5031 ad
2583 4967 2705 5030 hoc
2743 4967 3049 5049 sequitur,
3083 4966 3253 5048 quod
3293 4965 3504 5029 adhuc
3539 4966 3886 5030 sordescat:

2365 5074 2534 5138 unde
2561 5092 2675 5157 per
2697 5075 2989 5138 accidens
3017 5073 3417 5154 intelligitur.

2433 5306 2633 5373 upum,
2650 5318 2783 5371 1¹11,
2803 5307 3030 5371 ss.-(a)
3058 5306 3180 5358 Coet.
3203 5305 3325 5357 edit.
3348 5304 3502 5357 deest.
3523 5304 3584 5356 si.
