4125 6225
1479 354 1860 423 DISTINCT.
1903 353 2113 420 XLIII.

255 493 387 558 bile:
414 496 481 557 ut
499 494 681 575 patet
700 541 719 572 ,
747 493 804 556 si
835 492 1128 558 dicatur:
1168 516 1198 553 α
1226 492 1389 557 Deus
1418 498 1622 576 potest
1652 493 1742 554 fa-

255 621 360 666 eere
387 602 456 666 de
484 620 659 666 caeco
696 602 1070 666 videntem:
1100 620 1258 683 ergo
1298 620 1503 665 caecus
1543 603 1746 683 potest

254 728 353 773 esse
371 709 610 786 videm,
633 709 738 773 vel
756 729 842 773 ex
857 727 1024 772 caeco
1036 712 1240 790 potest
1251 709 1389 771 fieri
1407 708 1630 771 videns
1660 729 1674 769 ε
1707 727 1737 763 n

253 814 396 898 prius
422 816 598 879 enim
632 816 877 881 dicebat
904 816 1255 899 potentiam
1285 815 1747 879 activam-sim-

252 923 471 1005 pliciter,
500 928 566 987 et
583 924 993 1007 postmodum
1014 923 1349 1005 passivam,
1372 927 1434 987 et
1457 923 1598 986 ideo
1618 940 1748 984 non

255 1031 503 1112 sequitur
525 1052 543 1093 t
568 1050 727 1113 ergo
747 1031 1007 1115 quando
1027 1031 1276 1110 dicitur,
1300 1031 1354 1094 si
1378 1029 1749 1094 antecedens

255 1142 329 1200 est
356 1138 670 1220 possibile,
701 1143 763 1202 et
792 1157 1216 1221 consequens;
1264 1137 1750 1219 intelligendum

253 1248 350 1323 oet,
375 1244 587 1308 eadem
612 1245 1048 1328 possibilitate.

312 1355 362 1413 4.
399 1352 492 1417 Ad
537 1352 696 1416 illud
740 1371 898 1434 ergo
944 1352 1116 1435 quod
1159 1352 1389 1417 ultimo
1432 1351 1747 1433 objicitur,

254 1458 389 1542 quod
411 1478 599 1523 omne
632 1477 867 1523 verum
900 1463 1106 1541 potest
1145 1477 1282 1522 esse
1308 1477 1537 1521 verum
1567 1464 1749 1522 ante-

254 1584 413 1647 quam
438 1567 548 1642 sit,
580 1565 920 1630 dicendum
949 1566 1119 1648 quod
1146 1583 1377 1630 verum
1398 1569 1520 1642 est,
1550 1569 1614 1629 et
1639 1566 1751 1630 de-

253 1676 560 1736 monstrato
606 1690 775 1737 caeco
819 1672 944 1737 hoc
973 1671 1214 1735 dictum
1255 1694 1269 1734 z
1308 1695 1340 1732 α
1385 1671 1506 1735 Iste
1551 1674 1750 1752 potest

252 1775 451 1855 videre,
480 1798 513 1834 n
540 1794 675 1840 esse
699 1794 935 1840 verum
963 1778 1058 1839 est
1086 1774 1404 1858 possibile,
1436 1775 1589 1857 quia
1614 1790 1752 1856 pos-

251 1883 401 1949 sibile
436 1884 732 1966 accipitur
755 1883 843 1946 ibi
882 1885 1171 1965 respectu
1215 1883 1384 1960 veri3
1420 1886 1484 1946 et
1507 1882 1747 1945 dictum

252 1995 324 2053 est
345 1992 500 2073 quod
528 1991 816 2074 possibile
835 2040 853 2070 ,
887 1990 1143 2073 quando
1170 1988 1321 2052 dicit
1348 1989 1635 2052 ordinem
1662 1990 1741 2054 ad

1861 491 2143 554 muniter
2170 490 2249 554 ad
2277 491 2552 556 activam
2571 539 2588 568 ,
2619 494 2680 556 et
2712 491 3029 574 passivam
3050 539 3065 568 ,
3107 493 3395 573 superio-

1860 616 1998 661 rem
2033 602 2097 661 et
2122 598 2488 663 inferiorem
2516 622 2530 664 ε
2563 599 2669 663 sed
2685 604 2839 662 tunc
2857 617 2986 662 non
3006 599 3295 681 sequitur
3319 600 3397 664 de

1856 723 1926 768 re
1944 753 1961 783 ,
1994 727 2025 766 a
2051 724 2207 786 ergo
2234 706 2349 769 iste
2370 710 2571 789 potest
2597 706 2847 784 videre3
2876 727 2905 764 n
2934 705 3086 787 quia
3106 705 3255 769 dicit
3280 725 3393 789 po-

1856 813 2129 876 tentiam
2143 813 2460 894 passivam
2482 817 2779 892 creatam,
2803 812 3037 876 scilicet
3050 814 3395 896 potentiam

1857 919 2157 983 visivam.
2192 918 2319 983 Nec
2352 921 2641 1002 sequitur
2670 942 2684 984 ε
2725 944 2757 981 (τ
2797 939 2954 1002 ergo
2985 920 3060 983 de
3089 938 3255 984 caeco
3281 939 3396 1003 po-

1857 1028 2004 1091 terit
2046 1029 2187 1091 fieri
2226 1028 2478 1104 videm,
2518 1050 2548 1087 υ
2594 1028 2950 1093 secundum
2988 1028 3159 1110 quod
3194 1034 3399 1110 potest

3282 363 3391 423 141

1860 1135 2040 1216 ponit
2063 1130 2411 1217 potentiam
2445 1139 2589 1199 actu
2627 1136 2695 1198 in
2725 1136 2844 1199 isto
2863 1183 2880 1214 ,
2919 1135 3076 1217 quia
3106 1135 3255 1198 dicit
3280 1154 3398 1218 po·
3517 1151 3536 1164 ·

1861 1242 2125 1305 tentiam
2168 1243 2486 1324 passivam
2527 1243 2894 1325 dispositam
2942 1264 2957 1305 ε
3003 1243 3135 1305 imo
3169 1247 3264 1306 est
3306 1243 3395 1306 ibi

1859 1349 2106 1413 fallacia
2164 1351 2608 1432 consequentis
2626 1398 2644 1427 ‚
2692 1350 2848 1431 quia
2903 1368 3052 1413 cum
3102 1351 3395 1432 possibile

1864 1456 2207 1538 accipiatur
2254 1456 2325 1519 in
2375 1475 2493 1521 sua
2537 1457 2948 1538 generalitate
2966 1505 2984 1537 ,
3030 1457 3224 1522 hahet
3268 1463 3396 1524 tres

1862 1581 2083 1627 causas
2108 1562 2390 1629 veritatis
2421 1584 2436 1627 ε
2468 1568 2581 1628 aut
2611 1564 2678 1627 in
2706 1582 2873 1628 caeco
2898 1568 2991 1628 est
3018 1568 3288 1647 potestas
3314 1567 3394 1631 ad

1863 1669 2206 1734 videndum
2225 1718 2242 1747 ,
2263 1676 2377 1735 aut
2393 1676 2665 1755 potestas
2688 1672 2766 1736 ad
2789 1671 3219 1755 recipiendum
3236 1721 3252 1752 ,
3279 1678 3394 1737 aut

1860 1778 2012 1860 quia
2029 1778 2100 1841 in
2125 1780 2251 1842 alio
2275 1784 2367 1842 est
2392 1784 2667 1863 potestas
2687 1780 2767 1844 ad
2795 1779 3083 1843 dandum
3112 1782 3391 1846 :ratione

1857 1885 2056 1967 hujus
2076 1884 2317 1949 dictum
2332 1890 2425 1950 est
2440 1887 2754 1969 possibile,
2775 1890 2837 1951 et
2855 1887 2927 1950 fit
2948 1886 3028 1969 (a)
3049 1886 3391 1969 aliquando

1856 2010 2088 2056 verum
2109 2041 2123 2072 ,
2155 1993 2317 2058 sicut
2344 1997 2549 2077 patet3
2582 1998 2644 2058 et
2670 1995 2758 2059 ita
2779 1998 2996 2078 patent
3022 1999 3249 2060 caetera
3269 1995 3390 2060 ob-

250 2116 383 2179 esse,
399 2099 498 2163 vel
521 2100 598 2164 ad
610 2117 742 2165 esse
756 2117 1013 2179 verum,
1032 2097 1183 2163 dicit
1199 2097 1550 2181 potentiam
1566 2116 1743 2162 com-
1847 2100 2040 2182 jecta.

1189 2391 1927 2487 DISTINCTIO
1991 2390 2362 2486 XLIII.

255 2629 319 2676 DE
360 2629 636 2679 PO‘I'ENTIA
676 2632 781 2678 DEI
832 2631 899 2679 IN
943 2633 1411 2680 COMPARA‘HONE
1463 2635 1546 2679 An
1598 2633 2027 2688 QUANTITATEM
2048 2664 2067 2698 ,
2117 2632 2464 2681 osTENDENs
2507 2633 2647 2680 Esus
2703 2633 3164 2682 nmENSITA'rEM
3184 2663 3206 2701 ²
3252 2635 3389 2686 stvss

1415 2741 1709 2796 QUANTUM
1752 2742 1904 2790 DEUS
1949 2742 2178 2789 Possrr.

329 2931 586 3013 Quidam
615 2942 837 3005 tamen
864 2937 946 3005 de
973 2960 1093 3007 suo
1130 2959 1327 3006 sensu
1372 2938 1752 3028 glorianteS,
1795 2938 1915 3007 Dei
1954 2938 2313 3030 potentiam
2340 2936 2464 3006 sub
2508 2958 2818 3006 mensura
2851 2944 3138 3005 coartare
3166 2935 3382 3004 conati
3468 2968 3627 3028 opffi,

258 3057 407 3118 sunt.
439 3050 592 3120 Cum
621 3053 798 3122 enim
827 3053 1056 3123 dicunt
1088 3079 1105 3124 :
1145 3080 1181 3121 <x
1205 3054 1564 3147 Hucusque
1597 3061 1807 3146 potest
1831 3054 2029 3144 Deua,
2061 3062 2125 3125 et
2152 3077 2288 3157 non
2315 3054 2628 3146 amplius3
2663 3080 2697 3121 »
2737 3053 2904 3146 quid
2932 3052 3056 3123 hoc
3080 3060 3176 3122 est
3202 3052 3387 3122 aliud

261 3158 424 3257 quam
450 3170 579 3260 ejus
605 3172 989 3262 potentiam,
1022 3194 1168 3264 quae
1207 3170 1471 3240 infinita
1515 3180 1632 3259 est,
1679 3172 2063 3242 concludere
2099 3181 2164 3242 et
2190 3172 2591 3270 'restringere
2618 3171 2696 3240 ad
2729 3175 3148 3240 mensuram?
3180 3170 3388 3239 Aiunt

264 3283 404 3351 enim
433 3310 447 3351 τ
479 3315 511 3353 (ι
535 3286 679 3356 Non
707 3296 919 3380 potest
960 3288 1139 3357 Deus
1177 3288 1363 3356 aliud
1398 3288 1608 3356 facere
1648 3311 1852 3381 quam
1880 3289 2057 3376 facit,
2104 3312 2221 3358 nec
2258 3289 2497 3358 melius
2522 3289 2731 3357 facere
2758 3288 2825 3355 id
2858 3287 3036 3378 quod
3062 3286 3238 3371 facit,
3270 3308 3388 3354 nec
3415 3283 3628 3357 ¹⁰1¹.P⁰⁸⁸⁶

3428 3046 3457 3088 q
3459 3048 3628 3078 nnnnn

3433 3095 3531 3140 dam
3565 3096 3630 3141 di-

3415 3160 3601 3202 centium
3611 3192 3625 3215 ,

3454 3219 3592 3265 Deum

3415 3359 3497 3389 mm
3512 3349 3629 3402 quod

267 3397 469 3490 aliquid
493 3405 981 3494 praetermittere
1008 3404 1088 3473 de
1117 3404 1220 3473 his
1247 3427 1393 3497 quae
1422 3404 1596 3474 facit.
1627 3431 1661 3471 >2
1713 3405 2043 3498 Istamque
2070 3406 2353 3500 primam
2382 3428 2567 3474 suam
2611 3405 2988 3498 opinionem
3016 3394 3391 3474 verisimili·
3454 3408 3582 3464 facit,

3417 3482 3512 3513 cum
3534 3472 3629 3527 pln-

266 3510 366 3581 bus
386 3520 791 3608 argumentis,
841 3521 1182 3613 causisque
1206 3522 1690 3609 commentitiis,
1724 3544 1844 3591 nec
1880 3546 2015 3591 non
2057 3532 2122 3591 et
2165 3545 2499 3591 sacrarum
2549 3522 2974 3590 autoritatum
3005 3518 3391 3588 testimoniis
3416 3532 3535 3576 ribus
3564 3547 3630 3577 ra·

3417 3596 3603 3639 tionibus
3613 3629 3627 3652 ,

273 3633 477 3702 munire
516 3645 861 3724 conantur,
906 3637 1229 3706 dicentes:
1286 3666 1322 3705 ιι
1355 3637 1504 3705 Non
1551 3647 1758 3730 potest
1802 3639 1978 3709 Deus
2021 3638 2231 3709 facere
2260 3638 2388 3707 nisi
2416 3637 2595 3730 quod
2634 3636 2887 3707 bonum
2932 3645 2997 3705 et
3015 3636 3268 3727 justum
3297 3643 3392 3705 est
3417 3670 3522 3713 qua
3542 3672 3629 3702 om·

279 3743 426 3818 fieri:
454 3774 580 3820 nou
607 3761 702 3821 est
726 3762 950 3822 autem
972 3753 1226 3844 justum
1255 3761 1320 3822 et
1350 3753 1598 3823 bonum
1630 3755 1777 3823 fieri
1804 3756 1886 3824 ab
1913 3778 2014 3842 eo,
2045 3756 2175 3824 nisi
2202 3756 2381 3848 quod
2407 3755 2563 3824 facit
2595 3778 2610 3822 τ
2643 3755 2698 3823 si
2727 3754 2901 3823 enim
2930 3753 3113 3822 aliud
3133 3754 3390 3845 justum

279 3872 348 3930 nst
368 3875 419 3935 et
437 3867 673 3939 bonum
702 3893 856 3939 eum
883 3871 1092 3938 facere
1119 3893 1318 3963 quam
1337 3871 1514 3958 facit,
1538 3895 1671 3941 non
1698 3894 1855 3963 ergo
1882 3872 2035 3942 facit
2062 3895 2258 3941 omne
2283 3872 2462 3964 quod
2479 3870 2738 3963 justum
2757 3878 2853 3941 est
2878 3877 2942 3939 et
2967 3871 3218 3940 bonum
3236 3894 3389 3939 eum

281 3975 458 4051 iacere.
489 3984 609 4054 Sed
637 3986 788 4078 quis
815 3987 1054 4056 audeat
1080 3987 1202 4055 hoc
1228 3987 1486 4057 dicere?
1515 4015 1550 4055 >³

3416 3733 3495 3765 nes
3504 3722 3627 3766 solvit

345 4099 581 4170 Addunt
602 4104 796 4173 etiam
831 4129 846 4171 :
886 4132 920 4172 «
953 4104 1099 4173 Non
1128 4114 1335 4197 potest
1363 4088 1596 4192 facere,
1628 4105 1757 4174 nisi
1786 4105 1966 4199 quod
1983 4104 2241 4196 justitia
2268 4105 2322 4198 ej
2334 4128 2410 4175 us
2435 4103 2638 4193 exigit
2672 4127 2687 4170 ε
2719 4101 2832 4171 sed
2858 4123 2993 4170 non
3021 4101 3224 4191 exigit
3249 4099 3392 4194 ejus
3415 4114 3627 4222 rffessm⁸

284 4206 483 4298 justitia
506 4226 574 4286 ut
599 4219 813 4308 faciat,
840 4221 969 4289 nisi
997 4221 1174 4313 quod
1202 4221 1394 4290 facit:
1428 4245 1560 4291 non
1587 4245 1743 4312 ergo
1770 4230 1979 4315 potest
2004 4223 2239 4305 facere,
2274 4222 2403 4290 nisi
2430 4219 2606 4312 quod
2640 4219 2820 4287 facit.
2852 4217 3228 4310 Eademque
3248 4218 3391 4309 jus-
3526 4205 3542 4222 ’

289 4324 399 4395 titia
431 4333 643 4423 exigit,
669 4345 746 4405 ut
784 4336 854 4405 id
897 4361 1033 4406 non
1061 4338 1255 4407 faciat
1289 4338 1466 4430 quod
1500 4362 1633 4406 non
1670 4338 1823 4407 facit
1854 4363 1870 4405 :
1902 4362 2037 4408 non
2078 4347 2299 4407 autem
2324 4345 2531 4430 potest
2565 4336 2775 4405 facere
2813 4343 3039 4404 contra
3061 4335 3388 4426 justitiam

294 4462 436 4513 suam
463 4473 478 4514 ι
503 4472 625 4519 non
656 4475 812 4542 ergo
840 4463 1055 4544 potest
1081 4453 1335 4547 aliquid
1366 4477 1596 4523 eorum
1624 4455 1832 4524 facere
1870 4477 2019 4547 quae
2051 4454 2343 4523 dimittit.
2380 4479 2417 4520 ›>

365 4558 459 4628 His
488 4574 681 4637 autem
718 4569 1216 4661 respondemuS,
1258 4571 1588 4662 duplicem
1625 4571 1981 4641 verborum
2016 4572 2517 4660 intelligentiam
2551 4569 2936 4662 aperienteS,
2967 4576 3033 4637 et
3058 4568 3141 4638 ab
3175 4568 3387 4637 eisin·
3428 4586 3622 4661 Βςψοιι·

301 4672 478 4746 voluta
499 4684 845 4755 evolventes
872 4687 962 4754 sic
994 4712 1009 4754 z
1040 4686 1189 4755 Non
1215 4695 1424 4779 potest
1450 4688 1624 4756 Deus
1650 4688 1858 4758 facere
1900 4689 2031 4757 nisi
2072 4689 2251 4781 quod
2277 4689 2528 4758 honum
2576 4695 2672 4756 est
2724 4695 2786 4755 et
2823 4686 3080 4778 justum
3103 4738 3121 4772 ,
3153 4685 3221 4752 id
3248 4691 3383 4771 est,
3460 4713 3579 4768 prius

306 4806 408 4856 non
445 4803 620 4884 potest
649 4802 854 4870 facere
894 4802 1025 4871 nisi
1064 4803 1234 4871 illud
1272 4802 1475 4896 quod,
1515 4804 1572 4872 si
1607 4805 1865 4892 faceret,
1910 4805 2160 4874 honum
2208 4812 2271 4873 et
2299 4804 2554 4897 justum
2593 4810 2756 4872 esset
2801 4827 2816 4869 ε
2850 4824 3080 4872 verum
3110 4808 3206 4868 est
3226 4826 3245 4886 ;
3277 4800 3407 4893 sed,

312 4905 474 4975 multa
498 4922 673 5002 potest
712 4920 919 4989 facere
962 4942 1110 5013 quae
1135 4943 1271 4989 non
1315 4920 1489 4989 bona
1529 4931 1708 5010 sunt,
1739 4944 1859 4990 nec
1877 4922 2081 5014 justa,
2113 4921 2272 5013 quia
2307 4943 2424 4989 nec
2458 4927 2637 5007 sunt,
2668 4942 2786 4988 nec
2812 4925 3045 5002 erunt3
3078 4938 3196 4984 nec
3223 4915 3389 4984 bene

313 5013 469 5109 fiunt,
491 5049 589 5097 uec
609 5032 779 5124 fient,
810 5037 968 5130 quia
993 5060 1338 5130 nunquam
1367 5039 1553 5109 fient.
1585 5040 1773 5127 Item,
1804 5037 1984 5130 quod
2016 5037 2298 5108 secundo
2325 5038 2693 5131 oppositum
2723 5035 2852 5104 fuit
2884 5058 2903 5101 ε
2943 5060 2978 5100 α
3005 5032 3154 5102 Non
3181 5040 3390 5123 potest

313 5131 482 5207 ¹⁸0&ss
500 5144 606 5214 nisi
628 5154 788 5243 quod
804 5153 1063 5246 justitia
1082 5179 1204 5224 sua
1219 5156 1457 5248 exigit,
1477 5165 1543 5226 et
1568 5180 1705 5227 non
1731 5162 1940 5248 potest
1957 5153 2027 5223 id
2044 5155 2255 5224 facere
2281 5155 2458 5247 quod
2479 5152 2736 5246 justitia
2761 5174 2882 5221 sua
2903 5149 3131 5241 exigit,
3151 5157 3229 5218 ut
3251 5169 3388 5256 non

364 5339 428 5404 (α)
447 5343 546 5398 cer.
558 5350 661 5404 edit.
683 5355 777 5409 flet.

3465 4182 3482 4219 t

3448 4662 3512 4693 sno
3543 4651 3597 4694 ad

3434 4774 3611 4819 dietum.
