4125 6225
1070 411 1269 479 DIST.
1308 412 1574 478 mvl.
1617 407 1799 475 ΛΒΤ.
1845 406 1952 472 111.
1998 405 2298 485 QUAEST.
2344 404 2422 470 11.
3338 406 3417 468 29

296 557 378 623 md
400 551 528 619 boni
558 551 743 632 cujus
774 551 870 613 est
913 548 1242 631 privatio:
1271 552 1335 614 et
1359 550 1504 614 ideo
1543 546 1775 613 dicitur

296 661 534 749 cognosci
560 678 670 743 per
695 658 983 724 accidens
1011 663 1077 724 et
1104 677 1217 742 per
1242 657 1689 742 privationem.

354 778 402 835 1.
424 769 507 834 Ad
535 766 688 831 illud
713 783 875 848 ergo
908 767 1082 848 quod
1115 767 1410 850 oincitur
1437 764 1612 848 quod
1637 781 1774 825 ma-

294 883 399 948 lum
428 883 508 943 est
540 877 607 940 in
650 875 765 940 Dei
811 875 1175 957 cognitione
1212 923 1228 951 ‚
1273 877 1337 938 et
1373 872 1655 954 cognitio
1685 882 1780 934 est

296 988 454 1066 Deus,
496 983 716 1065 igitur,
766 985 887 1045 etc.
896 1003 914 1060 3
961 981 1302 1047 dicendum
1331 979 1503 1062 quod
1543 978 1648 1041 hic
1686 979 1781 1041 est

295 1092 487 1160 fallacia
522 1088 882 1153 secundum
910 1088 1201 1152 accidens
1229 1109 1245 1151 ι
1278 1085 1576 1169 quamvis
1605 1083 1780 1148 enim

293 1200 423 1264 idem
438 1199 511 1260 sit
530 1196 810 1278 cognitio
827 1194 938 1259 Dei
955 1195 1130 1277 quod
1156 1194 1337 1274 DeuS,
1366 1199 1582 1257 tamen
1607 1191 1781 1255 aliud

292 1308 543 1371 connotat
557 1352 575 1383 ,
610 1304 777 1367 sicut
800 1305 1099 1384 potentia
1125 1307 1188 1366 et
1213 1302 1566 1383 sapientia.
1605 1296 1783 1361 Unde

292 1415 425 1478 sicut
444 1431 567 1476 non
588 1411 879 1494 sequitur
910 1428 927 1474 ε
963 1434 995 1471 «
1020 1409 1129 1474 Est
1154 1409 1226 1473 in
1250 1409 1361 1473 Dei
1384 1406 1607 1472 notitia
1638 1428 1652 1469 ε
1680 1421 1782 1468 ει·-

291 1542 359 1605 go
393 1527 447 1586 et
476 1522 543 1586 in
570 1520 884 1604 potentia3
921 1543 951 1579 n
994 1520 1127 1584 imo
1162 1522 1259 1584 est
1282 1518 1368 1582 ibi
1407 1516 1693 1582 accidens
1723 1516 1786 1578 et

292 1648 673 1712 consequens3
704 1629 796 1692 sic
824 1627 932 1691 et
912 1645 986 1690 ιιι
1015 1626 1357 1709 proposito.

354 1740 405 1798 Ξ.
452 1734 543 1797 Ad
584 1733 738 1798 illud
767 1733 939 1816 quod
973 1732 1291 1814 objicitur,
1343 1729 1513 1813 quod
1547 1726 1787 1790 malum

292 1841 653 1924 cognoscitur
699 1841 769 1904 in
816 1839 980 1918 Deo;
1024 1839 1363 1904 dicendum
1414 1837 1583 1920 quod
1630 1833 1787 1898 illud

290 1971 395 2016 non
419 1952 695 2033 sequitur
728 1973 745 2015 t
785 1951 934 2034 plus
959 1951 1131 2015 enim
1161 1950 1314 2014 dicit
1349 1964 1480 2015 esse
1506 1951 1584 2013 in
1619 1948 1742 2012 Deo
1768 1995 1786 2024 ‚

292 2077 455 2141 quam
478 2060 765 2141 cognosci
784 2076 827 2124 a
847 2058 997 2137 Dec,
1020 2058 1122 2122 vel
1150 2060 1224 2125 in
1247 2057 1419 2123 Deo:
1442 2072 1590 2119 cum
1617 2054 1789 2118 enim

291 2164 489 2229 dicitur
516 2165 753 2248 aliquid
788 2165 1087 2246 cognosci
1116 2185 1155 2230 a
1179 2164 1307 2229 Deo
1331 2213 1348 2241 ‚
1391 2182 1507 2247 per
1534 2163 1655 2227 boc
1685 2162 1791 2225 in-

290 2271 562 2353 telligitur
608 2272 780 2355 quod
833 2271 999 2336 Deus
1041 2273 1123 2335 sit
1175 2272 1336 2336 ratio
1376 2268 1795 2351 cognoscendi

292 2376 425 2443 illud
450 2380 593 2444 :sed
617 2397 768 2443 cum
792 2380 1048 2444 additur
1074 2379 1248 2462 quod
1273 2379 1396 2442 hoc
1416 2379 1499 2441 sit
1527 2378 1598 2440 in
1628 2375 1756 2441 Deo
1772 2423 1790 2455 ‚

291 2485 650 2567 significatur
679 2487 849 2570 quod
882 2486 1048 2550 Deus
1072 2486 1152 2550 sit
1186 2487 1347 2550 ratio
1376 2484 1797 2567 cognoscendi

293 2597 355 2655 nt
375 2593 705 2676 exemplar,
737 2597 800 2657 et
825 2611 941 2675 per
969 2593 1485 2657 assimilationem
1513 2611 1529 2656 ε
1562 2594 1626 2656 et
1654 2591 1798 2656 ideo

293 2703 372 2763 est
396 2700 480 2763 ibi
508 2718 921 2783 consequens,

361 2810 413 2871 3.
452 2807 544 2871 Ad
572 2807 730 2872 illud
754 2807 930 2890 quod
958 2807 1256 2888 objicitur
1281 2807 1454 2889 quod
1478 2805 1804 2888 cognoscit

294 2931 406 2977 non
428 2933 535 2996 per
558 2914 846 2980 accidens
872 2914 1062 2994 mala,
1089 2918 1234 2993 etc.;
1264 2913 1606 2978 dicendum
1630 2911 1802 2995 quod

296 3023 561 3103 cognosci
584 3041 697 3106 per
719 3021 1033 3102 accidens,
1049 3023 1173 3087 hoc
1197 3025 1292 3086 est
1313 3022 1677 3105 dupliciter:
1692 3025 1805 3086 aut

297 3147 330 3191 a
364 3134 525 3212 parte
566 3130 1040 3212 cognoscentis3
1091 3133 1205 3195 aut
1249 3129 1511 3212 cogniti.
1560 3128 1633 3193 In
1678 3129 1806 3194 Deo

299 3237 454 3301 nulla
475 3237 632 3302 cadit
659 3237 947 3320 cognitio
986 3255 1099 3320 per
1126 3237 1414 3301 accidens
1440 3255 1480 3300 a
1505 3239 1683 3319 parte
1708 3254 1809 3300 co-

303 3344 653 3424 gnosoentis,
683 3343 837 3426 quia
863 3345 1081 3407 omnia
1103 3343 1429 3425 cognoscit
1453 3343 1689 3426 seipso;
1718 3345 1810 3406 ta-

306 3468 435 3514 men
470 3452 625 3516 cadit
648 3470 690 3515 a
715 3455 895 3534 parte
928 3450 1202 3534 cogniti,
1232 3449 1538 3533 quoniam
1571 3448 1810 3531 aliquid

307 3560 598 3640 cognoscit
639 3578 757 3642 per
795 3559 1277 3624 similitudinem
1317 3576 1502 3623 suam
1520 3605 1538 3637 ‚
1580 3561 1657 3622 ut
1695 3557 1811 3621 bo-

305 3681 471 3745 nnm3
493 3667 731 3750 aliquid
752 3662 1365 3750 per‘similitud’mem
1386 3664 1489 3729 sui
1506 3663 1806 3747 oppositi:

311 3773 454 3837 etita
469 3781 554 3838 est
570 3774 657 3838 ibi
674 3793 792 3858 per
810 3773 1121 3850 accidens,
1141 3792 1275 3837 non
1292 3773 1362 3836 in
1380 3771 1809 3850 discurrendo,

310 3882 406 3946 sed
433 3885 493 3948 in
519 3883 926 3950 assimilando
957 3906 971 3948 ;
999 3902 1147 3948 cum
1174 3884 1345 3948 enim
1378 3884 1544 3947 Deus
1569 3894 1814 3963 cogno-

314 3990 415 4053 scit
442 3993 669 4058 malum
690 4041 709 4072 ,
754 4009 890 4055 non
929 3991 1308 4073 intelligitur
1346 3990 1683 4055 assimilari
1717 3989 1811 4070 ei,

314 4096 410 4161 sed
430 4117 531 4163 suo
555 4099 870 4183 opposito.

388 4208 437 4269 t.
472 4205 766 4271 Similiter
793 4205 1175 4272 solvendum
1204 4210 1298 4270 est
1323 4205 1402 4270 de
1430 4203 1784 4287 privatione
1797 4252 1815 4284 ‚

318 4312 449 4394 quia
475 4333 851 4398 cognoscere
882 4332 999 4397 per
1024 4313 1449 4397 privationem
1476 4317 1572 4377 est
1608 4310 1821 4395 dupli-

323 4420 489 4486 citer:
513 4428 624 4487 aut
644 4422 737 4486 ita
761 4421 937 4505 quod
963 4421 1044 4485 sit
1067 4421 1338 4504 privatio
1362 4422 1430 4485 in
1453 4421 1690 4488 virtute
1714 4438 1821 4484 co-

324 4529 664 4610 gnoscente,
693 4530 862 4595 sicut
886 4530 1211 4612 cognoscit
1236 4529 1465 4612 aliquis
1499 4529 1824 4594 silentium

325 4638 381 4698 et
413 4639 723 4703 tenebram
765 4656 883 4720 per
920 4655 1144 4703 aurem
1189 4640 1254 4702 et
1290 4638 1553 4703 oculum
1567 4686 1583 4715 ‚
1629 4641 1693 4703 et
1736 4636 1827 4700 sic

329 4749 483 4829 ponit
509 4750 1075 4839 imperfectionem3
1115 4753 1229 4815 aut
1260 4750 1353 4813 ita
1376 4750 1547 4833 quod
1586 4749 1669 4812 sit
1694 4748 1823 4831 pri-

334 4856 481 4921 vatio
501 4858 566 4921 in
589 4857 876 4940 cognito,
915 4857 1137 4922 nonin
1173 4861 1593 4939 cognoscente
1610 4906 1629 4935 ‚
1667 4856 1831 4920 sicut

336 4958 437 5025 lux
478 4970 868 5047 cognosceret
914 4966 1241 5030 tenebram
1286 4965 1339 5029 si
1385 4965 1650 5029 haberet
1694 4963 1829 5029 vim

340 5073 690 5150 cognitivam
707 5121 726 5154 ‚
756 5091 947 5137 sonus
973 5072 1298 5138 silentium
1331 5094 1347 5138 z
1378 5076 1441 5137 et
1468 5072 1559 5136 sic
1585 5089 1832 5153 cogno-

342 5176 446 5239 scit
465 5177 646 5260 Deus,
675 5180 973 5261 quoniam
998 5185 1095 5245 est
1119 5185 1298 5246 actus
1322 5197 1525 5264 purus
1540 5227 1560 5258 ‚
1588 5184 1652 5243 et
1674 5179 1791 5243 lux
1810 5224 1829 5256 ‚

344 5287 402 5345 et
422 5286 652 5349 veritas.

2409 654 2767 734 QUAESTIO
2811 654 2890 719 II.

2208 819 2304 875 An
2331 821 2649 891 imperfecta
2676 820 2791 874 sint
2823 819 2886 873 in
2912 818 3018 872 Deo
3045 812 3085 872 ¹.

1966 979 2195 1043 Utrum
2217 979 2605 1063 imperfecta,
2632 978 2985 1043 secundum
3007 976 3178 1059 quod
3200 977 3426 1059 huJus-
3455 989 3524 1034 Aa
3557 1003 3663 1048 opp.

1886 1087 2081 1168 modi,
2110 1087 2325 1151 sintin
2349 1087 2507 1168 Deo;
2534 1090 2598 1151 et
2619 1086 2875 1152 videtur
2896 1084 3068 1168 quod
3092 1103 3248 1163 non,
3275 1084 3425 1167 quia

1888 1195 2055 1259 mala
2081 1200 2155 1259 ut
2193 1195 2362 1259 mala
2387 1213 2520 1259 non
2556 1197 2819 1277 possunt
2856 1193 3091 1256 habere
3122 1192 3426 1256 similitu-

1888 1302 2102 1366 dinem
2126 1320 2274 1365 cum
2299 1319 2555 1366 summo
2578 1301 2748 1365 bono
2774 1323 2788 1363 :
2813 1318 2971 1382 ergo
2998 1299 3135 1381 pari
3159 1300 3425 1378 ratione,

1890 1427 2042 1473 cum
2080 1410 2446 1493 imperfecta
2481 1428 2612 1473 non
2647 1410 2924 1473 habeant
2950 1409 3430 1474 similitudinem

1891 1534 2041 1580 cum
2069 1516 2543 1598 perfectissimo,
2577 1532 2708 1580 non
2736 1515 2984 1579 suntin
3012 1514 3160 1580 Deo.

1971 1627 2032 1686 2.
2070 1622 2228 1686 Item
2251 1671 2267 1700 ‚
2308 1623 2419 1687 illa
2445 1622 2577 1687 sola
2615 1627 2764 1687 sunt
2800 1623 2871 1686 in
2906 1622 3063 1703 De0,
3104 1641 3251 1706 quae
3289 1642 3434 1706 pos—

1894 1736 2044 1796 sunt
2085 1749 2220 1794 esse
2252 1749 2290 1795 a
2321 1729 2478 1810 Deo,
2524 1734 2586 1795 et
2627 1749 2741 1813 per
2769 1728 2970 1795 Deum
3005 1753 3019 1793 ε
3052 1731 3160 1795 sed
3201 1730 3434 1813 imper-

1893 1839 2053 1904 fecta
2077 1860 2116 1904 a
2137 1838 2263 1904 Deo
2285 1858 2414 1903 non
2441 1842 2611 1918 sunt,
2640 1838 2792 1922 quia
2818 1838 3046 1903 dicitur
3062 1841 3085 1875 ¹
3114 1861 3128 1903 ε
3156 1839 3273 1904 Dei
3291 1853 3437 1921 per-

1895 1949 2064 2029 fecta
2089 1955 2245 2014 sunt
2272 1964 2486 2030 opera.

1979 2059 2038 2119 3.
2087 2053 2244 2119 Item
2281 2054 2631 2137 specialiter
2658 2053 2959 2136 objicitur
2983 2052 3060 2117 de
3086 2051 3355 2117 materia
3380 2056 3444 2116 et

1897 2164 2215 2245 potentia,
2258 2162 2622 2227 diversitate
2663 2165 2729 2226 et
2768 2161 3245 2244 compositione.
3282 2162 3444 2225 Cum

1900 2270 2074 2333 enim
2120 2270 2446 2353 exemplar
2490 2271 2609 2334 sub
2655 2271 2900 2335 ratione
2940 2269 3322 2352 exemplaris
3365 2270 3447 2333 sit

1900 2376 2143 2455 forma,
2177 2378 2259 2442 sit
2288 2382 2466 2442 actus
2501 2396 2735 2461 purus,
2767 2383 2832 2442 et
2873 2379 2961 2441 ita
2987 2378 3249 2443 omnino
3286 2377 3444 2440 sim-

1901 2486 2073 2568 pleX,
2099 2487 2352 2552 videtur
2374 2487 2547 2569 quod
2575 2487 2852 2551 rationes
2874 2489 3185 2567 materiae,
3213 2491 3277 2551 et
3302 2505 3446 2570 pas-

1903 2592 2099 2657 sionis
2116 2642 2133 2672 ,
2164 2598 2228 2658 et
2259 2593 2667 2674 diversitatiS,
2699 2598 2762 2659 et
2797 2595 3304 2679 compositionis»,
3340 2613 3448 2658 ro.-

1905 2705 2202 2782 pugnent
2242 2702 2591 2785 exemplari
2629 2724 2644 2766 t
2684 2706 2747 2766 et
2791 2703 2844 2765 si
2885 2703 3008 2767 hoc
3030 2750 3048 2782 ‚
3097 2722 3243 2767 cum
3287 2702 3448 2765 nihil

1907 2809 2154 2874 dicatur
2187 2828 2324 2874 esse
2350 2810 2416 2873 in
2448 2809 2596 2887 Deo,
2626 2809 2752 2873 nisi
2785 2810 3030 2875 ratione
3065 2809 3451 2892 exemplari-

1907 2917 2083 2997 tatis‚
2119 2921 2321 2999 patet,
2350 2921 2470 2980 etc.

1988 3028 2049 3088 4.
2084 3023 2270 3104 Item,
2310 3023 2473 3088 sicut
2500 3023 2732 3087 veritas
2759 3025 2854 3087 est
2886 3021 3204 3103 generalis
3230 3023 3452 3088 condi-

1911 3134 2000 3199 tio
2026 3133 2296 3211 entium‚
2322 3133 2413 3198 ita
2438 3137 2504 3198 et
2529 3133 2743 3199 unitas
2770 3156 2784 3198 :
2812 3133 2922 3198 sed
2948 3133 3311 3217 oppositum
3334 3153 3454 3198 ve-

1911 3243 2115 3307 ritatis
2141 3260 2271 3306 non
2304 3241 2500 3305 habet
2533 3240 2742 3305 ideam
2778 3240 2847 3302 in
2882 3238 3040 3320 Deo,
3071 3239 3366 3304 similiter
3393 3245 3457 3306 et

1914 3353 2216 3418 bonitatis
2246 3374 2262 3417 t
2295 3370 2452 3434 ergo
2477 3352 2616 3434 pari
2643 3351 2886 3415 ratione
2910 3351 3274 3433 oppositum
3302 3352 3456 3415 uni-

1914 3461 2105 3524 tatis:
2136 3460 2244 3525 sed
2273 3459 2632 3543 oppositum
2659 3457 2919 3522 unitatis
2944 3463 3038 3522 est
3064 3458 3407 3523 multitudo
3435 3485 3449 3520 :

1918 3586 2107 3648 ergo,
2138 3571 2259 3631 etc.

2000 3674 2228 3739 Contra
2244 3696 2257 3737 :
2273 3672 2681 3754 Augustinus
2698 3672 2777 3737 ad
2794 3670 3167 3736 Nebridium
3181 3675 3204 3711 ⁸
3222 3693 3237 3736 ε
3252 3654 3284 3733 ἆ
3299 3670 3463 3750 Quia
3490 3686 3682 3731 Fundam

1920 3783 2131 3845 totum
2158 3779 2469 3856 condidit,
2501 3798 2634 3844 non
2674 3778 2879 3861 potuit
2920 3782 2983 3841 et
3023 3778 3300 3860 partium
3330 3797 3463 3843 non

1921 3887 2158 3952 habere
2186 3887 2460 3951 rationes
2494 3909 2508 3949 :
2542 3908 2572 3947 ι)
2601 3902 2759 3966 ergo
2791 3903 2941 3948 cum
2971 3889 3180 3967 partes
3212 3885 3334 3949 sub
3367 3905 3466 3950 ra-

1925 3993 2095 4059 tione
2133 3993 2413 4077 partium
2455 3993 2582 4055 sint
2626 3992 3008 4074 imperfectae
3027 4041 3044 4072 ,
3078 3996 3251 4075 patet
3295 3994 3466 4076 quod

1923 4105 2119 4168 habet
2144 4103 2416 4168 rationes
2443 4102 2986 4185 imperfectorum.

2007 4211 2167 4275 Item
2187 4260 2204 4290 ‚
2234 4210 2442 4275 omnis
2474 4208 2755 4291 cognitio
2794 4209 3016 4273 divina
3039 4210 3135 4272 est
3162 4226 3202 4271 a
3229 4208 3466 4291 priori:

1929 4336 2080 4382 cum
2105 4335 2263 4399 ergo
2289 4318 2358 4380 in
2386 4315 2562 4380 omni
2588 4318 2877 4379 creatura
2901 4314 3081 4397 prius
3108 4315 3289 4380 cadat
3312 4316 3472 4380 ratio

1930 4425 2280 4509 imperfecti
2306 4443 2504 4508 quam
2537 4423 2825 4506 perfecti,
2857 4425 2930 4486 ut
2958 4422 3242 4486 materiae
3277 4440 3471 4505 quam

1932 4534 2178 4612 formae,
2210 4530 2666 4614 principiorum
2695 4548 2893 4612 quam
2926 4529 3305 4612 principiati‚
3334 4548 3475 4610 par·

1934 4640 2099 4704 tium
2136 4656 2330 4721 quam
2366 4620 2595 4715 totius,
2629 4652 2788 4717 ergo
2833 4654 2948 4719 ρει·
2983 4636 3163 4719 prius
3201 4636 3342 4699 haec
3376 4654 3477 4700 co-

1937 4745 2188 4828 gnoscit
2210 4744 2415 4809 Deus:
2441 4761 2599 4825 ergo
2628 4742 2679 4805 si
2708 4742 2982 4823 perfecta
3004 4742 3244 4806 habent
3268 4742 3477 4807 ideam

1938 4852 2011 4917 in
2041 4851 2201 4931 De0‚
2231 4867 2482 4916 necesse
2507 4853 2603 4913 est
2627 4848 2802 4933 quod
2826 4848 3102 4914 habeant
3134 4849 3327 4914 etiam
3352 4849 3478 4914 im-

1938 4962 2237 5045 perfecta.

2023 5067 2182 5132 Item
2206 5114 2223 5142 ‚
2269 5064 2564 5130 divinum
2615 5063 2942 5145 exemplar
2988 5062 3293 5145 exprimit
3340 5082 3477 5128 rem

1941 5174 2293 5241 secundum
2319 5175 2528 5236 totum
2546 5219 2563 5248 ‚
2595 5170 2878 5253 alioquin
2905 5186 3040 5234 non
3067 5169 3336 5252 perfecte
3366 5188 3480 5234 co-

1944 5285 2278 5366 gnosceret
2303 5302 2319 5345 t
2348 5281 2454 5344 sed
2493 5279 2757 5343 materia
2795 5281 2891 5342 est
2926 5278 3004 5341 de
3047 5278 3137 5341 rei
3170 5278 3482 5342 constitu-

404 5407 423 5443 ¹
440 5408 515 5471 cs.
547 5410 718 5474 steph.
749 5411 949 5477 Bruler„
987 5413 1007 5463 1
1046 5412 1205 5477 sent„
1240 5411 1359 5463 dist.
1389 5422 1554 5473 xvm,
1593 5423 1645 5474 q.
1673 5421 1747 5460 v1.
1773 5433 1838 5447 —
1944 5409 1967 5444 ²
1985 5409 2212 5471 Denter„
2237 5416 2417 5468 xxxn,
2439 5406 2489 5455 4.
2507 5429 2571 5441 —
2591 5402 2609 5433 ⁸
2630 5405 2784 5467 Aug„
2811 5401 2975 5467 Epist.
3000 5413 3122 5468 cxv,
3148 5402 3215 5453 al.
3239 5413 3348 5453 x1v.
