4125 6225
563 391 684 453 632

558 527 691 588 tem
718 538 977 587 omnem
1016 523 1376 586 creaturam
1414 534 1678 602 quoquo
1715 517 1907 583 modo
1947 517 2105 583 assi·

559 631 771 699 milari
810 629 967 709 Deo;
1017 647 1271 694 necesse
1315 631 1411 693 est
1451 626 1643 690 etiam
1690 626 1977 709 aliquam
2024 625 2105 693 ad

560 737 1100 820 complementum
1127 733 1413 800 universi
1445 751 1739 816 expresse
1764 732 2105 799 assimilari

561 845 719 925 De0;
751 848 815 909 et
839 844 983 908 ideo
1011 842 1223 907 omnis
1253 845 1548 906 creatura
1572 841 1765 905 habet
1790 842 2106 907 rationem

561 951 819 1033 vestigii
848 973 863 1015 :
895 949 1005 1014 sed
1028 949 1247 1032 aliqua
1285 948 1478 1013 habet
1517 948 1833 1013 rationem
1869 948 2108 1032 imagi-

562 1060 687 1141 nis,
713 1059 824 1123 illa
848 1056 1142 1124 videlicet
1180 1073 1327 1138 quae
1354 1054 1744 1120 assimilatur
1768 1073 2100 1138 expresse;

562 1168 705 1234 haec
729 1167 947 1230 autem
971 1167 1066 1229 est
1085 1161 1410 1228 rationalis
1433 1165 1745 1241 creatura,
1774 1164 1848 1225 ut
1865 1161 2100 1226 homo:

564 1278 630 1340 et
669 1274 812 1339 ideo
855 1269 1327 1338 concedendum
1372 1274 1489 1350 est,
1548 1267 1722 1353 quod
1774 1269 1969 1334 homo
2014 1272 2111 1334 est

564 1382 785 1464 imago
809 1379 941 1461 Dei,
966 1380 1120 1463 quia
1140 1381 1235 1444 est
1252 1379 1395 1460 ejus
1413 1394 1711 1460 expressa
1732 1376 2104 1442 similitudo·

565 1490 666 1557 Ad
692 1489 865 1572 quod
890 1485 1378 1568 intelligendum
1399 1484 1751 1550 notandum
1785 1488 1902 1565 est,
1934 1483 2109 1568 quod

566 1597 865 1683 quaedam
908 1600 1002 1662 est
1045 1592 1395 1660 similitudo
1438 1610 1555 1676 per
1592 1592 2110 1658 convenientiam

568 1705 1005 1771 omnimodam
1024 1704 1094 1768 in
1115 1705 1365 1780 natura,
1393 1703 1456 1765 et
1478 1700 1569 1763 sic
1591 1717 1721 1764 una
1745 1716 2013 1782 persona
2039 1698 2111 1764 in

567 1811 877 1878 Trinitate
917 1815 1014 1876 est
1055 1809 1320 1874 alterius
1356 1807 1610 1887 similis;
1645 1806 1963 1889 quaedam,
1996 1825 2112 1889 per

566 1919 1111 2004 participationem
1135 1917 1410 1998 alicujus
1428 1917 1680 1978 naturae
1705 1912 2108 1993 universam,

568 2029 737 2092 sicut
788 2026 986 2092 homo
1033 2028 1098 2091 et
1136 2025 1355 2089 asinus
1389 2021 1824 2086 assimilantur
1858 2022 1929 2084 in
1965 2021 2113 2085 ani·

567 2134 750 2214 mali3
781 2132 1079 2217 quaedam
1102 2149 1254 2199 vero
1282 2128 1636 2195 secundum
1666 2130 2114 2213 proportiona-

567 2242 901 2321 bilitatem,
929 2241 1092 2306 sicut
1125 2241 1325 2305 nauta
1360 2241 1424 2302 et
1459 2236 1695 2319 auriga
1721 2236 2116 2301 conveniunt

568 2347 925 2414 secundum
969 2346 1506 2430 comparationem
1548 2342 1626 2408 ad
1667 2343 1776 2408 illa
1822 2360 1971 2426 quae
2009 2361 2118 2407 re-

569 2459 772 2541 gunt;
816 2455 1114 2540 quaedam
1157 2457 1253 2519 est
1308 2451 1658 2517 similitudo
1713 2469 1830 2535 per
1873 2469 2116 2516 conve-

568 2563 882 2630 nientiam
905 2561 1165 2639 ordinis,
1202 2560 1365 2625 sicut
1400 2558 1834 2641 exemplatum
1862 2557 2119 2623 assimi-

568 2673 739 2738 latur
775 2668 1147 2753 exemplari.
1175 2665 1406 2732 Primis
1424 2665 1601 2731 enim
1630 2665 1882 2730 duobus
1911 2665 2119 2730 modis

568 2777 751 2842 nulla
773 2779 1066 2842 creatura
1092 2775 1298 2857 potest
1326 2772 1453 2837 Deo
1482 2772 1853 2853 assimilari;
1887 2791 2119 2837 secun-

570 2885 668 2950 dis
709 2885 962 2951 duobus
1002 2882 1209 2948 modis
1241 2882 1451 2947 omnis
1480 2884 1772 2946 creatura
1806 2880 2118 2945 assimila·

569 2996 679 3058 tur
707 3015 722 3057 ε
755 2991 864 3057 sed
889 2991 1020 3071 illa,
1051 3008 1200 3073 quae
1227 2989 1613 3054 assimilatur
1637 2989 1849 3070 magis
1871 2988 1951 3054 de
1974 2989 2119 3054 lon-

571 3101 843 3186 ginque,
872 3099 1063 3164 habet
1102 3096 1414 3163 rationem
1458 3095 1745 3180 vestigii3
1790 3096 1900 3162 illa
1934 3116 2115 3177 vero,

571 3229 721 3295 quae
744 3209 821 3274 de
847 3208 1168 3292 proximo,
1196 3206 1391 3272 habet
1419 3206 1732 3271 rationem
1763 3205 2067 3289 imaginis
2095 3226 2117 3273 ε

572 3315 715 3380 talis
758 3319 975 3380 autem
1020 3318 1115 3379 est
1155 3317 1445 3378 creatura
1496 3313 1853 3394 rationalia,
1900 3317 2121 3398 utpote

573 3423 790 3489 homo,
824 3421 904 3486 Et
927 3422 1050 3487 hoc
1077 3424 1252 3504 patet
1275 3421 1365 3484 sic
1393 3420 1603 3504 primo
1628 3421 1706 3486 de
1733 3422 2123 3487 convenien-

573 3530 667 3596 tia
704 3529 942 3594 ordinis
983 3551 999 3595 :
1036 3531 1203 3594 Deus
1239 3527 1414 3594 enim
1449 3529 1470 3565 ¹
1519 3531 1827 3596 universa
1861 3535 2122 3612 propter

576 3639 980 3721 semetipsum
1005 3639 1298 3720 operatus
1338 3640 1452 3715 est,
1494 3635 1585 3699 ita
1616 3635 1811 3718 quod,
1849 3652 2001 3701 cum
2040 3636 2124 3701 sit

577 3764 834 3812 summa
857 3747 1131 3829 potestas
1169 3746 1234 3808 et
1270 3745 1590 3825 majestas,
1623 3742 1771 3808 fecit
1800 3743 2017 3808 omnia
2040 3743 2124 3808 ad

577 3854 681 3917 sui
716 3852 1010 3931 laudem3
1044 3868 1196 3915 cum
1232 3850 1313 3914 sit
1347 3867 1602 3914 summa
1631 3849 1775 3930 lux,
1804 3850 1949 3915 fecit
1974 3868 2122 3914 om-

578 3959 685 4024 nia
711 3959 792 4024 ad
818 3959 922 4026 sui
949 3957 1554 4037 manifestationem3
1585 3975 1736 4021 cum
1766 3957 1846 4023 sit
1868 3976 2125 4025 summa

579 4066 832 4132 bonitas
848 4115 867 4147 ‚
919 4065 1066 4130 fecit
1116 4064 1335 4130 omnia
1385 4064 1467 4129 ad
1524 4064 1626 4129 sui
1678 4065 2124 4131 communica-

579 4173 843 4239 tionem.
876 4171 1021 4239 Non
1062 4175 1157 4238 est
1209 4176 1429 4237 autem
1476 4173 1750 4256 perfecta
1795 4172 1957 4254 laus,
2000 4173 2124 4238 nisi

582 4281 745 4347 adsit
772 4280 886 4365 qui
913 4280 1250 4363 approbet3
1298 4298 1418 4344 nec
1462 4284 1558 4344 est
1591 4281 1865 4362 perfecta
1905 4282 2127 4346 mani-

581 4390 851 4470 festatio,
880 4389 1003 4453 nisi
1029 4389 1191 4454 adsit
1218 4388 1333 4472 qui
1357 4389 1690 4472 intelligat,
1717 4407 1836 4454 nec
1859 4395 1953 4455 est
1981 4409 2126 4474 per-

582 4497 743 4563 fecta
769 4496 1263 4562 communicatio
1294 4495 1639 4573 bonorum,
1667 4495 1795 4560 nisi
1820 4496 1982 4562 adsit
2010 4498 2124 4582 qui

584 4603 675 4669 eis
711 4604 808 4668 uti
843 4605 1073 4671 valeat.
1102 4603 1180 4669 Et
1223 4604 1535 4687 quoniam
1580 4603 1836 4669 laudem
1887 4623 2124 4688 appro-

584 4712 761 4788 bare,
788 4711 1124 4776 veritatem
1162 4710 1343 4791 scire,
1386 4710 1555 4775 dona
1591 4711 1662 4775 in
1704 4729 1899 4776 usum
1937 4730 2127 4779 assu-

586 4837 764 4884 mere
784 4866 805 4901 ,
844 4837 976 4883 non
1032 4821 1125 4884 est
1177 4817 1302 4882 nisi
1352 4816 1753 4883 solummodo
1802 4819 2128 4885 rationalis

588 4930 934 5006 creaturae3
978 4925 1120 4991 ideo
1166 4943 1300 4990 non
1345 4924 1584 4990 habent
1622 4926 1777 5010 ipsae
1814 4931 2124 4993 creaturas

586 5033 982 5099 irrationales
1021 5032 1388 5098 immediate
1428 5032 1509 5097 ad
1555 5031 1759 5097 Deum
1802 5033 2121 5115 ordinari,

587 5140 701 5205 sed
724 5140 1040 5206 mediante
1067 5145 1360 5206 creatura
1382 5140 1709 5220 rationali3
1739 5141 1876 5225 ipsa
1905 5146 2125 5208 autem

589 5251 880 5313 creatura
907 5248 1253 5330 rationalis,
1285 5250 1440 5335 quia
1472 5249 1552 5317 de
1577 5268 1645 5317 se
1679 5253 1831 5317 nata
1865 5254 1961 5318 est
1988 5251 2127 5319 lau-

648 5372 670 5409 ¹
686 5373 854 5439 vm„
879 5386 989 5440 xvi,
1005 5375 1056 5428 ὁ.

1678 380 2305 450 SENTENTIARUM
2342 378 2495 447 LIB.
2537 378 2619 446 11.

2215 518 2390 598 dare,
2418 520 2483 582 et
2512 533 2722 598 nosse,
2748 520 2813 583 et
2836 533 2938 585 res
2963 518 3118 585 alias
3151 519 3225 584 in
3258 517 3617 585 facultatem
3640 535 3758 584 vo·

2213 623 2477 690 luntatis
2545 644 2873 692 assumere
2892 675 2912 706 ‚
2968 632 3119 693 nata
3180 628 3276 692 est
3338 626 3615 693 ordinari
3680 626 3756 692 in

2216 731 2419 797 Deum
2459 733 2827 800 immediate
2866 751 2884 798 ε
2913 740 2976 800 et
3009 735 3317 819 quoniam
3359 738 3600 818 quanto
3634 733 3758 799 ali-

2215 840 2370 923 quid
2391 839 2822 907 immediatius
2847 842 3180 908 ordinatur
3194 843 3276 907 ad
3296 841 3558 925 aliquid,
3579 845 3759 907 tanto

2215 948 2426 1029 magis
2439 949 2738 1014 convenit
2754 968 2905 1014 cum
2928 967 3006 1015 eo
3025 949 3464 1015 convenientia
3486 948 3756 1026 ordinis;

2215 1057 2280 1118 et
2318 1054 2535 1119 anima
2584 1056 2930 1136 rationalis,
2975 1060 3039 1122 et
3090 1056 3395 1140 quaelibet
3435 1053 3763 1120 rationalis

2217 1166 2528 1240 creatura,
2561 1181 2639 1229 eo
2657 1164 2830 1247 quod
2856 1184 3060 1249 capax
3080 1164 3191 1228 Dei
3217 1166 3335 1241 est,
3357 1166 3423 1228 et
3444 1161 3763 1245 particeps

2217 1289 2351 1336 esse
2387 1275 2611 1354 potest,
2653 1273 3016 1339 immediate
3046 1272 3376 1338 ordinatur
3410 1271 3479 1334 in
3516 1270 3755 1351 ipsum,

2218 1380 2499 1446 maxime
2524 1381 2827 1447 convenit
2869 1401 3019 1447 cum
3058 1400 3137 1446 co
3171 1379 3613 1445 convenientia
3647 1397 3763 1443 or·

2217 1484 2410 1568 dinis3
2439 1491 2503 1552 et
2524 1488 2677 1571 quia
2693 1492 2934 1571 quanto
2954 1490 3159 1571 major
3176 1491 3270 1552 est
3288 1484 3758 1564 convenientia,

2214 1596 2393 1658 tanto
2434 1595 2793 1678 expressior
2850 1599 2947 1660 est
3006 1594 3354 1659 similitudo
3371 1643 3390 1674 ‚
3448 1593 3598 1657 hinc
3664 1594 3766 1655 est

2218 1700 2392 1784 quod
2428 1706 2745 1784 quantum
2778 1702 2860 1768 ad
2891 1702 3016 1768 hoc
3055 1720 3262 1785 genus
3296 1699 3761 1779 similitudiniS,

2218 1808 2540 1874 rationalis
2575 1812 2865 1874 creatura
2888 1810 2987 1874 est
3031 1809 3375 1874 similitudo
3407 1825 3707 1890 expressa
3740 1823 3758 1868 ι

2218 1921 2282 1981 et
2303 1915 2446 1980 ideo
2472 1914 2692 1998 imago
2722 1920 2851 1997 est3
2884 1921 2947 1981 et
2972 1917 3095 1981 hoc
3125 1919 3219 1980 est
3248 1913 3422 1999 quod
3447 1914 3600 1978 dicit
3619 1913 3766 1978 Au·

2220 2023 2541 2105 gustinus,
2564 2021 2699 2089 XIV
2724 2022 2802 2090 de
2833 2024 3168 2102 Trinitas,
3200 2023 3401 2105 capite
3422 2039 3657 2102 v111‚n.
3690 2026 3758 2102 2,

2220 2134 2391 2217 quod
2427 2157 2458 2196 ι
2486 2153 2562 2199 eo
2583 2138 2678 2199 est
2706 2135 2941 2200 anima
2934 2136 3164 2216 imago
3193 2134 3325 2214 Dei,
3358 2134 3530 2216 quod
3559 2149 3765 2217 capax

2221 2244 2363 2325 ejus
2400 2246 2518 2320 est,
2574 2245 2639 2307 ct
2686 2242 2996 2325 particeps
3034 2259 3171 2305 esse
3219 2244 3475 2323 potest:
3519 2260 3549 2300 ι)
3606 2239 3765 2322 quia

2222 2349 2398 2414 enim
2451 2350 2514 2414 ei
2558 2348 2922 2413 immediate
2970 2348 3321 2427 ordinatur,
3374 2348 3516 2413 ideo
3560 2364 3766 2430 capax

2222 2459 2366 2540 ejus
2394 2460 2511 2535 est,
2540 2456 2645 2522 vel
2674 2474 2710 2521 e
2752 2474 3091 2535 converso;
3124 2463 3187 2520 et
3224 2455 3379 2538 quia
3408 2473 3610 2539 capax
3642 2457 3763 2536 est,

2223 2566 2377 2628 nata
2409 2569 2505 2630 est
2528 2564 2588 2628 ei
2628 2563 3021 2646 configurari
3054 2583 3071 2628 ε
3103 2567 3168 2629 et
3201 2567 3458 2647 propter
3483 2562 3608 2628 hoc
3645 2563 3772 2628 fert

2223 2672 2293 2737 in
2319 2690 2388 2736 se
2417 2691 2458 2737 a
2494 2690 2613 2738 sua
2641 2673 2894 2755 origine
2917 2671 3141 2737 lumen
3172 2672 3393 2737 vultus
3422 2670 3623 2736 divini
3655 2692 3673 2735 ε
3705 2672 3772 2736 et

2225 2780 2389 2859 ideo,
2419 2784 2736 2863 quantum
2766 2780 2847 2845 ad
2874 2778 3360 2844 similitudinem
3387 2795 3533 2861 quae
3559 2781 3769 2842 atten-

2225 2888 2396 2954 ditur
2444 2892 2760 2971 quantum
2802 2886 2884 2951 ad
2933 2884 3446 2952 convenientiam
3499 2884 3768 2964 ordinis,

2224 2996 2498 3079 perfecte
2541 2995 2777 3060 dicitur
2820 2994 3038 3075 imago
3079 2992 3210 3073 Dei,
3241 2993 3396 3075 quia
3433 2993 3504 3055 in
3542 2991 3666 3057 hoc
3710 2992 3774 3059 ei

2225 3102 2613 3169 assimilatur
2670 3119 2987 3185 expresse.
3044 3098 3351 3165 Similiter
3412 3098 3484 3163 in
3540 3098 3772 3164 simili·-

2226 3211 2469 3293 tudine,
2497 3229 2645 3294 quae
2670 3209 3017 3275 attenditur
3042 3208 3113 3272 in
3142 3207 3585 3274 convenientia
3612 3225 3773 3290 pro-

2226 3317 2743 3403 portionalitatis,
2788 3316 2894 3383 vel
2949 3314 3377 3399 proportionis
3398 3361 3416 3391 ,
3475 3333 3772 3397 expresse

2227 3425 2611 3492 assimilatur
2649 3424 2775 3488 Deo
2817 3430 3109 3488 creatura
3140 3421 3510 3486 rationalis:
3538 3425 3600 3487 et
3627 3421 3772 3487 ideo

2227 3534 2582 3599 secundum
2623 3549 2767 3597 eam
2815 3534 2984 3595 recte
3028 3529 3258 3595 dicitur
3296 3527 3537 3610 imago,
3586 3527 3776 3606 'Quod

2227 3645 2401 3726 patet
2439 3640 2532 3705 sic
2570 3659 2588 3705 ε
2632 3637 3075 3704 convenientia
3129 3635 3303 3701 enim
3347 3636 3776 3719 proportionis

2228 3748 2574 3814 attenditur
2600 3744 2951 3811 secundum
2979 3742 3268 3807 similiter
3293 3762 3360 3808 se
3386 3742 3644 3808 habere.
3667 3744 3775 3808 Si-

2229 3855 2463 3921 militer
2493 3857 2709 3921 autem
2735 3871 2804 3919 se
2828 3852 3085 3930 habere,
3114 3849 3239 3915 hoc
3260 3853 3465 3933 potest
3489 3869 3622 3916 esse
3642 3851 3772 3916 du-

2227 3962 2473 4047 pliciter
2502 3984 2518 4026 :
2550 3961 2654 4026 vel
2686 3961 2756 4024 in
2784 3958 3252 4042 comparatione
3278 3958 3360 4022 ad
3385 3958 3764 4036 extrinseca,

2230 4071 2335 4137 vel
2358 4070 2426 4134 in
2449 4067 2917 4152 comparatione
2948 4065 3025 4131 ad
3054 4066 3393 4129 intrinseca
3419 4088 3434 4130 ε
3466 4069 3621 4131 tunc
3641 4084 3770 4130 au·-

2228 4183 2362 4243 tem
2408 4179 2504 4241 est
2552 4173 2901 4240 similitudo
2949 4190 3246 4256 expressa
3264 4219 3283 4248 ,
3335 4172 3590 4254 quando
3632 4191 3771 4239 non

2228 4290 2482 4351 tantum
2508 4281 2838 4348 estsimilis
2855 4279 3084 4344 modus
3109 4296 3179 4342 se
3202 4277 3478 4344 habendi
3502 4279 3572 4342 in
3598 4296 3773 4343 com-

2230 4391 2556 4476 paratione
2575 4389 2652 4455 ad
2680 4386 3055 4467 extrinseca,
3077 4384 3276 4452 sedin
3300 4387 3772 4470 comparatione

2229 4500 2311 4565 ad
2357 4498 2720 4563 intrinseca.
2763 4494 3087 4577 Contingit
3134 4504 3351 4558 autem
3402 4511 3774 4577 comparare

2231 4606 2515 4673 divinam
2544 4603 2880 4670 essentiam
2916 4599 2997 4665 ad
3025 4605 3412 4679 creaturam,
3394 4623 3409 4636 ·
3458 4601 3775 4685 contingit

2231 4715 2423 4779 etiam
2466 4729 2834 4796 comparare
2871 4726 3201 4791 personam
3245 4706 3327 4771 ad
3361 4725 3699 4790 personam
3750 4731 3769 4777 z

2232 4820 2441 4888 omnis
2491 4822 2707 4884 autem
2771 4817 3060 4880 creatura
3117 4814 3397 4896 aliquam
3445 4832 3777 4899 compara-

2230 4929 2472 4995 tionem
2496 4925 2709 5005 habet,
2738 4921 3091 4988 secundum
3119 4938 3318 5002 quam
3338 4920 3552 5004 aliquo
3578 4923 3774 4991 modo

2234 5035 2666 5102 conformatur
2696 5030 2845 5110 Deo,
2875 5027 3226 5093 secundum
3252 5028 3423 5111 quod
3452 5032 3547 5092 est
3581 5048 3778 5097 causa

2234 5148 2541 5209 creaturae
2577 5163 2595 5207 ε
2632 5141 2723 5204 sic
2767 5140 2863 5203 est
2894 5136 3282 5220 comparatio
3318 5136 3449 5216 illa,
3495 5154 3643 5221 quae
3677 5144 3779 5206 est

2234 5253 2315 5318 ad
2352 5251 2650 5316 effectum
2687 5246 3071 5331 productum
3119 5262 3138 5307 ι
3185 5242 3351 5309 sicut
3386 5243 3561 5309 enim
3603 5245 3775 5313 Deus

2235 5357 2528 5448 producit
2557 5374 2752 5425 suum
2777 5355 3098 5434 eflectum,
3153 5352 3245 5419 sic
3268 5355 3333 5418 et
3365 5370 3567 5437 agens
3589 5370 3773 5425 crea..
