4125 6225
1232 522 1426 591 DIST.
1468 523 1625 592 XVI.
1669 523 1851 594 ART.
1893 525 1970 593 11.
2016 525 2314 606 QUAEST.
2358 530 2467 596 111.

261 664 333 728 in
357 681 434 729 ea
465 667 786 746 ponantur
806 711 826 743 ,
857 666 932 727 ut
959 661 1106 728 duae
1135 661 1262 727 sint
1286 679 1367 728 ex
1393 663 1571 747 parte
1599 663 1793 727 aflec-

262 771 414 836 tivae
432 819 449 848 ,
480 770 719 836 scilicet
756 788 898 853 spes
925 774 990 835 et
1017 771 1292 836 charitas
1311 818 1329 848 ,
1360 787 1637 852 quarum
1662 788 1796 833 una

264 879 452 945 estin
478 878 821 958 irascibili,
850 879 1137 944 etaltera
1178 879 1249 942 in
1292 877 1788 962 concupiscibih‘3

265 991 329 1053 et
365 1006 499 1052 una
544 1006 627 1054 ex
681 991 859 1071 parte
914 988 1255 1070 cognitivae
1276 1035 1294 1066 ,
1340 987 1571 1051 scilieet
1605 987 1787 1069 fides,

265 1112 413 1184 quae
436 1095 857 1164 communiter
884 1095 1146 1178 ponitur
1174 1095 1244 1158 in
1277 1094 1588 1160 rationali.

809 1331 1261 1400 CONCLUSIO.

266 1496 448 1566 Imaqo
468 1491 840 1567 principalius
866 1492 943 1548 est
970 1489 1031 1543 in
1062 1488 1339 1558 coquitiva
1364 1488 1597 1556 virtute,
1631 1500 1793 1558 quam

569 1582 777 1637 motiva
800 1580 913 1635 sive
931 1579 1183 1649 affectiva
1204 1579 1473 1649 potentia.

344 1743 527 1826 Resp.
558 1740 640 1805 ad
675 1740 835 1820 Arg.
878 1735 1229 1802 Dicendum
1265 1735 1435 1818 quod
1475 1734 1553 1799 de
1587 1734 1795 1816 prima

266 1850 543 1917 nominis
572 1845 969 1929 impositione
997 1843 1205 1908 differt
1232 1843 1450 1924 imago
1472 1889 1491 1918 ,
1528 1845 1592 1905 et
1615 1841 1790 1904 simi-

265 1958 466 2024 litudo
491 1975 508 2020 2
538 1958 749 2037 imaqo
777 1952 950 2018 enim
976 1950 1266 2016 nominat
1289 1948 1793 2013 conformitatem

265 2065 335 2129 in
373 2063 755 2147 quantitate3
801 2057 1163 2126 similitudo
1208 2074 1362 2121 vero
1406 2055 1793 2120 convenien-

264 2171 422 2236 tiam
483 2171 553 2233 in
609 2166 931 2251 qualitate.
997 2165 1222 2246 Imago
1281 2163 1454 2227 enim
1515 2160 1796 2225 nominat

264 2276 607 2362 quamdam
633 2273 1201 2356 configurationem
1224 2321 1243 2351 ,
1270 2274 1334 2335 et
1370 2271 1460 2334 ita
1497 2269 1797 2352 importat

263 2387 568 2468 figuram,
599 2400 745 2465 quae
775 2385 868 2446 est
893 2380 1214 2463 quantitas
1239 2377 1306 2441 in
1342 2375 1664 2459 qualitate,
1693 2372 1796 2440 vel

263 2493 534 2577 qualitas
564 2492 634 2554 in
670 2489 1059 2572 quantitate3
1100 2482 1463 2551 similitudo
1506 2499 1659 2546 vero
1698 2480 1796 2543 di-

265 2602 430 2665 citur
451 2616 670 2663 rerum
687 2593 1117 2660 differentium
1142 2590 1364 2655 eadem
1383 2587 1675 2671 qualitas.
1699 2585 1796 2649 Ex

267 2708 388 2772 hac
408 2711 623 2772 autem
653 2703 954 2788 primaria
978 2698 1357 2775 differentia,
1383 2696 1610 2779 triplex
1638 2711 1797 2758 con-

270 2815 480 2882 suevit
520 2810 828 2894 assignari
884 2807 1112 2871 modus
1158 2801 1588 2884 distinguendi
1632 2801 1798 2863 inter

268 2923 652 3004 imaginem,
684 2922 748 2982 et
770 2913 1285 2990 similitudinem,
1327 2927 1478 2973 cum
1515 2907 1746 2972 dicitur
1777 2930 1794 2973 z

268 3033 606 3099 Faciamus
633 3028 942 3093 hominem
969 3023 1058 3090 ad
1100 3022 1448 3105 imaginem
1497 3023 1558 3085 et
1604 3018 1800 3085 simi-

266 3139 632 3209 litudinem.
664 3134 920 3200 Primus
957 3137 1089 3212 est,
1137 3147 1331 3212 quem
1355 3126 1507 3192 dicit
1532 3125 1724 3207 Hugo
1752 3133 1798 3206 ¹,

269 3249 438 3334 quod
465 3244 813 3311 similitudo
840 3238 1092 3323 respicit
1127 3241 1424 3301 naturam
1445 3283 1462 3311 ,
1491 3237 1554 3298 et
1583 3234 1802 3316 imago

267 3355 519 3438 respicit
544 3355 867 3434 figuram:
906 3346 1059 3428 quia
1086 3341 1433 3407 similitudo
1468 3340 1617 3406 dicit
1644 3359 1800 3404 con-

272 3461 659 3530 venientiam
679 3458 746 3520 in
762 3455 1066 3539 qualitate
1085 3449 1389 3528 naturali3
1409 3448 1624 3529 imago
1648 3465 1803 3512 vero

270 3567 778 3636 convenientiam
828 3563 897 3626 in
943 3559 1336 3625 distinctione
1371 3555 1664 3638 figurali,
1721 3553 1802 3619 ad

270 3677 532 3745 modum
580 3671 911 3755 cujusdam
957 3664 1301 3746 trianguli,
1351 3662 1420 3725 in
1469 3680 1598 3744 quo
1650 3665 1803 3725 sunt

269 3794 396 3853 tres
424 3783 710 3858 termini,
741 3783 805 3844 et
838 3783 965 3842 tres
1007 3777 1239 3840 lineae:
1289 3770 1441 3853 quia
1481 3774 1608 3833 tres
1652 3773 1805 3833 sunt

267 3894 564 3981 potentiae
586 3940 603 3967 ‚
661 3904 938 3973 quarum
995 3882 1298 3965 quaelibet
1362 3876 1803 3942 habitudinem

269 4004 459 4069 habet
491 3999 570 4062 ad
607 3995 987 4079 quamlibet3
1034 3996 1098 4054 et
1139 3986 1431 4052 similiter
1473 3989 1601 4048 tres
1652 4003 1803 4066 per-

272 4126 444 4177 sonae
472 4125 488 4170 τ
522 4108 586 4168 et
616 4100 916 4187 potentia,
945 4096 1049 4164 vel
1084 4112 1374 4178 persona,
1413 4094 1583 4156 tenet
1608 4092 1804 4156 ratio-

273 4236 415 4283 nem
440 4209 700 4278 termini
721 4229 738 4289 ;
767 4204 1074 4271 habitudo
1099 4218 1254 4268 vero
1269 4246 1291 4277 ,
1317 4199 1422 4263 vel
1451 4200 1766 4263 emanatio
1781 4249 1799 4280 ,

270 4327 442 4391 tenet
471 4319 785 4384 rationem
824 4313 1031 4378 lineae.
1071 4308 1400 4375 Secundus
1425 4307 1651 4372 modus
1676 4308 1803 4372 dis-

271 4427 604 4512 tinguendi
642 4428 770 4500 est,
805 4420 976 4504 quod
1019 4420 1237 4499 imago
1263 4419 1358 4481 est
1396 4415 1468 4479 in
1493 4414 1808 4479 naturali-

272 4542 414 4617 bus,
432 4539 495 4601 et
508 4529 843 4598 similitudo
858 4529 927 4590 in
943 4524 1265 4609 gratuitis;
1287 4522 1402 4606 qui
1418 4526 1498 4603 (a)
1519 4521 1810 4588 similiter

273 4646 468 4710 habet
491 4645 705 4706 ortum
731 4656 813 4702 ex
848 4635 958 4700 illa
993 4633 1201 4717 prima
1236 4631 1608 4696 differentia.
1643 4629 1811 4707 Quia

273 4752 447 4817 enim
492 4751 703 4830 imaqo
748 4744 900 4809 dicit
943 4739 1553 4821 configurationem,
1599 4743 1663 4802 et
1704 4739 1813 4802 illa

272 4856 619 4924 attenditur
641 4872 725 4918 ex
750 4854 930 4933 parte
960 4845 1355 4912 naturalium
1381 4847 1811 4928 potentiarum

273 4967 507 5030 animae
526 5012 543 5043 ‚
585 4961 819 5026 scilicet
846 4955 1210 5031 memoriae,
1240 4953 1680 5035 intelligentiae
1703 5003 1720 5032 ,
1752 4959 1814 5020 et

274 5069 619 5136 voluntatis
640 5091 657 5147 ;
687 5067 838 5130 hinc
867 5061 1149 5145 estquod
1177 5061 1397 5142 imago
1420 5060 1604 5124 estin
1628 5065 1812 5124 natu-

270 5179 509 5246 ralibus
538 5199 555 5242 2
607 5175 760 5260 quia
803 5189 956 5240 vero
992 5166 1354 5236 similitudo
1388 5166 1539 5231 dicit
1577 5187 1813 5234 conve-

271 5287 580 5353 nientiam
611 5300 763 5367 quae
803 5284 1019 5346 ortum
1056 5275 1250 5340 habet
1290 5293 1330 5337 a
1365 5273 1703 5357 qualitate3
1752 5280 1815 5340 et

3327 544 3447 604 647

1903 661 2112 745 gratia
2132 711 2151 741 ,
2189 663 2330 728 ideo
2368 665 2716 732 similitudo
2759 668 2831 732 in
2867 669 3162 751 gratuitis
3209 669 3443 738 dicitur

1904 788 2062 835 esse.
2104 768 2354 836 Tertius
2379 773 2610 838 modus
2634 773 3072 857 distinguendi
3110 780 3204 841 est
3220 826 3238 857 ,
3269 779 3442 861 quod

1903 878 2123 961 imago
2148 880 2336 944 estin
2362 884 2643 964 potentia
2665 884 3126 965 cognoscendi,
3168 888 3228 949 et
3263 884 3442 950 simi-

1900 983 2106 1050 litudo
2146 985 2213 1049 in
2251 988 2532 1069 potentia
2557 987 2863 1071 diligendi
2908 1013 2923 1054 :
2955 994 3020 1054 et
3055 991 3172 1055 iste
3208 991 3438 1057 modus

1902 1090 2191 1156 similiter
2215 1093 2409 1158 habet
2446 1097 2661 1159 ortum
2700 1114 2783 1160 ex
2818 1097 3174 1162 differentia
3204 1098 3435 1181 prima.

1903 1198 2068 1278 Quia
2091 1201 2264 1294 enim
2302 1202 2519 1284 imago
2561 1204 2844 1269 consistit
2883 1205 2955 1269 in
2995 1206 3442 1273 convenientia

1900 1308 2253 1373 secundum
2285 1311 2859 1392 configurationem
2877 1361 2895 1393 ,
2927 1315 2991 1378 et
3016 1315 3442 1395 configuratio

1900 1415 2244 1481 attenditur
2268 1416 2338 1480 in
2372 1418 2626 1501 origine
2648 1466 2665 1496 ,
2695 1419 3068 1485 habitudine
3106 1425 3169 1485 et
3209 1425 3442 1504 poten-

1900 1522 2138 1587 tiarum
2160 1523 2579 1604 distinctione,
2601 1530 2664 1591 et
2679 1526 2818 1591 haec
2842 1527 3027 1610 origo
3047 1531 3111 1592 et
3132 1528 3440 1593 habitudo

1900 1630 2331 1714 principaliter
2346 1632 2577 1697 residet
2593 1650 2675 1698 ex
2700 1637 2877 1716 parte
2894 1634 3238 1716 cognitivae
3255 1657 3273 1714 ;
3295 1634 3439 1700 ideo

1901 1739 2121 1819 imago
2172 1739 2584 1822 principalius
2643 1741 2904 1824 ponitur
2970 1740 3040 1803 in
3088 1740 3434 1822 cognitiva.

1901 1844 2259 1911 Similitudo
2289 1866 2442 1914 vero
2463 1847 2612 1913 dicit
2642 1848 3147 1913 convenientiam
3173 1848 3241 1911 in
3269 1866 3437 1930 qua-

1900 1952 2073 2017 litate
2104 1976 2120 2017 :
2151 1959 2214 2018 et
2245 1955 2399 2036 quia
2425 1956 2693 2038 qualitas
2709 2003 2731 2035 ‚
2760 1955 2826 2018 in
2851 1973 2981 2037 qua
3007 1954 3438 2037 principaliter

1901 2061 2287 2127 assimilatur
2312 2062 2529 2127 anima
2558 2062 2705 2143 Deo,
2735 2066 2831 2127 aet
2851 2063 2919 2126 in
2945 2062 3272 2127 voluntate
3299 2062 3436 2127 sive

1902 2167 1971 2231 in
1993 2169 2345 2246 affectione,
2369 2169 2522 2233 hinc
2548 2173 2642 2234 est
2668 2169 2839 2252 quod
2873 2168 3219 2233 similitudo
3246 2167 3436 2253 poni-

1904 2279 2011 2340 tur
2060 2275 2490 2359 principaliter
2539 2275 2610 2339 in
2666 2276 2945 2358 potentia
2991 2274 3303 2340 affectiva.
3360 2272 3439 2338 Et

1904 2382 2052 2447 inde
2080 2387 2175 2447 est
2193 2385 2363 2467 quod
2379 2385 2445 2448 in
2465 2383 2752 2466 imagine
2771 2384 3103 2449 creationis
3121 2383 3265 2448 duae
3288 2387 3440 2446 sunt

1904 2492 2204 2575 potentiae
2231 2510 2312 2555 ex
2339 2495 2519 2574 parte
2547 2491 2915 2573 cognitivae,
2949 2490 3183 2555 scilicet
3208 2508 3441 2555 memo·

1904 2598 2001 2662 ria
2040 2602 2103 2662 et
2139 2597 2591 2680 intelligentia3
2631 2601 2694 2662 et
2736 2616 2868 2662 una
2907 2616 2989 2662 ex
3029 2602 3207 2681 parte
3250 2597 3440 2662 affec-

1905 2705 2057 2768 tivae
2077 2751 2094 2781 ,
2144 2702 2376 2767 scilicet
2422 2703 2737 2768 voluntas.
2795 2702 2846 2768 E
2891 2707 3111 2768 contra
3163 2721 3318 2768 vero
3370 2703 3441 2767 in

1904 2811 2188 2892 imagine
2214 2809 2649 2889 recreationis,
2686 2827 2834 2892 quae
2869 2809 3129 2892 quidem
3159 2810 3442 2876 consistit

1905 2919 1976 2982 in
2001 2918 2245 3000 gratia,
2279 2918 2426 2982 duae
2465 2916 2733 2981 virtutes
2754 2919 2906 2979 sunt
2932 2934 3016 2980 ex
3044 2919 3223 2998 parte
3248 2915 3439 2981 affec·

1904 3028 2054 3093 tivae
2076 3076 2093 3107 ‚
2136 3025 2372 3091 scilicet
2416 3042 2558 3108 spes
2613 3028 2678 3089 et
2726 3024 3031 3105 charitas;
3081 3029 3143 3089 et
3182 3044 3314 3089 una
3358 3043 3442 3089 ex

1906 3139 2084 3217 parte
2119 3132 2483 3216 cognitiva-3,
2524 3133 2755 3197 scilicet
2791 3132 2968 3197 fides.
3015 3132 3238 3213 Imago
3265 3132 3441 3197 enim

1907 3240 2337 3323 principaliter
2370 3240 2623 3322 respicit
2664 3239 2980 3320 originem
3019 3242 3084 3302 et
3122 3238 3444 3302 habitudi-

1906 3366 2057 3412 nem
2101 3370 2116 3412 :
2163 3347 2470 3412 habitudo
2513 3352 2727 3412 autem
2773 3350 2838 3411 et
2874 3346 3058 3427 origo
3097 3345 3444 3409 attenditur

1908 3455 2076 3519 inter
2102 3455 2479 3519 memoriam
2518 3457 2582 3519 et
2618 3453 3104 3534 intelligentiam
3146 3469 3260 3534 per
3303 3469 3445 3516 mo·-

1907 3562 2062 3627 dum
2089 3561 2369 3645 parentis
2394 3564 2457 3625 et
2480 3561 2674 3644 prolis
2696 3581 2713 3640 ;
2750 3564 2814 3625 et
2839 3560 3004 3623 inter
3027 3559 3170 3623 haec
3195 3557 3345 3637 duo,
3383 3561 3448 3624 et

1905 3669 2336 3748 voluntatem,
2371 3669 2722 3733 secundnm
2756 3666 3020 3730 modum
3057 3664 3444 3746 donationis,

1906 3776 2039 3843 sive
2068 3776 2505 3859 processionis.
2550 3773 2720 3838 Inter
2752 3773 3130 3837 irascibilem
3157 3790 3311 3836 vero
3334 3820 3352 3852 ,
3383 3774 3449 3836 et

1907 3883 2483 3966 concupiscibilem,
2499 3900 2616 3946 nec
2635 3885 2730 3946 est
2746 3880 2889 3943 talis
2900 3880 3077 3958 ordo,
3099 3897 3217 3943 nec
3233 3878 3443 3962 orig0,

1907 4008 2055 4054 cum
2084 3992 2295 4054 motus
2314 3989 2642 4052 irascibilis
2669 3988 2867 4072 possit
2893 4005 3026 4052 esse
3054 3986 3192 4049 sine
3219 4004 3448 4049 concu-

1907 4097 2199 4182 piscibili,
2230 4099 2292 4162 et
2314 4115 2350 4162 e
2369 4115 2679 4162 converso
2704 4113 2721 4159 :
2744 4101 2959 4160 motus
2977 4099 3198 4160 autem
3220 4094 3451 4160 volun-

1908 4205 2051 4269 tatis
2078 4222 2212 4269 non
2233 4208 2597 4287 potestesse
2629 4202 2764 4267 sine
2795 4206 2979 4266 motu
3006 4200 3447 4282 intelligentiae.

1906 4311 2173 4396 praevio,
2194 4329 2312 4375 nec
2333 4314 2511 4375 actus
2534 4309 2826 4374 similiter
2849 4308 3292 4390 intelligentiae
3312 4308 3452 4371 sine

1909 4423 2057 4484 actu
2083 4416 2410 4482 memoriae
2440 4435 2457 4479 ε
2486 4417 2557 4479 in
2581 4415 2683 4479 his
2711 4414 2849 4479 dico
2875 4433 3023 4497 quae
3057 4417 3211 4479 sunt
3236 4413 3452 4489 dera-

1910 4529 2081 4592 tione
2112 4526 2411 4608 imaginis
2442 4548 2457 4589 :
2490 4525 2628 4590 ideo
2652 4524 2721 4589 in
2754 4524 3182 4606 assignatione
3212 4522 3453 4604 imagi-

1910 4637 2014 4700 nis
2046 4635 2175 4700 duo
2207 4639 2554 4699 sumuntur
2579 4631 2873 4697 membra
2899 4649 2981 4695 ex
3009 4634 3190 4715 parte
3229 4630 3454 4712 cogni·

1913 4743 2090 4822 tivae,
2120 4745 2183 4806 et
2210 4758 2417 4804 unum
2447 4758 2528 4804 ex
2555 4742 2734 4822 parte
2763 4739 3106 4817 affectivae3
3136 4738 3258 4803 hoc
3282 4736 3455 4801 enim

1913 4849 2121 4931 exigit
2146 4847 2323 4928 ordo,
2355 4850 2419 4911 et
2444 4846 2649 4928 origo,
2683 4849 2749 4909 et
2777 4845 3094 4910 distinctio
3133 4867 3148 4907 ε
3180 4847 3243 4908 et
3273 4861 3456 4926 prop-

1915 4960 2087 5021 terea
2124 4954 2340 5035 imago
2382 4951 2793 5034 principalius
2839 4954 2933 5015 est
2974 4950 3044 5014 in
3085 4948 3411 5031 cognitiva
3433 4995 3453 5028 ‚

1916 5082 2112 5147 quam
2143 5062 2212 5126 in
2233 5061 2544 5127 affectiva.
2572 5059 2934 5125 Similitudo
2956 5078 3111 5125 vero
3138 5057 3458 5142 principa-

1915 5152 2042 5237 lius
2069 5170 2351 5234 consistit
2367 5169 2437 5231 in
2455 5167 2694 5232 unione
2712 5167 2947 5232 animae
2970 5167 3051 5232 ad
3069 5165 3289 5245 Deum,
3310 5180 3459 5245 quae

1919 5278 2179 5364 quidem
2209 5280 2304 5342 est
2333 5294 2446 5359 per
2480 5274 2757 5357 gratiam
2791 5293 2810 5338 ε
2850 5281 2915 5340 et
2955 5274 3262 5359 quoniam
3300 5270 3461 5336 unio

271 5393 541 5478 qualitas
580 5411 596 5455 z
640 5391 711 5454 in
738 5405 868 5470 qua
904 5383 1122 5449 anima
1158 5380 1473 5446 similatur
1515 5379 1641 5447 Deo
1662 5430 1681 5462 ,
1722 5385 1819 5447 est
1919 5390 1983 5453 et
2008 5384 2220 5469 gratia
2237 5382 2669 5468 principaliter
2694 5382 3046 5465 respiciunt
3069 5380 3458 5456 affectivam,

303 5517 534 5587 ynug„
560 5515 622 5567 «ιε
647 5514 897 5579 sacram„
921 5511 1013 5562 uh.
1037 5509 1118 5572 11,
1143 5508 1281 5572 part.
1305 5507 1402 5571 vi,
1431 5516 1558 5557 an.

1986 5513 2050 5578 (a)
2079 5511 2201 5562 cat.
2225 5509 2348 5562 edit.
2380 5521 2515 5573 quoe.
