4125 6225
731 399 807 460 56
1865 387 2487 458 SENTENTIARUM
2531 391 2681 457 ΗΒ.
2732 390 2782 457 Ι.

729 535 820 598 ter
847 546 982 609 eos,
1012 532 1132 594 etc.
1171 552 1186 593 ε
1228 528 1338 593 sed
1375 527 1630 610 aliquod
1657 527 2091 593 ministerium
2117 543 2273 590 con-

728 640 1086 722 sequuntur
1112 636 1249 700 sine
1267 653 1550 718 corpore,
1580 638 1655 700 ut
1682 653 2035 717 suggerere
2064 634 2234 699 hona
2251 682 2269 714 ,

729 749 795 812 et
811 744 1095 811 revelare
1119 749 1378 824 secreta,
1407 748 1471 808 et
1494 744 1583 808 hu
1584 744 1868 826 Jusmodi
1900 766 1915 808 ε
1947 761 2108 826 ergo
2130 761 2275 826 pos·

730 855 881 917 sunt
903 852 1041 917 sine
1068 869 1331 935 corpore
1360 853 1636 916 moveri.

811 958 994 1036 Item,
1026 978 1139 1043 per
1166 958 1628 1023 Damascenum
1652 960 1707 1023 ¹:
1746 981 1778 1020 α
1805 957 2145 1024 Confestim
2171 956 2274 1020 in-

730 1067 1010 1145 venitur,
1055 1067 1169 1132 ubi
1193 1066 1453 1131 divinus
1480 1066 1744 1149 jusserit
1781 1069 2009 1145 nutus,
2045 1063 2276 1128 veloci-

732 1177 860 1238 tate
886 1178 1133 1238 naturae
1168 1191 1185 1236 ε
1221 1194 1251 1232 n
1283 1173 1337 1237 si
1362 1192 1520 1255 ergo
1546 1173 1854 1251 {velocitas
1879 1176 1974 1236 est
2010 1170 2275 1254 disposi-

732 1282 823 1346 tio
852 1281 931 1345 ad
961 1284 1233 1356 motum,
1256 1300 1338 1345 ex
1359 1282 1461 1345 sui
1498 1284 1731 1345 natura
1758 1284 1909 1343 sunt
1935 1278 2226 1342 mobiles.

814 1387 1006 1465 Item,
1034 1387 1323 1469 Angelus
1344 1388 1416 1451 in
1444 1406 1576 1452 uno
1602 1388 1740 1452 loco
1774 1391 2026 1451 tantum
2053 1389 2150 1450 est
2169 1434 2187 1466 ,
2216 1388 2280 1449 et

733 1493 824 1558 ibi
850 1498 983 1573 est,
1019 1494 1130 1556 ubi
1170 1498 1513 1577 operatur:
1548 1511 1708 1576 ergo
1757 1494 1965 1558 virtus
1991 1495 2047 1577 ej
2060 1512 2133 1557 us
2170 1497 2283 1557 aut

737 1606 832 1666 est
867 1601 949 1666 ad
978 1620 1185 1666 unum
1212 1607 1464 1667 tantum
1486 1606 1723 1667 arctata
1747 1650 1765 1682 ,
1794 1607 1907 1666 aut
1932 1603 1986 1666 si
2025 1620 2158 1666 non
2185 1604 2281 1666 est

738 1713 974 1776 arctata
991 1759 1007 1787 ,
1042 1729 1159 1776 nec
1185 1712 1539 1776 substantia
1564 1716 1657 1776 est
1684 1715 1920 1775 arctata
1947 1712 2028 1776 ad
2058 1730 2278 1775 unum

739 1822 951 1882 locum
987 1840 1003 1881 ι
1047 1819 1154 1882 sed
1182 1837 1314 1883 non
1340 1823 1702 1901 potestesse
1732 1819 1927 1883 simul
1968 1819 2039 1883 in
2070 1818 2282 1902 pluri-

740 1925 861 1989 bus
896 1946 910 1988 :
939 1943 1098 2007 ergo
1137 1943 1285 1989 cum
1325 1926 1394 1989 in
1423 1944 1556 1991 uno
1596 1926 1733 1990 loco
1763 1930 1857 1991 est
1879 1975 1897 2005 ,
1933 1930 2027 1989 est
2061 1926 2133 1989 in
2160 1944 2282 2008 po-

740 2033 936 2096 tentia
975 2031 1054 2096 ad
1082 2031 1355 2096 alterum
1385 2057 1400 2097 :
1439 2033 1547 2097 sed
1589 2033 1759 2115 quod
1787 2036 1882 2097 est
1910 2033 1978 2096 in
2008 2032 2285 2116 potentia

742 2137 823 2204 ad
847 2156 1056 2203 unum
1075 2186 1093 2217 ,
1130 2157 1260 2203 non
1284 2140 1358 2202 fit
1398 2144 1547 2203 actu
1572 2139 1642 2202 in
1668 2139 1776 2203 illo
1796 2188 1815 2220 ‚
1842 2139 1966 2203 nisi
1996 2157 2111 2223 per
2138 2156 2285 2204 mo-

746 2250 893 2311 tum
920 2246 1271 2311 secundum
1298 2246 1511 2311 locum
1541 2266 1558 2310 ε
1589 2265 1771 2328 erg0‚
1802 2251 1922 2312 etc.

825 2352 982 2417 item
1007 2402 1025 2434 ,
1078 2354 1250 2438 quod
1297 2359 1632 2420 moveatur
1675 2355 1811 2419 sine
1865 2372 2129 2438 corpore
2183 2372 2287 2417 as-

745 2465 1004 2544 sumpto
1024 2509 1040 2538 ‚
1085 2462 1442 2526 ostenditur
1484 2480 1599 2545 per
1656 2462 1863 2526 simile
1908 2463 1976 2526 in
2017 2462 2235 2525 anima
2265 2480 2282 2540 3

752 2569 971 2634 anima
1005 2569 1178 2633 enim
1214 2575 1408 2636 exuta
1449 2591 1490 2636 a
1527 2591 1786 2656 corpore
1814 2574 2017 2637 fertur
2057 2573 2128 2636 in
2155 2590 2288 2637 coe-

747 2677 888 2741 lum
911 2724 928 2754 ,
976 2677 1083 2741 vel
1130 2678 1449 2743 descendit
1494 2680 1565 2744 in
1609 2681 1936 2745 infernum
1968 2679 2285 2744 localiter:

749 2784 859 2848 sed
889 2787 1135 2848 constat
1165 2785 1335 2867 quod
1379 2786 1594 2850 anima
1630 2806 1763 2851 non
1808 2787 2077 2852 assumit
2116 2785 2289 2850 aliud

751 2907 981 2973 corpus
1027 2908 1225 2973 quam
1269 2910 1462 2957 suum
1513 2911 1530 2955 ε
1579 2911 1738 2975 ergo
1797 2895 2097 2957 movetur
2156 2890 2293 2956 sine

751 3016 1011 3082 corpore
1047 3022 1061 3063 ε
1095 3018 1253 3082 ergo
1284 3000 1422 3083 pari
1454 3000 1699 3074 ratione
1725 3000 2035 3081 Angelus

832 3104 1012 3186 Item,
1033 3106 1324 3190 Angelus
1349 3109 1417 3172 in
1442 3127 1745 3193 empyreo
1772 3111 1976 3192 potest
1994 3126 2132 3172 esse
2154 3107 2292 3172 sine

752 3232 1055 3296 corpore,
1083 3216 1223 3298 pari
1268 3216 1512 3280 ratione
1556 3221 1619 3280 et
1660 3216 1727 3279 in
1769 3220 1985 3280 terra:
2036 3233 2195 3297 ergo
2239 3214 2292 3278 si

752 3338 868 3403 per
894 3321 1185 3386 eamdem
1204 3322 1361 3401 vim,
1382 3341 1495 3404 per
1513 3342 1709 3406 quam
1724 3322 1990 3406 quiescit
2010 3321 2080 3385 in
2096 3326 2289 3401 terra,

753 3426 899 3491 facit
928 3447 993 3492 se
1020 3447 1155 3494 esse
1187 3430 1257 3492 in
1289 3434 1459 3494 terra
1474 3479 1492 3510 ,
1522 3431 1657 3494 sive
1685 3430 2064 3495 transfertur
2088 3478 2105 3508 ,
2136 3446 2294 3510 ergo

751 3533 1004 3599 videtur
1029 3536 1200 3619 quod
1229 3537 1367 3601 sine
1400 3555 1686 3620 corpore.

1288 3774 1746 3842 CONCLUSIO.

751 3926 993 3999 Angelus
1015 3931 1257 3985 movetur
1295 3943 1404 3985 non
1428 3928 1601 3985 solum
1627 3931 1897 4000 assumpto
1925 3942 2170 4000 corporo,
2208 3943 2296 3983 ve-

1016 4033 1137 4075 rum
1159 4020 1326 4075 etiam
1352 4032 1568 4091 corpore
1594 4032 1704 4074 non
1727 4021 2023 4090 assumpto.

833 4177 1019 4262 Resp.
1056 4178 1135 4243 ad
1170 4179 1331 4262 Arg.
1376 4179 1726 4244 Dicendum
1762 4179 1934 4261 quod
1964 4179 2293 4262 Angelus,

753 4287 917 4352 sicut
946 4287 1099 4351 dicit
1125 4286 1473 4370 Scriptura,
1503 4288 1695 4352 habet
1720 4287 1966 4352 moveri
2015 4310 2031 4350 z
2073 4305 2299 4353 move-

753 4402 862 4464 tur
882 4403 1096 4463 autem
1125 4416 1257 4464 non
1278 4400 1488 4464 solum
1518 4402 1843 4483 assumpto
1870 4417 2155 4482 corpore,
2186 4400 2296 4464 sed

756 4506 948 4570 etiam
976 4524 1238 4589 corpore
1278 4524 1410 4571 non
1443 4510 1768 4589 assumpto
1793 4555 1811 4586 ,
1855 4524 2006 4570 cum
2043 4524 2177 4570 non
2218 4507 2300 4570 sit

757 4612 1025 4678 minoris
1053 4613 1379 4690 libertatis,
1406 4631 1523 4677 nec
1550 4612 1828 4692 virtutis,
1860 4631 1978 4677 nec
2003 4613 2298 4678 nobilita-

755 4721 860 4798 tis,
885 4720 1023 4784 sine
1049 4737 1334 4803 corpore,
1360 4739 1558 4802 quam
1582 4723 1678 4783 est
1697 4738 1852 4784 cum
1874 4739 2159 4802 corpore.

838 4827 938 4893 Ad
963 4826 1447 4909 intelligentiam
1491 4832 1707 4892 autem
1736 4828 2133 4909 objectorum
2156 4876 2174 4907 ,
2204 4831 2301 4892 est

760 4935 1116 5001 notandum
1141 4935 1335 5017 quod,
1361 4935 1523 4998 sicut
1545 4953 1679 5000 esse
1703 4935 1769 4998 in
1797 4935 1937 4999 loco
1958 4939 2053 4998 est
2081 4935 2297 5017 dupli-

762 5049 938 5124 citer,
970 5047 1104 5112 sive
1121 5065 1255 5112 esse
1277 5046 1565 5125 localem,
1587 5046 1749 5110 sicut
1770 5046 1978 5127 tangit
1995 5044 2300 5129 Magister

762 5155 834 5219 in
874 5155 1105 5232 littera,
1162 5155 1396 5219 scilicet
1431 5156 1583 5237 quia
1624 5154 2188 5234 circumscribitur,
2238 5159 2301 5220 et

765 5262 918 5344 quia
959 5261 1291 5342 diffinitur,
1345 5266 1407 5327 et
1451 5262 1609 5327 illud
1663 5262 1920 5346 proprie
1964 5267 2058 5327 est
2100 5263 2299 5328 locale

834 5387 1124 5452 ¹Damasc.‚
1148 5386 1239 5439 lib.
1265 5389 1318 5454 1,
1350 5400 1534 5442 c.1111.

2382 526 2557 609 quod
2584 526 3147 609 circumscribitur,
3177 529 3347 595 aliud
3376 534 3590 594 autem
3629 532 3878 614 quodam

2384 634 2573 699 modo
2597 638 2691 700 est
2712 634 2934 713 locale,
2967 637 3245 719 quodam
3276 638 3462 702 modo
3484 656 3613 701 non
3633 658 3648 702 ε
3670 640 3751 703 ita
3763 659 3885 706 mo-

2383 740 2522 805 veri
2549 759 2662 824 per
2688 741 2901 806 locum
2922 791 2938 819 ,
2979 760 3113 807 uno
3150 744 3340 808 modo
3365 747 3460 808 est
3491 762 3600 827 per
3643 745 3887 813 circum-

2384 849 2791 931 scriptionem
2816 850 2967 913 ferri
2994 851 3232 915 deloco
3257 851 3337 915 ad
3361 851 3596 930 locum,
3626 857 3688 917 et
3706 855 3788 919 sic
3810 862 3890 921 est

2385 959 2640 1021 tantum
2678 974 3061 1040 corporum;
3109 958 3232 1022 alio
3276 960 3474 1022 modo
3502 961 3734 1024 moveri
3754 1010 3770 1041 ,
3813 970 3893 1028 est

2388 1063 2603 1127 minus
2629 1064 2881 1147 proprie
2906 1064 3255 1130 secundum
3278 1066 3712 1131 diffinitionem
3733 1072 3891 1134 tran·

2386 1172 2541 1248 sire,
2567 1175 2630 1235 et
2672 1171 2762 1234 sic
2788 1174 2883 1236 est
2921 1171 3288 1255 spirituum.
3318 1169 3579 1256 Proprie
3618 1193 3764 1257 ergo
3799 1196 3897 1259 per

2390 1274 3038 1358 circumscriptionem
3087 1294 3216 1341 non
3261 1281 3562 1342 movetur
3602 1279 3894 1360 AngeluS,

2387 1381 2509 1445 nisi
2560 1400 2823 1464 corpore
2871 1401 3087 1446 assum
3092 1386 3237 1465 pto;
3280 1384 3498 1447 minus
3530 1386 3773 1468 proprie
3803 1405 3902 1468 per

2388 1487 2834 1554 diffinitionem
2862 1493 3158 1554 movetur
3192 1490 3519 1572 Angelus,
3559 1491 3743 1555 etiam
3783 1493 3903 1557 sine

2390 1614 2678 1679 corpore.

2472 1714 2531 1772 1.
2567 1708 2662 1772 Ex
2684 1708 2805 1773 hoc
2831 1711 3004 1791 patet
3028 1710 3352 1792 responsio
3381 1710 3459 1774 ad
3494 1710 3773 1793 primum
3794 1712 3903 1775 ob·

2382 1817 2658 1899 jectum,
2687 1816 2842 1898 quia
2887 1815 3247 1881 Bernardus
3281 1817 3509 1900 accipit
3551 1817 3904 1886 discurrere

2390 1928 2455 1989 et
2473 1926 2748 1992 transire
2766 1924 3119 1989 secundum
3143 1926 3594 2008 proprietatem
3617 1925 3757 2003 loci,
3772 1945 3906 2010 quae

2392 2037 2487 2097 est
2508 2031 3027 2115 circumscriptio.

2470 2147 2533 2208 2.
2575 2142 2674 2207 Ad
2711 2143 2870 2208 illud
2913 2161 3073 2225 ergo
3111 2144 3280 2226 quod
3320 2144 3660 2228 quaeritur,
3709 2149 3910 2211 utrum

2394 2268 2509 2333 per
2531 2268 2622 2331 se,
2655 2254 2769 2314 aut
2793 2268 2909 2333 per
2930 2251 3261 2330 accidens;
3299 2252 3669 2331 dicendum,
3703 2271 3909 2318 sccun-

2394 2357 2551 2423 dum
2579 2357 2948 2441 praedictam
2981 2358 3359 2423 divisionem
3396 2359 3476 2424 de
3502 2365 3686 2425 motu
3704 2409 3722 2440 ,
3760 2362 3915 2444 quod

2394 2464 2748 2529 secundum
2810 2466 3099 2548 primum
3160 2470 3412 2530 motum
3458 2485 3592 2531 non
3636 2473 3914 2533 movetur

2395 2571 2725 2653 spirituale
2790 2572 2912 2636 nisi
2955 2590 3069 2655 per
3117 2574 3407 2637 accidens
3427 2621 3444 2650 ,
3501 2574 3742 2639 scilicet
3807 2574 3920 2638 alio

2396 2682 2571 2743 moto
2599 2701 2615 2742 ι
2643 2679 2806 2742 sicut
2838 2679 3012 2743 enim
3048 2683 3266 2756 nauta,
3302 2683 3477 2744 mota
3502 2681 3679 2758 navi,
3711 2698 3919 2745 move-

2394 2790 2526 2863 tur,
2572 2786 2663 2850 sic
2702 2786 2963 2869 spiritus
3012 2790 3184 2850 moto
3227 2804 3495 2869 corpore
3536 2788 3610 2851 in
3647 2805 3776 2871 quo
3816 2792 3919 2852 est.

2399 2891 2723 2971 Quantum
2749 2893 2830 2957 ad
2856 2892 3208 2958 secundum
3239 2899 3515 2971 motum,
3535 2895 3705 2960 sicut
3730 2895 3925 2977 Ange-

2398 2998 2501 3065 lus
2528 3019 2642 3083 per
2665 3019 2733 3064 se
2758 3000 3007 3083 ipsum,
3034 3004 3098 3063 et
3139 3000 3275 3064 sine
3302 3019 3591 3083 corpore,
3627 3003 3925 3066 diffluitur

2399 3106 2571 3188 looo;
2602 3108 2691 3172 ita
2727 3125 2843 3191 per
2869 3107 3150 3191 seipsum
3187 3107 3585 3189 transfertur,
3639 3110 3729 3173 ita
3770 3107 3926 3192 quod

2399 3233 2535 3280 non
2561 3215 2685 3279 alio
2721 3221 3016 3280 movente
3036 3262 3054 3291 ,
3084 3233 3203 3280 nec
3248 3234 3364 3299 per
3409 3215 3614 3280 alium
3642 3221 3882 3280 motum
3909 3237 3924 3278 z

2400 3323 2534 3406 ipse
2560 3326 2777 3387 autem
2809 3321 3031 3405 anicit
3070 3323 3147 3386 de
3183 3322 3393 3406 primo
3434 3327 3616 3387 motu
3654 3327 3924 3402 tantum,

2400 3429 2513 3512 qui
2539 3447 2653 3512 per
2680 3448 2748 3494 se
2775 3429 3071 3494 convenit
3098 3429 3349 3513 corpori
3377 3429 3517 3494 soli.

2483 3546 2543 3605 3.
2588 3541 2687 3605 Ad
2731 3540 2889 3605 illud
2924 3542 3096 3624 quod
3137 3542 3437 3624 objicitur
3457 3590 3475 3619 ,
3531 3542 3708 3626 quod
3754 3559 3933 3606 omne

2402 3649 2573 3731 quod
2621 3642 2951 3727 movetur,
2984 3653 3280 3713 movetur
3328 3652 3588 3731 propter
3645 3649 3929 3729 indigen-

2400 3756 2587 3834 tiam;
2637 3755 2978 3821 dicendum
3019 3755 3190 3838 quod
3232 3756 3391 3820 illud
3435 3773 3672 3819 verum
3711 3759 3805 3819 est
3871 3756 3934 3817 in

2401 3868 2584 3928 motu
2638 3862 2914 3927 naturali
2964 3863 3033 3925 in
3078 3880 3209 3945 quo
3253 3866 3487 3927 natura
3534 3881 3671 3927 non
3723 3866 3934 3927 movet

2400 3971 2526 4035 nisi
2552 3989 2666 4053 per
2689 3970 3041 4054 appetitum
3064 3969 3333 4053 alicujus
3351 3970 3467 4049 rei,
3494 3971 3608 4052 qui
3635 3971 3813 4053 ponit
3826 3970 3935 4032 im·

2402 4078 2849 4162 perfectionem
2878 4078 2947 4141 in
2972 4081 3202 4141 natura
3219 4125 3235 4153 ,
3258 4079 3411 4159 quia
3435 4083 3704 4156 natura,
3730 4077 3939 4141 habita

2402 4186 2782 4270 perfectione
2802 4204 2943 4265 sua,
2973 4183 3243 4267 quiescit
3268 4205 3283 4247 :
3308 4184 3571 4269 sednon
3599 4189 3700 4249 est
3718 4202 3937 4249 verum

2401 4295 2473 4359 in
2499 4297 2680 4358 motu
2706 4292 3097 4371 voluntario,
3133 4291 3202 4354 in
3227 4309 3357 4373 quo
3382 4297 3683 4356 movetur
3711 4292 3938 4375 aliquis

2402 4402 2539 4466 sive
2565 4405 2822 4485 propter
2846 4398 3018 4464 aliud
3041 4398 3523 4481 acquirendum,
3558 4399 3699 4463 sive
3718 4399 3798 4463 ad
3815 4399 3937 4474 vir-2

2402 4513 2607 4573 tutem
2626 4506 3205 4585 demonstrandam,
3245 4506 3408 4570 sicut
3435 4510 3738 4571 movetur
3769 4505 3945 4571 miles

2405 4617 2475 4681 in
2514 4615 2735 4680 stadio.
2761 4613 2876 4679 Vel
2917 4613 3257 4678 dicendum
3297 4613 3466 4695 quod
3510 4613 3671 4678 illud
3718 4631 3944 4678 verum

2405 4727 2498 4789 est
2529 4722 2598 4787 in
2623 4721 2805 4813 omni,
2825 4724 3031 4798 motu,
3054 4719 3439 4801 generaliter
3461 4720 3833 4803 accipiendo
3849 4721 3946 4783 in-

2405 4831 2784 4914 digentiam,
2803 4829 2880 4893 ad
2902 4847 3086 4892 suam
3111 4827 3527 4909 indigentiam
3549 4831 3613 4891 et
3629 4827 3942 4892 alienam:

2408 4957 2593 5004 suam
2616 4941 2854 5015 autem,
2883 4939 3199 5020 quantum
3222 4936 3300 4999 ad
3328 4935 3487 4999 illud
3517 4938 3712 5018 cujus
3737 4936 3948 5019 priva-

2407 5048 2496 5114 tio
2521 5046 2700 5131 ponit
2725 5044 3288 5127 imperfectionem,
3316 5044 3420 5108 vel
3447 5047 3634 5128 cujus
3678 5043 3949 5128 privatio

2407 5174 2542 5220 non
2595 5153 3134 5236 imperfectionem
3191 5153 3388 5236 ponit,
3445 5152 3555 5216 sed
3606 5152 3946 5216 limitatio-

2407 5281 2558 5326 nem
2599 5284 2615 5325 :
2653 5264 2716 5324 et
2756 5260 2847 5323 sic
2882 5264 2979 5324 est
3013 5260 3083 5324 in
3126 5259 3398 5341 Angelo.
3440 5259 3738 5341 Angelus
3777 5259 3947 5324 enim

2409 5370 2631 5434 volens
2651 5367 2897 5450 aliquid
2918 5367 3171 5450 operari
3191 5366 3260 5429 in
3275 5372 3465 5443 terra,
3492 5366 3742 5449 indiget
3775 5370 3947 5430 tran-
