4125 6225
987 462 1184 537 ms‘r.
1226 462 1385 536 xiv.
1431 458 1661 534 mar.
1708 474 1786 534 ιι.
1829 465 2011 533 ΛΒΤ.
2059 456 2484 551 11.3QnAEs'1·.
2529 456 2637 534 m.

230 606 484 673 mobilis
507 609 560 689 ²3
600 610 665 672 et
693 609 902 671 totum
936 607 1168 672 coelum
1206 609 1302 671 est
1337 605 1569 671 mobile
1612 624 1629 666 ε
1658 604 1769 670 sed

227 716 391 780 nihil
431 715 603 781 idem
645 718 742 779 est
779 714 973 779 simul
1014 716 1085 778 in
1123 716 1291 793 actu,
1334 718 1397 778 et
1431 712 1712 797 potentia
1747 730 1762 774 ε

227 840 387 905 ergo
426 824 659 889 coelum
703 841 832 889 non
876 825 1079 905 potest
1116 821 1363 887 moveri
1411 839 1451 885 a
1489 839 1557 885 se
1572 870 1591 900 ‚
1634 819 1769 885 sive

226 930 486 1013 propria
505 931 763 994 virtute.
1658 914 1665 921 ⁵

308 1038 467 1101 Item
494 1037 705 1102 omnis
739 1041 947 1101 motor
979 1037 1300 1101 sufficiens
1336 1034 1525 1099 distat
1556 1052 1597 1099 a
1621 1051 1768 1098 mo-

227 1144 340 1209 bili
383 1162 401 1208 :
444 1163 594 1209 cum
632 1162 791 1227 ergo
825 1143 1006 1207 nulla
1038 1142 1245 1207 forma
1281 1145 1544 1207 extensa
1584 1140 1769 1205 distet

226 1272 269 1317 a
304 1253 589 1329 materia,
619 1252 797 1317 nulla
835 1253 1042 1316 forma
1084 1254 1347 1316 extensa
1390 1253 1596 1333 potest
1634 1266 1768 1314 esse

228 1363 446 1424 motor.
464 1360 786 1424 sufficiens
816 1380 832 1424 ε
867 1359 977 1424 sed
1017 1360 1222 1424 forma
1261 1357 1399 1422 caeli
1435 1362 1532 1422 est
1561 1359 1769 1422 forma

225 1467 568 1550 corporalis
609 1471 673 1532 et
717 1471 1012 1546 extensa3
1063 1471 1126 1531 et
1167 1470 1380 1531 motus
1420 1468 1585 1549 ejus,
1618 1479 1768 1529 cum

224 1578 306 1642 sit
329 1578 694 1662 praecipuus
711 1579 878 1643 inter
900 1577 1057 1643 alios
1084 1581 1317 1652 motus,
1347 1580 1441 1640 est
1461 1593 1503 1640 a
1524 1577 1769 1639 motore

224 1685 606 1764 sufficiente3
654 1704 813 1768 ergo
847 1703 980 1752 non
1022 1689 1227 1770 potest
1271 1701 1408 1749 esse
1447 1700 1488 1747 a
1530 1682 1767 1750 virtute

222 1792 501 1876 propriae
520 1793 767 1858 formae.

305 1899 465 1965 Item
500 1918 691 1965 omne
731 1899 904 1984 quod
939 1899 1312 1964 naturaliter
1350 1902 1649 1963 movetur
1686 1897 1768 1963 ad

222 2008 437 2073 locum
467 2008 771 2090 aliquem,
797 2008 852 2071 si
881 2011 1177 2073 movetur
1200 2008 1282 2072 ab
1305 2006 1414 2072 illo
1439 2006 1602 2086 loco,
1625 2024 1766 2071 mo-

223 2121 411 2182 vetur
440 2119 674 2200 praetar
698 2121 1032 2196 naturam3
1065 2134 1222 2199 ergo
1255 2117 1309 2180 si
1346 2114 1580 2180 caelum
1620 2132 1764 2180 mo·-

221 2230 411 2289 vetur
447 2224 817 2289 naturaliter
852 2225 933 2289 ab
960 2224 1203 2289 oriente
1237 2225 1308 2289 in
1347 2224 1761 2302 occidentem,

219 2333 301 2396 ab
327 2332 648 2398 occidente
676 2333 747 2395 in
774 2331 1086 2396 orientem
1112 2350 1244 2396 non
1267 2327 1610 2412 movetur,
1648 2350 1763 2396 seu

83 2436 106 2460 ⁶
217 2445 585 2521 regyratur,
604 2458 717 2523 per
739 2444 1040 2504 naturam
1068 2457 1272 2522 :ergo
1302 2440 1558 2507 videtur
1587 2440 1759 2523 quod

0 5459 189 5515 opiniot.

218 2547 452 2611 coelum
495 2548 726 2612 habeat
771 2553 1083 2613 motorem
1122 2549 1344 2629 alium,
1397 2567 1592 2631 quam
1632 2549 1763 2613 for-

217 2673 394 2720 mam
422 2658 768 2741 propriam.

299 2762 460 2828 Item
489 2783 680 2828 omne
708 2765 880 2847 quod
906 2768 1205 2830 movetur
1239 2766 1496 2848 propria
1529 2766 1757 2846 forma,

215 2876 516 2936 movetur
538 2878 794 2955 propter
810 2873 1136 2956 propriam
1157 2874 1608 2956 indigentiam3
1635 2890 1760 2937 na-

212 2980 365 3041 tura
388 2977 563 3041 enim
587 2979 811 3044 formae
837 2998 966 3044 non
990 2985 1205 3044 movet
1222 2980 1346 3044 nisi
1367 2984 1626 3063 propter
1653 2997 1762 3063 ap-

215 3084 491 3167 petitum
534 3085 663 3168 rei,
706 3104 856 3170 quae
897 3086 1272 3151 naturaliter
1313 3086 1564 3169 indiget
1597 3105 1616 3151 z
1651 3085 1761 3152 sed

213 3194 474 3273 «mlum,
495 3198 661 3259 sicut
672 3194 891 3259 dicunt
904 3193 1120 3259 Sancti
1136 3199 1198 3259 et
1217 3193 1607 3278 Philosophi,
1627 3212 1760 3260 non

212 3305 513 3366 movetur
569 3306 825 3385 propter
885 3301 1308 3385 indigentiam
1376 3304 1702 3387 propriam
1736 3322 1754 3383 ;

211 3427 373 3492 ergo
411 3428 541 3476 non
573 3415 869 3477 movetur
906 3430 946 3476 a
992 3411 1250 3495 propria
1284 3411 1492 3477 forma
1531 3416 1595 3476 et
1634 3430 1752 3476 na-

212 3523 384 3582 tura.
1396 3570 1403 3577 .

295 3624 456 3689 Item
481 3644 673 3691 omne
698 3625 867 3709 quod
900 3629 1253 3691 movetura
1269 3625 1529 3711 propria
1550 3626 1756 3692 torma

212 3732 597 3798 naturaliter
613 3737 935 3813 movente,
965 3752 1300 3817 nunquam
1320 3734 1606 3818 quiescit,
1629 3735 1756 3800 nisi

213 3839 546 3919 violenter,
577 3840 714 3924 ipso
761 3841 1069 3906 existente
1108 3836 1439 3906 in'eadem
1487 3842 1759 3926 disposi-

212 3948 384 4012 tione
408 3968 426 4012 :
452 3948 560 4014 sed
588 3949 847 4027 coelum,
868 3954 1186 4034 quantum
1205 3949 1285 4014 ad
1306 3955 1600 4015 naturam
1617 3969 1755 4017 suae

211 4056 437 4121 formae
459 4107 476 4137 ,
504 4075 754 4141 semper
778 4059 899 4124 erit
925 4059 994 4123 in
1027 4059 1251 4124 eadem
1288 4058 1697 4142 dispositione
1734 4077 1751 4121 ε

212 4169 329 4229 aut
373 4183 531 4248 ergo
576 4183 709 4231 non
752 4172 1048 4233 movetur
1083 4188 1126 4234 a
1170 4167 1427 4252 propria
1464 4168 1670 4233 forma
1693 4173 1759 4235 et

214 4276 470 4352 natura,
501 4277 615 4337 aut
632 4291 972 4356 nunquam
1009 4274 1305 4357 quiescit,
1336 4275 1441 4340 vel
1465 4275 1521 4338 si
1544 4275 1758 4359 quies-

216 4377 323 4457 cit,
357 4379 667 4445 violenter
707 4381 978 4464 quiescit
1012 4399 1031 4445 t
1071 4382 1125 4444 si
1163 4399 1322 4464 ergo
1362 4383 1599 4447 coelum
1638 4384 1754 4448 ali·

212 4488 471 4571 quando
511 4487 925 4571 quietabitur,
966 4493 1032 4553 et
1067 4507 1200 4554 non
1238 4490 1570 4569 violenter,
1597 4507 1756 4575 ergo

212 4600 427 4661 motus
456 4598 598 4680 eJus
630 4614 765 4663 non
788 4601 886 4663 est
918 4617 958 4663 a
983 4598 1223 4665 virtute
1256 4598 1482 4665 formae
1517 4600 1751 4666 intrin-

212 4721 396 4771 κοῶ.

754 4871 1207 4941 CONCLUSIO.

212 5028 265 5083 A
291 5028 418 5094 Deo,
445 5026 717 5085 mediante
739 5029 1131 5100 intelliqentia,
1159 5029 1345 5086 calum
1365 5043 1478 5086 non
1503 5034 1581 5088 est
1604 5034 1731 5088 ani-

281 5121 527 5186 mactum
556 5117 775 5188 difficile
797 5123 977 5176 autem
992 5122 1170 5192 potest
1193 5121 1449 5177 sustineri
1474 5120 1617 5191 quod
1638 5136 1751 5179 mo-

280 5195 534 5265 veatis-'a
551 5211 787 5282 propria
812 5211 990 5279 forma
1006 5208 1312 5277 monem-dae
1353 5215 1535 5268 autem
1576 5211 1655 5282 fid
1675 5214 1728 5269 ei

284 5302 338 5354 et
359 5302 571 5357 rationi
589 5300 1020 5373 quodmoveatur
1037 5317 1073 5359 a
1100 5303 1229 5374 Deo,
1249 5300 1521 5360 mediante
1536 5305 1747 5374 anqelo.

299 5457 481 5542 Resp.
501 5461 584 5525 ad
597 5462 756 5543 Arg.
778 5461 1126 5529 Dicendum
1138 5463 1313 5547 quod
1326 5464 1397 5528 in
1408 5463 1530 5530 hac
1546 5481 1754 5547 quae&

3297 462 3415 538 879

1875 603 2050 669 tione
2096 604 2246 668 duaa
2287 608 2440 670 sunt
2467 604 2815 686 positiones
2850 600 3206 690 probabiles
3219 655 3238 689 ,
3270 625 3418 675 con-

1876 709 2095 775 cordes
2111 710 2340 776 rationi
2360 714 2425 776 et
2444 708 2812 795 scripturae,
2837 716 3070 796 praeter
3091 713 3268 778 illam
3286 718 3417 780 ter·

1874 817 2034 881 tiam
2078 818 2287 898 viam,
2311 838 2510 902 quam
2550 819 2814 902 quidam
2855 821 3220 905 philosophi
3246 829 3271 866 ²
3302 841 3419 907 po-

1875 925 2076 991 suisse
2115 928 2440 1005 videntur‚
2475 928 2712 994 scilieet
2743 929 2914 1014 quod
2946 932 3084 996 coli
3113 931 3420 998 haberent

1874 1032 2144 1113 animas,
2175 1038 2239 1100 et
2264 1035 2435 1117 quod
2472 1036 2707 1101 coelum
2736 1041 2896 1103 esset
2927 1056 3242 1120 magnum
3269 1039 3418 1104 ani-

1877 1139 2005 1203 mal
2029 1189 2046 1219 ,
2080 1143 2145 1204 et
2187 1140 2362 1223 quod
2407 1148 2774 1209 moveretur
2829 1160 2870 1207 a
2913 1145 3175 1228 propria
3213 1144 3420 1210 forma

1873 1246 2216 1329 perfectiva
2235 1295 2253 1326 ‚
2292 1249 2459 1313 sicut
2499 1254 2797 1317 movetur
2833 1252 3074 1316 animal
3112 1271 3129 1316 t
3159 1255 3224 1318 et
3254 1253 3422 1319 hane

1876 1354 2161 1420 animam
2192 1357 2524 1423 motricem
2561 1364 2918 1442 posuerunt
2955 1360 3098 1443 regi
3138 1364 3201 1426 et
3226 1361 3422 1443 dirigi

1874 1480 1917 1526 a
1941 1462 2069 1529 Deo
2086 1513 2105 1544 ‚
2143 1465 2460 1531 mediante
2492 1466 2912 1549 intelligentia
2944 1489 2962 1533 ε
2993 1466 3102 1532 sed
3128 1467 3270 1534 haec
3299 1485 3421 1551 po-

1875 1571 2021 1638 sitio
2063 1574 2220 1641 falsa
2258 1580 2355 1641 est
2395 1579 2460 1641 et
2498 1594 2787 1642 erronea.
2835 1576 3012 1642 Sicut
3048 1577 3223 1642 enim
3268 1564 3424 1643 dicit
3450 1600 3646 1658 nuptos.

1875 1679 2300 1749 Damascenus
2325 1686 2369 1766 ⁸,
2410 1704 2443 1747 α
2481 1684 2624 1750 coeli
2659 1689 2811 1750 sunt
2844 1684 3184 1750 inanimati
3212 1687 3277 1751 et
3310 1686 3422 1751 in·—

1874 1790 2206 1855 sensibiles
2256 1813 2270 1856 ε
2315 1815 2347 1853 n
2393 1795 2459 1857 et
2491 1792 2663 1875 quod
2701 1792 3005 1857 dicuntur
3050 1792 3254 1858 Deum
3303 1793 3419 1858 ali-

1873 1897 2132 1979 quando
2147 1897 2540 1979 benedicere,
2571 1899 2696 1964 hoc
2721 1901 2817 1964 est
2845 1900 3088 1965 dictum
3121 1917 3238 1983 per
3265 1917 3419 1983 pro-

1873 2023 2265 2089 sopopoeam,
2294 2010 2358 2071 et
2400 2006 2522 2070 ista
2562 2010 2658 2071 est
2700 2006 3062 2072 communis
3103 2006 3418 2072 sententia

1875 2108 2256 2178 Sanctorum
2297 2135 2312 2178 ε
2351 2118 2413 2178 et
2443 2113 2586 2178 ideo
2624 2112 3031 2196 Augustinus
3060 2113 3083 2147 ⁸
3124 2116 3423 2179 retractat

1873 2219 2030 2286 illud
2060 2221 2355 2301 verbum,
2387 2222 2560 2305 quod
2600 2222 2851 2288 dixerat
2882 2222 2950 2285 in
2984 2221 3147 2287 libro
3176 2221 3255 2288 de
3290 2222 3422 2287 Im-

1875 2328 2263 2396 mortalitate
2286 2330 2546 2408 anime,
2565 2330 2738 2412 quod
2759 2329 3042 2394 mundus
3057 2329 3379 2395 animatur
3400 2349 3418 2396 ε

1871 2440 1936 2499 et
1956 2436 2010 2499 si
2030 2437 2232 2519 aliqui
2261 2437 2460 2502 sancti
2488 2436 2828 2502 videantur
2848 2438 2974 2502 hoc
2994 2436 3224 2515 dicere,
3254 2438 3422 2504 sicut

1872 2540 2305 2628 Hieronymus
2347 2562 2538 2628 super
2578 2544 3106 2613 Ecclesiasticum
3118 2592 3140 2625 ‚
3169 2545 3293 2611 hoc
3321 2550 3417 2610 to-

1870 2654 2013 2714 tum
2038 2650 2526 2733 intelligendum
2551 2657 2645 2718 est
2685 2653 2929 2718 dictum
2975 2653 3416 2738 metaphorice.

1870 2755 2015 2821 Non
2042 2758 2250 2823 solum
2282 2762 2499 2824 autem
2522 2760 2664 2825 haec
2691 2760 2918 2844 positio
2943 2765 3039 2826 est
3061 2765 3279 2826 contra
3310 2778 3418 2827 ca·-

1869 2864 2137 2930 tholieos
2165 2866 2471 2945 doctores,
2503 2868 2614 2933 sed
2644 2868 2838 2933 etiam
2868 2872 3096 2934 contra
3128 2868 3410 2953 philoso-

1868 2972 2029 3054 phos
2043 3022 2062 3054 ,
2110 2973 2214 3039 vel
2241 2975 2538 3058 physicos
2564 2979 2937 3042 tractatores
2959 3026 2977 3057 ,
3009 2976 3125 3060 qui
3157 2982 3416 3061 ponunt

1869 3081 2041 3163 quod
2104 3082 2458 3149 substantia
2507 3083 2954 3152 intellectuaIIs
3008 3103 3141 3151 non
3192 3087 3413 3152 unitur

1836 3171 2122 3273 “corpori
2140 3239 2158 3270 ‚
2192 3192 2317 3256 nisi
2362 3193 2684 3259 mediante
2712 3194 3056 3276 vegetabili
3103 3199 3168 3260 et
3203 3195 3411 3260 sensi·

1866 3296 1981 3363 bili
2009 3321 2024 3364 z
2051 3303 2119 3363 et
2136 3300 2245 3379 ita,
2266 3300 2322 3365 si
2347 3301 2580 3366 coelum
2604 3303 3015 3385 perficeretur
3050 3321 3090 3368 a
3114 3304 3411 3369 substau-

1865 3408 1956 3473 tia
1979 3409 2314 3493 spirituali,
2343 3411 2605 3476 haberet
2636 3412 2871 3477 sentire
2914 3415 2980 3479 et
3003 3414 3315 3495 vegetari,
3345 3416 3411 3480 et

1865 3515 1956 3582 ita
1997 3518 2372 3610 naturaliter
2416 3524 2626 3603 posset
2652 3522 2977 3604 corrumpi
3015 3541 3031 3585 ε
3066 3525 3132 3586 et
3157 3526 3413 3604 propter

1827 3685 1843 3699 ,
1865 3624 1990 3689 hoc
2008 3626 2130 3689 ista
2150 3627 2460 3708 positione
2483 3627 2752 3692 omnino
2773 3629 3030 3710 rejecta,
3051 3627 3414 3710 intelligens

1866 3731 2014 3796 dum
2041 3736 2138 3797 est
2161 3733 2333 3816 quod
2354 3734 2594 3818 duplex
2614 3738 2711 3799 est
2735 3734 2840 3799 hic
2867 3734 3098 3799 modus
3121 3735 3274 3799 satis
3297 3751 3411 3799 ca-

1864 3838 2162 3904 tholicus.
2191 3838 2464 3917 Quidam
2511 3842 2685 3907 enim
2718 3841 2942 3908 dicunt
2966 3841 3138 3925 quod
3175 3842 3409 3907 coelum
3438 3880 3650 3938 opum„

1865 3952 2164 4012 movetur
2187 3967 2227 4013 a
2253 3949 2509 4032 propria
2525 3950 2730 4015 forma
2754 3949 2880 4014 hoc
2905 3949 3096 4015 modo
3122 3968 3140 4014 ε
3177 3950 3410 4015 coelum

1864 4056 2059 4122 habet
2091 4056 2511 4139 quantitatem
2546 4063 2610 4123 et
2643 4058 2957 4140 figuram,
2986 4060 3051 4122 et
3089 4076 3202 4142 per
3246 4058 3413 4122 hanc

1865 4170 1961 4229 est
1984 4166 2066 4230 ad
2093 4170 2342 4230 motum
2372 4165 2586 4230 habile
2607 4187 2626 4245 ;
2652 4165 2849 4231 habet
2869 4164 3290 4230 nihilominus
3314 4164 3413 4229 lu-

1865 4271 1957 4335 cis
1983 4271 2457 4355 perfectionem,
2490 4275 2554 4338 et
2585 4272 2865 4339 formam
2907 4291 3056 4355 quae
3086 4272 3254 4338 inter
3283 4285 3408 4337 cae·

1864 4385 2033 4447 teras
2075 4384 2312 4448 formas
2355 4384 2711 4466 corporales
2759 4387 2856 4449 est
2889 4384 3173 4450 maxime
3199 4383 3413 4450 activa

1863 4493 1929 4554 et
1969 4490 2153 4573 quasi
2192 4491 2367 4556 viam
2414 4493 2693 4557 medIam
2718 4497 2943 4556 tenens
2968 4493 3137 4556 inter
3174 4490 3413 4556 formas

1862 4597 2225 4680 spirituales
2272 4604 2335 4665 et
2382 4597 2738 4684 corporales
2777 4621 2794 4664 t
2843 4602 2905 4664 et
2946 4616 3062 4682 per
3104 4598 3411 4661 virtutem

1861 4701 2061 4788 hujus
2087 4701 2310 4771 Iormae
2339 4711 2679 4773 moventur
2714 4724 2982 4790 corpora
3004 4703 3285 4770 coelestia
3314 4721 3415 4767 or·

1862 4813 2228 4880 biculariter
2270 4814 2477 4880 multo
2522 4813 2942 4879 sufficientius
2958 4861 2976 4893 ,
3029 4829 3229 4895 quam
3284 4811 3415 4876 ele-

1864 4926 2082 4987 menta
2124 4927 2509 4989 moveantur
2551 4923 2733 4987 motu
2770 4923 2965 4998 recte,
3007 4937 3127 4985 nec
3170 4920 3416 5003 oportet

1862 5030 1946 5096 ad
1971 5035 2221 5096 motum
2247 5031 2391 5097 coeli
2423 5029 2714 5097 adhiberi
2738 5026 3173 5093 ministerium
3198 5026 3416 5111 angeli

1931 5194 1950 5230 ²
1973 5193 2147 5258 Arist„
2171 5193 2344 5259 Phys„
2367 5194 2459 5245 lib.
2483 5194 2549 5244 ul
2566 5230 2582 5256 ‚
2610 5193 2747 5243 cont.
2771 5193 2833 5256 85
2864 5190 2950 5243 lib.
2993 5191 3107 5243 vlu
3124 5228 3138 5254 ,
3169 5193 3309 5241 cont.
3331 5193 3412 5242 40.

1925 5265 1949 5302 ²
1964 5266 2039 5317 Ex
2058 5265 2140 5316 his
2165 5266 2365 5317 videtur
2386 5266 2541 5317 fuisse
2580 5263 2871 5317 Averrhoes
2886 5301 2906 5329 ‚
2938 5263 3032 5315 lib.
3059 5262 3121 5314 de
3148 5262 3411 5314 Substant.

1861 5336 2018 5400 orbais,
2042 5352 2089 5390 c.
2112 5338 2280 5391 11.—⁸
2299 5340 2555 5403 Damaso„
2582 5337 2643 5388 de
2663 5336 2790 5389 Fide
2808 5335 3030 5399 orthod„
3059 5335 3150 5387 lib.
3172 5335 3214 5386 II
3231 5372 3247 5399 ,
3270 5350 3315 5386 c.
3335 5344 3409 5399 vr,
3530 5359 3534 5364 ·

1864 5410 2000 5462 circa
2016 5409 2182 5461 fln.—
2197 5409 2221 5446 ὅ
2237 5412 2390 5477 Aug„
2410 5411 2472 5461 de
2495 5407 2772 5462 Immo-tal.
2789 5411 2971 5474 anim„
2994 5423 3040 5460 c.
3059 5420 3128 5461 xv
3140 5424 3160 5472 ς
3189 5407 3407 5460 Retract.

1862 5481 1955 5533 lib.
1980 5483 2037 5547 1,
2069 5495 2117 5534 c.
2135 5493 2168 5532 v
2194 5481 2252 5533 in
2274 5479 2400 5533 Ilne.
