4125 6225
1043 418 1237 485 DIST.
1280 420 1493 486 XLIII.
1537 420 1717 486 ART.
1764 422 1814 486 Ι.
1858 421 2158 500 QUAEST.
2204 423 2254 486 1.

168 551 475 621 conservari.
513 551 827 618 Similiter
861 573 981 618 nec
1023 560 1340 638 quantum
1368 556 1450 621 ad
1485 575 1642 639 pro-

166 663 458 729 ductionem
508 666 690 726 actus
725 684 742 722 :
802 662 974 727 unde
1019 663 1212 727 habet
1262 663 1643 727 infinitatem

167 770 411 855 passivam
444 769 638 832 etiam
673 770 744 834 in
772 771 1164 887 recipiend03
1196 774 1260 835 et
1286 771 1428 835 ideo
1463 772 1643 836 nulla

165 884 228 943 est
254 882 376 941 actu
401 876 678 952 infinita,
716 877 827 941 sed
862 878 1071 941 solum
1114 877 1182 941 in
1227 880 1529 961 potentia.
1566 880 1644 944 Et

164 986 272 1069 quia
290 983 602 1047 infinitum
626 983 695 1047 in
715 985 997 1067 potentia
1022 984 1250 1068 pendet
1274 1005 1358 1050 ex
1391 987 1642 1052 infinito

162 1094 357 1170 inactu,
375 1091 512 1155 ideo
538 1090 755 1154 omnis
788 1091 1068 1155 infinitas
1085 1091 1436 1157 durationis
1463 1113 1645 1159 crea-

163 1206 307 1277 turae,
346 1201 404 1262 et
452 1198 877 1281 operationis,
925 1198 1157 1280 pendet
1205 1217 1286 1263 ex
1331 1200 1643 1268 infinitate

161 1306 361 1371 virtutis
383 1305 704 1368 increatae.
731 1305 812 1369 Et
837 1306 958 1371 hoc
985 1307 1276 1390 estquod
1301 1308 1454 1372 dicit
1483 1308 1644 1373 Phi-

160 1413 397 1496 losophus
432 1412 500 1475 in
542 1412 711 1476 libro
754 1411 834 1478 de
866 1414 1092 1480 causis
1116 1416 1168 1490 ¹,
1207 1415 1382 1498 quod
1422 1434 1645 1482 omnes

161 1523 367 1587 virtutes
401 1521 673 1584 infinitae
709 1521 1053 1603 pendentes
1090 1526 1242 1586 sunt
1276 1542 1390 1606 per
1435 1544 1645 1589 unum

162 1630 420 1692 infinitum
437 1630 753 1711 primum,
778 1630 947 1712 quod
964 1633 1058 1694 est
1072 1630 1277 1695 virtus
1297 1632 1639 1697 virtutum.

162 1736 402 1800 Similiter
424 1755 557 1800 non
582 1742 680 1801 est
710 1737 921 1801 simile
951 1738 1029 1802 de
1054 1737 1473 1820 simplicitate,
1505 1740 1644 1806 sive

162 1845 366 1908 unitate.
387 1843 546 1908 Nam
565 1845 854 1927 potentia
874 1844 1089 1909 divina
1100 1849 1198 1908 est
1213 1847 1476 1911 omnino
1496 1848 1562 1911 in
1577 1868 1644 1913 se

161 1952 391 2033 simplex,
405 1956 466 2016 et
478 1952 747 2016 omnino
763 1952 956 2016 habet
970 1954 1327 2033 essentiam,
1344 1954 1481 2019 sive
1499 1957 1644 2019 sub-

160 2060 397 2122 stantiam
415 2059 777 2141 simplicem
797 2081 812 2122 :
832 2060 1093 2124 om'nino
1110 2060 1302 2124 etiam
1320 2062 1401 2124 ab
1424 2061 1531 2125 illa
1550 2066 1646 2127 est

161 2165 482 2244 indifferens,
499 2171 565 2231 et
577 2167 721 2232 ideo
739 2167 1110 2232 omnimoda
1133 2169 1368 2233 unione
1390 2173 1484 2232 est
1501 2171 1644 2234 uni-

159 2276 362 2354 tissima,
380 2280 438 2341 et
454 2278 602 2341 ideo
616 2277 870 2340 infinita
890 2278 1029 2342 :sed
1049 2277 1288 2341 nullius
1307 2280 1637 2358 creaturae,

161 2388 695 2467 quantumcumque
705 2385 957 2465 nobiliS‚
978 2385 1258 2468 potentia
1267 2390 1361 2450 est
1377 2388 1644 2452 omnino

163 2496 390 2577 simplex,
417 2498 573 2579 quia
608 2496 823 2560 omnis
855 2497 998 2560 talis
1031 2497 1314 2579 potentia
1346 2498 1497 2562 dicit
1523 2499 1643 2563 ali-

162 2621 302 2684 quem
323 2609 674 2686 respectum
705 2604 1167 2687 dependentiae,
1192 2623 1313 2668 nec
1337 2606 1642 2670 fundatur

161 2708 210 2770 in
237 2711 558 2776 substantia
599 2712 867 2776 omnino
904 2712 1197 2794 simplici,
1231 2730 1350 2776 nec
1378 2712 1641 2778 omnino

161 2822 226 2879 est
247 2818 588 2883 indifferens
606 2868 624 2896 ‚
673 2821 827 2903 quia
853 2820 1032 2883 nulla
1065 2822 1357 2883 creatura
1387 2824 1481 2883 est
1525 2838 1643 2884 sua

161 2927 394 3006 potentia,
416 2928 737 3010 loquendo
765 2927 1199 2992 essentialiter.
1221 2926 1301 2991 Et
1319 2928 1461 2992 ideo
1489 2930 1642 3011 quia

161 3031 314 3096 deficit
327 3037 526 3098 omnis
546 3039 843 3099 creatura
861 3054 900 3098 a
915 3034 1161 3099 ratione
1185 3053 1457 3099 summae
1484 3035 1643 3099 sim:-

162 3138 407 3222 puniatis,
426 3147 490 3207 et
515 3143 854 3206 infinitatis
871 3161 984 3225 per
1007 3161 1435 3226 consequens:
1466 3148 1532 3208 et
1552 3146 1642 3209 sic

161 3251 310 3326 patet,
343 3250 504 3332 quod
549 3249 774 3315 divina
805 3250 1083 3332 potentia
1122 3254 1217 3315 est
1252 3250 1532 3330 infinita,
1578 3257 1643 3317 et

162 3353 282 3433 quod
311 3355 433 3419 sola
457 3360 553 3420 est
579 3355 858 3436 infinita,
895 3361 957 3421 et
994 3357 1156 3421 ratio
1185 3358 1516 3424 infinitatis
1548 3363 1641 3424 est

164 3477 354 3525 summa
396 3463 794 3545 simplicitas.
841 3462 919 3528 Et
971 3468 1142 3547 patet
1181 3467 1505 3547 responsio
1559 3466 1639 3531 ad

166 3566 391 3634 ultimam
446 3573 766 3636 rationem
831 3573 1266 3636 ostendentem
1310 3574 1641 3655 praedictas

169 3675 381 3742 rationes
401 3697 532 3743 non
558 3680 802 3744 valere.

218 3788 261 3844 1.
271 3785 352 3848 Ad
364 3786 516 3851 illud
530 3805 692 3868 ergo
705 3787 879 3869 quod
893 3787 1195 3869 objicitur
1207 3790 1378 3871 quod
1390 3791 1641 3856 invenit

169 3889 465 3973 terminum,
486 3900 550 3958 et
569 3896 743 3978 quod
769 3895 1017 3958 invenit
1036 3913 1365 3961 excessum
1386 3917 1403 3976 ;
1430 3898 1640 3963 dicen-

168 3995 274 4060 dum
284 4003 435 4082 quod
449 4003 667 4066 divina
677 4004 959 4086 potentia
971 4007 1065 4067 est
1083 4004 1333 4068 infinita
1349 4011 1639 4088 respectu

169 4117 331 4168 eorum
350 4127 486 4190 quae
506 4128 687 4192 posse
704 4114 800 4174 est
824 4111 1153 4191 potentiae3
1178 4117 1465 4194 respectu
1489 4112 1640 4177 alio-

170 4225 270 4273 rum
284 4233 412 4295 quae
433 4236 613 4299 posse
629 4221 726 4282 est
744 4218 1158 4299 impotentiae,
1186 4239 1305 4284 nec
1323 4224 1417 4288 est
1433 4221 1633 4300 finita,

171 4330 248 4378 na:
267 4318 509 4398 infinita,
532 4324 686 4406 quia
711 4324 879 4387 nihil
905 4343 986 4389 ex
1012 4327 1103 4389 eis
1126 4331 1349 4409 potest.
1371 4326 1637 4404 Quando

170 4423 294 4485 enim
327 4428 543 4493 dicitur
582 4430 756 4513 quod
809 4431 1058 4497 invenit
1102 4434 1485 4514 terminum,
1534 4437 1640 4501 vel

171 4543 470 4613 exeussum3
499 4536 846 4601 dicendum
874 4539 1042 4620 quod
1070 4539 1303 4605 falsum
1329 4546 1450 4622 est,
1485 4543 1638 4625 quia

170 4653 414 4720 excessus,
439 4642 504 4710 'et
533 4648 850 4712 terminus
878 4649 974 4711 rei
1019 4652 1365 4717 attenditur
1406 4672 1638 4718 secun-

172 4742 282 4809 dum
317 4769 382 4814 ea
413 4754 487 4817 ad
527 4772 675 4837 quae
716 4773 820 4819 res
853 4774 920 4820 se
959 4758 1270 4837 extendit,
1314 4765 1377 4824 et
1423 4760 1639 4827 divina

173 4858 385 4930 potentia
402 4879 466 4925 se
483 4862 769 4927 extendit
792 4863 1000 4927 solum
1019 4865 1099 4929 ad
1120 4865 1319 4944 bona;
1343 4871 1406 4931 et
1431 4887 1639 4950 quan-

173 4962 271 5023 tum
290 4965 356 5029 ad
385 4968 524 5045 alia,
559 4989 894 5053 nunquam
923 4975 1016 5035 est
1040 4971 1326 5055 plurium
1354 4975 1633 5054 scientia,

175 5081 318 5145 quam
328 5076 591 5154 potentia
603 5099 621 5155 ;
635 5095 775 5155 nec,
788 5084 1099 5160 quantum
1116 5080 1192 5144 ad
1209 5079 1379 5161 talia,
1393 5081 1640 5147 invenit

177 5171 452 5241 terminum
479 5202 496 5241 :
527 5187 589 5244 et
610 5180 754 5245 ideo
778 5185 949 5264 patet
971 5183 1151 5248 illud.
1181 5182 1393 5249 Potest
1420 5190 1638 5251 tamen

179 5272 309 5341 aliter
328 5281 458 5364 dici,
486 5286 654 5367 quod
683 5286 1013 5369 dupliciter
1051 5293 1147 5352 est
1185 5288 1362 5372 loqui
1406 5290 1484 5355 de
1520 5310 1638 5374 po-

225 5399 407 5456 unctor
428 5407 520 5459 lib.
544 5409 604 5460 de
622 5411 824 5476 causis,
855 5425 1002 5477 prop.
1024 5417 1100 5466 16.

3186 432 3302 491 {49

1751 558 1947 622 tentia
1974 563 2038 622 et
2062 557 2357 622 scientia:
2389 560 2506 622 aut
2536 556 2605 621 in
2637 577 2728 637 se,
2759 563 2872 623 aut
2899 578 3012 643 per
3034 579 3302 643 compa-

1751 665 2064 731 rationem
2096 665 2175 728 ad
2202 665 2545 748 objectum.
2588 663 2653 730 Si
2675 666 2746 729 in
2773 685 2861 746 se,
2892 667 2983 731 sic
3010 686 3141 731 una
3168 674 3302 733 non

1753 773 1998 837 excedit
2013 772 2228 849 aliam,
2243 773 2397 855 quia
2408 772 2720 856 quidquid
2734 775 2870 852 scit,
2891 777 3093 856 potest
3103 774 3261 841 scire
3276 799 3298 855 ;

1753 882 1816 942 et
1831 878 2139 962 quidquid
2163 883 2388 961 potest,
2411 880 2532 943 scit
2551 899 2617 944 se
2639 898 2842 962 posse.
2860 878 2975 946 Vel
2992 900 3107 964 per
3124 901 3298 947 com-

1752 988 2145 1069 parationem
2190 986 2270 1050 ad
2319 987 2639 1070 objectum
2655 1036 2672 1066 ,
2725 992 2789 1051 et
2835 988 2923 1051 sic
2983 992 3078 1052 est
3123 990 3300 1073 loqui

1753 1094 2087 1176 dupliciter
2112 1116 2125 1157 :
2150 1097 2264 1158 aut
2284 1095 2637 1158 secundum
2662 1094 2957 1176 formam,
2992 1096 3128 1162 sive
3148 1116 3300 1181 spe-

1753 1201 1914 1264 ciem
1929 1227 1945 1278 ;
1963 1204 2079 1265 aut
2094 1202 2450 1266 secundum
2462 1220 2834 1268 numerum.
2855 1202 2923 1268 Si
2942 1206 3298 1271 secundum

1752 1298 2125 1386 numerum,
2156 1308 2247 1371 sic
2285 1327 2435 1372 cum
2469 1310 2751 1390 potentia
2786 1311 2983 1393 possit
3020 1313 3293 1391 infinita,

1751 1434 1883 1478 non
1909 1416 2237 1480 exceditur
2258 1435 2298 1479 a
2316 1415 2595 1479 scientia.
2625 1414 2693 1481 Si
2710 1422 2926 1481 autem
2943 1419 3299 1485 secundum

1751 1523 2047 1604 formam,
2070 1524 2160 1586 sic
2188 1523 2344 1605 quia
2362 1524 2642 1605 potentia
2660 1528 2755 1588 est
2781 1530 3070 1607 respectu
3093 1527 3300 1593 bono-

1751 1647 1900 1693 rum
1927 1633 2201 1706 tantum,
2227 1630 2501 1708 ,scientia
2526 1649 2681 1695 vero
2718 1632 3035 1696 bonorum
3064 1636 3128 1697 et
3155 1652 3297 1698 ma-

1750 1735 1984 1814 lorum,
2030 1738 2173 1801 ideo
2218 1737 2581 1802 exceditur:
2615 1742 2831 1803 tamen
2874 1758 2956 1802 ex
2999 1740 3123 1804 hoc
3163 1760 3297 1806 non

1751 1844 2039 1926 sequitur
2074 1845 2233 1927 quin
2259 1845 2338 1909 sit
2363 1847 2647 1909 infinita:
2677 1850 2741 1909 et
2769 1850 2864 1910 est
2896 1848 3291 1930 exemplum.

1752 1949 1821 2014 Si
1839 1952 1984 2033 quis
2007 1953 2401 2034 imaginetur
2423 1954 2583 2017 duas
2604 1953 2804 2017 lineas
2818 1953 3122 2031 infinitaS,
3149 1955 3297 2038 plu-

1750 2076 1852 2123 res
1877 2064 2029 2123 sunt
2054 2059 2201 2124 duae
2228 2079 2424 2143 quam
2450 2078 2603 2140 una,
2631 2060 2783 2143 quia
2806 2079 2940 2124 non
2968 2060 3298 2127 habebunt

1750 2184 1950 2229 unam
1974 2166 2355 2231 infinitatem
2393 2167 2747 2231 secundum
2784 2186 3153 2249 numerum,
3185 2169 3295 2234 sed

1749 2272 1959 2336 solum
1990 2274 2342 2338 secundum
2383 2274 2887 2355 longitudinem:
2932 2281 2997 2340 et
3031 2276 3124 2340 sic
3160 2295 3294 2341 non

1748 2383 1898 2443 sunt
1923 2382 2218 2463 majores,
2240 2382 2345 2446 vel
2368 2382 2711 2463 longioreS,
2734 2383 2880 2447 duae
2905 2402 3104 2466 quam
3131 2402 3286 2447 una.

1749 2485 2049 2553 Similiter
2091 2490 2161 2553 in
2204 2490 2524 2572 proposito
2561 2490 2962 2571 intelligitur.
3002 2490 3291 2557 Potentia

1748 2596 1922 2661 enim
1966 2596 2195 2661 dicitur
2241 2597 2494 2660 infinita
2542 2601 2833 2680 respectu
2886 2600 3286 2682 objectorum

1746 2705 2099 2769 secundum
2151 2722 2501 2769 numerum
2518 2753 2536 2784 ,
2588 2705 2697 2769 sed
2747 2723 2878 2769 non
2932 2706 3287 2771 secundum

1746 2816 2148 2898 qualitatem:
2172 2816 2324 2899 quia
2344 2835 2476 2881 non
2498 2820 2701 2899 potest
2724 2818 2794 2880 in
2820 2818 3011 2895 mala,
3037 2819 3141 2884 vel
3164 2820 3289 2901 pri-

1746 2924 2028 3003 vatoria;
2061 2928 2125 2989 et
2146 2942 2260 3006 per
2286 2924 2408 2987 hoc
2435 2927 2605 3006 patet
2643 2925 2927 3007 primum
2954 2929 3022 2990 et
3051 2943 3284 2990 secun-

1747 3030 1925 3095 dum.
1961 3030 2268 3108 Quamvis
2295 3032 2469 3094 enim
2495 3031 2780 3096 inveniat
2805 3033 3154 3097 terminum
3183 3051 3284 3097 re-

1745 3147 1966 3224 spectu
1983 3143 2158 3221 mali,
2186 3161 2316 3206 non
2342 3145 2555 3207 tamen
2572 3148 2861 3227 respectu
2878 3145 3061 3222 boni;
3094 3148 3157 3209 et
3180 3144 3287 3209 ille

1743 3251 2080 3330 terminuS,
2104 3251 2206 3316 vel
2232 3270 2549 3331 excessus,
2575 3251 2784 3334 potius
2805 3251 2952 3315 facit
2976 3251 3057 3315 ad
3078 3251 3290 3314 infini-

1742 3362 1970 3437 tatem,
2002 3359 2156 3443 quia
2185 3377 2316 3423 non
2342 3364 2435 3423 est
2451 3375 2633 3442 posse
2650 3408 2668 3439 ,
2694 3359 2804 3423 sed
2828 3374 2959 3424 non
2983 3374 3205 3441 posse:
3225 3362 3288 3422 et

1742 3465 1906 3544 ide0,
1946 3466 2247 3549 quamvis
2265 3465 2386 3529 hoc
2410 3466 2700 3530 videatur
2743 3466 2893 3530 dare
2936 3466 3288 3529 terminum

1743 3573 2098 3637 secundum
2132 3572 2443 3637 rationem
2478 3573 2895 3654 intelligendi,
2933 3574 3287 3638 secundum

1743 3679 2076 3743 veritatem
2097 3698 2229 3743 non
2242 3679 2366 3759 dat,
2384 3679 2536 3761 quia
2549 3681 2720 3763 quod
2738 3699 2871 3743 non
2884 3680 3080 3763 possit
3093 3680 3284 3759 mala,

1742 3788 1864 3851 hoc
1879 3790 2087 3852 totum
2105 3790 2200 3850 est
2218 3791 2474 3869 propter
2490 3787 2985 3852 immensitatem
3005 3787 3283 3852 virtutiS.

1824 3900 1884 3959 2.
1925 3895 2023 3959 Ad
2049 3895 2205 3959 illud
2233 3895 2403 3977 quod
2421 3895 2740 3977 objicitur,
2768 3896 2937 3978 quod
2963 3896 3289 3960 infinitum

1742 4008 1837 4068 est
1875 4002 2081 4085 passio
2126 4003 2425 4085 potentiae
2472 4002 2813 4066 materialis
2838 4050 2854 4080 ,
2902 3997 3282 4080 dicendum,

1742 4111 1915 4194 quod
1948 4111 2071 4175 hoc
2105 4126 2334 4173 verum
2369 4112 2465 4172 est
2490 4108 2569 4172 de
2607 4107 2855 4171 infinito
2898 4126 3013 4190 per
3059 4110 3286 4191 priva-

1741 4219 1982 4282 tionem
2009 4215 2464 4299 completioniS,
2493 4215 2628 4279 sive
2650 4215 2946 4299 completi
2972 4235 3148 4281 esse:
3177 4216 3287 4281 sed

1741 4342 1873 4388 non
1902 4328 1997 4387 est
2031 4342 2259 4388 verum
2297 4322 2376 4385 de
2408 4323 2658 4387 infinito
2707 4341 2820 4405 per
2862 4322 3287 4404 privationem

1741 4431 2158 4495 limitationis.
2183 4429 2474 4502 Primum
2494 4430 2670 4494 enim
2696 4434 2791 4494 est
2820 4430 3150 4494 infinitum
3177 4449 3289 4513 po-

1741 4538 1940 4603 tentia
1967 4536 2246 4620 passiva,
2286 4536 2423 4603 sive
2457 4536 2804 4619 receptiva,
2846 4541 2909 4601 et
2943 4537 3031 4601 ita
3074 4537 3286 4620 primo

1741 4650 1908 4716 inest
1935 4649 2239 4713 materiae.
2263 4647 2629 4713 Secundum
2645 4651 2742 4711 est
2763 4649 3088 4712 infinitum
3112 4653 3281 4731 actu,

1742 4759 1806 4819 et
1830 4755 1970 4819 ideo
2006 4755 2077 4818 in
2117 4754 2226 4818 illo
2259 4754 2392 4818 solo
2419 4772 2570 4819 vere
2614 4759 2729 4834 est,
2761 4759 2825 4818 et
2864 4755 3141 4837 proprie,
3172 4754 3286 4837 qui

1741 4866 1994 4927 tantum
2019 4866 2116 4927 est
2147 4868 2347 4942 actuS,
2381 4866 2445 4927 et
2473 4866 2650 4926 actus
2684 4879 2911 4946 puruS,
2946 4866 3010 4927 et
3042 4863 3284 4945 perfec-

1741 4971 2047 5035 tissimus·

1823 5081 1883 5141 3.
1927 5077 2024 5141 Ad
2051 5077 2208 5142 illud
2238 5076 2408 5161 quod
2434 5076 2756 5160 objicitur,
2786 5076 2960 5159 quod
2989 5078 3283 5140 creatura

1742 5185 1945 5267 potest
1977 5201 2171 5266 super
2209 5203 2285 5247 ea
2321 5201 2469 5267 quae
2496 5200 2749 5247 summe
2774 5182 3030 5261 distant,
3061 5181 3283 5245 dicen-

1743 5291 1899 5355 dum
1941 5292 2113 5373 quod
2155 5308 2297 5370 ens,
2338 5297 2401 5355 et
2435 5307 2565 5357 non
2609 5307 2753 5369 enS,
2803 5309 2935 5354 non
2984 5290 3286 5354 dicuntur

1743 5416 2001 5463 summe
2020 5398 2316 5465 distantia
2332 5399 2488 5482 quia
2503 5402 2915 5482 opponuntur
2936 5397 3287 5464 contradic-
