4125 6225
559 389 679 450 286

561 526 619 587 et
663 523 891 585 terram
918 564 940 596 ,
998 515 1235 580 scilicet
1272 514 1597 597 temporis.
1640 513 1851 578 Tertio
1912 514 2102 579 modo

558 627 867 709 accipitur
894 623 1179 707 proprie,
1210 624 1275 685 et
1302 623 1392 686 sic
1416 621 1564 686 dicit
1590 639 1959 685 mensuram
1986 640 2100 685 va-

558 733 846 799 riationis
874 731 1248 795 successivas
1266 776 1284 805 ,
1311 728 1444 793 sive
1471 729 1552 792 sit
1575 728 1929 792 successiva
1957 745 2101 791 suc-

560 841 837 907 cessione
871 837 1156 918 regulari
1190 840 1253 899 et
1288 835 1622 914 continua,
1657 834 1795 898 sive
1830 852 1963 897 non
1994 856 2009 896 t
2041 836 2105 897 et

564 949 655 1011 sic
687 946 838 1011 dicit
868 944 1274 1025 Augustinus
1310 941 1399 1008 ad
1427 943 1721 1008 Oro-sium
1738 948 1758 984 ²
1789 965 1814 1006 .·
1834 965 1865 1002 α
1896 940 2103 1004 Affec-

563 1056 766 1120 tiones
806 1052 1002 1118 variae
1037 1052 1418 1133 angelorum
1453 1054 1906 1115 mensurantur
1939 1052 2103 1113 tem-

560 1182 714 1247 pore
738 1211 755 1238 ,
812 1165 874 1225 et
924 1159 1133 1224 omnis
1183 1159 1449 1225 variatio
1500 1175 1742 1222 rerum.
1794 1178 1826 1216 n
1865 1155 2105 1232 Quarto

564 1270 755 1335 modo
778 1268 1087 1351 accipitur
1106 1267 1314 1348 magis
1335 1265 1588 1349 proprie
1602 1271 1625 1305 ¹
1638 1314 1655 1344 ,
1681 1270 1741 1330 et
1763 1266 1853 1329 sic
1873 1264 2106 1328 dicitur

563 1395 868 1442 mensura
889 1381 1125 1452 motuS,
1151 1374 1286 1438 sive
1307 1373 1678 1438 variationis
1704 1372 2101 1451 successivae,

561 1489 627 1551 et
665 1485 1020 1560 continuae,
1054 1486 1117 1547 et
1158 1481 1469 1563 regulatae
1508 1480 1860 1544 secundum
1900 1497 2105 1560 regu-

560 1594 689 1657 lam
719 1597 932 1657 motus
960 1595 1202 1655 octavae
1235 1590 1506 1672 sphaerae
1529 1591 1631 1651 :et
1662 1588 1751 1651 sic
1777 1587 2110 1652 consuevit

563 1701 759 1784 accipi
782 1721 822 1765 a
851 1699 1232 1781 Philosopho
1250 1698 1305 1775 ⁸3
1342 1697 1451 1761 sed
1494 1697 1616 1760 ista
1654 1700 1749 1759 est
1795 1699 2108 1760 coarctata

562 1808 866 1890 temporis
910 1805 1210 1888 acceptiO.
1260 1803 1420 1868 Cum
1467 1821 1625 1884 ergo
1671 1803 1986 1884 quaeritur
2027 1801 2108 1865 de

565 1916 785 1981 ordine
798 1964 815 1995 ,
852 1914 1190 1979 dicendum
1227 1912 1397 1995 quod
1416 1959 1434 1990 ,
1469 1911 1521 1975 si
1551 1914 1806 1993 tempus
1838 1910 2108 1993 accipia-

564 2028 672 2089 tur
708 2023 915 2106 primo
950 2021 1171 2100 mod0,
1202 2020 1293 2083 sic
1330 2018 1595 2082 includit
1628 2035 1881 2097 aevum,
1912 2020 1977 2081 et
2014 2017 2109 2080 sic

564 2131 869 2213 temporis
888 2130 969 2194 ad
996 2147 1213 2193 aevum
1237 2127 1454 2191 nullus
1481 2129 1575 2189 est
1600 2126 1786 2204 ordo;
1815 2124 1868 2188 si
1890 2128 2109 2188 autem

566 2238 843 2303 secundo
883 2236 1097 2312 mod0,
1126 2235 1217 2310 sic
1257 2238 1512 2315 tempus
1552 2233 1852 2315 praecedit
1890 2249 2108 2297 aevum

566 2344 918 2410 secundum
945 2343 1258 2407 rationem
1286 2339 1682 2421 intelligendi
1696 2388 1714 2418 ,
1749 2339 1913 2403 sicut
1940 2357 2109 2402 crea-

565 2453 655 2516 tio
703 2470 839 2516 esse
889 2454 1173 2515 creatum
1197 2469 1214 2528 ;
1268 2448 1323 2511 si
1370 2451 1584 2512 autem
1638 2447 1823 2510 tertio
1878 2445 2068 2509 modo
2088 2493 2105 2523 ,

567 2577 781 2624 aevum
807 2563 870 2623 et
907 2562 1159 2639 tempus
1188 2556 1381 2619 simul
1418 2558 1569 2619 sunt
1597 2554 1928 2620 duratione
1949 2601 1965 2633 ‚
2001 2553 2111 2617 sed

567 2683 786 2730 aevum
821 2665 1002 2749 prius
1035 2669 1128 2729 est
1162 2663 1501 2745 dignitate;
1536 2662 1587 2725 si
1626 2666 1841 2740 autem
1879 2663 2112 2742 quarto

568 2774 781 2849 modo,
811 2774 900 2838 sic
926 2791 1145 2838 aevum
1174 2771 1474 2855 praecedit
1502 2775 1786 2853 tempus,
1815 2772 1880 2834 et
1908 2768 2110 2832 dura-

566 2883 761 2962 tione,
781 2887 845 2947 et
864 2882 1195 2964 dignitate.
1217 2880 1317 2946 Ex
1335 2880 1435 2943 his
1456 2884 1629 2962 patet
1650 2878 1918 2962 quaestio
1939 2879 2113 2962 prin-

570 2988 818 3071 cipalis,
853 2993 918 3053 et
958 2989 1342 3071 objectiones
1383 2986 1673 3052 adductae
1718 3004 1833 3069 pro
1872 3003 2114 3067 magna

570 3098 769 3179 parte.

655 3201 835 3279 Quod
873 3202 1045 3267 enim
1073 3203 1396 3286 oincitur,
1424 3202 1596 3285 quod
1621 3218 1842 3267 aevum
1870 3217 2112 3282 praece-

577 3310 669 3374 dit
706 3314 959 3392 tempus
973 3358 990 3387 ,
1033 3310 1412 3392 intelligitur
1447 3308 1555 3374 vel
1586 3308 1771 3373 tertio
1808 3308 2020 3387 modo,
2050 3311 2116 3371 et

577 3417 669 3479 ita
707 3414 1005 3498 praecedit
1030 3415 1377 3497 dignitate3
1408 3414 1511 3480 vel
1545 3418 1773 3498 quarto
1805 3415 2019 3496 modo,
2051 3417 2117 3478 et

575 3522 665 3586 ita
690 3521 1045 3585 duratione.

658 3627 839 3705 Quod
866 3633 1081 3693 tamen
1110 3629 1412 3711 objicitur
1434 3629 1606 3712 quod
1632 3628 1945 3712 praecedat
1969 3646 2117 3692 cau-

576 3736 851 3816 salitate,
883 3736 1222 3801 dicendum
1256 3737 1428 3819 quod
1463 3736 1623 3801 illud
1657 3755 1789 3801 non
1822 3740 2111 3819 oportet:

576 3847 808 3908 neutra
823 3842 996 3908 enim
1019 3844 1250 3908 harum
1272 3842 1725 3909 mensurarum
1745 3848 1838 3908 est
1858 3844 1938 3908 ab
1957 3844 2112 3924 alia,

576 3952 685 4016 sed
707 3970 746 4015 a
768 3952 895 4015 Deo
917 3952 1303 4034 producente
1329 3956 1679 4035 utrumque
1708 3950 2112 4029 indivisibile,

576 4059 812 4124 scilicet
854 4076 1028 4122 nunc
1071 4058 1229 4135 aevi,
1274 4061 1338 4123 et
1377 4066 1555 4123 nu‘nc
1583 4059 1907 4142 temporis.
1940 4057 2117 4123 Unde

577 4166 748 4250 quod
775 4165 1007 4229 dicitur
1037 4165 1209 4247 quod
1239 4170 1495 4249 tempus
1520 4166 1653 4230 exit
1683 4166 1764 4229 ab
1792 4183 1964 4242 aevo,
1994 4165 2119 4229 hoc

579 4277 809 4341 dicitur
825 4275 978 4358 quia
1000 4275 1208 4339 deficit
1230 4274 1310 4338 ab
1332 4274 1464 4351 illo,
1489 4277 1554 4338 et
1574 4274 1795 4338 defluit
1817 4274 2121 4339 continua

578 4382 1039 4465 deperditione;
1065 4379 1265 4445 sedin
1286 4398 1429 4445 aevo
1451 4382 1546 4445 est
1564 4380 1722 4445 fixio
1744 4381 1881 4445 sine
1903 4382 2120 4465 deper·
2179 4382 2188 4393 “

577 4489 813 4554 ditione
827 4538 846 4569 ‚
874 4492 938 4553 et
962 4488 1116 4553 novi
1141 4488 1578 4571 acquisitione.

659 4600 841 4678 Quod
863 4599 1161 4683 objicitur
1178 4600 1256 4663 de
1277 4599 1643 4664 reductione
1664 4599 1745 4662 ad
1764 4598 2114 4678 immobile,

579 4707 921 4772 dicendum
959 4707 1127 4790 quod
1155 4724 1385 4771 verum
1419 4710 1513 4770 est
1537 4725 1578 4771 a
1602 4710 1779 4790 parte
1807 4707 2070 4770 motoris
2098 4727 2113 4768 :

580 4820 644 4881 et
670 4816 828 4882 illud
855 4834 986 4881 non
1012 4819 1258 4899 oportet
1284 4832 1418 4880 esse
1444 4820 1728 4880 creatum
1760 4837 1775 4878 ε
1803 4820 1866 4879 61;
1896 4815 2123 4889 simili-q

579 4927 676 4988 ter
704 4941 1071 4989 mensuram
1102 4942 1234 4989 non
1268 4926 1512 5006 oportet
1542 4941 1678 4987 esse
1711 4926 1985 4987 creatam
2013 4927 2120 4987 :et

580 5030 722 5096 ideo
763 5050 895 5096 non
937 5036 1184 5116 oportet
1224 5036 1478 5113 tempus
1516 5030 1735 5095 reduci
1774 5030 1853 5096 ad
1899 5048 2119 5097 aevum

582 5138 745 5203 sicut
768 5138 847 5204 ad
882 5140 1080 5223 priuS.

646 5297 666 5331 ²
684 5299 836 5361 Aug„
862 5298 932 5350 ad
954 5300 1116 5363 Oros„
1142 5313 1194 5364 q.
1213 5312 1321 5352 xm.
1346 5325 1407 5338 —
1430 5302 1454 5336 ²
1472 5298 1646 5363 Arist„
1676 5298 1871 5364 physic.
1911 5299 2001 5351 lib.
2027 5302 2116 5366 IV,

584 5373 725 5420 cont.
748 5372 1141 5437 ¹33.—⁸lbid.‚
1170 5378 1306 5428 cont.
1332 5377 1423 5425 11⁰
1449 5376 1503 5424 et
1522 5387 1633 5439 seq.
1655 5399 1720 5414 -
1739 5374 1761 5409 '0
1804 5375 1994 5426 Auctor
2022 5375 2113 5425 lib.

1678 377 2303 445 SENTENTIARUM
2341 378 2491 445 LIB.
2537 380 2614 445 II.

2292 514 2389 578 Ad
2420 514 2577 580 illud
2603 517 2776 598 quod
2802 518 3101 600 objicitur
3130 521 3206 585 de
3237 519 3438 603 priori
3466 524 3530 584 et
3554 523 3755 603 poste-

2213 621 2366 686 riori
2396 622 2857 703 magnitudinis
2882 631 2946 690 et
2974 631 3186 691 motus
3212 629 3276 691 et
3303 628 3629 710 temporiS‚
3660 627 3754 691 di-

2214 729 2488 793 cendum
2517 731 2686 813 quod
2721 750 2854 795 non
2882 738 3200 814 causatur,
3230 754 3270 798 a
3296 734 3492 817 priori
3521 739 3585 797 et
3619 751 3755 816 pos-

2212 836 2429 900 teriori
2456 837 2526 900 in
2555 838 3023 919 magnitudine,
3057 841 3233 922 prius
3260 843 3323 903 et
3352 841 3666 923 posterius
3691 841 3757 903 in

2214 947 2393 1008 motu
2412 944 2515 1010 vel
2535 948 2842 1028 tempore,
2866 948 2991 1011 nisi
3013 948 3368 1013 secundum
3389 948 3562 1030 quod
3584 967 3756 1030 mag-

2214 1050 2436 1115 nitudo
2467 1051 2574 1116 illa
2611 1057 2705 1117 est
2734 1054 2981 1118 mobilis
3013 1078 3027 1119 :
3058 1061 3122 1119 et
3152 1055 3240 1119 sic
3279 1056 3472 1120 habet
3509 1074 3760 1121 mensu-

2214 1158 2342 1220 rari
2369 1176 2483 1241 per
2509 1177 2683 1223 nunc
2707 1163 3034 1243 temporis,
3059 1181 3193 1226 non
3217 1164 3342 1227 aevi
3370 1186 3386 1228 t
3417 1182 3568 1226 nam
3596 1163 3759 1228 sicut

2217 1268 2471 1347 tempus
2491 1272 2821 1333 mensurat
2841 1272 3118 1349 motum,
3146 1271 3234 1335 sic
3260 1290 3432 1335 nunc
3453 1271 3758 1354 temporis

2216 1377 2543 1437 mensurat
2590 1374 2802 1458 ipsum
2851 1367 3084 1442 mobile
3133 1378 3204 1441 in
3248 1382 3566 1462 quantum
3616 1397 3757 1442 mo-

2216 1479 2365 1543 bile.

2297 1586 2477 1663 Quod
2499 1587 2726 1654 ultimo
2747 1590 3071 1673 objicitur,
3094 1594 3265 1675 patet
3286 1592 3459 1676 quod
3481 1593 3758 1675 procedit

2216 1692 2286 1756 in
2314 1698 2539 1776 quarta
2567 1699 2926 1780 acceptione
2951 1702 3081 1763 tem
3088 1699 3283 1780 poriS.

2297 1799 2592 1866 Rationes
2617 1821 2770 1868 vero
2798 1805 2879 1868 ad
2914 1806 3277 1888 oppositum
3308 1807 3660 1889 procedunt
3683 1807 3757 1871 de
3824 1818 3966 1865 sonno

2216 1910 2502 1989 tempore
2526 1910 2880 1975 secundum
2905 1912 3183 1993 primam
3206 1913 3637 1995 acceptionem
3658 1913 3757 1978 vel
3796 1883 3965 2001 ᾖξ’·

2218 2016 2559 2080 secundam
2583 2066 2600 2096 ,
2652 2018 2818 2083 sicut
2861 2024 3031 2102 patet
3080 2020 3451 2103 aspicienti,
3503 2024 3758 2102 excepta
3780 2007 3943 2051 ‘mm

2216 2121 2442 2185 ultima
2478 2141 2623 2204 quae
2655 2125 2962 2208 accipitur
3003 2127 3073 2190 in
3115 2128 3594 2210 comparatione
3630 2130 3758 2191 im-

2217 2231 2473 2312 perfecti
2499 2232 2578 2295 ad
2607 2234 2981 2314 perfectum.
3016 2234 3114 2298 Ad
3143 2253 3340 2316 quam
3365 2236 3758 2318 responden-

2219 2336 2377 2400 dum
2394 2336 2603 2413 :Quod
2620 2339 3064 2422 imperfectum
3083 2342 3383 2424 praecedit
3391 2342 3758 2425 perfectum,

2218 2461 2450 2507 verum
2488 2448 2584 2508 est
2629 2445 2741 2509 ubi
2783 2451 2935 2511 sunt
2976 2449 3146 2512 circa
3186 2449 3356 2512 idem
3380 2469 3397 2525 ;
3448 2448 3560 2512 sed
3602 2448 3762 2510 circa

2218 2550 2468 2616 diversa
2493 2556 2588 2615 est
2610 2571 2647 2616 e
2674 2572 2981 2619 converso
3012 2577 3028 2620 ε
3059 2559 3123 2620 et
3152 2555 3294 2619 ideo
3321 2555 3535 2637 potius
3562 2558 3763 2637 potest

2218 2659 2410 2738 argui
2438 2659 2519 2723 ad
2548 2661 2908 2742 oppositum
2927 2710 2945 2742 ,
2975 2681 3176 2745 quam
3202 2662 3284 2727 ad
3325 2662 3725 2745 propositum
3741 2710 3758 2740 ,

2219 2784 2334 2849 per
2357 2767 2516 2832 illud
2542 2769 2856 2834 medium.

2745 3003 3108 3084 QUAESTIO
3152 3005 3231 3071 lI.

2221 3158 2316 3217 An
2338 3161 2484 3216 inter
2513 3162 2715 3233 tmpus
2744 3163 2796 3216 et
2823 3170 2996 3217 cecum
3036 3162 3111 3216 sit
3140 3160 3260 3216 alia
3289 3173 3539 3216 mensura
3564 3157 3757 3216 media.

2303 3308 2533 3375 Utrum
2579 3310 2748 3375 inter
2771 3313 3027 3393 tempus
3060 3313 3125 3374 et
3166 3327 3382 3375 aevum
3426 3309 3511 3374 sit
3554 3310 3762 3393 aliqua
3787 3320 3963 3367 rumim

2223 3436 2522 3483 mensura
2548 3417 2797 3497 media;
2819 3422 2883 3482 et
2902 3418 3075 3501 quod
3094 3436 3251 3497 non,
3275 3418 3531 3482 videtur
3557 3418 3764 3500 primo

2221 3543 2337 3607 per
2373 3522 2835 3608 Philosophum
2872 3530 2918 3605 ⁸,
2966 3525 3079 3607 qui
3116 3526 3343 3590 dividit
3384 3526 3764 3589 substantias

2222 3636 2642 3709 mensuratim,
2670 3633 2735 3695 in
2754 3632 2916 3696 libro
2935 3632 3012 3698 de
3042 3631 3292 3710 causis,
3315 3632 3405 3696 sic
3427 3651 3443 3695 ε
3470 3633 3645 3714 quod
3672 3632 3764 3694 in-

2222 3744 2321 3804 ter
2347 3740 2763 3804 substantiam
2794 3741 2893 3822 cuj
2900 3758 2978 3804 us
3013 3739 3364 3803 substantia
3390 3744 3454 3804 et
3478 3740 3641 3803 actio
3669 3741 3763 3803 est

2223 3846 2291 3910 in
2318 3850 2645 3911 momento
2674 3846 3040 3910 aeternitatis
3054 3894 3070 3921 ‚
3101 3848 3166 3910 et
3192 3846 3609 3910 substantiam
3646 3864 3764 3909 cu·-

2217 3956 2329 4036 Jus
2353 3956 2704 4020 substantia
2730 3960 2794 4019 et
2830 3953 2993 4018 actio
3021 3954 3209 4018 estin
3249 3958 3574 4018 momento
3601 3957 3765 4016 tem-

2225 4063 2421 4146 poriS,
2457 4067 2552 4127 est
2576 4063 2927 4127 substantia
2952 4060 3185 4140 media,
3208 4053 3393 4143 cuj‘us
3417 4059 3765 4123 substantia

2225 4174 2321 4234 est
2352 4171 2423 4233 in
2454 4173 2780 4234 momento
2808 4168 3177 4233 aeternitatis
3194 4215 3211 4247 ,
3241 4173 3304 4231 et
3341 4168 3503 4232 actio
3529 4168 3599 4230 in
3626 4184 3765 4230 mo—

2227 4281 2440 4343 mento
2471 4276 2795 4360 temporiS.
2849 4275 2915 4341 Si
2955 4294 3114 4357 ergo
3162 4275 3371 4339 omnis
3416 4274 3764 4338 substantia

2226 4387 2436 4448 creata
2478 4384 2558 4449 ad
2592 4383 2871 4466 aliquam
2899 4382 3168 4447 istarum
3206 4383 3398 4446 habet
3431 4381 3670 4460 reduci,
3702 4385 3765 4444 et

2226 4490 2306 4555 ad
2360 4490 2478 4554 bas
2521 4490 2979 4555 mensurandas
3028 4492 3358 4555 sufficiunt
3398 4494 3653 4572 tempus
3702 4492 3762 4552 et

2234 4616 2474 4678 aevum,
2502 4616 2692 4680 ergo,
2720 4601 2840 4663 etc.

2308 4704 2468 4769 Item
2493 4705 2616 4768 hoc
2660 4705 2872 4786 ipsum
2913 4702 3167 4767 videtur
3208 4720 3322 4785 per
3361 4702 3755 4786 Dionysium,

2228 4812 2305 4879 de
2318 4814 2578 4879 Divinis
2595 4810 2973 4879 Nominibus
3000 4811 3022 4846 ⁸
3052 4830 3069 4874 ε
3102 4809 3287 4876 «AEvi
3306 4812 3652 4895 proprietas
3669 4814 3760 4876 est

2229 4940 2361 4985 esse
2401 4923 2537 4985 sine
2580 4921 2952 4985 alteratione
2970 4967 2987 4998 ,
3047 4922 3113 4983 et
3160 4920 3512 4984 secundum
3557 4925 3756 4986 totum

2228 5028 2473 5107 metiri;
2506 5029 2808 5110 temporis
2846 5043 3000 5092 vero
3022 5075 3042 5107 ,
3082 5027 3253 5108 quod
3289 5028 3357 5090 in
3394 5028 3758 5094 alteratione

2227 5141 2321 5203 est
2341 5184 2360 5213 ,
2388 5134 2572 5200 aliter
2616 5140 2679 5200 et
2721 5135 2903 5199 aliter
2933 5152 3002 5199 se
3026 5134 3310 5214 habens;
3360 5137 3569 5202 media
3607 5154 3755 5204 vero

2226 5300 2287 5351 de
2312 5300 2510 5361 Gumis,
2533 5311 2685 5363 prop.
2704 5300 2784 5349 3¹.
2809 5324 2864 5335 —
2887 5298 2910 5333 ⁸
2928 5296 3085 5348 Dion.
3111 5297 3321 5362 Areop„
3337 5298 3400 5349 de
3420 5298 3526 5351 div.
3554 5299 3752 5351 Nomia.

2231 5387 2280 5423 c.
2301 5382 2355 5422 x.
