4125 6225
1132 804 1346 890 INDEX
1388 802 1856 890 mmmmm
1905 803 2067 903 01]AE
2107 805 2181 889 IN
2222 805 2418 891 Tollo
2467 807 2787 892 SECUNDO

1821 1015 2127 1083 OPERUM

463 1214 1002 1333 SANCTI
1121 1215 2282 1333 BONAVENTURAE
2395 1218 3480 1337 CONTINENTUR

386 1768 441 1817 ln
467 1764 653 1815 librum
679 1759 1057 1815 Sententiarum
1080 1759 1321 1825 primum,
1347 1759 1495 1812 Dtsr.
1514 1773 1674 1814 xxxv.

385 1835 644 1900 Expositio
671 1838 858 1886 tenue.

387 1912 512 1961 Αιιτ.
541 1920 581 1960 1.
623 1906 809 1967 Quoeat.
843 1908 888 1955 1.
917 1904 997 1953 An
1023 1916 1217 1967 ponere
1246 1903 1312 1953 ait
1343 1903 1484 1955 ideas
1511 1905 1566 1956 in
1596 1907 1724 1958 Deo.

386 1983 577 2042 Quoest.
606 1982 658 2028 2.
687 1979 766 2028 An
788 1988 973 2039 unam,
997 1975 1082 2025 vel
1107 1974 1279 2040 plures
1304 1975 1447 2026 ideas
1472 1990 1666 2041 ponere
1696 1978 1763 2030 sit

446 2053 500 2103 in
525 2053 653 2102 Deo.

385 2125 573 2187 Quaest.
602 2124 646 2173 3.
680 2123 760 2172 An
788 2119 917 2170 ideae
943 2117 1116 2184 plures
1151 2117 1254 2170 sint
1280 2120 1566 2171 secundum
1600 2122 1760 2174 ratio-

442 2210 583 2248 nem.

382 2269 571 2329 Quaest.
593 2268 641 2317 4.
662 2265 740 2315 An
761 2262 892 2314 ideae
912 2260 1263 2326 plurificentur
1277 2262 1334 2313 in
1349 2264 1460 2314 Deo
1476 2266 1757 2316 secundum

441 2338 864 2405 plurificationem
891 2335 1177 2384 ideatorum
1203 2335 1257 2384 in
1285 2336 1454 2400 specie
1468 2374 1487 2400 ,
1520 2341 1721 2388 tantum
1739 2377 1757 2404 ,

441 2412 526 2462 vel
553 2410 705 2461 etiam
727 2408 781 2458 in
805 2406 1096 2457 individuis.

382 2486 570 2545 Qnaest.
605 2484 654 2531 5.
685 2482 758 2531 Αιι
783 2479 915 2530 ideae
942 2479 997 2528 in
1023 2480 1130 2529 Deo
1166 2477 1269 2528 sint
1303 2478 1461 2532 flnitae
1476 2519 1496 2546 ‚
1530 2481 1615 2532 vel
1644 2482 1759 2534 infi-

442 2555 562 2605 nitoe
584 2565 821 2602 numero.

381 2629 568 2688 Quaest.
598 2625 645 2674 6.
678 2627 755 2673 An
779 2621 908 2673 ideae
937 2621 1173 2674 ordinem
1190 2622 1429 2676 habeant.

378 2701 527 2750 Disr.
557 2707 736 2747 xxxw.

380 2767 640 2832 Expositio
667 2768 852 2817 textus.

378 2843 571 2902 Quoeat.
600 2843 644 2890 1.
680 2840 760 2889 An
790 2852 874 2889 res
900 2836 1088 2888 fuerint
1108 2836 1162 2888 in
1184 2838 1292 2888 Deo
1313 2838 1379 2888 ab
1407 2842 1622 2891 aeterno.

373 2914 562 2973 Quoest.
593 2913 640 2961 2.
669 2911 750 2960 An
784 2920 870 2959 res
898 2908 1096 2960 ratione
1120 2909 1383 2974 essenUae,
1408 2910 1493 2961 vel
1517 2924 1753 2976 persouae

437 2982 538 3033 sint
562 2981 616 3032 in
644 2984 771 3032 Deo.

374 3054 499 3105 Αιιτ.
538 3065 596 3105 ιι.
636 3053 824 3112 Quaest.
854 3055 904 3101 1.
934 3051 1013 3101 An
1042 3050 1218 3101 omnia
1242 3050 1344 3102 sint
1363 3050 1467 3102 vita
1495 3051 1550 3102 in
1574 3056 1706 3105 Deo.

380 3126 570 3187 Quaest.
608 3129 657 3177 2.
692 3127 772 3175 An
809 3137 892 3174 res
925 3122 1096 3176 verius
1123 3136 1234 3173 ease
1273 3124 1496 3175 habeant
1531 3126 1588 3177 in
1613 3129 1756 3192 Deo,

375 3209 904 3327 ..2533335332‘3
930 3208 1171 3316 iffi.
1195 3264 1298 3315 ...ι
1319 3265 1376 3316 tn
1399 3268 1527 3319 n...

375 3342 567 3401 Quaest.
596 3343 645 3390 2.
665 3343 743 3389 An
769 3337 1069 3403 imperfecta
1089 3336 1266 3388 sintin
1292 3338 1420 3389 Deo.

374 3414 526 3464 D1sr.
553 3422 760 3462 xxxvu.

376 3488 536 3538 PAnr.
569 3497 608 3535 1.
640 3480 899 3546 Expositio
924 3483 1110 3531 textus.

376 3559 501 3607 Αιιι.
529 3567 566 3605 ι.
597 3555 786 3613 Quaest.
805 3555 852 3601 1.
877 3554 953 3602 An
978 3551 1108 3602 Deus
1126 3552 1265 3602 sitin
1291 3552 1531 3605 omnibus
1557 3557 1730 3608 rebus.

377 3629 568 3688 Quaest.
597 3629 644 3676 2.
673 3626 754 3675 An
783 3627 918 3675 Deus
941 3624 1005 3674 sit
1024 3624 1231 3688 ubique.

383 3703 503 3757 Αιιτ.
525 3710 583 3748 ιι.
605 3698 795 3757 Quaest.
817 3701 862 3746 1.
885 3697 966 3746 An
987 3708 1100 3745 esse
1120 3696 1306 3760 ubique
1325 3696 1421 3747 soli
1441 3698 1549 3748 Deo
1569 3713 1755 3751 conve-

436 3771 561 3822 niet.

379 3844 565 3904 Quaest.
595 3843 643 3891 2.
675 3841 752 3890 An
776 3852 888 3889 esse
913 3838 1102 3904 ubique
1124 3838 1189 3889 ab
1215 3843 1409 3891 aeterno
1433 3843 1542 3893 Deo
1572 3857 1757 3894 conve-

438 3914 563 3964 niat.

379 3990 505 4040 Aur.
536 3996 618 4036 111.
646 3983 836 4045 Quaest.
862 3986 908 4034 1.
927 3983 1007 4032 An
1033 3984 1169 4034 Deua
1194 3985 1455 4049 aequaliter
1476 3984 1543 4038 sit
1570 3987 1625 4037 in
1651 4002 1759 4038 om-

439 4057 590 4109 nibus
614 4056 790 4107 rebus,

381 4132 574 4191 Quaest.
601 4130 648 4179 2.
677 4126 872 4187 Quibus
901 4125 1071 4177 modis
1098 4126 1235 4179 Deua
1267 4127 1321 4179 in
1356 4129 1512 4181 rebus
1539 4144 1650 4182 esse
1688 4129 1761 4181 di-

444 4205 607 4252 catur.

382 4276 540 4327 ΡΔιιτ.
571 4285 634 4324 ιι.
665 4269 925 4335 expositio
960 4272 1148 4321 textus.

380 4349 506 4398 Aur.
537 4359 577 4397 1.

382 4420 573 4479 Quaest.
603 4420 651 4467 1.
677 4417 758 4467 An
784 4415 922 4465 Deua
947 4413 1013 4464 ait
1035 4412 1231 4466 localia.

383 4491 574 4550 Quaest.
599 4491 649 4539 2.
691 4490 771 4539 An
807 4488 945 4538 Deus
975 4485 1041 4537 eit
1073 4487 1329 4539 mutabilia
1362 4488 1643 4542 secundum
1681 4490 1758 4543 lo-

446 4574 583 4612 cum.

385 4636 574 4696 Quoest.
599 4634 648 4683 3.
681 4634 762 4683 An
789 4631 923 4682 Deus
949 4630 1014 4681 ab
1038 4631 1179 4681 omni
1201 4631 1318 4683 loco
1350 4632 1417 4685 sit
1445 4633 1758 4700 separabilis,

447 4709 499 4756 et
522 4703 706 4756 existat
721 4705 865 4753 extra
890 4715 1097 4753 omnem
1118 4703 1306 4755 locum.

385 4781 512 4830 Am·-
543 4788 599 4827 ιι.
631 4775 822 4836 Quaest.
853 4778 900 4825 1.
930 4776 1008 4825 An
1042 4775 1253 4841 angelus
1276 4775 1438 4841 poaeit
1463 4779 1665 4829 moveri
1689 4779 1763 4831 lo·

450 4849 624 4900 caliter
656 4847 768 4898 sine
796 4859 1031 4911 corpore.

387 4922 580 4982 Quaest.
608 4924 655 4970 2.
687 4921 765 4970 An
784 4919 995 4984 angelus
1010 4923 1280 4971 moveatur
1303 4933 1398 4986 per
1421 4922 1667 4974 medium.

385 4995 578 5054 Quaeat.
607 4994 657 5043 3.
680 4994 760 5043 An
777 4989 988 5056 angelus
1019 4995 1338 5056 pertranseat
1357 4993 1585 5045 medium
1606 4996 1763 5048 modo

445 5065 632 5129 subito,
660 5064 744 5115 vel
770 5063 1081 5115 successivo.

383 5139 533 5189 Drsr.
555 5148 789 5189 xxxvm.

384 5209 644 5272 Expositio
673 5213 857 5260 textus.

386 5284 512 5334 Am.
531 5296 571 5337 1.
592 5285 781 5346 Quaeat.
811 5288 857 5335 1.
885 5283 960 5334 An
978 5279 1301 5349 prescientia
1322 5281 1496 5336 divina
1520 5281 1586 5334 sit
1612 5297 1767 5337 causa

446 5370 637 5408 rerum.

388 5430 577 5554 nggt.
621 5432 669 5481 2.
706 5430 785 5492 An
823 5427 1145 5495 praescientia
1183 5425 1355 5480 divim
1391 5427 1459 5481 ait
1491 5429 1698 5482 causam
1732 5442 1766 5480 a

543 5513 622 5550 ua.

1884 1768 1904 1815 1
2026 1763 2154 1814 Am.
2199 1770 2260 1811 11.
2305 1759 2495 1820 Quoeat.
2545 1764 2593 1811 1.
2640 1760 2719 1811 An
2758 1761 3081 1825 praescientia
3118 1763 3214 1814 Dei
3250 1765 3407 1817 rebus

1883 1837 1913 1888 3
2085 1832 2334 1898 praeacitie
2358 1832 2715 1884 necessitatem
2743 1833 2989 1899 imponat.

1885 1908 1915 1957 6
2025 1907 2216 1967 Quoeet.
2262 1908 2310 1956 2.
2357 1906 2440 1957 An
2481 1905 2773 1958 necessu-lo
2826 1908 2964 1958 Deus
3011 1908 3249 1972 praeeciat
3292 1923 3407 1975 quae

2085 1977 2310 2041 proescit.

1884 2052 1914 2101 8
2025 2051 2175 2101 Drsr.
2197 2060 2385 2100 xxnx.

2025 2121 2288 2185 Expositio
2311 2124 2499 2171 textus.

1858 2198 1909 2247 11
2023 2195 2152 2244 Aur.
2176 2203 2212 2243 1.
2240 2192 2429 2251 Quaest.
2458 2196 2503 2243 1.
2530 2193 2610 2243 An
2637 2194 2774 2243 Dens
2800 2197 3079 2258 cognoscat
3103 2194 3201 2245 alia
3225 2209 3260 2246 a
3282 2210 3357 2248 ae.

2025 2265 2217 2323 Quaeet.
2247 2267 2305 2313 2]
2324 2264 2405 2313 An
2430 2264 2567 2313 Deua
2594 2268 2872 2329 cognoscat
2893 2265 3067 2316 omnia
3092 2266 3191 2317 alia
3212 2281 3244 2317 a
3266 2282 3339 2318 se.

2025 2336 2213 2395 Quaest.
2240 2336 2290 2383 3.
2314 2337 2392 2384 An
2415 2335 2550 2385 Deus
2566 2335 2728 2399 possit
2747 2335 2876 2385 scire
2890 2335 3055 2402 plura,
3076 2351 3230 2403 quam
3255 2339 3398 2391 sciat.

1853 2416 1913 2465 13
2023 2409 2151 2458 Aur.
2182 2417 2242 2457 11.

2024 2479 2216 2538 Quaeet.
2249 2481 2293 2529 1.
2324 2482 2404 2527 An
2435 2480 2572 2529 Deus
2598 2478 2777 2529 eadem
2804 2479 3092 2546 cognitione
3127 2488 3406 2547 cognoscat

1856 2559 1913 2607 14
2085 2563 2159 2613 se,
2188 2553 2240 2600 et
2264 2550 2362 2600 alia
2382 2564 2413 2600 a
2438 2564 2511 2601 se.

1850 2629 1910 2678 14
2023 2622 2213 2681 Quaest.
2251 2625 2298 2672 2.
2342 2623 2420 2673 An
2449 2624 2585 2674 Deua
2615 2623 2878 2675 mutabilia
2900 2624 3282 2677 immutabiliter
3314 2641 3404 2678 co-

1855 2701 1912 2749 17
2085 2696 2316 2757 gnoscat.

1855 2773 1914 2821 19
2023 2765 2215 2824 Quaest.
2242 2766 2291 2816 3.
2319 2766 2400 2815 An
2428 2766 2564 2816 Deua
2589 2770 2869 2831 cognoscat
2894 2767 3135 2820 universa
3172 2783 3401 2835 praesen-

1851 2846 1913 2894 22
2083 2840 2179 2887 ter.

2022 2908 2173 2958 Drsr.
2201 2919 2289 2959 ιι..

1850 2989 1912 3037 22
2022 2979 2286 3042 Exposiuo
2311 2983 2498 3032 textus,

1848 3059 1909 3108 24
2022 3052 2148 3101 Αιιτ.
2174 3064 2212 3102 ι.
2244 3052 2433 3111 Ουεεει.
2462 3056 2508 3103 1.
2532 3054 2611 3104 An
2632 3053 3009 3119 praedestinatio
3033 3054 3099 3105 ait
3116 3056 3240 3122 quid
3262 3060 3407 3109 aeter·

2085 3137 2228 3188 num,
2256 3124 2341 3174 vel
2366 3125 2664 3189 temporale.

1850 3206 1911 3254 26
2023 3199 2215 3258 Quoest.
2242 3199 2289 3247 2.
2318 3196 2397 3247 An
2422 3195 2801 3261 praedestinatio
2833 3197 2898 3248 sit
2923 3197 3019 3248 Dei
3054 3198 3294 3264 scientia,
3321 3199 3410 3250 vel

1848 3276 1910 3325 27
2086 3272 2337 3319 voluntas.

1851 3348 1913 3397 29
2021 3340 2149 3391 Aur.
2178 3351 2240 3390 11.
2270 3339 2460 3399 Quaest.
2493 3343 2539 3391 1.
2568 3341 2647 3390 An
2687 3339 3063 3405 praedestinatio
3099 3340 3287 3392 inferat
3319 3357 3402 3394 aa·

1851 3418 1908 3467 31
2084 3410 2201 3462 lutis
2224 3412 2597 3462 necessitatem.

1851 3490 1911 3540 37
2022 3483 2215 3543 Quoest.
2254 3487 2302 3533 2.
2336 3484 2415 3533 An
2448 3483 2827 3548 praedestinatio
2853 3488 3013 3549 ponat
3044 3485 3402 3538 necessitatem

1850 3562 1910 3610 39
2081 3554 2139 3604 in
2163 3558 2370 3606 eventu.

1850 3634 1905 3683 ιι
2021 3628 2151 3676 Aur.
2176 3638 2258 3676 111.

2022 3697 2213 3758 Quoest.
2237 3702 2283 3749 1.
2308 3702 2385 3750 An
2413 3697 2593 3749 electio
2612 3698 2753 3750 sitin
2775 3701 2884 3751 Deo
2912 3701 2977 3752 ab
3003 3704 3218 3766 aeterno,
3238 3702 3323 3753 vel
3339 3716 3403 3754 ex

1849 3775 1910 3824 42
2083 3773 2332 3833 tempore.

2023 3840 2215 3899 Quaest.
2244 3843 2290 3893 2.
2324 3844 2403 3892 An
2441 3841 2620 3892 electio
2648 3841 2713 3893 sit
2742 3842 2879 3894 idem
2907 3843 3045 3909 quod
3082 3846 3407 3910 praedestina·

1850 3918 1910 3970 44
2086 3912 2177 3964 tio.

2025 3986 2153 4034 Αιιτ.
2182 3995 2254 4034 1v.

1852 4061 1910 4110 45
2024 4060 2217 4118 Quaest.
2250 4060 2294 4108 1.
2323 4060 2403 4109 An
2442 4058 2710 4111 obduratio
2737 4059 2804 4111 sit
2840 4073 3025 4126 poena,
3067 4062 3153 4114 vel
3173 4061 3343 4129 culpa.

2024 4131 2215 4190 Quaest.
2244 4131 2291 4181 2.
2319 4136 2396 4181 An
2424 4130 2692 4182 obduratio
2716 4131 2783 4182 sit
2803 4146 2834 4182 a
2859 4134 2987 4184 Deo.

1853 4203 1912 4254 47
2022 4204 2170 4253 Dts‘r.
2199 4213 2306 4254 xu-

1852 4275 1913 4326 48
2025 4272 2285 4336 Expositio
2322 4276 2510 4325 tenua.

1853 4348 1914 4397 50
2023 4346 2151 4395 Aur.
2178 4356 2218 4395 1.

1854 4421 1913 4471 51
2025 4419 2201 4478 Quoeat
2227 4420 2273 4467 1.
2302 4419 2383 4468 An
2408 4417 2821 4482 praedestinatio,
2849 4419 2933 4469 vel
2959 4420 3278 4485 reprobatio,
3313 4420 3406 4473 ha·

2085 4491 2241 4541 beant
2264 4490 2319 4540 in
2343 4491 2494 4541 nobis
2520 4506 2726 4543 causam
2752 4493 3083 4544 meritoriam.

1855 4566 1914 4616 52
2025 4563 2215 4623 Quaest.
2234 4565 2283 4612 2.
2304 4562 2382 4612 An
2397 4563 2776 4626 praedestinatio
2797 4569 2850 4616 et
2868 4566 3158 4630 reprobatio
3185 4566 3411 4620 habeant

2086 4634 2142 4684 in
2165 4635 2275 4685 Deo
2303 4648 2510 4685 causam
2536 4634 2800 4688 motivam.

1855 4711 1914 4761 54
2024 4709 2150 4759 Aur.
2182 4718 2243 4757 ιι.
2273 4707 2461 4766 Quaest.
2506 4711 2553 4755 1.
2589 4708 2670 4757 An
2709 4708 2844 4759 Deus
2878 4713 3157 4775 cognoscat
3194 4723 3280 4762 rea
3316 4725 3409 4776 per

2085 4778 2300 4829 modum
2322 4777 2710 4840 complexionis.
2927 4819 2935 4826 .

1855 4856 1914 4904 55
2025 4851 2219 4911 Quoest.
2249 4852 2298 4899 2.
2331 4850 2409 4899 An
2442 4850 2774 4901 enuntiabilia
2804 4865 2919 4917 qum
2944 4852 3106 4905 semel
3145 4855 3285 4905 Deua
3325 4867 3403 4906 oo-

1855 4927 1916 4977 57
2087 4921 2307 4987 gnoscit,
2332 4934 2536 4985 semper
2563 4927 2862 4987 cognoscat.

2024 4996 2171 5045 Disr.
2200 5003 2330 5044 xm.

1856 5071 1917 5121 59
2025 5064 2285 5129 Expositio
2307 5065 2495 5115 textus-

1856 5143 1918 5194 62
2025 5141 2153 5189 Aur.
2185 5148 2224 5188 1.

1856 5215 1918 5264 64
2026 5211 2221 5269 Quaeat.
2251 5211 2299 5258 1.
2326 5207 2403 5257 An
2430 5208 2567 5259 Deus
2588 5207 2749 5273 posuit
2772 5208 2827 5260 in
2853 5222 3007 5260 omne
3030 5209 3168 5261 aliud
3194 5224 3228 5262 a
3250 5225 3324 5263 ae.

2026 5280 2220 5342 Quaest.
2252 5281 2300 5330 2.
2325 5280 2403 5329 An
2430 5280 2568 5330 Deua
2589 5281 2751 5345 possit
2771 5282 2829 5333 in
2853 5295 3008 5334 omne
3026 5321 3040 5347 ,
3064 5282 3120 5333 in
3148 5283 3287 5349 quod
3309 5297 3405 5350 po-

1856 5360 1918 5410 66
2086 5355 2189 5405 test
2213 5364 2370 5417 agene
2393 5356 2640 5403 creatum.

2027 5431 2220 5492 Quoest.
2266 5428 2314 5477 3.
2360 5428 2440 5477 An
2487 5427 2623 5477 Deus
2661 5426 2825 5490 possit
2863 5441 3199 5496 quacumque
3236 5428 3411 5496 agenti

1858 5503 1918 5553 68
2091 5502 2264 5555 creato
2292 5496 2626 5564 impossibilia
2650 5501 2787 5549 sunt.

3499 1844 3563 1893 69

3498 1985 3561 2034 72

3496 2056 3559 2107 75

3498 2129 3560 2178 77

3498 2202 3559 2252 79

3497 2272 3555 2323 81

3494 2345 3555 2394 83

3496 2416 3557 2465 81

3495 2560 3556 2609 85

3497 2703 3558 2753 86

3497 2845 3558 2894 87

3496 2919 3559 2968 80

3497 2990 3553 3039 91

3497 3132 3557 3182 94

3498 3275 3558 3326 96

3494 3418 3556 3469 97

3469 3564 3556 3614 101

3470 3635 3559 3684 103

3468 3777 3555 3828 101

3470 3922 3559 3973 105

3471 3993 3559 4043 106

3469 4066 3559 4116 107

3469 4139 3559 4188 108

3468 4210 3554 4258 111

3470 4280 3559 4332 114

3470 4355 3558 4404 115

3471 4500 3562 4550 110

3473 4643 3562 4693 117

3471 4786 3560 4836 121

3472 4928 3562 4979 123

3471 5001 3561 5050 125

3471 5071 3562 5123 127

3471 5146 3562 5195 129

3471 5217 3561 5265 130

3473 5359 3560 5410 131

3473 5506 3564 5558 133
