4125 6225
398 604 587 667 Quoest.
622 611 671 659 2.
703 608 884 661 Utrum
915 611 1127 676 angelus
1161 610 1217 661 in
1242 611 1412 675 primo
1439 609 1645 662 instanti
1672 624 1779 661 suae

461 679 732 731 creationis
757 681 910 733 fuerit
947 682 1113 734 malus
1149 687 1266 735 actu
1293 683 1515 749 propriae
1549 682 1780 734 volunta-

461 751 544 802 tis.

401 824 526 874 Aur.
554 835 614 874 11.
644 825 832 884 Quaest.
862 829 912 877 1.
946 827 1127 878 Utrum
1155 826 1366 891 augelus
1389 827 1562 878 omnia
1592 832 1778 893 creata,

462 909 576 959 quas
608 897 889 961 cognoscit,
917 902 1199 963 cognoscat
1223 912 1317 962 per
1342 899 1535 963 species
1562 899 1780 965 innatas,

463 980 530 1016 an
558 968 725 1033 aliqua
752 984 844 1033 per
871 972 1068 1034 specics
1091 971 1380 1035 acquisitas.

402 1038 593 1097 Quaest.
624 1044 672 1090 2.
703 1042 884 1093 Utrum
911 1041 1119 1107 angelus
1146 1056 1238 1105 per
1266 1044 1612 1108 cognitionem
1642 1049 1783 1096 natu-

460 1110 621 1160 ralem
655 1110 880 1162 divinam
910 1114 1181 1163 essentiam
1208 1115 1505 1177 cognoverit
1529 1116 1582 1166 in
1616 1117 1781 1181 seipsa

463 1182 573 1233 sine
604 1185 745 1234 omni
773 1186 965 1249 medio,
994 1191 1045 1235 et
1073 1189 1316 1236 creatura}
1343 1187 1672 1239 adminiculo.

403 1255 529 1305 Am.
566 1267 646 1305 ιιι.
671 1256 859 1315 Quaest.
889 1262 934 1308 1.
965 1259 1146 1308 Utrum
1163 1258 1330 1323 angeli
1347 1259 1615 1310 dilectione
1639 1264 1783 1310 natu-

463 1326 557 1377 rali
583 1328 853 1380 dilexerint
877 1330 1041 1380 Deum
1071 1334 1282 1394 propter
1306 1344 1383 1393 se,
1411 1336 1463 1381 et
1484 1345 1638 1396 super
1665 1346 1779 1382 om-

463 1413 567 1449 ma.

405 1472 595 1531 Quoest.
621 1474 672 1522 2.
701 1472 881 1523 Utrum
904 1472 1113 1537 angelus
1137 1473 1357 1526 naturali
1381 1472 1645 1524 dilectione
1674 1487 1780 1524 ma-

466 1544 544 1607 gis
571 1542 746 1608 diligat
766 1545 1099 1611 superiorem,
1120 1559 1317 1612 parem,
1345 1559 1412 1596 an
1436 1545 1748 1597 inferiorem.

405 1614 552 1665 Drsr.
581 1624 654 1664 ιν.

406 1684 665 1748 Expositio
690 1687 879 1743 textus.

405 1758 532 1808 Aur.
554 1770 593 1807 1.
624 1756 812 1816 Quaest.
835 1765 883 1809 1.
907 1758 1088 1808 Utrum
1111 1758 1280 1824 angeli
1302 1758 1460 1809 creati
1477 1758 1578 1809 sint
1593 1758 1648 1808 in
1665 1757 1784 1809 bea-

469 1828 699 1889 titudine,
729 1830 837 1880 sive
863 1829 917 1879 in
944 1830 1120 1895 gloria.

408 1899 598 1957 Quaest.
619 1904 667 1950 2.
693 1902 872 1951 Utrum
890 1902 1057 1966 angeli
1080 1903 1239 1952 creati
1260 1901 1360 1953 siut
1384 1903 1438 1953 in
1464 1903 1640 1969 gratia.

407 1973 532 2021 Aur.
553 1983 610 2021 11.
635 1972 824 2031 Quaest.
846 1974 890 2020 1.
915 1974 1093 2023 Utrum
1117 1973 1364 2039 aliquibus
1386 1975 1504 2025 data
1520 1975 1585 2026 sit
1604 1975 1784 2026 futuras

469 2043 848 2107 glorificationis
873 2046 1210 2108 praescientia.

410 2115 595 2174 Quoest.
624 2119 672 2165 2.
697 2116 877 2166 Utrum
903 2115 1025 2166 mali
1055 2116 1223 2182 angeli
1242 2118 1518 2182 {potuerint
1537 2117 1779 2182 praescire

470 2200 619 2235 suum
643 2200 834 2237 casum.

410 2259 535 2308 Aur.
564 2269 650 2308 111.
679 2259 866 2317 Quaest.
904 2262 950 2307 1.
981 2259 1161 2309 Utrum
1195 2260 1363 2324 angeli
1393 2260 1664 2311 habuerint
1697 2274 1786 2310 co-

470 2330 751 2394 gnitionem
778 2330 1075 2380 matutinam
1100 2332 1151 2380 in
1176 2345 1268 2380 sua
1294 2334 1567 2382 creatione.

411 2401 600 2461 Quaest.
629 2405 675 2451 2.
717 2403 894 2452 Utrum
927 2401 980 2451 in
1006 2402 1199 2466 angelis
1231 2402 1295 2454 sit
1322 2405 1544 2468 cognitio
1571 2417 1788 2469 vesper-

470 2472 578 2522 tina
597 2477 713 2537 post
741 2473 1178 2538 glorificationem.

411 2546 556 2596 Disr.
587 2556 634 2596 v.

411 2616 672 2679 Expositio
698 2619 883 2667 textus.

411 2689 536 2739 Aur.
568 2701 607 2739 1.
629 2689 817 2748 Quoest.
847 2692 896 2740 1.
925 2690 1106 2740 Utrum
1125 2689 1327 2741 Lucifer
1344 2691 1635 2755 peccaverit
1656 2705 1781 2757 pec-

475 2766 587 2811 cato
614 2761 883 2825 superbias.

412 2832 604 2892 Quoest.
632 2835 680 2883 2.
712 2834 893 2884 Utrum
920 2832 1120 2884 Lucifer
1139 2834 1409 2899 appetierit
1432 2835 1542 2886 Deo
1565 2835 1789 2901 aequipa-

472 2918 595 2954 rari.

413 2976 536 3026 Aur.
563 2987 626 3026 11.
655 2976 842 3035 Quaest.
870 2980 918 3028 1.
959 2977 1141 3028 Utrum
1165 2977 1333 3043 angeli
1358 2976 1582 3029 minores
1608 2991 1786 3044 pecca·

472 3047 642 3098 verint
666 3052 875 3111 peccato
899 3049 1168 3114 superbiae.

414 3121 670 3182 Quassus.
695 3122 874 3172 Utrum
902 3129 1169 3186 peccatum
1201 3121 1457 3173 minorum
1488 3123 1788 3189 angelorum

475 3193 707 3243 ordinem
728 3193 916 3243 habeat
934 3194 999 3244 ad
1022 3197 1285 3257 peccatum
1311 3194 1547 3246 Luciferi.

413 3266 536 3316 Aur.
568 3276 654 3315 ιιι.
688 3263 878 3323 Quaest.
913 3268 961 3315 1.
997 3265 1178 3316 Utrum
1211 3266 1479 3317 conversio
1518 3266 1787 3318 beatorum

476 3335 773 3400 angelorum
796 3336 861 3386 ad
888 3337 1053 3387 Deum
1075 3336 1228 3387 fuerit
1250 3337 1435 3388 virtute
1462 3342 1656 3389 naturae
1668 3374 1686 3403 ,
1707 3337 1790 3389 vel

474 3408 660 3459 auxilio
682 3407 878 3472 gratim.

415 3481 601 3541 Quasst.
626 3482 674 3530 2.
705 3480 885 3531 Utrum
915 3478 969 3530 in
989 3480 1248 3531 bonorum
1275 3481 1612 3532 conversione
1636 3479 1792 3532 meri-

474 3557 583 3603 tum
605 3556 845 3617 sequatur
869 3551 1139 3617 proemium
1150 3590 1170 3618 ,
1192 3552 1277 3603 vel
1296 3554 1570 3618 proecedat.

415 3627 560 3677 Disr-
591 3635 668 3674 vr.

414 3695 675 3762 Expositio
709 3696 894 3746 textus.

414 3771 541 3820 Aur.
569 3782 607 3820 1.
638 3767 827 3827 Quaeet.
865 3770 910 3819 1.
952 3768 1133 3819 Utrum
1175 3767 1377 3819 Lucifer
1418 3768 1570 3820 fuerit
1608 3768 1672 3819 de
1700 3781 1789 3820 su-

474 3855 655 3907 premo
682 3839 861 3890 ordine
888 3838 1206 3904 angelorum,
1236 3844 1335 3890 etc.

415 3913 606 3973 Quaest.
633 3916 680 3964 2.
703 3912 883 3963 Utrum
908 3912 1133 3960 minores
1153 3909 1320 3976 angeli
1336 3910 1464 3975 lapsi
1485 3909 1586 3962 sint
1603 3910 1667 3962 de
1683 3925 1792 3961 om-

476 3986 627 4037 nibus
652 3985 935 4048 ordinibus,
965 3983 1048 4033 vel
1073 3997 1198 4033 non.

415 4059 542 4108 Aur.
569 4067 627 4107 11.
659 4056 847 4115 Quoest.
877 4059 922 4103 1.
952 4055 1131 4106 Utrum
1159 4053 1437 4105 ceciderint
1458 4053 1513 4104 in
1532 4054 1789 4105 internum

478 4132 726 4194 quantum
747 4128 811 4177 ad
836 4126 1025 4177 locum.

417 4202 605 4261 Quaest.
632 4204 679 4251 2.
718 4200 900 4250 Utrum
927 4197 1202 4249 ceciderint
1239 4198 1295 4249 in
1328 4197 1574 4250 infernale
1602 4197 1789 4264 suppli-

481 4287 636 4324 ctum.

417 4347 540 4397 Aur.
572 4357 654 4396 ιιι.
685 4344 872 4404 Quaest.
900 4347 946 4394 1.
979 4342 1161 4393 Utrum
1184 4342 1318 4393 inter
1339 4355 1429 4393 eos
1456 4341 1522 4393 s1t
1539 4339 1794 4393 'ordinum

479 4416 750 4470 distinctio.

417 4492 608 4553 Quaest.
649 4492 697 4542 2.
726 4488 909 4539 Utrum
933 4486 1066 4538 inter
1092 4485 1303 4553 angelos
1334 4485 1497 4538 malos
1520 4485 1586 4538 sit
1609 4486 1790 4552 praela·

476 4562 568 4614 tio.
833 4597 842 4606 -

416 4637 563 4687 D1sr.
591 4644 687 4685 vn.

416 4709 558 4760 Pan-r
586 4718 623 4757 1.
649 4703 907 4770 Expositio
929 4705 1117 4756 textus.

417 4782 543 4831 Aur.
571 4789 608 4828 1.

415 4852 608 4911 Quaest.
634 4853 681 4900 1.
709 4849 894 4900 Utrum
914 4846 970 4897 in
995 4847 1291 4899 daemonum
1315 4845 1571 4897 voluntate
1594 4843 1660 4895 sit
1679 4857 1795 4910 pos·

477 4923 636 4974 sibilis
655 4920 969 4972 rectificatio.

416 4996 605 5056 Quaest.
644 4997 694 5045 2.
727 4994 906 5045 Utrum
934 4991 1077 5043 sitin
1102 4990 1351 5068 eisqmalae
1373 4988 1648 5042 voluntatis
1673 5002 1795 5040 con-

475 5066 708 5118 tinuatio.

417 5140 610 5200 Qumst.
631 5141 681 5190 3.
705 5138 887 5190 Utrum
903 5134 969 5187 sit
990 5134 1047 5186 in
1068 5134 1143 5185 eis
1167 5134 1317 5187 malas
1334 5134 1611 5187 voluntatis
1630 5134 1795 5186 inten-

480 5225 577 5262 sio.

420 5284 548 5334 ΔιιΤ.
573 5294 636 5334 ιι.

421 5355 613 5415 Quoest.
642 5354 690 5403 1.
727 5354 910 5404 Utrum
940 5349 1256 5402 confirmatio
1282 5352 1446 5401 mutet
1467 5350 1686 5402 liberum
1711 5365 1795 5401 ar-

481 5426 721 5487 bitrium,
745 5424 819 5475 ita
851 5422 990 5488 quod
1024 5422 1092 5472 sit
1123 5421 1259 5472 aliud
1290 5425 1408 5473 ante
1448 5422 1796 5474 confirmatio-

483 5511 626 5563 nem,
653 5495 788 5549 aliud
813 5498 949 5560 post.

1856 471 2119 541 INDEX.

1841 755 1933 805 332

1844 974 1933 1023 335

1842 1189 1934 1238 339

1844 1403 1930 1452 341

1844 1545 1935 1593 344

1844 1615 1936 1664 345

1845 1687 1934 1736 347

1844 1831 1934 1881 348

1845 1904 1936 1953 3ὃο

1845 2047 1937 2096 352

1848 2188 1936 2238 354

1846 2332 1939 2381 356

1847 2475 1938 2524 358

1847 2548 1937 2596 360

1848 2620 1939 2668 362

1849 2764 1938 2814 363

1850 2907 1940 2956 366

1850 3049 1938 3100 368

1848 3195 1938 3244 370

1852 3410 1942 3461 372

1851 3553 1943 3603 374

1851 3625 1944 3675 376

1852 3697 1942 3747 378

1851 3841 1943 3891 379

1853 3986 1941 4035 381

1852 4129 1944 4178 382

1853 4270 1944 4321 384

1853 4414 1943 4465 385

1853 4559 1946 4608 386

1797 4629 1804 4634 ’
1855 4631 1945 4680 388

1854 4703 1941 4752 391

1854 4774 1945 4823 391

1855 4917 1948 4968 392

1855 5061 1947 5112 397

1857 5206 1948 5258 399

1860 5278 1950 5329 402

2042 611 2233 670 Quaest.
2260 612 2310 663 2.
2340 611 2522 662 Utrum
2548 611 2821 664 obstinatio
2855 613 2999 665 tollat
3017 612 3338 664 doemonibus
3361 613 3423 664 li-

2104 683 2311 734 bertatis
2337 698 2502 735 usum.

2043 755 2233 814 Quaest.
2264 760 2310 807 3.
2346 758 2521 807 Utrum
2543 757 2881 823 confirmatio,
2909 761 2993 811 vel
3028 758 3324 824 obstinatio,
3352 758 3428 810 di·

2104 828 2300 878 minuat
2324 828 2571 879 libertatis
2598 830 2895 883 dominium.

2043 900 2202 951 Psar.
2234 911 2295 951 ιι.
2326 900 2588 963 Expositio
2618 905 2804 953 textus.

2041 974 2165 1021 Aur.
2215 984 2253 1022 1.
2297 973 2488 1032 Quaest.
2528 976 2573 1022 1.
2612 974 2793 1024 Utrum
2828 974 2975 1025 cadat
3011 973 3066 1024 in
3109 973 3428 1024 doemonibus

2105 1042 2357 1106 deceptio,
2387 1044 2494 1093 sive
2522 1057 2665 1094 error
2690 1046 2826 1095 circa
2856 1044 3144 1109 praesentia.

2043 1112 2235 1171 Quaest.
2284 1118 2333 1164 2.
2384 1116 2562 1166 Utrum
2606 1115 2660 1165 in
2699 1117 3018 1167 daemonibus
3054 1116 3202 1167 cadat
3236 1114 3426 1167 oblivio

2105 1184 2240 1235 circa
2267 1186 2540 1249 praeterita.

2044 1257 2234 1315 Quaest.
2269 1260 2317 1307 3.
2348 1259 2529 1308 Utrum
2558 1259 2614 1309 in
2649 1259 2966 1312 doemonibus
2992 1260 3057 1311 sit
3092 1259 3428 1326 praecognitio

2105 1330 2274 1392 quoad
2295 1329 2482 1380 futura.

2044 1399 2168 1450 Aur.
2205 1413 2269 1451 ιι.
2301 1401 2490 1460 Quaest.
2521 1405 2568 1453 1.
2594 1403 2774 1453 Utrum
2802 1403 2967 1454 omnis
2992 1404 3172 1454 formas
3198 1403 3425 1455 inductio

2106 1471 2173 1522 sit
2193 1485 2224 1521 a
2251 1472 2511 1536 creatore,
2532 1487 2600 1523 an
2624 1473 2792 1538 aliqua
2818 1475 2918 1526 sint
2944 1475 3009 1526 ab
3027 1479 3211 1541 agente
3234 1481 3429 1539 creato,

2105 1543 2187 1592 vel
2215 1544 2525 1607 particulari.
2769 1576 2780 1587 ·

2044 1613 2232 1672 Quoest.
2271 1619 2320 1666 2.
2362 1616 2541 1669 Utrum
2585 1629 2826 1666 verarum
2873 1615 3153 1667 formarum
3197 1616 3426 1667 inductio

2104 1685 2267 1748 possit
2294 1701 2405 1737 esse
2434 1702 2465 1736 a
2491 1687 2667 1751 spiritu
2686 1687 2931 1753 maligno.

2045 1755 2237 1815 Quoest.
2282 1760 2329 1808 3.
2376 1758 2558 1808 Utrum
2605 1758 2785 1822 aliquis
2830 1758 2993 1823 possit
3033 1759 3109 1809 uti
3148 1759 3431 1810 ministerio

2108 1828 2402 1880 daemonum
2437 1829 2493 1880 in
2518 1829 2763 1881 iaciendis
2790 1829 3045 1883 miraculis
3072 1830 3264 1894 absque
3302 1844 3424 1896 pec-

2109 1903 2243 1951 cato.

2046 1971 2193 2021 Drsr.
2219 1980 2336 2023 vm.

2046 2043 2207 2093 ΡΑιιΤ.
2238 2056 2273 2096 ι.
2304 2044 2563 2108 Expositio
2592 2047 2777 2095 textus.

2046 2117 2172 2165 ΑιιΤ.
2204 2126 2239 2165 ι.
2271 2115 2461 2174 Quaest.
2495 2120 2541 2166 1.
2572 2117 2751 2167 Utrum
2776 2116 2943 2182 angeli
2972 2115 3195 2167 habeant
3216 2130 3435 2183 corpora

2108 2189 2405 2239 naturaliter
2430 2187 2528 2238 sibi
2561 2188 2717 2240 unita.

2048 2257 2240 2317 Quaest.
2270 2261 2320 2309 2.
2352 2260 2532 2310 Utrum
2558 2259 2727 2323 angeli
2748 2259 3021 2325 aliquando
3041 2264 3302 2311 assumant
3323 2274 3434 2312 cor·

2110 2343 2252 2391 pora.

2046 2401 2177 2450 Aur.
2213 2413 2269 2452 ιι.
2314 2403 2503 2461 Quaest.
2541 2406 2585 2453 1.
2633 2405 2814 2454 Utrum
2855 2402 2974 2453 illud
3022 2417 3209 2469 corpus
3245 2403 3434 2455 habeat

2110 2486 2287 2522 veram
2317 2474 2537 2524 formam
2562 2476 2793 2539 corporis
2819 2475 3049 2525 humani.

2048 2544 2238 2603 Quaest.
2268 2547 2315 2595 2.
2350 2547 2531 2596 Utrum
2559 2561 2747 2611 corpus
2787 2547 2908 2597 illud
2935 2546 3072 2610 quod
3103 2546 3314 2597 assumit
3340 2560 3433 2597 an-

2110 2616 2254 2679 gelus
2277 2617 2365 2668 flat
2391 2619 2454 2668 de
2479 2620 2693 2669 materia
2721 2619 2935 2680 coelesti,
2962 2632 3031 2669 an
3052 2618 3369 2670 elementari.

2049 2689 2174 2738 ΑῐιΤ.
2224 2701 2310 2740 ιιι.
2352 2690 2543 2749 Quoest.
2576 2696 2618 2740 1.
2664 2692 2845 2742 Utrum
2873 2691 3085 2756 angelus
3124 2690 3178 2740 in
3217 2705 3433 2755 corpore

2110 2764 2376 2825 assumpto
2401 2765 2639 2812 exerceat
2669 2760 2992 2826 operationes
3017 2761 3201 2812 animae
3230 2768 3435 2827 vegeta·

2111 2830 2250 2880 tivae.

2052 2903 2246 2963 Quoest.
2271 2907 2320 2955 2.
2352 2903 2536 2955 Utrum
2562 2903 2732 2969 angeli
2757 2903 2811 2954 in
2834 2904 3102 2968 assumptis
3135 2904 3436 2968 corporibus

2110 2974 2333 3026 habeant
2389 2976 2714 3040 operationes
2769 2976 3134 3027 convenientes
3187 2977 3430 3041 potentias

2111 3046 2385 3099 sensitivae.

2050 3120 2210 3170 Psar.
2243 3131 2299 3170 ιι.
2321 3122 2446 3171 ΛΒΤ.
2470 3132 2508 3171 ι.
2539 3120 2728 3180 Quaest.
2757 3125 2801 3171 1.
2829 3121 3010 3171 Utrum
3039 3120 3297 3172 daemones
3316 3135 3432 3186 pos-

2114 3192 2215 3240 sint
2238 3191 2466 3242 habitare
2487 3192 2542 3241 in
2569 3192 2871 3254 corporibus
2896 3192 3150 3243 humanis.

2052 3263 2243 3322 Quaest.
2272 3267 2321 3314 2.
2352 3264 2534 3315 Utrum
2569 3264 2832 3314 daemones
2858 3263 2995 3314 illabi
3021 3263 3219 3328 possint
3242 3263 3431 3316 anima·

2114 3335 2228 3385 bus.

2052 3406 2245 3465 Quoest.
2268 3408 2316 3457 3.
2338 3407 2519 3458 Utrum
2546 3406 2749 3458 daemon
2770 3407 2933 3471 possit
2951 3420 3130 3458 sensus
3156 3406 3386 3460 illudere.

2053 3476 2245 3537 Quoest.
2275 3480 2323 3528 4.
2354 3479 2536 3531 Utrum
2562 3478 2770 3530 daemon
2794 3478 2958 3552 possit
2981 3478 3314 3543 cogitationes
3340 3479 3433 3531 im·

2114 3549 2335 3601 mittere.

2054 3621 2246 3680 Quaest.
2275 3623 2322 3672 5.
2354 3621 2535 3672 Utrum
2561 3620 2828 3673 doemones
2864 3621 3063 3686 possint
3085 3622 3245 3673 malas
3276 3621 3431 3674 affec·

2114 3693 2279 3745 tiones
2305 3693 2617 3757 imprimere.

2054 3766 2244 3826 Quaest.
2272 3768 2319 3819 6.
2351 3767 2533 3817 Utrum
2569 3766 2831 3818 daemones
2861 3768 3062 3832 possint
3104 3763 3318 3820 scrutari
3357 3781 3435 3818 se·

2116 3841 2257 3887 creta
2279 3841 2468 3888 nostrae
2497 3838 2845 3890 conscientiae.

2054 3909 2199 3958 Dis-r.
2229 3919 2305 3959 11.

2055 3980 2312 4045 Expositio
2336 3983 2523 4031 textus.

2052 4054 2352 4105 Alimentus
2378 4064 2591 4105 timeor».

2053 4124 2244 4183 Quaest.
2269 4128 2314 4175 1.
2338 4125 2521 4175 Utrum
2543 4124 2710 4189 angeli
2729 4124 3048 4176 diversorum
3067 4124 3308 4176 ordinum
3334 4124 3436 4177 sint

2116 4197 2430 4256 diversarum
2457 4196 2742 4261 specierum
2769 4210 2863 4259 per
2888 4202 3141 4247 naturam.

2054 4268 2246 4330 Quaest.
2273 4271 2320 4319 2.
2351 4270 2530 4319 Utrum
2557 4267 2894 4318 distinctionis
2925 4268 3276 4333 angelicorum
3305 4269 3437 4320 ordi·

2112 4354 2239 4391 num
2258 4339 2549 4405 principalis
2576 4354 2728 4391 causa
2759 4340 2823 4390 sit
2850 4355 2882 4390 a
2905 4346 3105 4404 natura,
3128 4341 3212 4392 vel
3238 4341 3418 4406 gratia.

2054 4412 2243 4473 Quaest.
2274 4417 2322 4463 3.
2361 4414 2543 4464 Utrum
2582 4412 2864 4463 secundum
2901 4413 3155 4478 majorem
3183 4415 3440 4479 capacita-

2115 4490 2221 4536 tem
2255 4484 2561 4535 naturalium
2594 4483 2777 4534 dentur
2813 4485 3006 4550 angelis
3033 4498 3065 4536 a
3094 4487 3201 4536 Deo
3238 4486 3438 4552 majora

2116 4558 2252 4607 dona
2279 4556 2513 4622 gratuita.

2055 4630 2243 4689 Quaest.
2273 4631 2320 4679 4.
2355 4628 2537 4679 Utrum
2560 4626 2908 4691 unusquisque
2937 4627 3065 4678 ordo
3093 4628 3158 4679 ab
3193 4641 3255 4679 eo
3283 4629 3439 4680 deno-

2116 4700 2354 4763 minetur,
2384 4698 2523 4764 quod
2549 4697 2746 4763 plenius
2772 4698 2972 4763 accepit
2994 4700 3048 4749 in
3074 4713 3309 4752 munere.

2054 4774 2244 4833 Quaest.
2268 4773 2315 4822 5.
2342 4772 2522 4823 Utrum
2560 4770 2627 4821 ad
2650 4769 2877 4835 singulos
2904 4771 3110 4822 ordines
3140 4772 3439 4838 angelorum

2116 4845 2206 4895 flat
2228 4841 2506 4906 assumptio
2532 4841 2910 4895 salvandorum.

2055 4917 2246 4977 Quaest.
2274 4919 2323 4966 6.
2355 4916 2538 4966 Utrum
2557 4913 2788 4979 praelatio
2811 4927 2926 4979 quae
2949 4918 3028 4965 est
3046 4915 3102 4966 in
3128 4915 3308 4968 ordine
3329 4930 3439 4969 res·

2118 4991 2272 5053 pectu
2295 4987 2508 5051 ordinis,
2537 4991 2810 5037 evacuetur
2837 4990 2955 5051 post
2968 4986 3245 5052 judicium.

2057 5059 2248 5121 Quoest.
2276 5061 2323 5110 7.
2345 5060 2526 5111 Utrum
2548 5058 2614 5109 sit
2639 5062 2798 5109 status
2824 5057 2878 5108 in
2908 5061 3210 5126 novenario,
3230 5074 3298 5112 an
3323 5074 3439 5127 pro-

2118 5133 2353 5183 tendatur
2375 5144 2622 5181 numerus
2648 5143 2808 5195 usque
2836 5130 2903 5180 ad
2929 5131 3215 5185 denarium.

2057 5205 2249 5265 Quaest.
2277 5205 2327 5254 8.
2351 5204 2532 5255 Utrum
2550 5201 2605 5251 in
2631 5201 2825 5267 angelis
2843 5201 2972 5254 ordo
2995 5204 3335 5269 compatiatur
3365 5217 3441 5255 se-

2121 5290 2240 5328 cum
2264 5274 2623 5341 aequalitatem.

2059 5350 2249 5409 Quoest.
2279 5351 2327 5400 9.
2371 5348 2554 5399 Utrum
2592 5345 2704 5397 aliis
2741 5345 3034 5399 substantiis
3070 5348 3437 5414 rationalibus,

2122 5434 2276 5487 quam
2300 5419 2494 5486 angelis
2514 5420 2775 5484 competat
2794 5432 2887 5483 per
2912 5419 3119 5472 ordines
3142 5421 3409 5487 distingui.

1861 5494 1954 5546 403
2062 5493 2209 5546 Drsr.
2230 5503 2287 5547 x.

3461 484 3574 546 651

3488 689 3578 739 404

3489 833 3580 882 406

3489 904 3581 953 408

3489 1048 3581 1097 410

3487 1190 3581 1239 413

3487 1333 3580 1382 415

3486 1547 3578 1596 418

3492 1690 3575 1739 421

3492 1907 3583 1956 425

3489 1978 3582 2027 427

3490 2050 3582 2099 429

3490 2193 3582 2243 431

3491 2337 3583 2386 433

3494 2479 3586 2528 435

3498 2622 3588 2671 438

3494 2835 3583 2884 441

3491 3050 3579 3101 443

3492 3195 3583 3245 446

3492 3337 3583 3387 448

3492 3409 3584 3459 449

3493 3552 3584 3604 452

3494 3696 3585 3745 454

3497 3840 3586 3889 455

3495 3911 3587 3960 458

3497 3983 3584 4032 461

3498 4056 3589 4104 465

3497 4197 3589 4248 466

3500 4341 3590 4390 468

3499 4559 3591 4609 469

3499 4701 3591 4751 472

3496 4843 3592 4895 475

3500 4987 3592 5041 477

3504 5133 3593 5184 478

3504 5275 3596 5329 480

3502 5422 3596 5473 482

3505 5493 3596 5544 484
