4125 6225
776 533 853 596 ΒΞ
1911 523 2534 593 SENTENTIARUM
2572 526 2721 592 LIB.
2766 527 2816 592 1.

771 665 1002 729 habeat
1058 660 1584 744 improprietati53
1640 664 1900 743 propter
1955 662 2080 726 hoc
2138 661 2311 744 quod

772 771 913 836 haec
938 770 1298 853 praepositio
1318 817 1335 844 ,
1370 771 1478 837 in.
1512 768 1763 831 videtur
1791 771 2133 849 importare
2159 787 2314 831 con-

771 879 1101 942 tinentiam
1147 878 1530 941 ambientem
1572 897 1587 939 z
1641 875 1748 939 sed
1793 875 1932 938 haec
1967 880 2061 938 est
2105 876 2312 956 magis

772 984 1124 1067 impropria
1161 1002 1178 1047 ε
1229 981 1453 1047 «Deus
1497 987 1591 1046 est
1632 982 1910 1060 locatus3
1942 1003 1971 1040 n
2009 985 2073 1044 et
2102 981 2311 1044 adhuc

769 1091 890 1155 ista
910 1097 1004 1155 εει
1028 1091 1174 1175 plus
1195 1091 1548 1174 impropria
1579 1109 1597 1153 ι
1636 1113 1666 1149 α
1688 1087 1854 1153 Deus
1878 1093 1971 1152 est
1990 1088 2241 1152 localis:
2269 1109 2300 1147 n

769 1205 833 1264 ει
860 1200 1003 1264 ideo
1031 1217 1162 1263 non
1195 1204 1290 1262 est
1330 1198 1720 1280 recipienda,
1751 1196 1861 1261 sed
1902 1195 2301 1279 exponenda.

847 1312 908 1372 2.
939 1308 1037 1372 Ad
1069 1307 1226 1373 illud
1254 1306 1425 1390 quod
1466 1305 1765 1388 objicitur
1793 1323 1810 1368 z
1851 1327 1881 1365 α
1910 1302 2088 1382 Quod
2116 1310 2211 1368 est
2238 1304 2307 1367 in

766 1433 901 1479 uno
925 1414 1093 1494 loce,
1123 1418 1219 1478 est
1242 1411 1478 1489 loca1e;
1504 1433 1535 1470 ι
1570 1410 1911 1476 dicendum
1945 1409 2119 1493 quod
2149 1409 2307 1473 illud

765 1526 889 1598 est,
956 1521 1109 1603 quia
1157 1519 1334 1583 locus
1388 1518 1831 1601 superexcellit
1884 1519 2097 1599 ipsum
2142 1517 2305 1580 loca-
2385 1597 2390 1604 ,

764 1635 938 1708 tum;
970 1629 1140 1693 unde
1166 1628 1329 1693 illud
1356 1627 1762 1704 determinat,
1796 1632 1859 1689 ει
1886 1626 2120 1691 diffinit
2147 1643 2164 1687 ε
2197 1624 2307 1688 sed

763 1737 1021 1821 quando
1043 1736 1229 1799 estin
1252 1735 1582 1814 omnihuS,
1612 1734 1827 1817 ipsum
1857 1733 2308 1814 superexcellit

763 1843 979 1908 omnia
1004 1843 1143 1907 loca
1184 1866 1199 1907 ε
1238 1847 1301 1907 ει
1326 1844 1468 1906 ideo
1499 1860 1692 1923 super
1717 1841 1840 1904 hoc
1876 1858 2008 1903 non
2048 1844 2303 1903 tantum

666 1935 673 1944 ’
763 1956 1026 2033 possunt
1064 1951 1281 2015 omnia
1318 1951 1488 2030 loca,
1530 1954 1848 2032 quantum
1889 1952 2095 2031 potest
2133 1965 2305 2011 unus

761 2057 940 2123 locus
988 2076 1180 2140 super
1220 2057 1379 2121 illud
1420 2056 1594 2139 quod
1641 2060 1735 2119 est
1774 2060 2025 2118 tantum
2067 2054 2134 2116 in
2169 2071 2304 2117 uno

760 2165 900 2231 loco
932 2186 949 2229 z
981 2171 1044 2230 et
1068 2166 1210 2230 ideo
1239 2183 1372 2230 non
1397 2169 1491 2228 est
1524 2164 1739 2226 localis
1778 2163 2087 2226 dicendus
2113 2160 2298 2226 Deus,

844 2280 903 2341 3.
946 2276 1044 2342 Ad
1071 2276 1227 2340 illud
1262 2275 1433 2357 quod
1468 2275 1766 2357 objicitur
1792 2273 1963 2355 quod
2003 2271 2171 2336 Deus
2209 2277 2304 2335 est

761 2383 902 2463 hic,
946 2388 1098 2463 etc.;
1140 2383 1479 2447 dicendum
1509 2382 1679 2466 quod
1715 2381 1820 2446 hic
1860 2385 2064 2463 potest
2099 2381 2302 2444 teneri
2352 2394 2355 2398 ’

763 2494 1097 2576 dupliciter
1134 2512 1151 2556 :
1186 2497 1300 2557 aut
1335 2491 1831 2556 demonstrative
1870 2492 2157 2565 tantum,
2189 2495 2303 2554 aut

762 2602 1256 2667 demonstrative
1299 2604 1363 2664 et
1394 2600 1722 2664 discretive
1768 2621 1784 2661 ι
1826 2598 2159 2662 sitantum
2183 2597 2299 2662 de-

762 2710 1194 2789 monstrative,
1216 2709 1307 2773 sic
1327 2726 1557 2773 verum
1579 2713 1711 2772 est:
1749 2729 1779 2767 α
1802 2705 1967 2769 Deus
1988 2710 2083 2768 εει
2105 2705 2234 2781 hic,
2259 2727 2292 2764 ι)

761 2820 915 2902 quia
948 2836 1080 2882 non
1122 2822 1216 2883 est
1253 2818 1510 2899 signare
1547 2816 1793 2894 Iocum,
1833 2815 1939 2878 cui
1971 2812 2138 2877 Deus
2168 2830 2302 2876 non

760 2926 846 2990 sit
874 2943 1181 3008 praesens;
1222 2926 1278 2989 si
1307 2930 1522 2989 autem
1549 2922 1914 3001 discretive,
1947 2921 2182 2984 falsum
2207 2924 2304 2984 est

760 3052 896 3121 esse
922 3034 1063 3115 hic,
1107 3039 1170 3098 et
1197 3052 1330 3098 non
1365 3034 1658 3117 sequitur
1696 3049 1780 3095 ex
1807 3029 2015 3114 prima
2035 3077 2054 3109 ‚
2088 3032 2152 3092 et
2177 3028 2301 3091 hoc

760 3161 954 3208 sensu
979 3141 1263 3225 procedit
1288 3160 1407 3205 sua
1431 3141 1615 3203 ratio.

841 3255 905 3315 4.
934 3250 1033 3315 Ad
1061 3249 1216 3314 illud
1234 3249 1407 3332 quod
1424 3248 1779 3332 quaeritur:
1813 3270 1845 3307 (ι
1872 3247 2003 3310 Aut
2019 3243 2187 3309 Deus
2207 3252 2302 3309 est

760 3358 1117 3433 secundum
1141 3361 1351 3422 totum
1369 3405 1387 3437 ,
1419 3362 1566 3435 etc„
1607 3377 1638 3414 ι
1669 3354 2006 3419 dicendum
2028 3352 2201 3435 quod
2230 3353 2300 3416 in

761 3462 890 3529 Deo
935 3469 1088 3529 sunt
1139 3464 1333 3529 simul
1378 3463 1744 3546 simplicitas
1760 3511 1778 3543 ,
1835 3466 1899 3525 et
1939 3462 2222 3525 infinitas
2276 3479 2294 3523 ε

760 3571 1015 3653 quando
1050 3589 1209 3652 ergo
1237 3571 1584 3654 apponitur
1616 3571 1785 3633 circa
1823 3568 2026 3633 Deum
2056 3585 2299 3631 nomen

761 3674 1111 3759 imPortans
1136 3676 1539 3756 totalitatem,
1572 3680 1775 3759 potest
1814 3674 2146 3757 dupliciter
2185 3692 2298 3756 ap-

757 3786 944 3869 poni,
975 3786 1079 3852 vel
1102 3788 1347 3851 ratione
1389 3787 1839 3869 simplicitatis,
1884 3790 1948 3849 et
1975 3785 2064 3848 sic
2090 3786 2303 3867 privat

757 3898 1004 3977 partem
1023 3942 1040 3972 ,
1076 3898 1141 3959 et
1180 3899 1428 3978 partem
1462 3918 1476 3958 ε
1513 3899 1577 3959 ει
1607 3896 1697 3959 sic
1739 3893 2142 3975 significatur
2184 3910 2300 3974 per

758 4018 996 4064 nomen
1034 4001 1278 4082 Totum,
1299 4007 1373 4067 ut
1399 4004 1451 4066 si
1473 4002 1757 4066 dicatur:
1786 3998 2027 4064 «Totus
2044 3999 2207 4062 Deus
2226 4020 2241 4062 :
2258 4019 2289 4057 ι)

756 4107 821 4166 ει
846 4104 1151 4186 quoniam
1185 4103 1351 4169 Deus
1385 4105 1457 4168 in
1487 4104 1666 4168 omni
1695 4105 1833 4168 loco
1866 4102 2141 4185 simplex
2169 4105 2294 4180 est,

755 4213 819 4273 et
843 4211 1168 4292 quodlibet
1204 4216 1300 4274 est
1332 4231 1536 4295 capax
1565 4210 1988 4295 simplicitatis
2020 4208 2293 4284 divinae,

753 4314 895 4380 ideo
914 4317 1161 4380 ratione
1188 4318 1604 4401 simplicitatis
1618 4317 1783 4382 Deus
1803 4321 1898 4381 εει
1924 4317 1993 4379 in
2012 4315 2298 4398 quolibet

753 4426 947 4487 totuS.
981 4421 1191 4486 Potest
1217 4422 1456 4487 iterum
1486 4423 1763 4488 totalitas
1788 4423 2023 4507 apponi
2048 4422 2297 4486 ratione

752 4528 1120 4608 multatis,
1154 4535 1218 4593 et
1259 4531 1382 4594 hoc
1427 4532 1499 4594 fit
1537 4549 1651 4614 per
1688 4531 2068 4595 adverbium
2091 4578 2109 4607 ,
2136 4535 2211 4594 ut
2241 4528 2295 4592 si

752 4634 1000 4700 dicatur
1029 4654 1046 4696 ε
1081 4635 1291 4700 «Deus
1317 4643 1410 4700 est
1434 4639 1707 4702 totaliter
1724 4639 1795 4701 in
1810 4637 1949 4701 loco
1975 4638 2122 4716 hoc,
2156 4637 2293 4701 sive

752 4744 1105 4807 secundum
1131 4747 1339 4807 totum
1359 4767 1374 4808 ε
1394 4766 1426 4804 1>
1451 4745 1649 4823 etsie,
1672 4763 1821 4809 cum
1846 4745 2064 4810 divina
2086 4743 2296 4808 infini-

753 4857 850 4916 tas
870 4872 912 4917 a
931 4853 1110 4918 nullo
1127 4853 1266 4918 loco
1284 4854 1671 4934 includatur,
1690 4854 1854 4919 Deus
1871 4857 1941 4917 in
1956 4854 2137 4917 nullo
2155 4854 2292 4917 loco

750 4965 846 5025 est
880 4961 1232 5026 secundum
1282 4966 1515 5024 totum.
1565 4959 1829 5037 Quando
1865 4979 2023 5043 ergo
2060 4960 2293 5043 quaeri-

750 5072 858 5133 tur
889 5091 903 5132 :
938 5091 969 5130 α
988 5070 1120 5133 Aut
1141 5069 1495 5134 secundum
1509 5074 1779 5152 partem,
1799 5072 1912 5133 aut
1930 5068 2288 5132 secundum

749 5179 983 5256 totum,
1002 5198 1033 5236 ι»
1067 5176 1408 5241 dicendum
1426 5176 1597 5258 quod
1621 5193 1751 5239 non
1768 5175 1995 5239 dividit
2018 5193 2134 5257 per
2161 5176 2287 5237 im·

818 5300 835 5334 ¹
858 5300 939 5362 Cf.
968 5301 1115 5351 Alex.
1142 5300 1361 5362 Alensis,
1399 5313 1452 5365 p.
1482 5302 1535 5364 l,
1563 5314 1614 5364 q.
1634 5311 1761 5364 xm,
1790 5300 1982 5350 memb.
2004 5302 2063 5364 35
2109 5300 2284 5364 Steph.

752 5370 963 5435 Brulet„
993 5372 1009 5421 Ι
1034 5374 1192 5429 sent..
1221 5373 1338 5422 dist.
1356 5384 1559 5436 xxxvu,
1578 5385 1630 5435 q.
1653 5384 1739 5434 lx;
1768 5373 1947 5422 Petrus
1965 5372 2030 5422 dc
2060 5372 2286 5436 Tan-ant„

782 5442 963 5502 δοκε..
989 5443 1103 5493 dist.
1129 5455 1313 5494 nxvu
1326 5480 1345 5509 ,
1373 5459 1426 5509 q.
1447 5455 1543 5495 vn.
1560 5470 1623 5482 —
1640 5448 1661 5477 ²
1678 5445 1911 5508 August„
1933 5443 1994 5493 de
2019 5443 2195 5493 Genes.
2222 5443 2293 5492 ad

753 5510 877 5575 Im„
895 5513 984 5565 lib.
1007 5515 1139 5577 vlu,
1160 5528 1209 5566 c.
1227 5527 1373 5580 mn,
1391 5530 1449 5565 n.
1466 5518 1617 5567 48.—
1636 5515 1844 5579 ’Al-ist„
1863 5516 2061 5581 Physic.
2085 5514 2173 5566 lib.
2195 5516 2286 5577 ut,

2421 662 2728 738 mediata,
2757 661 2911 743 quia
2939 660 3106 726 Deus
3128 679 3262 725 non
3303 662 3661 726 secundum·
3684 666 3941 745 partem,

2419 770 2575 852 quia
2604 770 2909 852 simplem
2959 789 3080 833 nec
3125 770 3480 833 secundum
3527 775 3733 833 totum
3753 819 3771 850 ,
3803 772 3945 853 quia

2418 877 2742 940 infinitus:
2771 882 2836 941 ct
2866 877 3008 941 ideo
3036 878 3337 941 dicendus
3362 881 3455 940 est
3481 881 3651 942 totus
3671 877 3742 940 in
3758 878 3947 959 quoli-

2418 985 2524 1049 bet
2548 985 2725 1064 1000,
2755 1003 2888 1049 non
2917 990 3131 1048 tamen
3162 984 3461 1050 totaliter.
3545 999 3554 1014 ‘

2946 1210 3302 1290 QUAESTIO
3335 1212 3414 1277 II.

2558 1365 2653 1421 An
2680 1366 2819 1421 Deus
2842 1367 2919 1422 sit
2943 1366 3229 1423 mutabilis
3254 1365 3537 1422 secundiani
3567 1366 3739 1422 locum
3758 1367 3798 1419 ¹.

2494 1519 2723 1585 Utrum
2769 1520 2937 1584 Deus
2982 1522 3064 1584 sit
3108 1521 3433 1586 mutabilis
3464 1522 3817 1586 secundum
3859 1521 3949 1586 lo—
3971 1545 4105 1599 rua..

2416 1646 2599 1706 cum;
2632 1633 2696 1692 et
2721 1629 2894 1710 quod
2925 1647 3057 1692 non
3082 1677 3099 1707 ,
3132 1630 3385 1692 videtur
3412 1629 3523 1692 sic.
3556 1628 3854 1710 Magister
3884 1630 3947 1693 in

2412 1736 2621 1799 littera
2661 1736 2845 1816 dicit,
2878 1740 2939 1799 et
2983 1736 3209 1819 accipit
3244 1738 3324 1800 ab
3351 1738 3737 1818 ‚Augustino
3768 1754 3946 1820 super

2418 1846 2779 1912 Genesim¹z
2811 1869 2843 1907 α
2870 1846 3034 1910 Deus
3051 1847 3230 1911 estin
3258 1848 3771 1930 omnitempore,
3799 1853 3859 1913 et
3883 1849 3946 1912 in

2411 1956 2591 2019 omni
2623 1955 2764 2019 loco
2797 1978 2811 2019 ε
2855 1973 2985 2019 non
3023 1961 3239 2019 tamen
3284 1960 3583 2020 movetur
3626 1975 3744 2038 per
3783 1957 3941 2034 loca,

2410 2062 2515 2126 vel
2536 2067 2849 2143 tempora.
2876 2083 2913 2139 p)

2491 2167 2652 2234 Item
2688 2169 2928 2233 ratione
2964 2169 3315 2235 ostenditur
3336 2219 3354 2251 ,
3399 2170 3552 2253 quia
3597 2175 3815 2236 motus
3855 2175 3943 2235 est

2408 2281 2589 2340 actus
2616 2276 3022 2358 imperfectus
3048 2277 3109 2339 ⁸:
3136 2277 3244 2341 sed
3273 2278 3337 2339 in
3359 2276 3483 2341 Deo
3504 2277 3684 2341 nulla
3713 2282 3806 2341 est
3835 2277 3944 2341 im·

2410 2384 2707 2466 perfectio
2738 2402 2755 2447 :
2788 2401 2947 2465 ergo
2969 2402 3089 2448 nec
3117 2384 3473 2449 secundum
3494 2383 3711 2448 locum
3743 2390 3949 2448 muta-

2392 2492 2520 2555 tio.

2489 2592 2685 2673 Item,
2715 2612 2832 2676 per
2869 2612 3130 2658 omnem
3159 2599 3410 2658 motum
3449 2593 3686 2676 aliquid
3724 2594 3947 2678 acqui-

2409 2701 2576 2765 ritur
2591 2701 2615 2735 ⁸
2641 2703 2788 2766 :sed
2810 2700 2976 2766 Deus
2994 2703 3246 2766 nullum
3273 2703 3485 2765 locum
3512 2707 3722 2784 potest
3746 2704 3949 2786 acqui·

2408 2828 2580 2886 rere,
2610 2811 2761 2893 quia
2796 2815 2892 2874 εει
2928 2811 3169 2894 ubique
3203 2835 3218 2875 ε
3251 2830 3408 2892 ergo
3435 2811 3827 2895 impossibile
3862 2816 3950 2876 est

2408 2908 2611 2982 Deum
2632 2919 2983 2983 secundum
3009 2919 3224 2983 locum
3250 2920 3509 2984 mutari.

2490 3027 2680 3104 Item,
2720 3027 2997 3090 nobilior
3031 3028 3358 3109 dispositio
3398 3033 3493 3092 est
3537 3028 3723 3110 quies
3759 3046 3946 3110 quam

2407 3141 2623 3199 motus
2657 3155 2674 3199 ε
2702 3136 2813 3199 sed
2841 3135 3013 3218 quod
3037 3137 3318 3200 nobilius
3342 3142 3473 3217 est,
3507 3137 3635 3202 Deo
3653 3141 3752 3201 est
3780 3136 3949 3200 attri-

2407 3243 2737 3308 buendum
2760 3264 2777 3307 :
2800 3262 2959 3326 ergo
2980 3245 3371 3327 impossibile
3393 3250 3487 3309 εει
3507 3245 3712 3309 Deum
3732 3262 3950 3309 secun-

2406 3350 2563 3417 dum
2585 3350 2798 3415 locum
2817 3353 3087 3432 mutari,
3119 3353 3228 3416 sed
3255 3371 3508 3436 semper
3534 3353 3830 3434 quiescit.

2486 3459 2753 3523 Contra:
2779 3463 2839 3523 1.
2860 3478 2974 3541 per
2992 3461 3433 3541 Augustinum
3465 3460 3546 3525 ad
3565 3459 3864 3525 Orosium
3882 3461 3944 3521 ⁸:
3976 3506 4035 3551 Μ
4057 3516 4103 3561 om

2416 3589 2448 3627 α
2472 3564 2638 3631 Deus
2658 3572 2871 3632 movet
2896 3586 2965 3631 se
2990 3569 3127 3632 sine
3146 3573 3430 3651 tempore
3449 3572 3512 3632 et
3529 3568 3667 3632 loco
3692 3587 3710 3631 :
3736 3590 3767 3628 ι)
3793 3586 3948 3649 ergo

2405 3673 2660 3737 videtur
2687 3674 2860 3757 quod
2888 3674 3056 3739 Deus
3085 3680 3416 3741 moveatur
3448 3696 3464 3738 ι
3494 3674 3603 3739 sed
3630 3674 3943 3757 perfectis-

2405 3780 2612 3844 simus
2632 3784 2929 3844 motuum
2951 3785 3048 3844 est
3072 3785 3283 3846 motus
3300 3780 3655 3846 secundum
3675 3781 3896 3846 locum
3928 3804 3941 3844 ε

2405 3906 2605 3968 ergO,
2631 3893 2749 3952 etc.

2486 4000 2547 4059 2.
2600 3995 2759 4060 Item
2810 3995 3085 4061 Isidorus
3136 3997 3159 4032 ⁸
3208 4019 3224 4061 ε
3281 4021 3314 4059 α
3358 3996 3520 4061 Cum
3566 3995 3648 4059 sit
3688 3993 3948 4059 illocalis

2406 4100 2609 4183 Deu8‚
2636 4103 2920 4168 localiter
2949 4108 3166 4168 tamen
3191 4104 3477 4168 ambulat
3498 4104 3567 4166 in
3595 4102 3833 4167 sanctis
3862 4123 3878 4164 ε
3909 4120 3939 4159 ι

2404 4229 2564 4292 ergo
2590 4211 2814 4275 saltem
2839 4210 3093 4275 videtur
3111 4212 3349 4275 mutari
3372 4229 3488 4294 per
3513 4210 3830 4274 accidenS.

2486 4323 2545 4382 3.
2567 4318 2725 4382 Item
2747 4319 2869 4382 hoc
2886 4318 3142 4383 videtur
3172 4318 3447 4397 ratione3
3477 4317 3652 4399 quia,
3685 4332 3951 4380 moven-

2403 4426 2575 4488 tibus
2627 4426 2811 4488 nobis
2829 4473 2847 4505 ,
2906 4430 3252 4489 moventur
3302 4443 3408 4502 ea,
3458 4442 3605 4506 quae
3645 4424 3718 4487 in
3770 4422 3949 4487 nobis

2402 4537 2577 4597 sunt.
2614 4531 2747 4596 Hoc
2771 4532 2923 4596 dicit
2948 4531 3369 4615 Philosophus
3389 4538 3445 4611 ⁷,
3477 4535 3541 4595 et
3574 4531 3728 4595 dicit
3756 4548 3949 4612 prop-

2403 4646 2500 4704 ter
2523 4640 2760 4703 formas
2779 4686 2797 4715 ,
2828 4657 2977 4721 quae
3014 4658 3147 4703 non
3177 4645 3330 4703 sunt
3368 4640 3436 4701 in
3467 4656 3602 4702 uno
3642 4635 3943 4701 determi-

2402 4751 2588 4811 nate:
2611 4765 2770 4829 ergo
2796 4748 2852 4810 si
2880 4746 3048 4811 Deus
3066 4752 3161 4810 est
3187 4747 3260 4811 in
3287 4747 3495 4825 nebia,
3524 4745 3692 4809 Deus
3720 4761 3944 4809 move-

2402 4856 2511 4918 tur
2537 4853 2604 4917 in
2636 4854 2819 4918 nobis
2847 4855 3068 4919 saltem
3097 4853 3454 4918 secundum
3482 4852 3801 4917 accidens.

2480 4964 2542 5024 4.
2573 4959 2763 5042 Item,
2785 4962 3085 5044 quamvis
3111 4961 3278 5026 Deus
3293 5009 3310 5039 ,
3342 4963 3662 5044 quantum
3685 4959 3768 5023 ad
3787 4959 3945 5024 exis

2399 5067 2696 5148 tentiam,
2731 5085 2847 5150 per
2885 5068 3223 5133 essentiam
3266 5085 3399 5131 non
3438 5065 3819 5131 determinet
3852 5066 3946 5131 lo-

2399 5193 2582 5255 cum;
2636 5180 2853 5240 tamen
2870 5223 2888 5255 ‚
2942 5181 3260 5259 quantum
3312 5176 3394 5239 ad
3437 5175 3902 5239 habitationem
3921 5220 3939 5252 ,

2400 5304 2537 5350 cont.
2565 5302 2644 5350 15.
2663 5327 2726 5337 —
2741 5299 2766 5334 ¹·
2783 5301 2956 5364 Arist„
2983 5299 3179 5365 Physac.
3206 5300 3295 5349 lib.
3322 5301 3390 5350 VI
3402 5337 3419 5363 ,
3447 5303 3588 5350 cont.
3609 5303 3655 5352 7.
3673 5325 3740 5337 —
3757 5301 3781 5335 ⁸
3796 5303 3944 5363 Aug„

2398 5371 2468 5422 ad
2492 5373 2655 5434 Oros„
2683 5386 2736 5438 q.
2757 5384 2829 5423 lv.
2849 5399 2912 5409 —
2930 5374 3170 5436 ⁸lsidor„
3195 5372 3256 5421 de
3276 5386 3466 5421 summo
3495 5372 3648 5434 Bono,
3675 5386 3726 5422 c.
3750 5383 3788 5422 η
3806 5408 3821 5434 ,
3845 5370 3876 5434 ς
3898 5374 3945 5418 5.

2396 5469 2460 5483 —
2473 5445 2496 5480 ‘¹
2511 5444 2688 5509 Arist„
2710 5444 3025 5505 Proedicoen.‚
3045 5459 3093 5495 c.
3110 5445 3172 5494 de
3187 5443 3500 5508 Substantia,
3517 5449 3570 5495 ει
3585 5445 3751 5507 sapic.
3771 5443 3861 5492 lib.
3881 5442 3943 5505 ll,

2398 5528 2446 5566 c.
2468 5525 2549 5565 111.
