4125 6225
712 416 832 479 458
1823 408 2441 501 ΒΕΝΤΕΝΤΙᾼΒΠΜ
2479 411 2629 479 Lm.
2673 412 2751 478 11.

1832 733 2560 831 DISTINCTIO
2627 736 2764 829 IX

916 962 993 1007 1>ss
1037 960 1559 1016 CONSEQUENTIBUS
1603 960 2137 1008 CONFmMA‘rIoNEM
2191 962 2558 1010 ANGELORUM
2605 964 2889 1012 BoNomm
2942 964 3233 1019 QUANTUM
3279 964 3364 1009 An
3408 961 3687 1009 oanmmfl

2062 1070 2525 1118 DISTINCTIONEM
2534 1102 2547 1117 .

480 1269 582 1375 plen
579 1269 693 1375 0321:
808 1246 963 1315 Post
982 1244 1285 1338 praedicta
1314 1252 1609 1336 superest
1634 1266 2016 1335 cognoscere
2040 1243 2120 1314 de
2139 1246 2480 1316 ordinibus
2498 1249 2886 1338 angelorum
2914 1246 3074 1341 quid
3096 1247 3435 1340 Scriptura
3457 1245 3670 1315 tradat
3702 1268 3718 1311 ε
3743 1266 3885 1335 quae

477 1396 694 1451 unctione,
723 1387 790 1432 ιη
821 1362 1124 1455 pluribus
1149 1362 1299 1429 lsois
1325 1383 1563 1431 novem
1610 1384 1744 1430 esse
1781 1361 2044 1431 ordines
2085 1364 2471 1453 angelorum
2503 1366 2922 1457 promulgat,
2955 1364 3196 1433 scilicet
3231 1362 3560 1453 AngeloS,
3605 1360 3890 1429 Archan-

496 1459 600 1513 qui,
635 1463 679 1501 et

479 1521 692 1574 quotam,
721 1480 935 1571 gelos,
970 1479 1417 1571 Principatus,
1447 1479 1833 1566 PotestateS,
1863 1479 2161 1549 Virtutes
2187 1535 2207 1566 ,
2255 1480 2790 1568 Dominationes,
2842 1482 3173 1568 Thronos„
3219 1479 3576 1551 Cherubim
3614 1486 3678 1547 et
3715 1477 3891 1547 Sera—

720 1597 925 1688 phim.
959 1596 1042 1664 Et
1070 1597 1507 1665 inveniuntur
1532 1596 1602 1664 in
1633 1597 1775 1666 istis
1802 1597 2148 1666 ordinibus
2177 1597 2303 1665 tria
2341 1605 2528 1666 terna
2560 1621 2695 1666 esse
2717 1651 2734 1684 ,
2788 1607 2852 1666 et
2889 1598 2960 1667 in
3003 1597 3284 1688 singulis
3319 1606 3449 1666 tres
3491 1595 3783 1682 ordineS,
3821 1603 3891 1664 ut

722 1715 1062 1783 Trinitatis
1087 1713 1452 1783 similitudo
1480 1713 1549 1782 in
1580 1714 1673 1782 eis
1698 1714 2070 1784 insinuetur
2094 1717 2445 1807 impressa3
2478 1716 2655 1785 unde
2681 1715 3039 1808 Dionysius
3064 1723 3195 1783 tres
3219 1713 3484 1783 ordines
3509 1712 3890 1803 angelorum

721 1854 857 1899 esse
882 1829 1082 1899 tradit
1107 1831 1154 1916 ¹,
1185 1838 1408 1899 ternos
1432 1831 1501 1898 in
1531 1831 1810 1920 singulis
1852 1854 2123 1923 ponens,
2172 1832 2344 1902 Sunt
2383 1833 2560 1902 enim
2604 1840 2731 1902 tres
2760 1833 3160 1925 superiores,
3191 1840 3323 1901 tres
3344 1831 3729 1915 inferiores,
3773 1838 3892 1898 tres

721 1946 920 2016 medii
955 1973 969 2015 :
1003 1947 1403 2039 superioreS,
1437 1946 1814 2041 Seraphim,
1846 1948 2203 2018 Cherubim
2229 2003 2246 2038 ‚
2291 1950 2575 2038 Throni3
2618 1950 2861 2038 medii,
2911 1950 3399 2020 Dominationes
3425 2002 3443 2036 ,
3485 1948 3891 2041 Principatus

725 2073 788 2132 et
813 2064 1196 2149 Potestates;
1232 2062 1570 2133 inferiores
1595 2118 1613 2151 ,
1649 2065 1945 2134 Virtutes
1965 2119 1982 2152 ,
2019 2066 2451 2156 Archangeli,
2483 2067 2745 2157 Angeli.

483 2205 595 2258 Quia
622 2217 696 2261 ap-
812 2181 935 2248 Hic
960 2180 1504 2250 considerandum
1535 2189 1667 2268 est,
1701 2181 1859 2274 quid
1888 2183 2257 2274 appelletur
2276 2183 2478 2271 ordo;
2511 2183 2746 2252 deinde
2763 2236 2781 2269 ‚
2813 2189 3041 2251 utrum
3068 2183 3154 2251 ab
3182 2181 3322 2274 ipsa
3346 2181 3675 2250 creatione
3703 2180 3890 2251 fuerit

495 2268 696 2381 Jifflfft'ssi
725 2297 1054 2366 distinctio
1089 2297 1357 2365 illorum
1400 2298 1731 2367 ordinum.
1778 2297 1955 2367 Ordo
2000 2309 2221 2368 autem
2266 2300 2510 2369 dicitur
2547 2299 2905 2369 multitudo
2945 2298 3306 2369 eoelestium
3349 2297 3743 2391 spirituum,
3782 2298 3891 2390 qui

482 2405 600 2499 ,Ξζῗ
621 2398 696 2499 ἓξ,
725 2414 898 2482 inter
921 2437 988 2482 se
1029 2415 1099 2482 in
1129 2415 1353 2506 aliquo
1387 2438 1660 2484 munere
1697 2416 1921 2505 gratiae
1960 2416 2359 2504 similantur,
2411 2417 2581 2485 sicut
2627 2425 2690 2484 et
2732 2417 2801 2484 in
2831 2415 3237 2485 naturalium
3278 2415 3583 2484 datorum
3629 2437 3890 2484 munere

477 2517 698 2638 332⁰*
726 2533 1150 2602 conveniunt.
1180 2532 1301 2619 Ut,
1335 2532 1520 2602 verbi
1548 2534 1790 2623 gratia,
1825 2534 2164 2626 Seraphim
2188 2587 2206 2621 ,
2232 2542 2309 2603 ut
2355 2535 2586 2603 beatus
2614 2533 2972 2623 Gregorius
3008 2531 3102 2600 ait
3132 2539 3186 2618 ¹,
3228 2522 3263 2598 ἑ(
3288 2531 3602 2600 dicuntur
3625 2533 3743 2624 qui
3768 2554 3889 2624 prae

722 2648 869 2716 aliis
903 2648 1136 2718 ardent
1161 2650 1470 2719 charitate
1501 2676 1516 2718 :
1549 2650 1894 2744 Seraphim
1923 2651 2099 2719 enim
2129 2651 2595 2743 interpretatur
2621 2649 2857 2719 ardens
2874 2702 2893 2736 ,
2917 2649 3023 2719 vel
3052 2649 3468 2719 succendens.
3498 2648 3883 2735 Cherubim,

723 2766 841 2858 qui
880 2788 1016 2858 prae
1058 2767 1205 2835 aliis
1246 2766 1317 2836 in
1357 2767 1618 2836 scientia
1665 2767 1956 2836 eminent
2000 2793 2015 2836 ε
2058 2768 2413 2838 Cherubim
2469 2769 2645 2836 enim
2694 2769 3161 2860 interpretatur
3211 2764 3547 2858 plenitudo
3586 2766 3885 2836 scientiae.

724 2882 1029 2951 Thronus
1055 2883 1297 2953 dicitur
1327 2884 1507 2954 sedes
1541 2911 1557 2953 ε
1590 2885 1839 2953 Throni
1866 2892 2088 2953 autem
2118 2892 2459 2972 vocantur,
2499 2885 2618 2977 qui
2647 2892 2829 2953 tanta
2865 2882 3229 2953 divinitatis
3273 2882 3485 2972 gratia
3519 2882 3889 2973 replentur,

730 2999 897 3068 utin
925 3000 1017 3068 eis
1041 3001 1259 3070 sedeat
1286 3001 1492 3086 Deus,
1532 3009 1598 3068 et
1634 3024 1749 3093 per
1791 3023 1900 3069 eos
1938 2999 2189 3092 judicia
2229 3001 2573 3087 decernat,
2605 3009 2803 3093 atque
2843 3000 3177 3069 informet.
3223 2998 3722 3068 Dominationes
3747 3021 3894 3069 vero

729 3126 1072 3203 vocantur,
1102 3119 1222 3212 qui
1256 3119 1656 3211 principatus
1684 3127 1747 3186 et
1773 3127 2119 3212 potestates
2145 3120 2636 3189 transcendunt.
2662 3119 3082 3210 Principatus
3098 3118 3432 3204 dicuntur,
3457 3118 3576 3209 qui
3604 3117 3731 3186 sibi
3757 3118 3895 3187 snb·

719 3234 907 3326 jectis
930 3288 947 3321 ,
980 3257 1127 3327 qnae
1156 3243 1312 3304 sunt
1338 3236 1593 3324 agenda
1617 3234 2007 3328 disponunt,
2055 3237 2281 3329 eisque
2318 3236 2399 3306 ad
2445 3237 2768 3329 explenda
2815 3235 3043 3304 divina
3071 3234 3379 3327 mysteria
3421 3234 3890 3326 principantur.

725 3353 1076 3419 potestates
1103 3351 1533 3420 nominantur
1557 3352 1628 3420 hi
1648 3405 1665 3439 ,
1695 3352 1813 3444 qui
1843 3352 1965 3421 hoc
1989 3353 2233 3421 caeteris
2260 3354 2596 3445 potentius
2623 3353 2694 3420 in
2723 3374 2841 3421 suo
2873 3351 3104 3420 ordine
3131 3359 3518 3442 acceperunt
3542 3404 3560 3436 ,
3593 3360 3671 3419 ut
3699 3353 3895 3420 virtu-

725 3477 820 3537 tes
849 3470 1135 3538 adversae
1160 3468 1253 3536 eis
1275 3468 1581 3559 subjectae
1613 3490 1845 3538 eorum
1880 3469 2316 3538 refraenentur
2351 3476 2699 3563 potestate,
2750 3492 2869 3537 nec
2894 3468 3191 3537 homines
3225 3475 3483 3537 tantum
3512 3475 3767 3536 tentare
3793 3489 3896 3536 va-

725 3585 935 3671 leant,
958 3592 1279 3676 quantum
1311 3584 1701 3654 desiderant.
1736 3587 2032 3655 Virtutes
2057 3595 2376 3656 vocantur
2425 3586 2561 3673 illi,
2594 3609 2711 3679 per
2738 3610 2903 3678 quos
2939 3585 3129 3675 signa
3164 3593 3227 3654 et
3250 3585 3568 3653 miracula
3599 3585 3896 3677 frequen-

728 3710 825 3770 ter
854 3704 1061 3789 fiunt3
1097 3701 1530 3793 Archangeli,
1558 3703 1674 3795 qui
1701 3704 1950 3796 majora
1976 3704 2283 3798 nuntiant
2310 3731 2328 3791 ;
2360 3704 2600 3794 Angeli
2626 3757 2644 3791 ,
2676 3704 2793 3797 qui
2826 3701 3105 3771 minora.

540 3843 663 3896 Quod
814 3819 967 3887 Haec
995 3820 1264 3888 nomina
1292 3820 1423 3888 illis
1451 3843 1584 3889 non
1614 3831 1878 3912 propter
1904 3845 1971 3890 se
1999 3874 2015 3907 ,
2047 3820 2159 3890 sed
2196 3827 2461 3913 propter
2506 3844 2625 3889 nos
2664 3821 2757 3891 eis
2798 3820 2949 3889 data
2992 3826 3147 3887 sunt
3181 3844 3195 3886 :
3233 3818 3348 3911 qui
3387 3818 3567 3887 enim
3600 3817 3728 3887 sibi
3768 3818 3897 3886 noti

486 3909 699 4015 ,ζ’ζῖξζῃ
727 3946 882 4005 sunt
908 3938 1454 4029 contemplatione
1481 3989 1498 4023 ,
1531 3936 1722 4005 nobis
1748 3937 2166 4005 innotescunt
2191 3937 2780 4027 cognominatione.
2814 3937 2895 4005 Et
2921 3935 3348 4006 nominantur
3370 3934 3620 4024 singuli
3648 3934 3898 4016 ordines

503 4039 687 4151 ξζῗρζξὲ
728 4077 765 4121 a
794 4053 980 4123 donis
1005 4055 1368 4144 gratiarum
1389 4109 1407 4143 ,
1436 4077 1584 4147 quae
1609 4078 1744 4124 non
1770 4055 2218 4145 singulariter,
2253 4054 2363 4123 sed
2393 4055 2785 4123 excellenter
2812 4053 2965 4122 data
2989 4053 3241 4122 suntin
3271 4052 3795 4145 participatione.
3827 4053 3898 4121 In

504 4167 682 4217 mm&
725 4171 844 4240 illa
870 4172 1044 4239 enim
1074 4171 1319 4240 coelesti
1345 4172 1554 4258 curia,
1587 4173 1702 4240 ubi
1730 4172 2072 4264 plenitudo
2099 4171 2262 4240 boni
2288 4180 2406 4259 est,
2445 4172 2595 4241 licet
2621 4171 2920 4264 quaedam
2950 4171 3101 4239 data
3124 4169 3259 4238 sint
3281 4170 3700 4258 excellenter,
3734 4169 3893 4238 nihil

510 4237 588 4268 nos
612 4225 676 4268 eis

486 4286 701 4404 ⁶⁸2u2¹¹¹¹t
728 4295 947 4356 tamen
976 4287 1343 4379 possidetur
1382 4288 1824 4378 singulariter.
1874 4288 2115 4358 Omnia
2156 4289 2336 4357 enim
2376 4288 2448 4357 in
2477 4288 2786 4358 omnibus
2826 4294 2980 4355 sunt
3005 4339 3022 4374 ‚
3060 4309 3195 4355 non
3236 4284 3505 4378 quidem
3534 4286 3889 4379 aequaliter,

510 4419 676 4469 tumme
727 4404 886 4496 quia
912 4404 1045 4472 alia
1071 4403 1219 4472 aliis
1246 4404 1597 4474 sublimius
1623 4406 1975 4498 possident,
2005 4427 2153 4498 quae
2174 4412 2393 4473 tamen
2422 4428 2650 4474 omues
2676 4404 2942 4473 habent.
2975 4404 3277 4495 Cumque
3305 4404 3532 4472 omnia
3555 4403 3731 4472 dona
3754 4425 3897 4493 gra-

516 4479 615 4517 sunt
646 4488 672 4519 a

529 4536 652 4609 ‹10an
727 4521 969 4589 tiarum
1002 4521 1370 4612 superiores
1386 4522 1660 4590 -ordines
1687 4522 2040 4590 sublimius
2066 4531 2129 4591 et
2147 4521 2493 4614 perfectius
2509 4523 2937 4614 perceperint,
2961 4530 3182 4591 tamen
3205 4545 3284 4590 ex
3312 4521 3660 4613 praecipuis
3694 4519 3895 4591 sortiti

484 4604 699 4717 qffiufoh
726 4646 881 4706 sunt
906 4638 1266 4725 vocabula,
1299 4637 1722 4707 inferioribus
1746 4647 1974 4708 caetera
2010 4639 2455 4730 relinquentes
2480 4638 2823 4708 ordinibus
2851 4639 2928 4707 ad
2961 4637 3599 4728 cognominationem
3634 4662 3650 4704 t
3684 4644 3760 4706 ut
3785 4636 3895 4705 Se-

510 4726 698 4846 {ffli-
725 4754 986 4846 raphim
1007 4807 1025 4841 ,
1054 4755 1174 4848 qui
1206 4755 1365 4823 ordo
1392 4755 1970 4824 excellentissimus
1994 4758 2376 4845 aestimatur,
2418 4762 2552 4823 tam
2582 4755 2996 4825 dilectionem
3031 4778 3231 4847 quam
3263 4754 3707 4845 cognitionem
3733 4753 3894 4823 divi-

483 4852 603 4907 riter,
621 4853 699 4896 sed

485 4917 698 4960 menen,
727 4871 950 4940 nitatis
970 4924 989 4959 ,
1020 4878 1085 4939 et
1110 4869 1338 4941 caetera
1367 4872 1693 4941 virtutum
1721 4871 1893 4941 dona
1920 4873 2170 4942 caeteris
2196 4872 2504 4943 omnibus
2530 4872 2879 4942 sublimius
2905 4881 2970 4941 et
2997 4871 3342 4964 perfectius
3365 4873 3687 4965 percepit,
3718 4879 3781 4940 et
3809 4880 3894 4941 ta-

485 4988 698 5101 “1241ss
727 5011 879 5058 men
908 4989 992 5057 ab
1019 4989 1464 5059 excellentiori
1495 4989 1667 5059 dono
1692 5042 1711 5077 ,
1740 4990 1810 5058 id
1848 4996 1984 5077 est,
2020 5014 2059 5059 a
2085 4989 2400 5059 charitate
2427 5013 2669 5059 nomen
2695 4989 2938 5082 accepit
2965 4988 3078 5058 ille
3122 4989 3419 5081 superior
3460 4988 3645 5059 ordo,
3686 4987 3892 5079 Majus

485 5121 699 5216 ἒζωῖἰτ
728 5106 904 5173 enim
934 5105 1182 5175 donum
1212 5115 1307 5175 est
1332 5108 1473 5198 ipsa
1497 5106 1778 5176 charitas
1800 5160 1817 5194 ,
1864 5130 2062 5199 quam
2096 5107 2427 5176 scientia’.
2478 5108 2643 5175 Item
2673 5106 2887 5198 majus
2922 5113 3018 5175 est
3059 5106 3219 5175 scire
3243 5160 3262 5195 ,
3313 5129 3516 5199 quam
3551 5106 3843 5198 judicare
3871 5129 3886 5170 z

790 5334 808 5368 ¹
829 5333 980 5383 Dion.
1010 5336 1219 5398 Areop„
1258 5332 1318 5382 de
1346 5331 1469 5384 Coel.
1502 5331 1783 5397 Hier-arch„
1812 5332 1902 5382 lib.
1927 5333 1979 5394 1,
2010 5346 2053 5383 c.
2078 5344 2165 5397 νη
2196 5335 2372 5398 Greg„
2402 5334 2453 5382 in
2479 5332 2671 5398 Evanq.
2701 5332 2844 5384 hom.
2868 5344 3059 5397 xxxrv,
3089 5337 3141 5384 et
3167 5333 3340 5399 Rern„
3367 5330 3428 5382 de
3458 5330 3679 5400 Comici„
3717 5330 3804 5380 lib.
3835 5329 3892 5381 V.

726 5428 790 5440 -
807 5407 831 5442 ²
848 5407 1020 5470 Greg„
1049 5406 1105 5454 in
1131 5406 1319 5469 Evanq.
1347 5404 1493 5455 hom.
1513 5415 1694 5455 xxxiv.
1722 5430 1786 5441 —
1807 5404 1865 5455 ⁸1
1895 5404 2034 5468 Gor„
2054 5416 2172 5469 xm,
2217 5407 2296 5456 13.
