4125 6225
1257 450 1453 518 DIST.
1496 448 1659 516 XIII.
1702 446 1886 514 ART.
1928 446 2038 513 111.
2083 446 2382 526 QUAEST.
2430 449 2478 514 I.

303 589 759 675 tiplicationem
820 610 835 653 ε
894 607 1053 672 ergo
1097 589 1322 655 lumen
1368 587 1438 652 in
1494 585 1703 651 medio
1756 588 1851 648 est

306 716 558 782 corpus.

76 802 279 849 mm·
385 806 484 871 Ad
510 805 905 890 oppositum,
935 802 1365 887 Philosophus
1380 802 1450 866 in
1473 798 1750 866 secundo
1776 798 1854 865 de

308 915 550 980 Anima
573 920 593 955 ¹
627 937 653 979 .·
692 936 723 975 ε(
759 911 1006 977 Lumen
1033 931 1153 977 nec
1179 915 1275 976 est
1302 927 1534 993 corpus
1551 958 1568 989 ,
1598 927 1720 972 nec
1742 907 1855 971 de-

306 1022 434 1087 fin)
460 1039 538 1085 us
563 1021 865 1104 corporis.
890 1042 923 1080 ›>

391 1128 548 1192 Item
574 1129 697 1193 hoc
722 1128 967 1191 ratione
998 1126 1252 1191 videtur
1283 1144 1398 1209 per
1429 1142 1623 1190 suum
1660 1140 1859 1204 oppo-

312 1235 508 1301 situm
560 1255 577 1299 ε
636 1235 897 1301 Lumini
956 1235 1128 1299 enim
1196 1233 1545 1317 opponitur
1598 1230 1861 1295 tenebra

314 1344 743 1428 principaliter
787 1367 802 1409 ε
841 1345 896 1407 si
935 1362 1093 1424 ergo
1120 1342 1393 1426 privatio
1434 1359 1567 1404 non
1594 1342 1690 1404 est
1717 1356 1861 1402 cor-

313 1453 507 1537 poriS‚
530 1450 916 1529 sedtormae;
941 1451 1170 1515 lumen
1185 1468 1317 1514 non
1343 1452 1438 1515 est
1469 1466 1721 1531 corpuS‚
1750 1445 1857 1510 sed

316 1560 545 1624 forma.

399 1667 556 1731 Item
569 1667 691 1730 hoc
707 1665 964 1731 videtur
977 1684 1092 1749 per
1112 1668 1381 1729 motum.
1407 1663 1671 1728 Nullum
1689 1660 1863 1725 enim

320 1793 552 1858 corpus
591 1777 888 1838 movetur
928 1772 1140 1837 subito
1189 1771 1544 1836 secundum
1582 1770 1797 1833 locum
1842 1790 1858 1832 ε

268 1958 275 1967 ,
322 1886 430 1949 sed
471 1883 587 1948 lux
624 1881 839 1947 subito
881 1880 1148 1957 alterat,
1184 1880 1337 1963 quia
1374 1880 1443 1942 in
1484 1878 1748 1941 instanti
1783 1876 1866 1940 ab

323 1992 565 2057 oriente
595 1991 770 2055 venit
804 1990 874 2053 in
916 1989 1208 2055 occidens
1233 2010 1258 2052 .-
1287 2006 1444 2070 ergo
1482 1986 1707 2051 lumen
1733 2003 1866 2049 non

325 2103 421 2164 est
438 2117 690 2181 corpus.
719 2096 786 2161 Si
807 2100 884 2161 tu
905 2097 1077 2161 dicas
1095 2096 1267 2178 quod
1284 2113 1417 2159 non
1444 2097 1741 2157 movetur
1767 2111 1869 2156 su-

326 2207 480 2287 bito,
512 2206 621 2270 sed
653 2207 913 2287 repente
949 2207 1269 2283 movetur,
1301 2202 1366 2267 id
1395 2205 1490 2266 est
1517 2201 1870 2284 impercep-

328 2313 587 2377 tibiliter
614 2313 678 2375 in
706 2312 921 2395 aliquo
948 2311 1183 2393 spatio;
1206 2315 1360 2374 tunc
1379 2309 1670 2391 sequitur
1698 2307 1872 2391 quod

327 2421 400 2485 in
425 2419 657 2503 majori
698 2419 900 2501 spatio
932 2421 1142 2500 posset
1166 2416 1386 2481 sentiri
1412 2416 1749 2496 successio,
1780 2416 1872 2479 si-

329 2531 438 2593 cut
464 2529 635 2611 patet
661 2527 730 2590 in
756 2544 911 2590 sono
946 2547 962 2589 ε
997 2544 1178 2608 erg0‚
1207 2531 1325 2589 etc.

411 2634 568 2700 Item
627 2633 886 2698 nullum
941 2650 1174 2715 corpus
1216 2631 1497 2696 velocius
1551 2634 1872 2708 movetur,

331 2760 528 2825 quam
556 2758 786 2824 corpus
812 2739 1067 2804 mobilis
1092 2738 1306 2821 primi,
1337 2757 1454 2821 pro
1479 2756 1554 2802 eo
1579 2737 1752 2820 quod
1769 2737 1878 2802 ille

332 2852 545 2912 motus
573 2851 668 2912 est
701 2847 1204 2930 perfectissimus
1227 2846 1522 2911 omnium
1551 2850 1874 2927 motuum,

334 2959 399 3022 et
434 2956 574 3020 ideo
612 2954 1092 3022 velocissimus:
1124 2954 1234 3019 sed
1270 2954 1495 3018 lumen
1526 2955 1607 3017 ab
1635 2954 1880 3019 oriente

335 3062 407 3127 in
432 3064 721 3130 occidens
750 3062 952 3128 multo
977 3060 1163 3128 citius
1180 3067 1499 3142 movetur,
1523 3081 1717 3145 quam
1745 3080 1882 3127 mo-

335 3175 562 3238 veatur
585 3172 755 3236 orbis
780 3170 1055 3254 primm,
1085 3169 1237 3252 quia
1258 3169 1377 3234 lux
1404 3170 1476 3233 in
1502 3169 1788 3250 instanti,
1817 3173 1884 3235 et

339 3278 504 3343 illud
550 3279 775 3343 saitem
817 3276 1153 3342 duodecim
1207 3277 1386 3341 horis
1423 3300 1438 3341 :
1475 3295 1632 3360 ergo
1659 3277 1885 3343 lumen

340 3386 434 3447 est
461 3391 713 3465 corpus.

423 3488 583 3554 Item
622 3490 877 3555 nullum
923 3508 1156 3575 corpus
1194 3489 1389 3554 simul
1425 3491 1489 3553 et
1513 3489 1710 3555 semel
1737 3509 1885 3555 mo-

344 3603 534 3665 vetur
568 3599 647 3663 ad
676 3600 994 3683 oppositas
1018 3604 1233 3683 partes
1265 3621 1282 3665 z
1314 3598 1423 3663 sed
1449 3599 1671 3664 lumen
1693 3600 1887 3666 simul

346 3710 411 3771 et
450 3706 647 3770 semel
688 3711 986 3773 movetur
1012 3707 1092 3772 ad
1115 3711 1326 3791 partes
1350 3708 1668 3792 oppositas
1691 3757 1708 3788 ,
1738 3709 1891 3791 quia

347 3814 727 3880 diffunditur
743 3833 1002 3879 sursum
1020 3817 1086 3878 et
1110 3814 1433 3897 deorsum,
1457 3820 1607 3881 ante
1631 3819 1696 3882 et
1719 3819 1889 3880 retro

350 3940 390 3985 a
414 3922 653 4008 dextris
685 3926 748 3987 et
772 3941 812 3986 a
837 3922 1144 3988 sinistris:
1175 3941 1331 4005 ergo
1361 3942 1496 3989 non
1527 3927 1732 4008 potest
1757 3942 1892 3989 esse

351 4047 605 4113 corpus.

433 4135 591 4202 Item
630 4136 1014 4221 impossibile
1051 4140 1145 4202 est
1170 4137 1299 4202 duo
1341 4156 1606 4222 corpora
1648 4140 1894 4223 imper-

352 4243 578 4323 mixta,
596 4245 660 4308 et
676 4261 805 4307 non
824 4261 959 4309 sese
977 4245 1485 4326 augmentantia,
1509 4264 1645 4311 esse
1662 4247 1890 4313 simul:

354 4352 463 4417 sed
495 4352 721 4417 lumen
762 4370 913 4417 cum
951 4370 1097 4418 aere
1134 4357 1230 4417 est
1269 4353 1759 4438 impermixtum
1780 4406 1799 4436 ,
1834 4362 1899 4422 et

355 4459 570 4543 ipsum
613 4478 827 4525 aerem
864 4478 998 4525 non
1023 4465 1442 4542 augmentat,
1467 4468 1773 4529 ettamen
1805 4470 1901 4531 est

357 4565 553 4630 simul
593 4587 609 4631 ι
645 4584 804 4649 ergo
844 4585 978 4632 non
1020 4572 1119 4632 est
1157 4585 1409 4652 corpus,
1458 4568 1640 4646 Quod
1681 4576 1899 4637 autem

357 4673 744 4756 impossibile
769 4676 851 4738 sit
888 4676 1015 4740 duo
1043 4693 1308 4758 corpora
1334 4677 1528 4742 simul
1552 4697 1710 4761 esse,
1740 4679 1902 4744 Phi-

358 4779 661 4864 losophus
679 4781 833 4846 dicit
848 4784 872 4818 ²
899 4807 914 4848 2
938 4783 1100 4848 etad
1129 4783 1253 4848 hoc
1270 4788 1424 4849 sunt
1449 4786 1727 4852 rationes
1753 4807 1901 4872 quae

360 4893 628 4972 possunt
649 4890 854 4955 omitti
885 4891 965 4955 ad
989 4909 1270 4973 praesens
1289 4942 1307 4973 ‚
1337 4911 1485 4976 quae
1511 4895 1905 4962 inducuntur

361 4994 434 5058 in
462 4995 699 5072 Quarto
719 5003 765 5077 ⁸,
797 4998 912 5062 ubi
925 4999 1145 5080 agitur
1160 4999 1238 5064 de
1249 5002 1746 5082 penetrabilitate
1770 5021 1905 5069 cor·

362 5102 534 5185 poris
560 5104 847 5186 gloriosi.

444 5208 603 5276 Item
644 5213 899 5277 nullum
937 5231 1168 5297 corpus
1203 5214 1399 5282 habet
1432 5235 1628 5284 suum
1659 5239 1795 5287 esse
1837 5222 1909 5287 in

365 5317 507 5384 fieri
543 5320 841 5385 continue
896 5343 912 5386 ε
973 5322 1083 5387 sed
1120 5320 1343 5389 lumen
1397 5325 1465 5390 in
1520 5345 1665 5393 aere
1714 5329 1910 5394 habet

430 5442 451 5477 ¹
469 5442 643 5509 Arist„
667 5444 729 5495 de
752 5427 965 5510 Anima,
992 5446 1084 5498 lib.
1114 5448 1185 5511 u,
1209 5454 1347 5518 cont.
1388 5453 1449 5503 69
1489 5455 1542 5503 et
1568 5454 1647 5505 70.
1672 5477 1734 5492 -
1764 5455 1909 5523 ¹1d.,

3391 452 3508 514 557

1963 602 2158 649 suum
2203 602 2339 648 esse
2382 583 2455 647 in
2484 582 2626 647 fieri
2655 583 2957 649 continue
2979 631 2999 663 ‚
3025 583 3179 667 quia
3206 584 3509 649 continue

1965 691 2292 773 egreditur
2326 711 2366 756 a
2406 691 2536 756 sole
2553 741 2573 772 ,
2604 691 2769 756 sicut
2812 691 2963 756 dicit
3003 690 3412 773 Augustinus
3436 692 3458 727 ⁴
3486 710 3505 756 z

1965 816 2125 880 ergo
2154 799 2540 882 impossibile
2569 803 2664 865 est
2680 816 2910 882 corpus
2931 817 3087 863 esse.

2049 905 2232 984 item,
2265 907 2318 970 si
2344 907 2565 971 lumen
2590 911 2686 972 est
2716 925 2945 989 corpus
2965 955 2983 984 ‚
3012 910 3129 971 aut
3154 910 3358 972 estex
3383 906 3507 971 ali-

1968 1034 2120 1098 qu0‚
2148 1018 2261 1079 aut
2288 1033 2370 1080 ex
2393 1015 2594 1079 nihilo
2634 1037 2648 1078 ε
2685 1014 2740 1077 si
2765 1034 2848 1079 ex
2870 1014 3074 1078 nihilo
3095 1018 3211 1094 est,
3242 1033 3401 1097 ergo
3419 1018 3516 1078 est

1969 1142 2009 1187 a
2030 1124 2364 1188 Creatore:
2396 1142 2552 1205 ergo
2577 1124 2795 1188 lumen
2829 1127 2922 1187 est
2955 1142 2995 1187 a
3019 1122 3153 1188 solo
3181 1123 3329 1203 Deo,
3363 1141 3512 1187 cum

1970 1230 2169 1315 ipsius
2192 1232 2274 1295 sit
2296 1249 2540 1309 creare;
2563 1230 2618 1294 si
2636 1249 2718 1295 ex
2735 1231 2973 1313 aliquo,
2992 1248 3214 1314 quaero
3238 1249 3322 1295 ex
3341 1248 3471 1313 quo
3494 1252 3510 1294 :

1971 1341 2085 1403 aut
2113 1358 2195 1402 ex
2237 1357 2497 1421 corpore
2533 1357 2573 1402 a
2594 1354 2725 1421 quo
2754 1343 3052 1403 causatur
3068 1387 3087 1419 ‚
3118 1343 3231 1403 aut
3257 1357 3341 1402 ex
3385 1356 3518 1403 cor-

1973 1464 2128 1528 pore
2168 1446 2240 1509 in
2284 1464 2416 1530 quo
2465 1444 2808 1529 suscipitur
2838 1464 2857 1508 2
2887 1448 3129 1511 constat
3177 1446 3350 1529 quod
3384 1463 3517 1510 non

1974 1572 2057 1618 ex
2084 1571 2345 1636 corpore
2388 1554 2459 1618 in
2497 1572 2650 1636 qu0‚
2695 1553 3036 1636 suscipitur
3053 1603 3070 1634 ,
3110 1554 3263 1637 quia
3297 1554 3514 1618 lumen

1975 1679 2107 1725 non
2134 1661 2505 1745 producitur
2544 1680 2625 1726 ex
2673 1678 2819 1727 aere
2845 1665 2998 1725 tunc
3024 1661 3196 1726 enim
3239 1660 3326 1725 ibi
3371 1678 3516 1744 pos-

1974 1771 2070 1833 set
2083 1786 2343 1832 manere
2359 1768 2686 1834 recedente
2706 1768 2834 1833 sole
2848 1791 2864 1848 ;
2884 1770 2939 1831 si
2957 1786 3040 1833 ex
3056 1786 3319 1851 corpore
3337 1787 3378 1832 a
3389 1785 3522 1850 quo

1972 1878 2272 1940 causatur
2288 1925 2306 1956 ‚
2355 1894 2513 1958 ergo
2555 1875 2810 1941 videtur
2836 1875 3006 1958 quod
3050 1892 3281 1958 corpus
3324 1874 3518 1939 lumi-

1976 2002 2212 2049 nosum
2245 1984 2317 2047 in
2360 1983 2695 2048 emissione
2736 1983 2999 2047 luminis
3026 1983 3269 2066 aliquid
3303 1982 3526 2066 perdat

1978 2090 2056 2155 de
2098 2110 2217 2156 sua
2253 2091 2606 2155 substantia
2633 2095 2698 2155 et
2724 2091 3019 2171 materia,
3058 2095 3121 2155 et
3155 2091 3248 2155 ita
3269 2091 3524 2155 videtur

1979 2200 2154 2282 quod
2187 2201 2328 2282 jam
2357 2200 2453 2264 sol
2479 2200 2733 2265 deberet
2769 2217 2904 2265 esse
2928 2204 3360 2284 consumptus.

2533 2441 2980 2509 CONCLUSIO.

1983 2597 2184 2654 Lumen
2207 2598 2261 2651 et
2295 2594 2518 2664 radius,
2542 2600 2711 2668 prout
2738 2598 2964 2668 proprie
2999 2598 3288 2670 accipitur,
3317 2613 3424 2655 non
3451 2602 3528 2657 est

2650 2701 2859 2759 corpus.

2069 2846 2253 2931 Resp.
2285 2848 2365 2913 ad
2389 2848 2666 2930 Argum.
2697 2847 2795 2912 Ad
2822 2847 3270 2931 praedictorum
3293 2849 3534 2914 intelli-

1988 2956 2276 3036 gentiam
2295 2960 2389 3020 est
2415 2956 2795 3035 notandum,
2831 2956 3002 3037 quod
3022 2956 3188 3019 circa
3212 2956 3336 3020 hoc
3366 2975 3531 3039 qua-

1989 3066 2139 3128 tuor
2161 3067 2312 3128 sunt
2324 3063 2676 3148 opiniones».
2700 3063 2971 3141 Quidam
2998 3063 3171 3128 enim
3190 3064 3536 3130 voluerunt
3563 3082 3690 3140 opin.
3727 3087 3769 3126 ι.

1990 3171 2228 3250 dicere,
2258 3173 2429 3255 quod
2463 3175 2596 3236 tam
2631 3171 2887 3252 lumen,
2927 3190 3126 3255 quam
3164 3171 3382 3236 radius
3403 3221 3420 3250 ‚
3465 3172 3534 3235 in

1992 3275 2203 3339 medio
2238 3293 2468 3359 corpus
2511 3277 2636 3354 est,
2670 3279 2732 3339 et
2757 3293 3054 3357 egressus
3099 3275 3385 3358 ipsorum
3425 3294 3533 3340 ra-

1992 3383 2248 3448 diorum
2265 3384 2346 3447 ab
2367 3383 2505 3466 ipso
2533 3383 2663 3447 sole
2690 3386 2784 3447 est
2818 3384 2983 3447 sicut
3008 3400 3303 3464 egressus
3345 3385 3537 3450 rivu-

1992 3490 2209 3555 lorum
2232 3510 2271 3555 a
2299 3491 2494 3556 fonte.
2521 3490 2700 3555 Sicut
2728 3489 2902 3554 enim
2929 3510 2969 3554 a
2993 3491 3165 3555 fonte
3187 3491 3538 3574 procedunt

1995 3599 2215 3679 rivuli,
2244 3599 2359 3682 qui
2384 3603 2536 3664 sunt
2564 3617 2848 3682 corpora,
2879 3601 2943 3662 et
2972 3598 3258 3680 ejusdem
3287 3602 3538 3664 naturae

1998 3725 2150 3772 cum
2174 3707 2370 3784 fonte,
2400 3707 2489 3770 sic
2526 3706 2746 3771 dicunt
2780 3724 2916 3770 esse
2951 3706 3021 3770 in
3067 3705 3265 3769 radiis
3298 3709 3361 3770 et
3384 3706 3535 3771 sole.

1999 3814 2079 3880 Et
2106 3814 2161 3877 si
2187 3819 2259 3880 tu
2285 3815 2546 3897 objicias
2564 3815 2676 3895 eis,
2701 3815 2875 3897 quod
2895 3813 3151 3881 videtur
3175 3813 3347 3896 quod
3365 3812 3544 3876 subs-

1998 3902 2201 3987 tantia
2226 3921 2377 3987 solis
2403 3925 2467 3986 et
2480 3922 2754 3987 aliorum
2772 3922 3195 3986 luminarium
3215 3923 3355 4004 jam
3383 3921 3546 3985 esset

2000 4047 2164 4112 pene
2212 4034 2616 4114 consumpta3
2670 4030 2892 4095 dicunt
2942 4030 3114 4113 quod
3140 4078 3160 4107 ‚
3198 4029 3362 4093 sicut
3413 4045 3547 4092 non

2002 4138 2404 4203 consumitur
2442 4138 2796 4202 substantia
2837 4137 3044 4218 fontis}
3058 4185 3076 4214 ‚
3116 4153 3234 4218 pro
3271 4153 3348 4199 eo
3374 4134 3548 4216 quod

2004 4246 2167 4311 sicut
2191 4246 2264 4309 flt
2280 4245 2557 4326 emissio,
2586 4245 2674 4308 ita
2699 4246 2772 4308 fit
2795 4244 2990 4309 etiam
3014 4242 3423 4319 restaurati03
3458 4240 3549 4305 sic

2004 4354 2228 4420 dicunt
2247 4353 2419 4437 quod
2437 4372 2569 4418 non
2586 4353 2987 4417 consumitur
3003 4350 3355 4415 substantia
3375 4349 3545 4425 solis,

2007 4481 2123 4546 pro
2182 4481 2257 4527 eo
2297 4461 2468 4546 quod
2514 4461 2678 4525 sicut
2723 4460 3004 4524 exterius
3048 4458 3281 4523 emittit
3328 4456 3549 4521 lumen

2008 4588 2201 4636 suum
2221 4570 2513 4647 inferius,
2540 4569 2631 4633 sic
2656 4569 2894 4633 virtute
2927 4567 3255 4632 radiorum
3280 4582 3549 4648 vapores

2009 4680 2092 4745 ad
2119 4697 2186 4743 se
2211 4678 2407 4742 trahit
2429 4677 2747 4759 superiuS,
2766 4693 2849 4739 ex
2876 4673 3111 4758 quibus
3132 4673 3547 4749 restauratur,

2009 4787 2176 4852 sicut
2205 4803 2468 4869 corpora
2492 4783 2820 4862 alimento,
2845 4780 3002 4846 adeo
3033 4782 3109 4845 ut
3134 4797 3253 4843 nec
3278 4777 3549 4856 deficiat,

2011 4914 2133 4959 nec
2172 4894 2521 4972 decrescat3
2560 4896 2624 4955 et
2661 4891 2784 4955 hoc
2829 4888 3085 4954 videtur
3132 4886 3400 4951 sensisse
3439 4884 3553 4949 Se-

2013 5021 2192 5067 neca.
2224 5000 2457 5065 Positio
2490 5003 2707 5063 tamen
2740 4996 2861 5061 ista
2891 4999 2986 5060 est
3012 4999 3232 5059 contra
3266 4993 3553 5078 philoso-

2014 5113 2258 5198 phiam,
2287 5128 2438 5194 quae
2473 5108 2627 5174 dicit
2664 5123 2931 5189 corpora
2972 5104 3250 5169 coelestia
3290 5103 3555 5168 omnino

2015 5239 2154 5287 esse
2204 5214 2726 5301 incorruptibilia.
2788 5212 3080 5279 Secunda
3118 5230 3274 5278 vero
3327 5210 3557 5294 positio
3584 5228 3770 5287 opina.

2016 5381 2316 5449 Phys-imm).
2345 5381 2441 5443 lv,
2473 5380 2612 5428 cont.
2637 5377 2776 5427 ia-
2801 5374 2824 5410 ³
2842 5359 2952 5426 ιιι).
2977 5375 3046 5426 ιν
3075 5375 3233 5435 sent„
3264 5373 3385 5425 dist.
3405 5385 3554 5437 ιω,

2021 5460 2118 5508 art.
2141 5456 2410 5520 4,q.1.-
2434 5452 2456 5488 ι
2472 5452 2624 5515 Aug„
2650 5447 2858 5501 ote-aen.
2879 5446 2948 5498 αα
2969 5445 3099 5511 tm„
3123 5445 3214 5498 m».
3240 5447 3328 5498 ιιι.
