<?xml version="1.0" encoding="UTF-8"?>
<!DOCTYPE html PUBLIC "-//W3C//DTD XHTML 1.0 Transitional//EN"
    "http://www.w3.org/TR/xhtml1/DTD/xhtml1-transitional.dtd">
<html xmlns="http://www.w3.org/1999/xhtml" xml:lang="en" lang="en">
 <head>
  <title>
</title>
<meta http-equiv="Content-Type" content="text/html;charset=utf-8" />
  <meta name='ocr-system' content='tesseract 3.04.00' />
  <meta name='ocr-capabilities' content='ocr_page ocr_carea ocr_par ocr_line ocrx_word'/>
</head>
<body>
  <div class='ocr_page' id='page_1' title='image "./srecardinalissb01peltgoog_0180.png"; bbox 0 0 4125 6225; ppageno 0'>
   <div class='ocr_carea' id='block_1_1' title="bbox 689 438 807 499">
    <p class='ocr_par' dir='ltr' id='par_1_1' title="bbox 689 438 807 499">
     <span class='ocr_line' id='line_1_1' title="bbox 689 438 807 499; baseline 0.017 -2"><span class='ocrx_word' id='word_1_1' title='bbox 689 438 807 499; x_wconf 72' lang='lat'>154</span> 
     </span>
    </p>
   </div>
   <div class='ocr_carea' id='block_1_2' title="bbox 686 563 2239 2370">
    <p class='ocr_par' dir='ltr' id='par_1_2' title="bbox 686 563 2221 758">
     <span class='ocr_line' id='line_1_2' title="bbox 687 563 2221 652; baseline -0.008 -17"><span class='ocrx_word' id='word_1_2' title='bbox 687 588 845 652; x_wconf 82' lang='lat' dir='ltr'>ergo</span> <span class='ocrx_word' id='word_1_3' title='bbox 877 571 934 635; x_wconf 79' lang='lat' dir='ltr'>si</span> <span class='ocrx_word' id='word_1_4' title='bbox 973 574 1069 635; x_wconf 87' lang='lat' dir='ltr'>est</span> <span class='ocrx_word' id='word_1_5' title='bbox 1100 568 1390 643; x_wconf 86' lang='lat' dir='ltr'>infinitus</span> <span class='ocrx_word' id='word_1_6' title='bbox 1407 614 1424 645; x_wconf 95' lang='lat'>,</span> <span class='ocrx_word' id='word_1_7' title='bbox 1468 584 1599 631; x_wconf 91' lang='lat' dir='ltr'>non</span> <span class='ocrx_word' id='word_1_8' title='bbox 1635 569 1729 629; x_wconf 87' lang='lat' dir='ltr'>est</span> <span class='ocrx_word' id='word_1_9' title='bbox 1770 582 1809 627; x_wconf 88' lang='lat' dir='ltr'>a</span> <span class='ocrx_word' id='word_1_10' title='bbox 1857 563 2017 641; x_wconf 87' lang='lat' dir='ltr'>Deo;</span> <span class='ocrx_word' id='word_1_11' title='bbox 2063 572 2221 642; x_wconf 81' lang='lat' dir='ltr'>ergo</span> 
     </span>
     <span class='ocr_line' id='line_1_3' title="bbox 686 675 1904 758; baseline -0.005 -17"><span class='ocrx_word' id='word_1_12' title='bbox 686 697 819 743; x_wconf 90' lang='lat' dir='ltr'>non</span> <span class='ocrx_word' id='word_1_13' title='bbox 846 682 941 743; x_wconf 89' lang='lat' dir='ltr'>est</span> <span class='ocrx_word' id='word_1_14' title='bbox 982 679 1274 757; x_wconf 83' lang='lat' dir='ltr'>effectus3</span> <span class='ocrx_word' id='word_1_15' title='bbox 1314 679 1377 740; x_wconf 87' lang='lat' dir='ltr'>et</span> <span class='ocrx_word' id='word_1_16' title='bbox 1414 675 1504 739; x_wconf 87' lang='lat' dir='ltr'>sic</span> <span class='ocrx_word' id='word_1_17' title='bbox 1543 677 1751 758; x_wconf 87' lang='lat' dir='ltr'>patet,</span> <span class='ocrx_word' id='word_1_18' title='bbox 1784 676 1904 737; x_wconf 87' lang='lat' dir='ltr'>etc.</span> 
     </span>
    </p>

    <p class='ocr_par' dir='ltr' id='par_1_3' title="bbox 689 775 2237 2046">
     <span class='ocr_line' id='line_1_4' title="bbox 768 775 2228 865; baseline -0.008 -16"><span class='ocrx_word' id='word_1_19' title='bbox 768 785 960 865; x_wconf 84' lang='lat' dir='ltr'>Item,</span> <span class='ocrx_word' id='word_1_20' title='bbox 990 786 1044 848; x_wconf 89' lang='lat' dir='ltr'>si</span> <span class='ocrx_word' id='word_1_21' title='bbox 1072 784 1238 849; x_wconf 92' lang='lat' dir='ltr'>Deus</span> <span class='ocrx_word' id='word_1_22' title='bbox 1275 787 1479 865; x_wconf 86' lang='lat' dir='ltr'>potest</span> <span class='ocrx_word' id='word_1_23' title='bbox 1513 783 1581 845; x_wconf 91' lang='lat' dir='ltr'>in</span> <span class='ocrx_word' id='word_1_24' title='bbox 1607 781 1905 846; x_wconf 85' lang='lat' dir='ltr'>effectum</span> <span class='ocrx_word' id='word_1_25' title='bbox 1934 780 2081 841; x_wconf 87' lang='lat' dir='ltr'>actu</span> <span class='ocrx_word' id='word_1_26' title='bbox 2118 775 2228 838; x_wconf 87' lang='lat' dir='ltr'>in-</span> 
     </span>
     <span class='ocr_line' id='line_1_5' title="bbox 689 883 2222 976; baseline -0.008 -18"><span class='ocrx_word' id='word_1_27' title='bbox 689 894 971 972; x_wconf 83' lang='lat' dir='ltr'>finitum,</span> <span class='ocrx_word' id='word_1_28' title='bbox 1004 910 1226 976; x_wconf 81' lang='lat' dir='ltr'>quaero</span> <span class='ocrx_word' id='word_1_29' title='bbox 1249 910 1290 956; x_wconf 89' lang='lat' dir='ltr'>a</span> <span class='ocrx_word' id='word_1_30' title='bbox 1315 895 1398 971; x_wconf 90' lang='lat' dir='ltr'>te,</span> <span class='ocrx_word' id='word_1_31' title='bbox 1433 894 1657 953; x_wconf 91' lang='lat' dir='ltr'>utrum</span> <span class='ocrx_word' id='word_1_32' title='bbox 1685 888 1880 970; x_wconf 85' lang='lat' dir='ltr'><strong>possit</strong></span> <span class='ocrx_word' id='word_1_33' title='bbox 1905 887 1975 950; x_wconf 89' lang='lat' dir='ltr'>in</span> <span class='ocrx_word' id='word_1_34' title='bbox 1998 883 2176 948; x_wconf 90' lang='lat' dir='ltr'>aliud</span> <span class='ocrx_word' id='word_1_35' title='bbox 2205 905 2222 945; x_wconf 89' lang='lat'>:</span> 
     </span>
     <span class='ocr_line' id='line_1_6' title="bbox 690 993 2225 1081; baseline -0.007 -17"><span class='ocrx_word' id='word_1_36' title='bbox 690 1002 746 1064; x_wconf 90' lang='lat' dir='ltr'>si</span> <span class='ocrx_word' id='word_1_37' title='bbox 781 1018 912 1064; x_wconf 92' lang='lat' dir='ltr'>non</span> <span class='ocrx_word' id='word_1_38' title='bbox 928 1049 945 1080; x_wconf 92' lang='lat'>,</span> <span class='ocrx_word' id='word_1_39' title='bbox 975 1018 1132 1081; x_wconf 82' lang='lat' dir='ltr'>ergo</span> <span class='ocrx_word' id='word_1_40' title='bbox 1170 998 1236 1062; x_wconf 89' lang='lat' dir='ltr'>in</span> <span class='ocrx_word' id='word_1_41' title='bbox 1280 997 1530 1079; x_wconf 82' lang='lat' dir='ltr'>agendo</span> <span class='ocrx_word' id='word_1_42' title='bbox 1565 995 1800 1060; x_wconf 87' lang='lat' dir='ltr'>amittit</span> <span class='ocrx_word' id='word_1_43' title='bbox 1836 993 2183 1077; x_wconf 87' lang='lat' dir='ltr'>potentiam</span> <span class='ocrx_word' id='word_1_44' title='bbox 2207 1037 2225 1067; x_wconf 90' lang='lat'>,</span> 
     </span>
     <span class='ocr_line' id='line_1_7' title="bbox 692 1102 2228 1190; baseline -0.007 -18"><span class='ocrx_word' id='word_1_45' title='bbox 692 1114 754 1173; x_wconf 90' lang='lat' dir='ltr'>et</span> <span class='ocrx_word' id='word_1_46' title='bbox 790 1127 908 1172; x_wconf 90' lang='lat' dir='ltr'>sua</span> <span class='ocrx_word' id='word_1_47' title='bbox 945 1106 1225 1190; x_wconf 85' lang='lat' dir='ltr'>potentia</span> <span class='ocrx_word' id='word_1_48' title='bbox 1260 1105 1511 1187; x_wconf 82' lang='lat' dir='ltr'>agendo</span> <span class='ocrx_word' id='word_1_49' title='bbox 1541 1104 1930 1179; x_wconf 63' lang='lat' dir='ltr'>debilitatum</span> <span class='ocrx_word' id='word_1_50' title='bbox 1974 1102 2027 1164; x_wconf 89' lang='lat' dir='ltr'>si</span> <span class='ocrx_word' id='word_1_51' title='bbox 2069 1115 2228 1180; x_wconf 81' lang='lat' dir='ltr'>ergo</span> 
     </span>
     <span class='ocr_line' id='line_1_8' title="bbox 692 1204 2225 1298; baseline -0.007 -18"><span class='ocrx_word' id='word_1_52' title='bbox 692 1220 894 1298; x_wconf 88' lang='lat' dir='ltr'>potest</span> <span class='ocrx_word' id='word_1_53' title='bbox 941 1216 1011 1278; x_wconf 91' lang='lat' dir='ltr'>in</span> <span class='ocrx_word' id='word_1_54' title='bbox 1057 1214 1353 1279; x_wconf 86' lang='lat' dir='ltr'>effectum</span> <span class='ocrx_word' id='word_1_55' title='bbox 1405 1204 1626 1276; x_wconf 72' lang='lat' dir='ltr'>alium&#39;</span> <span class='ocrx_word' id='word_1_56' title='bbox 1651 1210 2044 1275; x_wconf 81' lang='lat' dir='ltr'><strong>consimilem</strong></span> <span class='ocrx_word' id='word_1_57' title='bbox 2097 1207 2187 1270; x_wconf 88' lang='lat' dir='ltr'>illi</span> <span class='ocrx_word' id='word_1_58' title='bbox 2208 1253 2225 1285; x_wconf 92' lang='lat'>,</span> 
     </span>
     <span class='ocr_line' id='line_1_9' title="bbox 694 1314 2232 1404; baseline -0.006 -18"><span class='ocrx_word' id='word_1_59' title='bbox 694 1326 828 1386; x_wconf 89' lang='lat' dir='ltr'>esto</span> <span class='ocrx_word' id='word_1_60' title='bbox 848 1323 1018 1404; x_wconf 90' lang='lat' dir='ltr'>quod</span> <span class='ocrx_word' id='word_1_61' title='bbox 1042 1321 1247 1399; x_wconf 84' lang='lat' dir='ltr'>faciat,</span> <span class='ocrx_word' id='word_1_62' title='bbox 1264 1323 1539 1403; x_wconf 87' lang='lat' dir='ltr'>ponatur</span> <span class='ocrx_word' id='word_1_63' title='bbox 1556 1336 1750 1400; x_wconf 82' lang='lat' dir='ltr'>ergo:</span> <span class='ocrx_word' id='word_1_64' title='bbox 1769 1316 1876 1381; x_wconf 86' lang='lat' dir='ltr'>Isti</span> <span class='ocrx_word' id='word_1_65' title='bbox 1896 1317 2025 1380; x_wconf 92' lang='lat' dir='ltr'>duo</span> <span class='ocrx_word' id='word_1_66' title='bbox 2045 1314 2232 1379; x_wconf 82' lang='lat' dir='ltr'>effec-</span> 
     </span>
     <span class='ocr_line' id='line_1_10' title="bbox 691 1420 2231 1505; baseline -0.005 -14"><span class='ocrx_word' id='word_1_67' title='bbox 691 1433 797 1493; x_wconf 86' lang='lat' dir='ltr'>tus</span> <span class='ocrx_word' id='word_1_68' title='bbox 823 1432 973 1493; x_wconf 88' lang='lat' dir='ltr'>sunt</span> <span class='ocrx_word' id='word_1_69' title='bbox 1012 1426 1370 1491; x_wconf 82' lang='lat' dir='ltr'>consimiles</span> <span class='ocrx_word' id='word_1_70' title='bbox 1401 1427 1470 1490; x_wconf 92' lang='lat' dir='ltr'>in</span> <span class='ocrx_word' id='word_1_71' title='bbox 1500 1430 1773 1490; x_wconf 85' lang='lat' dir='ltr'>natura:</span> <span class='ocrx_word' id='word_1_72' title='bbox 1800 1442 1957 1505; x_wconf 82' lang='lat' dir='ltr'>ergo</span> <span class='ocrx_word' id='word_1_73' title='bbox 1984 1420 2231 1486; x_wconf 91' lang='lat' dir='ltr'>suntin</span> 
     </span>
     <span class='ocr_line' id='line_1_11' title="bbox 694 1530 2234 1616; baseline -0.005 -17"><span class='ocrx_word' id='word_1_74' title='bbox 694 1537 918 1599; x_wconf 90' lang='lat' dir='ltr'>eodem</span> <span class='ocrx_word' id='word_1_75' title='bbox 964 1552 1201 1616; x_wconf 80' lang='lat' dir='ltr'>genere</span> <span class='ocrx_word' id='word_1_76' title='bbox 1232 1539 1429 1599; x_wconf 85' lang='lat' dir='ltr'>:tunc</span> <span class='ocrx_word' id='word_1_77' title='bbox 1464 1534 1704 1598; x_wconf 84' lang='lat' dir='ltr'>habent</span> <span class='ocrx_word' id='word_1_78' title='bbox 1746 1530 2004 1614; x_wconf 82' lang='lat' dir='ltr'>aliquod</span> <span class='ocrx_word' id='word_1_79' title='bbox 2036 1546 2234 1611; x_wconf 87' lang='lat' dir='ltr'>supe-</span> 
     </span>
     <span class='ocr_line' id='line_1_12' title="bbox 693 1638 2233 1724; baseline -0.005 -17"><span class='ocrx_word' id='word_1_80' title='bbox 693 1643 831 1707; x_wconf 88' lang='lat' dir='ltr'>rius</span> <span class='ocrx_word' id='word_1_81' title='bbox 877 1643 944 1705; x_wconf 93' lang='lat' dir='ltr'>in</span> <span class='ocrx_word' id='word_1_82' title='bbox 985 1660 1114 1724; x_wconf 88' lang='lat' dir='ltr'>quo</span> <span class='ocrx_word' id='word_1_83' title='bbox 1158 1642 1583 1721; x_wconf 88' lang='lat' dir='ltr'>conveniunt,</span> <span class='ocrx_word' id='word_1_84' title='bbox 1625 1645 1688 1704; x_wconf 89' lang='lat' dir='ltr'>et</span> <span class='ocrx_word' id='word_1_85' title='bbox 1727 1640 1942 1722; x_wconf 83' lang='lat' dir='ltr'>aliqua</span> <span class='ocrx_word' id='word_1_86' title='bbox 1976 1638 2233 1721; x_wconf 88' lang='lat' dir='ltr'>propria</span> 
     </span>
     <span class='ocr_line' id='line_1_13' title="bbox 695 1745 2233 1833; baseline -0.004 -20"><span class='ocrx_word' id='word_1_87' title='bbox 695 1768 810 1833; x_wconf 89' lang='lat' dir='ltr'>per</span> <span class='ocrx_word' id='word_1_88' title='bbox 843 1767 991 1832; x_wconf 80' lang='lat' dir='ltr'>quae</span> <span class='ocrx_word' id='word_1_89' title='bbox 1017 1749 1322 1813; x_wconf 84' lang='lat' dir='ltr'>differunt</span> <span class='ocrx_word' id='word_1_90' title='bbox 1354 1771 1369 1812; x_wconf 79' lang='lat' dir='ltr'>t</span> <span class='ocrx_word' id='word_1_91' title='bbox 1404 1767 1561 1830; x_wconf 84' lang='lat' dir='ltr'>ergo</span> <span class='ocrx_word' id='word_1_92' title='bbox 1589 1748 1984 1829; x_wconf 73' lang='lat' dir='ltr'>exceduntur</span> <span class='ocrx_word' id='word_1_93' title='bbox 2011 1746 2092 1809; x_wconf 90' lang='lat' dir='ltr'>ab</span> <span class='ocrx_word' id='word_1_94' title='bbox 2123 1745 2233 1808; x_wconf 89' lang='lat' dir='ltr'>ali-</span> 
     </span>
     <span class='ocr_line' id='line_1_14' title="bbox 698 1853 2237 1941; baseline -0.004 -20"><span class='ocrx_word' id='word_1_95' title='bbox 698 1876 857 1941; x_wconf 88' lang='lat' dir='ltr'>quo,</span> <span class='ocrx_word' id='word_1_96' title='bbox 907 1861 969 1920; x_wconf 93' lang='lat' dir='ltr'>et</span> <span class='ocrx_word' id='word_1_97' title='bbox 1004 1861 1327 1921; x_wconf 80' lang='lat' dir='ltr'><strong>arctantur</strong></span> <span class='ocrx_word' id='word_1_98' title='bbox 1366 1875 1481 1938; x_wconf 91' lang='lat' dir='ltr'>per</span> <span class='ocrx_word' id='word_1_99' title='bbox 1529 1855 1784 1938; x_wconf 81' lang='lat' dir='ltr'>aliquod</span> <span class='ocrx_word' id='word_1_100' title='bbox 1816 1878 1830 1919; x_wconf 88' lang='lat'>:</span> <span class='ocrx_word' id='word_1_101' title='bbox 1864 1854 1973 1918; x_wconf 90' lang='lat' dir='ltr'>sed</span> <span class='ocrx_word' id='word_1_102' title='bbox 2018 1853 2237 1917; x_wconf 88' lang='lat' dir='ltr'>omnia</span> 
     </span>
     <span class='ocr_line' id='line_1_15' title="bbox 700 1964 1625 2046; baseline -0.002 -17"><span class='ocrx_word' id='word_1_103' title='bbox 700 1965 852 2029; x_wconf 85' lang='lat' dir='ltr'>talia</span> <span class='ocrx_word' id='word_1_104' title='bbox 877 1968 1029 2028; x_wconf 90' lang='lat' dir='ltr'>sunt</span> <span class='ocrx_word' id='word_1_105' title='bbox 1051 1964 1233 2028; x_wconf 81' lang='lat' dir='ltr'>finita</span> <span class='ocrx_word' id='word_1_106' title='bbox 1254 1983 1272 2027; x_wconf 88' lang='lat'>:</span> <span class='ocrx_word' id='word_1_107' title='bbox 1297 1983 1478 2046; x_wconf 85' lang='lat' dir='ltr'>ergo,</span> <span class='ocrx_word' id='word_1_108' title='bbox 1506 1968 1625 2028; x_wconf 86' lang='lat' dir='ltr'>etc.</span> 
     </span>
    </p>

    <p class='ocr_par' dir='ltr' id='par_1_4' title="bbox 698 2068 2239 2370">
     <span class='ocr_line' id='line_1_16' title="bbox 783 2068 2239 2154; baseline -0.002 -19"><span class='ocrx_word' id='word_1_109' title='bbox 783 2069 940 2135; x_wconf 83' lang='lat' dir='ltr'>Item</span> <span class='ocrx_word' id='word_1_110' title='bbox 962 2121 979 2149; x_wconf 90' lang='lat'>,</span> <span class='ocrx_word' id='word_1_111' title='bbox 1045 2071 1218 2154; x_wconf 85' lang='lat' dir='ltr'>quod</span> <span class='ocrx_word' id='word_1_112' title='bbox 1281 2090 1410 2135; x_wconf 91' lang='lat' dir='ltr'>non</span> <span class='ocrx_word' id='word_1_113' title='bbox 1478 2070 1674 2153; x_wconf 81' lang='lat' dir='ltr'><strong>possit</strong></span> <span class='ocrx_word' id='word_1_114' title='bbox 1728 2069 1932 2133; x_wconf 86' lang='lat' dir='ltr'>facere</span> <span class='ocrx_word' id='word_1_115' title='bbox 1987 2068 2239 2132; x_wconf 81' lang='lat' dir='ltr'>infinita</span> 
     </span>
     <span class='ocr_line' id='line_1_17' title="bbox 698 2176 2238 2260; baseline -0.002 -18"><span class='ocrx_word' id='word_1_116' title='bbox 698 2182 873 2257; x_wconf 88' lang='lat' dir='ltr'>actu,</span> <span class='ocrx_word' id='word_1_117' title='bbox 908 2177 1280 2254; x_wconf 78' lang='lat' dir='ltr'>ostenditur,</span> <span class='ocrx_word' id='word_1_118' title='bbox 1324 2177 1478 2260; x_wconf 88' lang='lat' dir='ltr'>quia</span> <span class='ocrx_word' id='word_1_119' title='bbox 1503 2195 1635 2241; x_wconf 89' lang='lat' dir='ltr'>non</span> <span class='ocrx_word' id='word_1_120' title='bbox 1669 2180 1819 2240; x_wconf 88' lang='lat' dir='ltr'>sunt</span> <span class='ocrx_word' id='word_1_121' title='bbox 1855 2176 2046 2259; x_wconf 89' lang='lat' dir='ltr'>plura</span> <span class='ocrx_word' id='word_1_122' title='bbox 2084 2176 2238 2240; x_wconf 88' lang='lat' dir='ltr'>infl-</span> 
     </span>
     <span class='ocr_line' id='line_1_18' title="bbox 699 2284 2239 2370; baseline -0.002 -20"><span class='ocrx_word' id='word_1_123' title='bbox 699 2287 848 2351; x_wconf 88' lang='lat' dir='ltr'>nitis</span> <span class='ocrx_word' id='word_1_124' title='bbox 875 2308 890 2349; x_wconf 80' lang='lat' dir='ltr'>t</span> <span class='ocrx_word' id='word_1_125' title='bbox 918 2304 1076 2368; x_wconf 82' lang='lat' dir='ltr'>ergo</span> <span class='ocrx_word' id='word_1_126' title='bbox 1103 2287 1157 2349; x_wconf 91' lang='lat' dir='ltr'>si</span> <span class='ocrx_word' id='word_1_127' title='bbox 1191 2286 1562 2370; x_wconf 82' lang='lat' dir='ltr'>produceret</span> <span class='ocrx_word' id='word_1_128' title='bbox 1598 2284 1849 2348; x_wconf 85' lang='lat' dir='ltr'>infinita</span> <span class='ocrx_word' id='word_1_129' title='bbox 1885 2288 2031 2348; x_wconf 90' lang='lat' dir='ltr'>actu</span> <span class='ocrx_word' id='word_1_130' title='bbox 2054 2333 2073 2363; x_wconf 91' lang='lat'>,</span> <span class='ocrx_word' id='word_1_131' title='bbox 2105 2302 2239 2348; x_wconf 91' lang='lat' dir='ltr'>non</span> 
     </span>
    </p>
   </div>
   <div class='ocr_carea' id='block_1_3' title="bbox 699 2392 2241 2576">
    <p class='ocr_par' dir='ltr' id='par_1_5' title="bbox 699 2392 2241 2576">
     <span class='ocr_line' id='line_1_19' title="bbox 699 2392 2240 2478; baseline -0.001 -21"><span class='ocrx_word' id='word_1_132' title='bbox 699 2398 908 2477; x_wconf 90' lang='lat' dir='ltr'>posset</span> <span class='ocrx_word' id='word_1_133' title='bbox 946 2395 1294 2478; x_wconf 89' lang='lat' dir='ltr'>producere</span> <span class='ocrx_word' id='word_1_134' title='bbox 1333 2395 1549 2477; x_wconf 81' lang='lat' dir='ltr'>plura3</span> <span class='ocrx_word' id='word_1_135' title='bbox 1584 2411 1741 2475; x_wconf 82' lang='lat' dir='ltr'>ergo</span> <span class='ocrx_word' id='word_1_136' title='bbox 1779 2392 1948 2457; x_wconf 90' lang='lat' dir='ltr'>Deus</span> <span class='ocrx_word' id='word_1_137' title='bbox 1987 2397 2081 2456; x_wconf 90' lang='lat' dir='ltr'>est</span> <span class='ocrx_word' id='word_1_138' title='bbox 2119 2393 2240 2456; x_wconf 86' lang='lat' dir='ltr'>im-</span> 
     </span>
     <span class='ocr_line' id='line_1_20' title="bbox 699 2492 2241 2576; baseline -0.001 -19"><span class='ocrx_word' id='word_1_139' title='bbox 699 2499 924 2576; x_wconf 86' lang='lat' dir='ltr'>potens</span> <span class='ocrx_word' id='word_1_140' title='bbox 957 2516 971 2557; x_wconf 89' lang='lat'>:</span> <span class='ocrx_word' id='word_1_141' title='bbox 1000 2494 1109 2558; x_wconf 89' lang='lat' dir='ltr'>sed</span> <span class='ocrx_word' id='word_1_142' title='bbox 1143 2493 1304 2556; x_wconf 90' lang='lat' dir='ltr'>nihil</span> <span class='ocrx_word' id='word_1_143' title='bbox 1334 2497 1537 2575; x_wconf 87' lang='lat' dir='ltr'>potest</span> <span class='ocrx_word' id='word_1_144' title='bbox 1560 2493 1762 2556; x_wconf 86' lang='lat' dir='ltr'>facere</span> <span class='ocrx_word' id='word_1_145' title='bbox 1789 2492 1993 2556; x_wconf 90' lang='lat' dir='ltr'>Deum</span> <span class='ocrx_word' id='word_1_146' title='bbox 2027 2492 2241 2575; x_wconf 85' lang='lat' dir='ltr'>impo-</span> 
     </span>
    </p>
   </div>
   <div class='ocr_carea' id='block_1_4' title="bbox 700 2605 2244 3218">
    <p class='ocr_par' dir='ltr' id='par_1_6' title="bbox 700 2605 1362 2682">
     <span class='ocr_line' id='line_1_21' title="bbox 700 2605 1362 2682; baseline 0 -18"><span class='ocrx_word' id='word_1_147' title='bbox 700 2605 942 2665; x_wconf 87' lang='lat' dir='ltr'>tentem</span> <span class='ocrx_word' id='word_1_148' title='bbox 969 2623 985 2664; x_wconf 68' lang='grc'><strong>1</strong></span> <span class='ocrx_word' id='word_1_149' title='bbox 1018 2619 1176 2682; x_wconf 84' lang='lat' dir='ltr'>ergo</span> <span class='ocrx_word' id='word_1_150' title='bbox 1194 2649 1211 2679; x_wconf 92' lang='lat'>,</span> <span class='ocrx_word' id='word_1_151' title='bbox 1242 2606 1362 2664; x_wconf 88' lang='lat' dir='ltr'>etc.</span> 
     </span>
    </p>

    <p class='ocr_par' dir='ltr' id='par_1_7' title="bbox 701 2707 2244 3218">
     <span class='ocr_line' id='line_1_22' title="bbox 783 2707 2238 2786; baseline 0.001 -16"><span class='ocrx_word' id='word_1_152' title='bbox 783 2707 971 2786; x_wconf 85' lang='lat' dir='ltr'>Item,</span> <span class='ocrx_word' id='word_1_153' title='bbox 1007 2708 1119 2783; x_wconf 87' lang='lat' dir='ltr'>ubi</span> <span class='ocrx_word' id='word_1_154' title='bbox 1150 2712 1242 2771; x_wconf 88' lang='lat' dir='ltr'>est</span> <span class='ocrx_word' id='word_1_155' title='bbox 1278 2707 1560 2771; x_wconf 81' lang='lat' dir='ltr'>infinitas</span> <span class='ocrx_word' id='word_1_156' title='bbox 1599 2707 1861 2771; x_wconf 86' lang='lat' dir='ltr'>actualis</span> <span class='ocrx_word' id='word_1_157' title='bbox 1888 2708 2238 2772; x_wconf 89' lang='lat' dir='ltr'>secundum</span> 
     </span>
     <span class='ocr_line' id='line_1_23' title="bbox 702 2815 2244 2895; baseline 0.002 -18"><span class='ocrx_word' id='word_1_158' title='bbox 702 2832 1052 2877; x_wconf 89' lang='lat' dir='ltr'>numerum</span> <span class='ocrx_word' id='word_1_159' title='bbox 1073 2863 1090 2892; x_wconf 87' lang='lat'>,</span> <span class='ocrx_word' id='word_1_160' title='bbox 1137 2815 1226 2877; x_wconf 90' lang='lat' dir='ltr'>ibi</span> <span class='ocrx_word' id='word_1_161' title='bbox 1270 2815 1482 2879; x_wconf 83' lang='lat' dir='ltr'>deficit</span> <span class='ocrx_word' id='word_1_162' title='bbox 1528 2817 1729 2878; x_wconf 86' lang='lat' dir='ltr'>status</span> <span class='ocrx_word' id='word_1_163' title='bbox 1751 2862 1768 2890; x_wconf 91' lang='lat'>,</span> <span class='ocrx_word' id='word_1_164' title='bbox 1822 2818 1884 2878; x_wconf 88' lang='lat' dir='ltr'>et</span> <span class='ocrx_word' id='word_1_165' title='bbox 1935 2815 2127 2895; x_wconf 88' lang='lat' dir='ltr'>ord0‚</span> <span class='ocrx_word' id='word_1_166' title='bbox 2179 2821 2244 2880; x_wconf 88' lang='lat' dir='ltr'>et</span> 
     </span>
     <span class='ocr_line' id='line_1_24' title="bbox 701 2921 2244 3004; baseline 0.001 -19"><span class='ocrx_word' id='word_1_167' title='bbox 701 2921 1019 2985; x_wconf 86' lang='lat' dir='ltr'>distinctio</span> <span class='ocrx_word' id='word_1_168' title='bbox 1047 2944 1062 2985; x_wconf 74' lang='grc' dir='ltr'>ε</span> <span class='ocrx_word' id='word_1_169' title='bbox 1094 2921 1203 2985; x_wconf 89' lang='lat' dir='ltr'>sed</span> <span class='ocrx_word' id='word_1_170' title='bbox 1248 2921 1468 2986; x_wconf 88' lang='lat' dir='ltr'>divina</span> <span class='ocrx_word' id='word_1_171' title='bbox 1500 2921 1806 3004; x_wconf 89' lang='lat' dir='ltr'>sapientia</span> <span class='ocrx_word' id='word_1_172' title='bbox 1833 2939 1965 2985; x_wconf 90' lang='lat' dir='ltr'>non</span> <span class='ocrx_word' id='word_1_173' title='bbox 2003 2923 2244 3004; x_wconf 89' lang='lat' dir='ltr'>patitur</span> 
     </span>
     <span class='ocr_line' id='line_1_25' title="bbox 702 3027 2241 3110; baseline 0.001 -19"><span class='ocrx_word' id='word_1_174' title='bbox 702 3027 904 3092; x_wconf 91' lang='lat' dir='ltr'>Deum</span> <span class='ocrx_word' id='word_1_175' title='bbox 969 3028 1207 3110; x_wconf 90' lang='lat' dir='ltr'>aliquid</span> <span class='ocrx_word' id='word_1_176' title='bbox 1261 3029 1462 3093; x_wconf 83' lang='lat' dir='ltr'>facere</span> <span class='ocrx_word' id='word_1_177' title='bbox 1508 3028 1643 3092; x_wconf 87' lang='lat' dir='ltr'>sine</span> <span class='ocrx_word' id='word_1_178' title='bbox 1688 3027 1877 3092; x_wconf 93' lang='lat' dir='ltr'>modo</span> <span class='ocrx_word' id='word_1_179' title='bbox 1926 3032 1992 3093; x_wconf 91' lang='lat' dir='ltr'>et</span> <span class='ocrx_word' id='word_1_180' title='bbox 2054 3047 2241 3094; x_wconf 89' lang='lat' dir='ltr'>men-</span> 
     </span>
     <span class='ocr_line' id='line_1_26' title="bbox 703 3139 1261 3218; baseline -0.004 -18"><span class='ocrx_word' id='word_1_181' title='bbox 703 3155 885 3218; x_wconf 80' lang='lat' dir='ltr'>sura3</span> <span class='ocrx_word' id='word_1_182' title='bbox 919 3155 1110 3218; x_wconf 81' lang='lat' dir='ltr'>ergo,</span> <span class='ocrx_word' id='word_1_183' title='bbox 1141 3139 1261 3199; x_wconf 86' lang='lat' dir='ltr'>etc.</span> 
     </span>
    </p>
   </div>
   <div class='ocr_carea' id='block_1_5' title="bbox 1249 3377 1698 3445">
    <p class='ocr_par' dir='ltr' id='par_1_8' title="bbox 1249 3377 1698 3445">
     <span class='ocr_line' id='line_1_27' title="bbox 1249 3377 1698 3445; baseline -0.009 0"><span class='ocrx_word' id='word_1_184' title='bbox 1249 3377 1698 3445; x_wconf 88' lang='lat' dir='ltr'>CONCLUSIO.</span> 
     </span>
    </p>
   </div>
   <div class='ocr_carea' id='block_1_6' title="bbox 706 3547 2247 3797">
    <p class='ocr_par' dir='ltr' id='par_1_9' title="bbox 706 3547 2247 3797">
     <span class='ocr_line' id='line_1_28' title="bbox 706 3547 2247 3621; baseline 0.002 -17"><span class='ocrx_word' id='word_1_185' title='bbox 706 3549 961 3604; x_wconf 78' lang='lat' dir='ltr'>Potentia</span> <span class='ocrx_word' id='word_1_186' title='bbox 983 3547 1196 3616; x_wconf 79' lang='lat' dir='ltr'>divina,</span> <span class='ocrx_word' id='word_1_187' title='bbox 1225 3563 1535 3618; x_wconf 72' lang='lat' dir='ltr'>quanquam</span> <span class='ocrx_word' id='word_1_188' title='bbox 1552 3549 1626 3603; x_wconf 81' lang='lat' dir='ltr'>sit</span> <span class='ocrx_word' id='word_1_189' title='bbox 1652 3550 1898 3618; x_wconf 76' lang='lat' dir='ltr'>infinita,</span> <span class='ocrx_word' id='word_1_190' title='bbox 1926 3551 1988 3606; x_wconf 80' lang='lat' dir='ltr'>in</span> <span class='ocrx_word' id='word_1_191' title='bbox 2007 3549 2247 3621; x_wconf 79' lang='lat' dir='ltr'>effectum</span> 
     </span>
     <span class='ocr_line' id='line_1_29' title="bbox 781 3639 2244 3710; baseline 0.001 -17"><span class='ocrx_word' id='word_1_192' title='bbox 781 3641 958 3693; x_wconf 83' lang='lat' dir='ltr'>tamen</span> <span class='ocrx_word' id='word_1_193' title='bbox 984 3639 1264 3707; x_wconf 80' lang='lat' dir='ltr'>infinitum</span> <span class='ocrx_word' id='word_1_194' title='bbox 1293 3653 1398 3692; x_wconf 81' lang='lat' dir='ltr'>non</span> <span class='ocrx_word' id='word_1_195' title='bbox 1419 3641 1626 3709; x_wconf 78' lang='lat' dir='ltr'>potest,</span> <span class='ocrx_word' id='word_1_196' title='bbox 1676 3653 1794 3693; x_wconf 85' lang='lat' dir='ltr'>cum</span> <span class='ocrx_word' id='word_1_197' title='bbox 1820 3639 1883 3693; x_wconf 78' lang='lat' dir='ltr'>id</span> <span class='ocrx_word' id='word_1_198' title='bbox 1907 3655 2075 3710; x_wconf 84' lang='lat' dir='ltr'>neque</span> <span class='ocrx_word' id='word_1_199' title='bbox 2100 3641 2244 3707; x_wconf 83' lang='lat' dir='ltr'>sibi,</span> 
     </span>
     <span class='ocr_line' id='line_1_30' title="bbox 779 3729 1556 3797; baseline 0 -14"><span class='ocrx_word' id='word_1_200' title='bbox 779 3742 945 3797; x_wconf 80' lang='lat' dir='ltr'>neque</span> <span class='ocrx_word' id='word_1_201' title='bbox 971 3730 1228 3783; x_wconf 80' lang='lat' dir='ltr'>creaturoe</span> <span class='ocrx_word' id='word_1_202' title='bbox 1254 3729 1556 3783; x_wconf 76' lang='lat' dir='ltr'>conveniat.</span> 
     </span>
    </p>
   </div>
   <div class='ocr_carea' id='block_1_7' title="bbox 711 3884 2247 4078">
    <p class='ocr_par' dir='ltr' id='par_1_10' title="bbox 711 3884 2247 4078">
     <span class='ocr_line' id='line_1_31' title="bbox 789 3884 2247 3971; baseline 0.003 -22"><span class='ocrx_word' id='word_1_203' title='bbox 789 3884 976 3967; x_wconf 86' lang='lat' dir='ltr'>Resp.</span> <span class='ocrx_word' id='word_1_204' title='bbox 1007 3884 1087 3948; x_wconf 90' lang='lat' dir='ltr'>ad</span> <span class='ocrx_word' id='word_1_205' title='bbox 1114 3886 1389 3967; x_wconf 83' lang='lat' dir='ltr'>Argum.</span> <span class='ocrx_word' id='word_1_206' title='bbox 1419 3885 1769 3950; x_wconf 82' lang='lat' dir='ltr'>Dicendum</span> <span class='ocrx_word' id='word_1_207' title='bbox 1808 3887 1980 3970; x_wconf 85' lang='lat' dir='ltr'>quod</span> <span class='ocrx_word' id='word_1_208' title='bbox 2010 3889 2247 3971; x_wconf 84' lang='lat' dir='ltr'>duplex</span> 
     </span>
     <span class='ocr_line' id='line_1_32' title="bbox 711 3993 2246 4078; baseline 0.002 -20"><span class='ocrx_word' id='word_1_209' title='bbox 711 3999 805 4058; x_wconf 88' lang='lat' dir='ltr'>est</span> <span class='ocrx_word' id='word_1_210' title='bbox 831 3994 1192 4071; x_wconf 79' lang='lat' dir='ltr'>infinitum,</span> <span class='ocrx_word' id='word_1_211' title='bbox 1226 3993 1459 4056; x_wconf 86' lang='lat' dir='ltr'>scilicet</span> <span class='ocrx_word' id='word_1_212' title='bbox 1499 3993 1563 4055; x_wconf 92' lang='lat' dir='ltr'>in</span> <span class='ocrx_word' id='word_1_213' title='bbox 1593 3999 1740 4057; x_wconf 84' lang='lat' dir='ltr'>actu</span> <span class='ocrx_word' id='word_1_214' title='bbox 1761 4043 1777 4069; x_wconf 88' lang='lat'>,</span> <span class='ocrx_word' id='word_1_215' title='bbox 1808 3999 1871 4057; x_wconf 84' lang='lat' dir='ltr'>et</span> <span class='ocrx_word' id='word_1_216' title='bbox 1913 3996 1985 4058; x_wconf 90' lang='lat' dir='ltr'>in</span> <span class='ocrx_word' id='word_1_217' title='bbox 2020 4002 2246 4078; x_wconf 86' lang='lat' dir='ltr'>poten-</span> 
     </span>
    </p>
   </div>
   <div class='ocr_carea' id='block_1_8' title="bbox 711 4100 2251 4604">
    <p class='ocr_par' dir='ltr' id='par_1_11' title="bbox 711 4100 2251 4604">
     <span class='ocr_line' id='line_1_33' title="bbox 712 4100 2249 4185; baseline 0.002 -20"><span class='ocrx_word' id='word_1_218' title='bbox 712 4102 799 4165; x_wconf 89' lang='lat' dir='ltr'>tia</span> <span class='ocrx_word' id='word_1_219' title='bbox 836 4123 850 4164; x_wconf 91' lang='lat'>:</span> <span class='ocrx_word' id='word_1_220' title='bbox 895 4101 1221 4163; x_wconf 73' lang='lat' dir='ltr'>inlinitum</span> <span class='ocrx_word' id='word_1_221' title='bbox 1259 4100 1328 4163; x_wconf 93' lang='lat' dir='ltr'>in</span> <span class='ocrx_word' id='word_1_222' title='bbox 1367 4101 1648 4182; x_wconf 86' lang='lat' dir='ltr'>potentia</span> <span class='ocrx_word' id='word_1_223' title='bbox 1691 4101 1851 4165; x_wconf 88' lang='lat' dir='ltr'>Deus</span> <span class='ocrx_word' id='word_1_224' title='bbox 1900 4106 2105 4185; x_wconf 89' lang='lat' dir='ltr'>potest</span> <span class='ocrx_word' id='word_1_225' title='bbox 2148 4105 2249 4168; x_wconf 87' lang='lat' dir='ltr'>fa·-</span> 
     </span>
     <span class='ocr_line' id='line_1_34' title="bbox 716 4207 2250 4295; baseline 0.003 -23"><span class='ocrx_word' id='word_1_226' title='bbox 716 4227 891 4286; x_wconf 89' lang='lat' dir='ltr'>cere,</span> <span class='ocrx_word' id='word_1_227' title='bbox 922 4213 984 4272; x_wconf 90' lang='lat' dir='ltr'>et</span> <span class='ocrx_word' id='word_1_228' title='bbox 1013 4207 1192 4285; x_wconf 84' lang='lat' dir='ltr'>facit;</span> <span class='ocrx_word' id='word_1_229' title='bbox 1225 4207 1549 4270; x_wconf 80' lang='lat' dir='ltr'>infinitum</span> <span class='ocrx_word' id='word_1_230' title='bbox 1589 4209 1656 4271; x_wconf 90' lang='lat' dir='ltr'>in</span> <span class='ocrx_word' id='word_1_231' title='bbox 1690 4212 1833 4273; x_wconf 89' lang='lat' dir='ltr'>actu</span> <span class='ocrx_word' id='word_1_232' title='bbox 1874 4227 2007 4274; x_wconf 92' lang='lat' dir='ltr'>non</span> <span class='ocrx_word' id='word_1_233' title='bbox 2045 4218 2250 4295; x_wconf 87' lang='lat' dir='ltr'>potest</span> 
     </span>
     <span class='ocr_line' id='line_1_35' title="bbox 711 4314 2243 4402; baseline 0.004 -21"><span class='ocrx_word' id='word_1_234' title='bbox 711 4321 939 4394; x_wconf 88' lang='lat' dir='ltr'>facere,</span> <span class='ocrx_word' id='word_1_235' title='bbox 962 4336 1080 4381; x_wconf 86' lang='lat' dir='ltr'>nec</span> <span class='ocrx_word' id='word_1_236' title='bbox 1099 4317 1267 4380; x_wconf 86' lang='lat' dir='ltr'>facit.</span> <span class='ocrx_word' id='word_1_237' title='bbox 1287 4314 1431 4380; x_wconf 93' lang='lat' dir='ltr'>Non</span> <span class='ocrx_word' id='word_1_238' title='bbox 1452 4321 1674 4398; x_wconf 88' lang='lat' dir='ltr'>potest,</span> <span class='ocrx_word' id='word_1_239' title='bbox 1695 4318 1990 4400; x_wconf 88' lang='lat' dir='ltr'>inquam,</span> <span class='ocrx_word' id='word_1_240' title='bbox 2011 4323 2243 4402; x_wconf 86' lang='lat' dir='ltr'>facere,</span> 
     </span>
     <span class='ocr_line' id='line_1_36' title="bbox 712 4425 2251 4507; baseline 0.004 -19"><span class='ocrx_word' id='word_1_241' title='bbox 712 4426 864 4507; x_wconf 82' lang='lat' dir='ltr'>quia</span> <span class='ocrx_word' id='word_1_242' title='bbox 904 4444 1023 4489; x_wconf 89' lang='lat' dir='ltr'>nec</span> <span class='ocrx_word' id='word_1_243' title='bbox 1055 4425 1353 4489; x_wconf 86' lang='lat' dir='ltr'>convenit</span> <span class='ocrx_word' id='word_1_244' title='bbox 1389 4425 1545 4504; x_wconf 87' lang='lat' dir='ltr'>sibi,</span> <span class='ocrx_word' id='word_1_245' title='bbox 1587 4443 1704 4488; x_wconf 89' lang='lat' dir='ltr'>nec</span> <span class='ocrx_word' id='word_1_246' title='bbox 1740 4429 2039 4492; x_wconf 88' lang='lat' dir='ltr'>convenit</span> <span class='ocrx_word' id='word_1_247' title='bbox 2072 4448 2251 4494; x_wconf 87' lang='lat' dir='ltr'>crea-</span> 
     </span>
     <span class='ocr_line' id='line_1_37' title="bbox 711 4532 2248 4604; baseline 0.005 -8"><span class='ocrx_word' id='word_1_248' title='bbox 711 4537 899 4597; x_wconf 86' lang='lat' dir='ltr'>turae.</span> <span class='ocrx_word' id='word_1_249' title='bbox 931 4532 1062 4597; x_wconf 88' lang='lat' dir='ltr'>Sibi</span> <span class='ocrx_word' id='word_1_250' title='bbox 1088 4551 1222 4598; x_wconf 91' lang='lat' dir='ltr'>non</span> <span class='ocrx_word' id='word_1_251' title='bbox 1248 4533 1586 4596; x_wconf 85' lang='lat' dir='ltr'>convenit:</span> <span class='ocrx_word' id='word_1_252' title='bbox 1617 4552 1765 4596; x_wconf 89' lang='lat' dir='ltr'>cum</span> <span class='ocrx_word' id='word_1_253' title='bbox 1792 4535 1967 4599; x_wconf 87' lang='lat' dir='ltr'>enim</span> <span class='ocrx_word' id='word_1_254' title='bbox 1993 4556 2248 4604; x_wconf 89' lang='lat' dir='ltr'>summe</span> 
     </span>
    </p>
   </div>
   <div class='ocr_carea' id='block_1_9' title="bbox 714 4638 2276 4723">
    <p class='ocr_par' dir='ltr' id='par_1_12' title="bbox 714 4638 2276 4723">
     <span class='ocr_line' id='line_1_38' title="bbox 714 4638 2276 4723; baseline 0.004 -19"><span class='ocrx_word' id='word_1_255' title='bbox 714 4641 923 4704; x_wconf 87' lang='lat' dir='ltr'>bonus</span> <span class='ocrx_word' id='word_1_256' title='bbox 965 4642 1078 4717; x_wconf 86' lang='lat' dir='ltr'>sit,</span> <span class='ocrx_word' id='word_1_257' title='bbox 1135 4658 1270 4704; x_wconf 89' lang='lat' dir='ltr'>non</span> <span class='ocrx_word' id='word_1_258' title='bbox 1323 4644 1526 4722; x_wconf 86' lang='lat' dir='ltr'>potest</span> <span class='ocrx_word' id='word_1_259' title='bbox 1581 4640 1817 4723; x_wconf 88' lang='lat' dir='ltr'>aliquid</span> <span class='ocrx_word' id='word_1_260' title='bbox 1865 4644 2070 4708; x_wconf 86' lang='lat' dir='ltr'>facere</span> <span class='ocrx_word' id='word_1_261' title='bbox 2124 4638 2276 4711; x_wconf 56' lang='lat' dir='ltr'>nisi‘</span> 
     </span>
    </p>
   </div>
   <div class='ocr_carea' id='block_1_10' title="bbox 681 4736 2257 5254">
    <p class='ocr_par' dir='ltr' id='par_1_13' title="bbox 681 4736 2257 5254">
     <span class='ocr_line' id='line_1_39' title="bbox 681 4736 2249 4829; baseline 0.005 -18"><span class='ocrx_word' id='word_1_262' title='bbox 681 4736 987 4827; x_wconf 70' lang='lat' dir='ltr'>honum,</span> <span class='ocrx_word' id='word_1_263' title='bbox 1021 4752 1085 4811; x_wconf 89' lang='lat' dir='ltr'>et</span> <span class='ocrx_word' id='word_1_264' title='bbox 1114 4748 1202 4811; x_wconf 87' lang='lat' dir='ltr'>ita</span> <span class='ocrx_word' id='word_1_265' title='bbox 1230 4765 1365 4811; x_wconf 89' lang='lat' dir='ltr'>non</span> <span class='ocrx_word' id='word_1_266' title='bbox 1396 4751 1601 4829; x_wconf 88' lang='lat' dir='ltr'>potest</span> <span class='ocrx_word' id='word_1_267' title='bbox 1625 4748 1830 4812; x_wconf 86' lang='lat' dir='ltr'>faeere</span> <span class='ocrx_word' id='word_1_268' title='bbox 1854 4750 1973 4813; x_wconf 91' lang='lat' dir='ltr'>nisi</span> <span class='ocrx_word' id='word_1_269' title='bbox 2001 4770 2139 4816; x_wconf 90' lang='lat' dir='ltr'>rem</span> <span class='ocrx_word' id='word_1_270' title='bbox 2169 4757 2249 4819; x_wconf 90' lang='lat' dir='ltr'>ad</span> 
     </span>
     <span class='ocr_line' id='line_1_40' title="bbox 716 4855 2255 4946; baseline 0.005 -28"><span class='ocrx_word' id='word_1_271' title='bbox 716 4873 782 4918; x_wconf 86' lang='lat' dir='ltr'>se</span> <span class='ocrx_word' id='word_1_272' title='bbox 809 4855 1163 4919; x_wconf 84' lang='lat' dir='ltr'>ordinatam</span> <span class='ocrx_word' id='word_1_273' title='bbox 1195 4876 1211 4919; x_wconf 77' lang='lat' dir='ltr'>t</span> <span class='ocrx_word' id='word_1_274' title='bbox 1244 4856 1549 4938; x_wconf 87' lang='lat' dir='ltr'>quoniam</span> <span class='ocrx_word' id='word_1_275' title='bbox 1581 4873 1739 4936; x_wconf 83' lang='lat' dir='ltr'>ergo</span> <span class='ocrx_word' id='word_1_276' title='bbox 1766 4857 1920 4920; x_wconf 94' lang='lat' dir='ltr'>ordo</span> <span class='ocrx_word' id='word_1_277' title='bbox 1954 4878 2255 4946; x_wconf 79' lang='lat' dir='ltr'>praesup-</span> 
     </span>
     <span class='ocr_line' id='line_1_41' title="bbox 715 4961 2257 5052; baseline 0.007 -27"><span class='ocrx_word' id='word_1_278' title='bbox 715 4961 895 5044; x_wconf 91' lang='lat' dir='ltr'>ponit</span> <span class='ocrx_word' id='word_1_279' title='bbox 938 4981 1325 5042; x_wconf 88' lang='lat' dir='ltr'>numerum,</span> <span class='ocrx_word' id='word_1_280' title='bbox 1369 4967 1432 5026; x_wconf 89' lang='lat' dir='ltr'>et</span> <span class='ocrx_word' id='word_1_281' title='bbox 1463 4980 1778 5026; x_wconf 87' lang='lat' dir='ltr'>numerus</span> <span class='ocrx_word' id='word_1_282' title='bbox 1821 4973 2257 5052; x_wconf 82' lang='lat' dir='ltr'>praesupponit</span> 
     </span>
     <span class='ocr_line' id='line_1_42' title="bbox 719 5069 2254 5153; baseline 0.008 -21"><span class='ocrx_word' id='word_1_283' title='bbox 719 5088 1117 5145; x_wconf 89' lang='lat' dir='ltr'>mensuram,</span> <span class='ocrx_word' id='word_1_284' title='bbox 1162 5070 1313 5153; x_wconf 88' lang='lat' dir='ltr'>quia</span> <span class='ocrx_word' id='word_1_285' title='bbox 1358 5088 1486 5132; x_wconf 89' lang='lat' dir='ltr'>non</span> <span class='ocrx_word' id='word_1_286' title='bbox 1536 5069 1910 5135; x_wconf 82' lang='lat' dir='ltr'>ordinantur</span> <span class='ocrx_word' id='word_1_287' title='bbox 1954 5076 2034 5140; x_wconf 90' lang='lat' dir='ltr'>ad</span> <span class='ocrx_word' id='word_1_288' title='bbox 2079 5078 2254 5145; x_wconf 89' lang='lat' dir='ltr'>aliud</span> 
     </span>
     <span class='ocr_line' id='line_1_43' title="bbox 719 5176 2253 5254; baseline 0.008 -15"><span class='ocrx_word' id='word_1_289' title='bbox 719 5176 841 5239; x_wconf 89' lang='lat' dir='ltr'>nisi</span> <span class='ocrx_word' id='word_1_290' title='bbox 867 5182 1225 5254; x_wconf 88' lang='lat' dir='ltr'>numerata,</span> <span class='ocrx_word' id='word_1_291' title='bbox 1256 5183 1319 5241; x_wconf 87' lang='lat' dir='ltr'>et</span> <span class='ocrx_word' id='word_1_292' title='bbox 1338 5196 1468 5242; x_wconf 92' lang='lat' dir='ltr'>non</span> <span class='ocrx_word' id='word_1_293' title='bbox 1493 5184 1922 5244; x_wconf 85' lang='lat' dir='ltr'>numerantur</span> <span class='ocrx_word' id='word_1_294' title='bbox 1938 5184 2061 5247; x_wconf 87' lang='lat' dir='ltr'>nisi</span> <span class='ocrx_word' id='word_1_295' title='bbox 2084 5187 2253 5251; x_wconf 89' lang='lat' dir='ltr'>limi·</span> 
     </span>
    </p>
   </div>
   <div class='ocr_carea' id='block_1_11' title="bbox 720 5284 2302 5361">
    <p class='ocr_par' dir='ltr' id='par_1_14' title="bbox 720 5284 2302 5361">
     <span class='ocr_line' id='line_1_44' title="bbox 720 5284 2302 5361; baseline 0.014 -22"><span class='ocrx_word' id='word_1_296' title='bbox 720 5287 879 5361; x_wconf 75' lang='lat' dir='ltr'>tata3</span> <span class='ocrx_word' id='word_1_297' title='bbox 928 5284 1070 5348; x_wconf 89' lang='lat' dir='ltr'>ideo</span> <span class='ocrx_word' id='word_1_298' title='bbox 1110 5303 1361 5349; x_wconf 86' lang='lat' dir='ltr'>necesse</span> <span class='ocrx_word' id='word_1_299' title='bbox 1391 5285 1511 5350; x_wconf 82' lang='lat' dir='ltr'>fuit</span> <span class='ocrx_word' id='word_1_300' title='bbox 1554 5284 1754 5349; x_wconf 90' lang='lat' dir='ltr'>Deum</span> <span class='ocrx_word' id='word_1_301' title='bbox 1795 5287 2001 5354; x_wconf 86' lang='lat' dir='ltr'>facere</span> <span class='ocrx_word' id='word_1_302' title='bbox 2040 5295 2259 5361; x_wconf 90' lang='lat' dir='ltr'>omnia</span> <span class='ocrx_word' id='word_1_303' title='bbox 2298 5310 2302 5316; x_wconf 59' lang='lat'><em>⁴</em></span> 
     </span>
    </p>
   </div>
   <div class='ocr_carea' id='block_1_12' title="bbox 722 5394 2261 5478">
    <p class='ocr_par' dir='ltr' id='par_1_15' title="bbox 722 5394 2261 5478">
     <span class='ocr_line' id='line_1_45' title="bbox 722 5394 2261 5478; baseline 0.008 -18"><span class='ocrx_word' id='word_1_304' title='bbox 722 5394 794 5460; x_wconf 88' lang='lat' dir='ltr'>in</span> <span class='ocrx_word' id='word_1_305' title='bbox 821 5413 1093 5461; x_wconf 86' lang='lat' dir='ltr'>numero</span> <span class='ocrx_word' id='word_1_306' title='bbox 1111 5443 1129 5476; x_wconf 89' lang='lat'>,</span> <span class='ocrx_word' id='word_1_307' title='bbox 1175 5396 1452 5478; x_wconf 87' lang='lat' dir='ltr'>pondere</span> <span class='ocrx_word' id='word_1_308' title='bbox 1488 5400 1552 5461; x_wconf 91' lang='lat' dir='ltr'>et</span> <span class='ocrx_word' id='word_1_309' title='bbox 1589 5415 1891 5464; x_wconf 86' lang='lat' dir='ltr'>mensura</span> <span class='ocrx_word' id='word_1_310' title='bbox 1931 5423 1949 5466; x_wconf 76' lang='lat' dir='ltr'><strong><em>z</em></strong></span> <span class='ocrx_word' id='word_1_311' title='bbox 1991 5421 2111 5469; x_wconf 85' lang='lat' dir='ltr'>nec</span> <span class='ocrx_word' id='word_1_312' title='bbox 2138 5407 2261 5472; x_wconf 80' lang='lat' dir='ltr'>ali-</span> 
     </span>
    </p>
   </div>
   <div class='ocr_carea' id='block_1_13' title="bbox 1827 421 2726 493">
    <p class='ocr_par' dir='ltr' id='par_1_16' title="bbox 1827 421 2726 493">
     <span class='ocr_line' id='line_1_46' title="bbox 1827 421 2726 493; baseline -0.008 0"><span class='ocrx_word' id='word_1_313' title='bbox 1827 421 2448 493; x_wconf 83' lang='lat' dir='ltr'><strong>SENTENTIARUM</strong></span> <span class='ocrx_word' id='word_1_314' title='bbox 2488 422 2636 488; x_wconf 89' lang='lat' dir='ltr'><strong>LIB.</strong></span> <span class='ocrx_word' id='word_1_315' title='bbox 2676 423 2726 488; x_wconf 87' lang='lat'>1.</span> 
     </span>
    </p>
   </div>
   <div class='ocr_carea' id='block_1_14' title="bbox 2336 549 3892 5155">
    <p class='ocr_par' dir='ltr' id='par_1_17' title="bbox 2336 549 3892 3340">
     <span class='ocr_line' id='line_1_47' title="bbox 2344 549 3880 646; baseline 0.001 -20"><span class='ocrx_word' id='word_1_316' title='bbox 2344 566 2444 626; x_wconf 91' lang='lat' dir='ltr'>ter</span> <span class='ocrx_word' id='word_1_317' title='bbox 2464 561 2667 624; x_wconf 85' lang='lat' dir='ltr'>facere</span> <span class='ocrx_word' id='word_1_318' title='bbox 2692 561 2928 643; x_wconf 89' lang='lat' dir='ltr'>potuit,</span> <span class='ocrx_word' id='word_1_319' title='bbox 2959 580 3077 626; x_wconf 91' lang='lat' dir='ltr'>nec</span> <span class='ocrx_word' id='word_1_320' title='bbox 3102 549 3334 644; x_wconf 69' lang='lat' dir='ltr'>potoet&#39;,</span> <span class='ocrx_word' id='word_1_321' title='bbox 3363 580 3481 628; x_wconf 87' lang='lat' dir='ltr'>nec</span> <span class='ocrx_word' id='word_1_322' title='bbox 3505 563 3880 646; x_wconf 83' lang='lat' dir='ltr'>infinitum,</span> 
     </span>
     <span class='ocr_line' id='line_1_48' title="bbox 2337 668 3887 752; baseline 0.001 -20"><span class='ocrx_word' id='word_1_323' title='bbox 2337 686 2454 732; x_wconf 89' lang='lat' dir='ltr'>nec</span> <span class='ocrx_word' id='word_1_324' title='bbox 2497 668 2748 733; x_wconf 73' lang='lat' dir='ltr'>infinita</span> <span class='ocrx_word' id='word_1_325' title='bbox 2790 669 2860 732; x_wconf 91' lang='lat' dir='ltr'>in</span> <span class='ocrx_word' id='word_1_326' title='bbox 2892 672 3061 733; x_wconf 88' lang='lat' dir='ltr'>actu.</span> <span class='ocrx_word' id='word_1_327' title='bbox 3093 668 3275 735; x_wconf 88' lang='lat' dir='ltr'>Ratio</span> <span class='ocrx_word' id='word_1_328' title='bbox 3308 674 3403 735; x_wconf 89' lang='lat' dir='ltr'>est</span> <span class='ocrx_word' id='word_1_329' title='bbox 3443 671 3644 735; x_wconf 90' lang='lat' dir='ltr'>etiam</span> <span class='ocrx_word' id='word_1_330' title='bbox 3668 719 3686 750; x_wconf 93' lang='lat'>,</span> <span class='ocrx_word' id='word_1_331' title='bbox 3730 671 3887 752; x_wconf 87' lang='lat' dir='ltr'>quia</span> 
     </span>
     <span class='ocr_line' id='line_1_49' title="bbox 2337 776 3889 843; baseline 0.001 -4"><span class='ocrx_word' id='word_1_332' title='bbox 2337 777 2460 840; x_wconf 88' lang='lat' dir='ltr'>hoc</span> <span class='ocrx_word' id='word_1_333' title='bbox 2483 776 2662 840; x_wconf 89' lang='lat' dir='ltr'>nullo</span> <span class='ocrx_word' id='word_1_334' title='bbox 2699 777 2888 841; x_wconf 93' lang='lat' dir='ltr'>modo</span> <span class='ocrx_word' id='word_1_335' title='bbox 2914 778 3210 843; x_wconf 84' lang='lat' dir='ltr'>convenit</span> <span class='ocrx_word' id='word_1_336' title='bbox 3237 783 3549 843; x_wconf 82' lang='lat' dir='ltr'>creaturae</span> <span class='ocrx_word' id='word_1_337' title='bbox 3602 800 3618 842; x_wconf 89' lang='lat'>:</span> <span class='ocrx_word' id='word_1_338' title='bbox 3660 779 3889 842; x_wconf 81' lang='lat' dir='ltr'>infini-</span> 
     </span>
     <span class='ocr_line' id='line_1_50' title="bbox 2336 885 3889 968; baseline 0.001 -20"><span class='ocrx_word' id='word_1_339' title='bbox 2336 887 2475 948; x_wconf 87' lang='lat' dir='ltr'>tum</span> <span class='ocrx_word' id='word_1_340' title='bbox 2500 885 2671 948; x_wconf 90' lang='lat' dir='ltr'>enim</span> <span class='ocrx_word' id='word_1_341' title='bbox 2698 885 2769 948; x_wconf 90' lang='lat' dir='ltr'>in</span> <span class='ocrx_word' id='word_1_342' title='bbox 2804 889 2950 949; x_wconf 88' lang='lat' dir='ltr'>actu</span> <span class='ocrx_word' id='word_1_343' title='bbox 2983 889 3077 949; x_wconf 90' lang='lat' dir='ltr'>est</span> <span class='ocrx_word' id='word_1_344' title='bbox 3116 888 3297 950; x_wconf 89' lang='lat' dir='ltr'>actus</span> <span class='ocrx_word' id='word_1_345' title='bbox 3323 904 3561 967; x_wconf 74' lang='lat' dir='ltr'>puruS,</span> <span class='ocrx_word' id='word_1_346' title='bbox 3593 886 3889 968; x_wconf 83' lang='lat' dir='ltr'>alioquin</span> 
     </span>
     <span class='ocr_line' id='line_1_51' title="bbox 2338 991 3888 1075; baseline 0.002 -19"><span class='ocrx_word' id='word_1_347' title='bbox 2338 993 2392 1056; x_wconf 87' lang='lat' dir='ltr'>si</span> <span class='ocrx_word' id='word_1_348' title='bbox 2443 992 2682 1075; x_wconf 86' lang='lat' dir='ltr'>aliquid</span> <span class='ocrx_word' id='word_1_349' title='bbox 2717 991 2979 1057; x_wconf 88' lang='lat' dir='ltr'>haberet</span> <span class='ocrx_word' id='word_1_350' title='bbox 3021 993 3099 1056; x_wconf 90' lang='lat' dir='ltr'>de</span> <span class='ocrx_word' id='word_1_351' title='bbox 3140 993 3516 1058; x_wconf 81' lang='lat' dir='ltr'>limitatione</span> <span class='ocrx_word' id='word_1_352' title='bbox 3559 998 3626 1058; x_wconf 88' lang='lat' dir='ltr'>et</span> <span class='ocrx_word' id='word_1_353' title='bbox 3678 999 3888 1059; x_wconf 86' lang='lat' dir='ltr'>arcta-</span> 
     </span>
     <span class='ocr_line' id='line_1_52' title="bbox 2337 1100 3890 1184; baseline 0.001 -20"><span class='ocrx_word' id='word_1_354' title='bbox 2337 1101 2507 1164; x_wconf 86' lang='lat' dir='ltr'>tione</span> <span class='ocrx_word' id='word_1_355' title='bbox 2527 1148 2544 1179; x_wconf 84' lang='lat'>,</span> <span class='ocrx_word' id='word_1_356' title='bbox 2592 1104 2754 1164; x_wconf 88' lang='lat' dir='ltr'>esset</span> <span class='ocrx_word' id='word_1_357' title='bbox 2797 1100 3053 1164; x_wconf 84' lang='lat' dir='ltr'>finitum</span> <span class='ocrx_word' id='word_1_358' title='bbox 3113 1122 3128 1163; x_wconf 76' lang='lat'>2</span> <span class='ocrx_word' id='word_1_359' title='bbox 3182 1100 3289 1164; x_wconf 87' lang='lat' dir='ltr'>sed</span> <span class='ocrx_word' id='word_1_360' title='bbox 3341 1100 3514 1184; x_wconf 87' lang='lat' dir='ltr'>quod</span> <span class='ocrx_word' id='word_1_361' title='bbox 3563 1104 3664 1165; x_wconf 88' lang='lat' dir='ltr'>est</span> <span class='ocrx_word' id='word_1_362' title='bbox 3707 1104 3890 1166; x_wconf 84' lang='lat' dir='ltr'>actus</span> 
     </span>
     <span class='ocr_line' id='line_1_53' title="bbox 2340 1211 3891 1294; baseline 0 -18"><span class='ocrx_word' id='word_1_363' title='bbox 2340 1230 2544 1294; x_wconf 91' lang='lat' dir='ltr'>purus</span> <span class='ocrx_word' id='word_1_364' title='bbox 2563 1260 2582 1291; x_wconf 94' lang='lat'>,</span> <span class='ocrx_word' id='word_1_365' title='bbox 2635 1216 2731 1276; x_wconf 81' lang='lat' dir='ltr'>est</span> <span class='ocrx_word' id='word_1_366' title='bbox 2782 1230 2974 1276; x_wconf 88' lang='lat' dir='ltr'>suum</span> <span class='ocrx_word' id='word_1_367' title='bbox 3026 1228 3161 1275; x_wconf 89' lang='lat' dir='ltr'>esse</span> <span class='ocrx_word' id='word_1_368' title='bbox 3216 1229 3333 1294; x_wconf 90' lang='lat' dir='ltr'>per</span> <span class='ocrx_word' id='word_1_369' title='bbox 3378 1211 3728 1276; x_wconf 85' lang='lat' dir='ltr'>essentiam</span> <span class='ocrx_word' id='word_1_370' title='bbox 3754 1260 3772 1289; x_wconf 92' lang='lat'>,</span> <span class='ocrx_word' id='word_1_371' title='bbox 3827 1215 3891 1276; x_wconf 88' lang='lat' dir='ltr'>et</span> 
     </span>
     <span class='ocr_line' id='line_1_54' title="bbox 2340 1318 3891 1401; baseline 0.001 -18"><span class='ocrx_word' id='word_1_372' title='bbox 2340 1319 2502 1383; x_wconf 89' lang='lat' dir='ltr'>nihil</span> <span class='ocrx_word' id='word_1_373' title='bbox 2534 1319 2656 1382; x_wconf 88' lang='lat' dir='ltr'>tale</span> <span class='ocrx_word' id='word_1_374' title='bbox 2686 1319 2909 1401; x_wconf 86' lang='lat' dir='ltr'>accipit</span> <span class='ocrx_word' id='word_1_375' title='bbox 2952 1336 3086 1382; x_wconf 88' lang='lat' dir='ltr'>esse</span> <span class='ocrx_word' id='word_1_376' title='bbox 3131 1319 3211 1381; x_wconf 91' lang='lat' dir='ltr'>ab</span> <span class='ocrx_word' id='word_1_377' title='bbox 3254 1318 3378 1383; x_wconf 84' lang='lat' dir='ltr'>alia</span> <span class='ocrx_word' id='word_1_378' title='bbox 3410 1319 3725 1400; x_wconf 86' lang='lat' dir='ltr'>essentia,</span> <span class='ocrx_word' id='word_1_379' title='bbox 3770 1337 3891 1384; x_wconf 89' lang='lat' dir='ltr'>nec</span> 
     </span>
     <span class='ocr_line' id='line_1_55' title="bbox 2343 1425 3891 1509; baseline 0.001 -18"><span class='ocrx_word' id='word_1_380' title='bbox 2343 1446 2426 1491; x_wconf 83' lang='lat' dir='ltr'>ex</span> <span class='ocrx_word' id='word_1_381' title='bbox 2465 1427 2698 1505; x_wconf 89' lang='lat' dir='ltr'>nihilo;</span> <span class='ocrx_word' id='word_1_382' title='bbox 2745 1426 2797 1490; x_wconf 88' lang='lat' dir='ltr'>si</span> <span class='ocrx_word' id='word_1_383' title='bbox 2835 1444 2992 1507; x_wconf 83' lang='lat' dir='ltr'>ergo</span> <span class='ocrx_word' id='word_1_384' title='bbox 3030 1430 3325 1490; x_wconf 88' lang='lat' dir='ltr'>creatura</span> <span class='ocrx_word' id='word_1_385' title='bbox 3346 1474 3368 1505; x_wconf 87' lang='lat'>,</span> <span class='ocrx_word' id='word_1_386' title='bbox 3416 1444 3494 1489; x_wconf 89' lang='lat' dir='ltr'>eo</span> <span class='ocrx_word' id='word_1_387' title='bbox 3530 1425 3679 1509; x_wconf 89' lang='lat' dir='ltr'>ipso</span> <span class='ocrx_word' id='word_1_388' title='bbox 3717 1427 3891 1509; x_wconf 86' lang='lat' dir='ltr'>quod</span> 
     </span>
     <span class='ocr_line' id='line_1_56' title="bbox 2343 1533 3889 1613; baseline -0.001 -14"><span class='ocrx_word' id='word_1_389' title='bbox 2343 1539 2658 1612; x_wconf 85' lang='lat' dir='ltr'>creatura,</span> <span class='ocrx_word' id='word_1_390' title='bbox 2707 1533 2962 1597; x_wconf 84' lang='lat' dir='ltr'>aliunde</span> <span class='ocrx_word' id='word_1_391' title='bbox 3004 1537 3131 1609; x_wconf 87' lang='lat' dir='ltr'>est,</span> <span class='ocrx_word' id='word_1_392' title='bbox 3183 1537 3249 1597; x_wconf 89' lang='lat' dir='ltr'>et</span> <span class='ocrx_word' id='word_1_393' title='bbox 3290 1552 3370 1598; x_wconf 85' lang='lat' dir='ltr'>ex</span> <span class='ocrx_word' id='word_1_394' title='bbox 3420 1534 3665 1613; x_wconf 82' lang='lat' dir='ltr'>nihilo,</span> <span class='ocrx_word' id='word_1_395' title='bbox 3710 1534 3889 1598; x_wconf 85' lang='lat' dir='ltr'>nullo</span> 
     </span>
     <span class='ocr_line' id='line_1_57' title="bbox 2344 1640 3892 1725; baseline -0.001 -18"><span class='ocrx_word' id='word_1_396' title='bbox 2344 1643 2533 1707; x_wconf 91' lang='lat' dir='ltr'>modo</span> <span class='ocrx_word' id='word_1_397' title='bbox 2571 1644 2774 1725; x_wconf 89' lang='lat' dir='ltr'>potest</span> <span class='ocrx_word' id='word_1_398' title='bbox 2813 1659 2948 1704; x_wconf 90' lang='lat' dir='ltr'>esse</span> <span class='ocrx_word' id='word_1_399' title='bbox 2985 1645 3164 1705; x_wconf 88' lang='lat' dir='ltr'>actus</span> <span class='ocrx_word' id='word_1_400' title='bbox 3196 1659 3433 1723; x_wconf 78' lang='lat' dir='ltr'>puruS,</span> <span class='ocrx_word' id='word_1_401' title='bbox 3471 1641 3659 1705; x_wconf 91' lang='lat' dir='ltr'>nullo</span> <span class='ocrx_word' id='word_1_402' title='bbox 3700 1640 3892 1705; x_wconf 91' lang='lat' dir='ltr'>modo</span> 
     </span>
     <span class='ocr_line' id='line_1_58' title="bbox 2343 1748 3891 1832; baseline -0.001 -19"><span class='ocrx_word' id='word_1_403' title='bbox 2343 1753 2545 1832; x_wconf 84' lang='lat' dir='ltr'>potest</span> <span class='ocrx_word' id='word_1_404' title='bbox 2570 1767 2705 1813; x_wconf 91' lang='lat' dir='ltr'>esse</span> <span class='ocrx_word' id='word_1_405' title='bbox 2729 1749 3005 1826; x_wconf 80' lang='lat' dir='ltr'>infinita3</span> <span class='ocrx_word' id='word_1_406' title='bbox 3040 1753 3104 1814; x_wconf 92' lang='lat' dir='ltr'>et</span> <span class='ocrx_word' id='word_1_407' title='bbox 3126 1748 3179 1812; x_wconf 88' lang='lat' dir='ltr'>si</span> <span class='ocrx_word' id='word_1_408' title='bbox 3205 1767 3335 1812; x_wconf 91' lang='lat' dir='ltr'>non</span> <span class='ocrx_word' id='word_1_409' title='bbox 3355 1752 3562 1830; x_wconf 88' lang='lat' dir='ltr'>potest</span> <span class='ocrx_word' id='word_1_410' title='bbox 3592 1766 3734 1812; x_wconf 85' lang='lat' dir='ltr'>esse</span> <span class='ocrx_word' id='word_1_411' title='bbox 3758 1766 3891 1812; x_wconf 89' lang='lat' dir='ltr'>una</span> 
     </span>
     <span class='ocr_line' id='line_1_59' title="bbox 2343 1856 3890 1939; baseline -0.001 -19"><span class='ocrx_word' id='word_1_412' title='bbox 2343 1858 2632 1933; x_wconf 81' lang='lat' dir='ltr'>infinita,</span> <span class='ocrx_word' id='word_1_413' title='bbox 2676 1856 2857 1920; x_wconf 91' lang='lat' dir='ltr'>nullo</span> <span class='ocrx_word' id='word_1_414' title='bbox 2901 1856 3090 1920; x_wconf 91' lang='lat' dir='ltr'>modo</span> <span class='ocrx_word' id='word_1_415' title='bbox 3135 1860 3392 1939; x_wconf 87' lang='lat' dir='ltr'>possent</span> <span class='ocrx_word' id='word_1_416' title='bbox 3434 1874 3573 1920; x_wconf 89' lang='lat' dir='ltr'>esse</span> <span class='ocrx_word' id='word_1_417' title='bbox 3615 1856 3890 1919; x_wconf 80' lang='lat' dir='ltr'>infinitae</span> 
     </span>
     <span class='ocr_line' id='line_1_60' title="bbox 2344 1963 3891 2047; baseline -0.002 -18"><span class='ocrx_word' id='word_1_418' title='bbox 2344 1966 2699 2029; x_wconf 83' lang='lat' dir='ltr'>secundum</span> <span class='ocrx_word' id='word_1_419' title='bbox 2735 1982 3079 2029; x_wconf 90' lang='lat' dir='ltr'>numerum</span> <span class='ocrx_word' id='word_1_420' title='bbox 3098 2014 3116 2043; x_wconf 95' lang='lat'>,</span> <span class='ocrx_word' id='word_1_421' title='bbox 3149 1964 3303 2047; x_wconf 88' lang='lat' dir='ltr'>quia</span> <span class='ocrx_word' id='word_1_422' title='bbox 3336 1982 3596 2027; x_wconf 86' lang='lat' dir='ltr'>necesse</span> <span class='ocrx_word' id='word_1_423' title='bbox 3621 1967 3720 2027; x_wconf 90' lang='lat' dir='ltr'>est</span> <span class='ocrx_word' id='word_1_424' title='bbox 3750 1963 3891 2027; x_wconf 89' lang='lat' dir='ltr'>illas</span> 
     </span>
     <span class='ocr_line' id='line_1_61' title="bbox 2344 2068 3889 2157; baseline -0.003 -20"><span class='ocrx_word' id='word_1_425' title='bbox 2344 2074 2559 2157; x_wconf 91' lang='lat' dir='ltr'>plures</span> <span class='ocrx_word' id='word_1_426' title='bbox 2584 2073 2663 2136; x_wconf 87' lang='lat' dir='ltr'>ad</span> <span class='ocrx_word' id='word_1_427' title='bbox 2690 2073 2971 2154; x_wconf 85' lang='lat' dir='ltr'>aliquam</span> <span class='ocrx_word' id='word_1_428' title='bbox 2999 2090 3200 2136; x_wconf 90' lang='lat' dir='ltr'>unam</span> <span class='ocrx_word' id='word_1_429' title='bbox 3227 2074 3586 2135; x_wconf 86' lang='lat' dir='ltr'>creaturam</span> <span class='ocrx_word' id='word_1_430' title='bbox 3617 2068 3844 2134; x_wconf 83' lang='lat' dir='ltr'>reduci</span> <span class='ocrx_word' id='word_1_431' title='bbox 3871 2087 3889 2132; x_wconf 76' lang='grc' dir='ltr'><strong><em>ε</em></strong></span> 
     </span>
     <span class='ocr_line' id='line_1_62' title="bbox 2346 2177 3889 2260; baseline -0.004 -14"><span class='ocrx_word' id='word_1_432' title='bbox 2346 2182 2454 2246; x_wconf 90' lang='lat' dir='ltr'>sed</span> <span class='ocrx_word' id='word_1_433' title='bbox 2502 2181 2751 2244; x_wconf 82' lang='lat' dir='ltr'>infinita</span> <span class='ocrx_word' id='word_1_434' title='bbox 2792 2180 2870 2244; x_wconf 90' lang='lat' dir='ltr'>ad</span> <span class='ocrx_word' id='word_1_435' title='bbox 2906 2181 3168 2244; x_wconf 85' lang='lat' dir='ltr'>finitum</span> <span class='ocrx_word' id='word_1_436' title='bbox 3208 2177 3462 2255; x_wconf 88' lang='lat' dir='ltr'>reduci,</span> <span class='ocrx_word' id='word_1_437' title='bbox 3510 2182 3608 2242; x_wconf 90' lang='lat' dir='ltr'>est</span> <span class='ocrx_word' id='word_1_438' title='bbox 3650 2179 3889 2260; x_wconf 91' lang='lat' dir='ltr'>impos-</span> 
     </span>
     <span class='ocr_line' id='line_1_63' title="bbox 2346 2283 3892 2371; baseline -0.003 -19"><span class='ocrx_word' id='word_1_439' title='bbox 2346 2289 2524 2352; x_wconf 89' lang='lat' dir='ltr'>sibile</span> <span class='ocrx_word' id='word_1_440' title='bbox 2554 2310 2570 2352; x_wconf 79' lang='lat' dir='ltr'>t</span> <span class='ocrx_word' id='word_1_441' title='bbox 2601 2290 2772 2371; x_wconf 85' lang='lat' dir='ltr'>patet</span> <span class='ocrx_word' id='word_1_442' title='bbox 2798 2305 2992 2369; x_wconf 79' lang='lat' dir='ltr'>erge,</span> <span class='ocrx_word' id='word_1_443' title='bbox 3032 2291 3150 2350; x_wconf 88' lang='lat' dir='ltr'>etc.</span> <span class='ocrx_word' id='word_1_444' title='bbox 3197 2285 3276 2349; x_wconf 87' lang='lat' dir='ltr'>Et</span> <span class='ocrx_word' id='word_1_445' title='bbox 3303 2284 3475 2368; x_wconf 88' lang='lat' dir='ltr'>quod</span> <span class='ocrx_word' id='word_1_446' title='bbox 3511 2284 3596 2348; x_wconf 90' lang='lat' dir='ltr'>ad</span> <span class='ocrx_word' id='word_1_447' title='bbox 3635 2283 3892 2366; x_wconf 81' lang='lat' dir='ltr'>aliquod</span> 
     </span>
     <span class='ocr_line' id='line_1_64' title="bbox 2345 2392 3891 2477; baseline -0.005 -17"><span class='ocrx_word' id='word_1_448' title='bbox 2345 2397 2603 2460; x_wconf 85' lang='lat' dir='ltr'>finitum</span> <span class='ocrx_word' id='word_1_449' title='bbox 2644 2395 3048 2469; x_wconf 86' lang='lat' dir='ltr'>reducantur,</span> <span class='ocrx_word' id='word_1_450' title='bbox 3087 2397 3294 2477; x_wconf 84' lang='lat' dir='ltr'>patet3</span> <span class='ocrx_word' id='word_1_451' title='bbox 3329 2392 3487 2474; x_wconf 86' lang='lat' dir='ltr'>quia</span> <span class='ocrx_word' id='word_1_452' title='bbox 3512 2409 3775 2454; x_wconf 88' lang='lat' dir='ltr'>necesse</span> <span class='ocrx_word' id='word_1_453' title='bbox 3800 2394 3891 2454; x_wconf 90' lang='lat' dir='ltr'>est</span> 
     </span>
     <span class='ocr_line' id='line_1_65' title="bbox 2347 2500 3890 2589; baseline -0.005 -20"><span class='ocrx_word' id='word_1_454' title='bbox 2347 2523 2581 2589; x_wconf 88' lang='lat' dir='ltr'>ponere</span> <span class='ocrx_word' id='word_1_455' title='bbox 2607 2502 3068 2567; x_wconf 88' lang='lat' dir='ltr'>ordinationem</span> <span class='ocrx_word' id='word_1_456' title='bbox 3097 2502 3164 2564; x_wconf 91' lang='lat' dir='ltr'>in</span> <span class='ocrx_word' id='word_1_457' title='bbox 3200 2500 3540 2578; x_wconf 83' lang='lat' dir='ltr'>creaturis,</span> <span class='ocrx_word' id='word_1_458' title='bbox 3577 2517 3712 2563; x_wconf 90' lang='lat' dir='ltr'>non</span> <span class='ocrx_word' id='word_1_459' title='bbox 3750 2503 3890 2562; x_wconf 89' lang='lat' dir='ltr'>tan-</span> 
     </span>
     <span class='ocr_line' id='line_1_66' title="bbox 2348 2607 3885 2687; baseline -0.006 -10"><span class='ocrx_word' id='word_1_460' title='bbox 2348 2618 2490 2677; x_wconf 91' lang='lat' dir='ltr'>tum</span> <span class='ocrx_word' id='word_1_461' title='bbox 2539 2613 2618 2676; x_wconf 91' lang='lat' dir='ltr'>ad</span> <span class='ocrx_word' id='word_1_462' title='bbox 2660 2611 2895 2687; x_wconf 90' lang='lat' dir='ltr'>Deum,</span> <span class='ocrx_word' id='word_1_463' title='bbox 2945 2611 3053 2675; x_wconf 89' lang='lat' dir='ltr'>sed</span> <span class='ocrx_word' id='word_1_464' title='bbox 3104 2609 3298 2673; x_wconf 85' lang='lat' dir='ltr'>etiam</span> <span class='ocrx_word' id='word_1_465' title='bbox 3337 2608 3417 2671; x_wconf 90' lang='lat' dir='ltr'>ad</span> <span class='ocrx_word' id='word_1_466' title='bbox 3466 2627 3532 2671; x_wconf 90' lang='lat' dir='ltr'>se</span> <span class='ocrx_word' id='word_1_467' title='bbox 3581 2607 3885 2670; x_wconf 88' lang='lat' dir='ltr'>invicem.</span> 
     </span>
     <span class='ocr_line' id='line_1_67' title="bbox 2349 2717 3891 2801; baseline -0.003 -15"><span class='ocrx_word' id='word_1_468' title='bbox 2349 2722 2616 2787; x_wconf 91' lang='lat' dir='ltr'>Summa</span> <span class='ocrx_word' id='word_1_469' title='bbox 2659 2739 2815 2801; x_wconf 85' lang='lat' dir='ltr'>ergo</span> <span class='ocrx_word' id='word_1_470' title='bbox 2862 2720 3121 2784; x_wconf 86' lang='lat' dir='ltr'>rationis</span> <span class='ocrx_word' id='word_1_471' title='bbox 3159 2723 3288 2798; x_wconf 90' lang='lat' dir='ltr'>est,</span> <span class='ocrx_word' id='word_1_472' title='bbox 3334 2718 3487 2801; x_wconf 86' lang='lat' dir='ltr'>quia</span> <span class='ocrx_word' id='word_1_473' title='bbox 3530 2735 3671 2781; x_wconf 91' lang='lat' dir='ltr'>non</span> <span class='ocrx_word' id='word_1_474' title='bbox 3717 2717 3891 2781; x_wconf 88' lang='lat' dir='ltr'>decet</span> 
     </span>
     <span class='ocr_line' id='line_1_68' title="bbox 2352 2824 3892 2902; baseline -0.004 -10"><span class='ocrx_word' id='word_1_475' title='bbox 2352 2829 2551 2893; x_wconf 90' lang='lat' dir='ltr'>Deum</span> <span class='ocrx_word' id='word_1_476' title='bbox 2574 2828 2779 2890; x_wconf 84' lang='lat' dir='ltr'>facere</span> <span class='ocrx_word' id='word_1_477' title='bbox 2799 2830 3181 2902; x_wconf 88' lang='lat' dir='ltr'>creaturam,</span> <span class='ocrx_word' id='word_1_478' title='bbox 3206 2825 3331 2888; x_wconf 90' lang='lat' dir='ltr'>nisi</span> <span class='ocrx_word' id='word_1_479' title='bbox 3351 2824 3651 2889; x_wconf 87' lang='lat' dir='ltr'>ordinem</span> <span class='ocrx_word' id='word_1_480' title='bbox 3666 2824 3892 2887; x_wconf 83' lang='lat' dir='ltr'>habeat</span> 
     </span>
     <span class='ocr_line' id='line_1_69' title="bbox 2350 2931 3884 3012; baseline -0.005 -13"><span class='ocrx_word' id='word_1_481' title='bbox 2350 2939 2413 2999; x_wconf 90' lang='lat' dir='ltr'>et</span> <span class='ocrx_word' id='word_1_482' title='bbox 2439 2952 2841 3010; x_wconf 81' lang='lat' dir='ltr'>mensuram3</span> <span class='ocrx_word' id='word_1_483' title='bbox 2882 2931 3044 2995; x_wconf 88' lang='lat' dir='ltr'>ratio</span> <span class='ocrx_word' id='word_1_484' title='bbox 3079 2936 3173 2995; x_wconf 87' lang='lat' dir='ltr'>est</span> <span class='ocrx_word' id='word_1_485' title='bbox 3213 2949 3295 2993; x_wconf 84' lang='lat' dir='ltr'>ex</span> <span class='ocrx_word' id='word_1_486' title='bbox 3334 2935 3511 3012; x_wconf 86' lang='lat' dir='ltr'>parte</span> <span class='ocrx_word' id='word_1_487' title='bbox 3550 2934 3884 3006; x_wconf 82' lang='lat' dir='ltr'>creaturae,</span> 
     </span>
     <span class='ocr_line' id='line_1_70' title="bbox 2351 3042 3891 3126; baseline -0.005 -20"><span class='ocrx_word' id='word_1_488' title='bbox 2351 3043 2503 3126; x_wconf 88' lang='lat' dir='ltr'>quia</span> <span class='ocrx_word' id='word_1_489' title='bbox 2544 3060 2663 3106; x_wconf 89' lang='lat' dir='ltr'>nec</span> <span class='ocrx_word' id='word_1_490' title='bbox 2705 3058 2839 3105; x_wconf 89' lang='lat' dir='ltr'>esse</span> <span class='ocrx_word' id='word_1_491' title='bbox 2885 3042 2979 3103; x_wconf 87' lang='lat' dir='ltr'>est</span> <span class='ocrx_word' id='word_1_492' title='bbox 3035 3056 3297 3102; x_wconf 91' lang='lat' dir='ltr'>omnem</span> <span class='ocrx_word' id='word_1_493' title='bbox 3347 3045 3710 3101; x_wconf 85' lang='lat' dir='ltr'>creaturam</span> <span class='ocrx_word' id='word_1_494' title='bbox 3759 3053 3891 3099; x_wconf 86' lang='lat' dir='ltr'>esse</span> 
     </span>
     <span class='ocr_line' id='line_1_71' title="bbox 2350 3143 3889 3229; baseline -0.005 -16"><span class='ocrx_word' id='word_1_495' title='bbox 2350 3150 2717 3228; x_wconf 85' lang='lat' dir='ltr'>limitatam,</span> <span class='ocrx_word' id='word_1_496' title='bbox 2762 3166 2838 3212; x_wconf 91' lang='lat' dir='ltr'>eo</span> <span class='ocrx_word' id='word_1_497' title='bbox 2883 3146 3055 3229; x_wconf 90' lang='lat' dir='ltr'>quod</span> <span class='ocrx_word' id='word_1_498' title='bbox 3103 3165 3184 3211; x_wconf 85' lang='lat' dir='ltr'>ex</span> <span class='ocrx_word' id='word_1_499' title='bbox 3230 3145 3470 3221; x_wconf 90' lang='lat' dir='ltr'>nihilo,</span> <span class='ocrx_word' id='word_1_500' title='bbox 3512 3150 3579 3208; x_wconf 87' lang='lat' dir='ltr'>et</span> <span class='ocrx_word' id='word_1_501' title='bbox 3633 3162 3709 3209; x_wconf 87' lang='lat' dir='ltr'>eo</span> <span class='ocrx_word' id='word_1_502' title='bbox 3757 3143 3889 3226; x_wconf 90' lang='lat' dir='ltr'>ipso</span> 
     </span>
     <span class='ocr_line' id='line_1_72' title="bbox 2353 3255 3051 3340; baseline -0.011 -17"><span class='ocrx_word' id='word_1_503' title='bbox 2353 3257 2523 3340; x_wconf 91' lang='lat' dir='ltr'>quod</span> <span class='ocrx_word' id='word_1_504' title='bbox 2551 3255 2899 3337; x_wconf 88' lang='lat' dir='ltr'>composita</span> <span class='ocrx_word' id='word_1_505' title='bbox 2933 3256 3051 3316; x_wconf 83' lang='lat' dir='ltr'>est.</span> 
     </span>
    </p>

    <p class='ocr_par' dir='ltr' id='par_1_18' title="bbox 2354 3357 3890 4933">
     <span class='ocr_line' id='line_1_73' title="bbox 2434 3357 3888 3442; baseline -0.006 -13"><span class='ocrx_word' id='word_1_506' title='bbox 2434 3371 2492 3428; x_wconf 75' lang='lat'>1.</span> <span class='ocrx_word' id='word_1_507' title='bbox 2538 3364 2637 3428; x_wconf 91' lang='lat' dir='ltr'>Ad</span> <span class='ocrx_word' id='word_1_508' title='bbox 2662 3362 2820 3427; x_wconf 89' lang='lat' dir='ltr'>illud</span> <span class='ocrx_word' id='word_1_509' title='bbox 2841 3378 2997 3442; x_wconf 84' lang='lat' dir='ltr'>ergo</span> <span class='ocrx_word' id='word_1_510' title='bbox 3024 3359 3195 3442; x_wconf 86' lang='lat' dir='ltr'>quod</span> <span class='ocrx_word' id='word_1_511' title='bbox 3221 3357 3541 3440; x_wconf 88' lang='lat' dir='ltr'>objicitur,</span> <span class='ocrx_word' id='word_1_512' title='bbox 3573 3358 3746 3440; x_wconf 86' lang='lat' dir='ltr'>quod</span> <span class='ocrx_word' id='word_1_513' title='bbox 3771 3375 3888 3439; x_wconf 90' lang='lat' dir='ltr'>po-</span> 
     </span>
     <span class='ocr_line' id='line_1_74' title="bbox 2354 3464 3888 3553; baseline -0.006 -17"><span class='ocrx_word' id='word_1_514' title='bbox 2354 3472 2547 3537; x_wconf 87' lang='lat' dir='ltr'>tentia</span> <span class='ocrx_word' id='word_1_515' title='bbox 2572 3475 2748 3535; x_wconf 89' lang='lat' dir='ltr'>tanta</span> <span class='ocrx_word' id='word_1_516' title='bbox 2776 3471 2980 3553; x_wconf 80' lang='lat' dir='ltr'>polest</span> <span class='ocrx_word' id='word_1_517' title='bbox 3005 3467 3074 3530; x_wconf 88' lang='lat' dir='ltr'>in</span> <span class='ocrx_word' id='word_1_518' title='bbox 3101 3470 3353 3531; x_wconf 85' lang='lat' dir='ltr'>tantum</span> <span class='ocrx_word' id='word_1_519' title='bbox 3395 3465 3727 3543; x_wconf 80' lang='lat' dir='ltr'>effectum,</span> <span class='ocrx_word' id='word_1_520' title='bbox 3758 3464 3888 3527; x_wconf 85' lang='lat' dir='ltr'>sive</span> 
     </span>
     <span class='ocr_line' id='line_1_75' title="bbox 2355 3571 3890 3664; baseline -0.008 -19"><span class='ocrx_word' id='word_1_521' title='bbox 2355 3600 2552 3664; x_wconf 91' lang='lat' dir='ltr'>opus;</span> <span class='ocrx_word' id='word_1_522' title='bbox 2590 3577 2929 3642; x_wconf 90' lang='lat' dir='ltr'>dicendum</span> <span class='ocrx_word' id='word_1_523' title='bbox 2972 3574 3142 3657; x_wconf 86' lang='lat' dir='ltr'>quod</span> <span class='ocrx_word' id='word_1_524' title='bbox 3189 3578 3280 3637; x_wconf 90' lang='lat' dir='ltr'>est</span> <span class='ocrx_word' id='word_1_525' title='bbox 3314 3591 3478 3656; x_wconf 89' lang='lat' dir='ltr'>opus</span> <span class='ocrx_word' id='word_1_526' title='bbox 3511 3589 3801 3654; x_wconf 77' lang='lat' dir='ltr'>operanS,</span> <span class='ocrx_word' id='word_1_527' title='bbox 3830 3571 3890 3633; x_wconf 87' lang='lat' dir='ltr'>et</span> 
     </span>
     <span class='ocr_line' id='line_1_76' title="bbox 2356 3683 3889 3770; baseline -0.008 -18"><span class='ocrx_word' id='word_1_528' title='bbox 2356 3705 2518 3770; x_wconf 89' lang='lat' dir='ltr'>opus</span> <span class='ocrx_word' id='word_1_529' title='bbox 2562 3687 2928 3767; x_wconf 85' lang='lat' dir='ltr'>operatum:</span> <span class='ocrx_word' id='word_1_530' title='bbox 2969 3699 3131 3763; x_wconf 91' lang='lat' dir='ltr'>opus</span> <span class='ocrx_word' id='word_1_531' title='bbox 3172 3698 3474 3762; x_wconf 78' lang='lat' dir='ltr'>operanS,</span> <span class='ocrx_word' id='word_1_532' title='bbox 3526 3683 3601 3742; x_wconf 87' lang='lat' dir='ltr'>ut</span> <span class='ocrx_word' id='word_1_533' title='bbox 3646 3693 3848 3743; x_wconf 81' lang='lat' dir='ltr'>creare</span> <span class='ocrx_word' id='word_1_534' title='bbox 3863 3697 3889 3749; x_wconf 83' lang='lat'>,-</span> 
     </span>
     <span class='ocr_line' id='line_1_77' title="bbox 2356 3787 3887 3877; baseline -0.008 -18"><span class='ocrx_word' id='word_1_535' title='bbox 2356 3813 2518 3877; x_wconf 92' lang='lat' dir='ltr'>opus</span> <span class='ocrx_word' id='word_1_536' title='bbox 2543 3796 2897 3874; x_wconf 88' lang='lat' dir='ltr'>operatum,</span> <span class='ocrx_word' id='word_1_537' title='bbox 2919 3792 2996 3852; x_wconf 91' lang='lat' dir='ltr'>ut</span> <span class='ocrx_word' id='word_1_538' title='bbox 3018 3792 3327 3851; x_wconf 88' lang='lat' dir='ltr'>creatura.</span> <span class='ocrx_word' id='word_1_539' title='bbox 3359 3787 3713 3851; x_wconf 88' lang='lat' dir='ltr'>Dicendum</span> <span class='ocrx_word' id='word_1_540' title='bbox 3737 3802 3887 3865; x_wconf 85' lang='lat' dir='ltr'>ergo</span> 
     </span>
     <span class='ocr_line' id='line_1_78' title="bbox 2357 3891 3887 3986; baseline -0.009 -20"><span class='ocrx_word' id='word_1_541' title='bbox 2357 3901 2527 3986; x_wconf 88' lang='lat' dir='ltr'>quod</span> <span class='ocrx_word' id='word_1_542' title='bbox 2552 3918 2713 3983; x_wconf 89' lang='lat' dir='ltr'>opus</span> <span class='ocrx_word' id='word_1_543' title='bbox 2753 3914 3021 3980; x_wconf 89' lang='lat' dir='ltr'>operans</span> <span class='ocrx_word' id='word_1_544' title='bbox 3060 3898 3155 3959; x_wconf 86' lang='lat' dir='ltr'>est</span> <span class='ocrx_word' id='word_1_545' title='bbox 3190 3894 3542 3972; x_wconf 86' lang='lat' dir='ltr'>infinitum,</span> <span class='ocrx_word' id='word_1_546' title='bbox 3576 3891 3887 3973; x_wconf 87' lang='lat' dir='ltr'>sicutipse</span> 
     </span>
     <span class='ocr_line' id='line_1_79' title="bbox 2358 4003 3887 4087; baseline -0.009 -13"><span class='ocrx_word' id='word_1_547' title='bbox 2358 4009 2644 4087; x_wconf 78' lang='lat' dir='ltr'>Creator3</span> <span class='ocrx_word' id='word_1_548' title='bbox 2675 4006 2784 4070; x_wconf 89' lang='lat' dir='ltr'>sed</span> <span class='ocrx_word' id='word_1_549' title='bbox 2808 4021 2971 4086; x_wconf 89' lang='lat' dir='ltr'>opus</span> <span class='ocrx_word' id='word_1_550' title='bbox 2993 4005 3326 4084; x_wconf 85' lang='lat' dir='ltr'>operatum</span> <span class='ocrx_word' id='word_1_551' title='bbox 3360 4018 3615 4063; x_wconf 87' lang='lat' dir='ltr'>necesse</span> <span class='ocrx_word' id='word_1_552' title='bbox 3641 4003 3733 4063; x_wconf 89' lang='lat' dir='ltr'>est</span> <span class='ocrx_word' id='word_1_553' title='bbox 3761 4012 3887 4061; x_wconf 85' lang='lat' dir='ltr'>esse</span> 
     </span>
     <span class='ocr_line' id='line_1_80' title="bbox 2358 4107 3884 4191; baseline -0.012 -10"><span class='ocrx_word' id='word_1_554' title='bbox 2358 4117 2634 4181; x_wconf 83' lang='lat' dir='ltr'>finitum.</span> <span class='ocrx_word' id='word_1_555' title='bbox 2667 4112 2844 4189; x_wconf 86' lang='lat' dir='ltr'>Quod</span> <span class='ocrx_word' id='word_1_556' title='bbox 2868 4127 3023 4191; x_wconf 87' lang='lat' dir='ltr'>ergo</span> <span class='ocrx_word' id='word_1_557' title='bbox 3043 4107 3341 4189; x_wconf 89' lang='lat' dir='ltr'>objicitur</span> <span class='ocrx_word' id='word_1_558' title='bbox 3368 4107 3541 4189; x_wconf 86' lang='lat' dir='ltr'>quod</span> <span class='ocrx_word' id='word_1_559' title='bbox 3561 4123 3723 4187; x_wconf 77' lang='lat' dir='ltr'>opus</span> <span class='ocrx_word' id='word_1_560' title='bbox 3744 4118 3884 4184; x_wconf 87' lang='lat' dir='ltr'>pro-</span> 
     </span>
     <span class='ocr_line' id='line_1_81' title="bbox 2358 4208 3884 4306; baseline -0.013 -18"><span class='ocrx_word' id='word_1_561' title='bbox 2358 4224 2757 4306; x_wconf 86' lang='lat' dir='ltr'>portionatur</span> <span class='ocrx_word' id='word_1_562' title='bbox 2786 4217 3109 4301; x_wconf 83' lang='lat' dir='ltr'>potentiae;</span> <span class='ocrx_word' id='word_1_563' title='bbox 3145 4215 3535 4297; x_wconf 87' lang='lat' dir='ltr'>respondeo:</span> <span class='ocrx_word' id='word_1_564' title='bbox 3566 4213 3633 4276; x_wconf 91' lang='lat' dir='ltr'>Si</span> <span class='ocrx_word' id='word_1_565' title='bbox 3665 4208 3884 4276; x_wconf 86' lang='lat' dir='ltr'>intelli-</span> 
     </span>
     <span class='ocr_line' id='line_1_82' title="bbox 2359 4315 3887 4412; baseline -0.014 -17"><span class='ocrx_word' id='word_1_566' title='bbox 2359 4336 2553 4412; x_wconf 83' lang='lat' dir='ltr'>gatur</span> <span class='ocrx_word' id='word_1_567' title='bbox 2599 4330 2676 4394; x_wconf 89' lang='lat' dir='ltr'>de</span> <span class='ocrx_word' id='word_1_568' title='bbox 2728 4343 2918 4409; x_wconf 90' lang='lat' dir='ltr'>opere</span> <span class='ocrx_word' id='word_1_569' title='bbox 2963 4325 3297 4406; x_wconf 86' lang='lat' dir='ltr'>operante,</span> <span class='ocrx_word' id='word_1_570' title='bbox 3351 4322 3485 4385; x_wconf 89' lang='lat' dir='ltr'>sive</span> <span class='ocrx_word' id='word_1_571' title='bbox 3529 4321 3608 4384; x_wconf 88' lang='lat' dir='ltr'>de</span> <span class='ocrx_word' id='word_1_572' title='bbox 3655 4315 3887 4381; x_wconf 86' lang='lat' dir='ltr'>actione</span> 
     </span>
     <span class='ocr_line' id='line_1_83' title="bbox 2359 4426 3888 4520; baseline -0.011 -18"><span class='ocrx_word' id='word_1_573' title='bbox 2359 4436 2759 4520; x_wconf 83' lang='lat' dir='ltr'>generaliter,</span> <span class='ocrx_word' id='word_1_574' title='bbox 2780 4449 3011 4496; x_wconf 84' lang='lat' dir='ltr'>verum</span> <span class='ocrx_word' id='word_1_575' title='bbox 3039 4433 3164 4507; x_wconf 80' lang='lat' dir='ltr'>est3</span> <span class='ocrx_word' id='word_1_576' title='bbox 3191 4429 3244 4491; x_wconf 89' lang='lat' dir='ltr'>si</span> <span class='ocrx_word' id='word_1_577' title='bbox 3269 4432 3486 4491; x_wconf 86' lang='lat' dir='ltr'>autem</span> <span class='ocrx_word' id='word_1_578' title='bbox 3503 4426 3888 4504; x_wconf 83' lang='lat' dir='ltr'>intelligatur</span> 
     </span>
     <span class='ocr_line' id='line_1_84' title="bbox 2360 4524 3886 4625; baseline -0.012 -16"><span class='ocrx_word' id='word_1_579' title='bbox 2360 4545 2439 4609; x_wconf 90' lang='lat' dir='ltr'>de</span> <span class='ocrx_word' id='word_1_580' title='bbox 2472 4561 2662 4625; x_wconf 89' lang='lat' dir='ltr'>opere</span> <span class='ocrx_word' id='word_1_581' title='bbox 2685 4543 2965 4623; x_wconf 88' lang='lat' dir='ltr'>operat0,</span> <span class='ocrx_word' id='word_1_582' title='bbox 3003 4555 3136 4600; x_wconf 90' lang='lat' dir='ltr'>non</span> <span class='ocrx_word' id='word_1_583' title='bbox 3166 4536 3357 4599; x_wconf 86' lang='lat' dir='ltr'>hahet</span> <span class='ocrx_word' id='word_1_584' title='bbox 3379 4534 3735 4606; x_wconf 86' lang='lat' dir='ltr'>veritatem,</span> <span class='ocrx_word' id='word_1_585' title='bbox 3770 4524 3886 4592; x_wconf 86' lang='lat' dir='ltr'>nisi</span> 
     </span>
     <span class='ocr_line' id='line_1_85' title="bbox 2361 4633 3884 4722; baseline -0.014 -6"><span class='ocrx_word' id='word_1_586' title='bbox 2361 4670 2511 4716; x_wconf 91' lang='lat' dir='ltr'>cum</span> <span class='ocrx_word' id='word_1_587' title='bbox 2538 4668 2728 4714; x_wconf 85' lang='lat' dir='ltr'>causa</span> <span class='ocrx_word' id='word_1_588' title='bbox 2750 4651 2813 4711; x_wconf 89' lang='lat' dir='ltr'>et</span> <span class='ocrx_word' id='word_1_589' title='bbox 2838 4645 3097 4710; x_wconf 82' lang='lat' dir='ltr'>effectus</span> <span class='ocrx_word' id='word_1_590' title='bbox 3124 4662 3191 4706; x_wconf 88' lang='lat' dir='ltr'>se</span> <span class='ocrx_word' id='word_1_591' title='bbox 3220 4642 3456 4705; x_wconf 86' lang='lat' dir='ltr'>habent</span> <span class='ocrx_word' id='word_1_592' title='bbox 3484 4641 3564 4722; x_wconf 86' lang='grc' dir='ltr'>(α)</span> <span class='ocrx_word' id='word_1_593' title='bbox 3603 4656 3719 4722; x_wconf 89' lang='lat' dir='ltr'>per</span> <span class='ocrx_word' id='word_1_594' title='bbox 3742 4633 3884 4700; x_wconf 90' lang='lat' dir='ltr'>uni·</span> 
     </span>
     <span class='ocr_line' id='line_1_86' title="bbox 2361 4740 3885 4832; baseline -0.013 -7"><span class='ocrx_word' id='word_1_595' title='bbox 2361 4760 2789 4831; x_wconf 83' lang='lat' dir='ltr'>vocationem,</span> <span class='ocrx_word' id='word_1_596' title='bbox 2838 4758 2901 4817; x_wconf 89' lang='lat' dir='ltr'>et</span> <span class='ocrx_word' id='word_1_597' title='bbox 2943 4754 3094 4816; x_wconf 88' lang='lat' dir='ltr'>sunt</span> <span class='ocrx_word' id='word_1_598' title='bbox 3134 4748 3419 4832; x_wconf 88' lang='lat' dir='ltr'>ejusdem</span> <span class='ocrx_word' id='word_1_599' title='bbox 3449 4746 3741 4828; x_wconf 85' lang='lat' dir='ltr'>generis:</span> <span class='ocrx_word' id='word_1_600' title='bbox 3773 4740 3885 4804; x_wconf 84' lang='lat' dir='ltr'>hoc</span> 
     </span>
     <span class='ocr_line' id='line_1_87' title="bbox 2364 4858 3006 4933; baseline -0.022 0"><span class='ocrx_word' id='word_1_601' title='bbox 2364 4872 2579 4933; x_wconf 87' lang='lat' dir='ltr'>autem</span> <span class='ocrx_word' id='word_1_602' title='bbox 2609 4882 2738 4928; x_wconf 89' lang='lat' dir='ltr'>non</span> <span class='ocrx_word' id='word_1_603' title='bbox 2757 4866 2852 4925; x_wconf 86' lang='lat' dir='ltr'>est</span> <span class='ocrx_word' id='word_1_604' title='bbox 2878 4858 3006 4922; x_wconf 88' lang='lat' dir='ltr'>hic.</span> 
     </span>
    </p>

    <p class='ocr_par' dir='ltr' id='par_1_19' title="bbox 2366 4959 3883 5155">
     <span class='ocr_line' id='line_1_88' title="bbox 2444 4959 3883 5048; baseline -0.016 -11"><span class='ocrx_word' id='word_1_605' title='bbox 2444 4979 2505 5038; x_wconf 77' lang='lat'>2.</span> <span class='ocrx_word' id='word_1_606' title='bbox 2548 4971 2646 5035; x_wconf 87' lang='lat' dir='ltr'>Ad</span> <span class='ocrx_word' id='word_1_607' title='bbox 2674 4967 2830 5032; x_wconf 84' lang='lat' dir='ltr'>illud</span> <span class='ocrx_word' id='word_1_608' title='bbox 2849 4964 3018 5048; x_wconf 85' lang='lat' dir='ltr'>quod</span> <span class='ocrx_word' id='word_1_609' title='bbox 3037 4961 3334 5044; x_wconf 87' lang='lat' dir='ltr'>objicitur</span> <span class='ocrx_word' id='word_1_610' title='bbox 3358 4961 3532 5044; x_wconf 86' lang='lat' dir='ltr'>quod</span> <span class='ocrx_word' id='word_1_611' title='bbox 3552 4959 3715 5024; x_wconf 85' lang='lat' dir='ltr'>Deus</span> <span class='ocrx_word' id='word_1_612' title='bbox 3739 4969 3883 5035; x_wconf 87' lang='lat' dir='ltr'>ope-</span> 
     </span>
     <span class='ocr_line' id='line_1_89' title="bbox 2366 5066 3883 5155; baseline -0.015 -8"><span class='ocrx_word' id='word_1_613' title='bbox 2366 5086 2544 5148; x_wconf 86' lang='lat' dir='ltr'>ratur</span> <span class='ocrx_word' id='word_1_614' title='bbox 2563 5097 2645 5142; x_wconf 84' lang='lat' dir='ltr'>ex</span> <span class='ocrx_word' id='word_1_615' title='bbox 2667 5081 2797 5140; x_wconf 85' lang='lat' dir='ltr'>tota</span> <span class='ocrx_word' id='word_1_616' title='bbox 2819 5071 3120 5155; x_wconf 86' lang='lat' dir='ltr'>potentia,</span> <span class='ocrx_word' id='word_1_617' title='bbox 3148 5067 3490 5131; x_wconf 83' lang='lat' dir='ltr'>dicendum</span> <span class='ocrx_word' id='word_1_618' title='bbox 3510 5066 3679 5149; x_wconf 87' lang='lat' dir='ltr'>quod</span> <span class='ocrx_word' id='word_1_619' title='bbox 3702 5072 3883 5142; x_wconf 84' lang='lat' dir='ltr'>agens</span> 
     </span>
    </p>
   </div>
   <div class='ocr_carea' id='block_1_15' title="bbox 2336 5174 3878 5268">
    <p class='ocr_par' dir='ltr' id='par_1_20' title="bbox 2336 5174 3878 5268">
     <span class='ocr_line' id='line_1_90' title="bbox 2336 5174 3878 5268; baseline -0.018 -12"><span class='ocrx_word' id='word_1_620' title='bbox 2336 5183 2347 5198; x_wconf 54' lang='lat'>⁸</span> <span class='ocrx_word' id='word_1_621' title='bbox 2368 5210 2449 5255; x_wconf 83' lang='lat' dir='ltr'>ex</span> <span class='ocrx_word' id='word_1_622' title='bbox 2472 5191 2605 5252; x_wconf 85' lang='lat' dir='ltr'>tota</span> <span class='ocrx_word' id='word_1_623' title='bbox 2623 5181 2923 5268; x_wconf 82' lang='lat' dir='ltr'>potentia,</span> <span class='ocrx_word' id='word_1_624' title='bbox 2946 5176 3268 5260; x_wconf 85' lang='lat' dir='ltr'>quoddam</span> <span class='ocrx_word' id='word_1_625' title='bbox 3290 5174 3427 5255; x_wconf 81' lang='lat' dir='ltr'>agit</span> <span class='ocrx_word' id='word_1_626' title='bbox 3444 5191 3558 5257; x_wconf 87' lang='lat' dir='ltr'>per</span> <span class='ocrx_word' id='word_1_627' title='bbox 3581 5176 3878 5236; x_wconf 82' lang='lat' dir='ltr'>naturam,</span> 
     </span>
    </p>
   </div>
   <div class='ocr_carea' id='block_1_16' title="bbox 2369 5279 3878 5487">
    <p class='ocr_par' dir='ltr' id='par_1_21' title="bbox 2369 5279 3878 5487">
     <span class='ocr_line' id='line_1_91' title="bbox 2369 5279 3878 5374; baseline -0.019 -10"><span class='ocrx_word' id='word_1_628' title='bbox 2369 5304 2433 5363; x_wconf 89' lang='lat' dir='ltr'>et</span> <span class='ocrx_word' id='word_1_629' title='bbox 2466 5298 2587 5363; x_wconf 88' lang='lat' dir='ltr'>hoc</span> <span class='ocrx_word' id='word_1_630' title='bbox 2611 5292 2747 5374; x_wconf 81' lang='lat' dir='ltr'>agit</span> <span class='ocrx_word' id='word_1_631' title='bbox 2770 5291 3025 5353; x_wconf 87' lang='lat' dir='ltr'>tantum</span> <span class='ocrx_word' id='word_1_632' title='bbox 3059 5287 3375 5366; x_wconf 84' lang='lat' dir='ltr'>quantum</span> <span class='ocrx_word' id='word_1_633' title='bbox 3401 5285 3623 5365; x_wconf 86' lang='lat' dir='ltr'>potest,</span> <span class='ocrx_word' id='word_1_634' title='bbox 3660 5279 3721 5341; x_wconf 90' lang='lat' dir='ltr'>et</span> <span class='ocrx_word' id='word_1_635' title='bbox 3751 5279 3878 5337; x_wconf 80' lang='lat' dir='ltr'>tan·-</span> 
     </span>
     <span class='ocr_line' id='line_1_92' title="bbox 2434 5413 3013 5487; baseline -0.021 -14"><span class='ocrx_word' id='word_1_636' title='bbox 2434 5424 2498 5487; x_wconf 84' lang='grc' dir='ltr'>(α)</span> <span class='ocrx_word' id='word_1_637' title='bbox 2529 5421 2651 5472; x_wconf 79' lang='lat' dir='ltr'>Coet.</span> <span class='ocrx_word' id='word_1_638' title='bbox 2680 5416 2800 5468; x_wconf 75' lang='lat' dir='ltr'>edit.</span> <span class='ocrx_word' id='word_1_639' title='bbox 2830 5413 3013 5470; x_wconf 60' lang='lat' dir='ltr'>habet„</span> 
     </span>
    </p>
   </div>
  </div>
 </body>
</html>
