<?xml version="1.0" encoding="UTF-8"?>
<!DOCTYPE html PUBLIC "-//W3C//DTD XHTML 1.0 Transitional//EN"
    "http://www.w3.org/TR/xhtml1/DTD/xhtml1-transitional.dtd">
<html xmlns="http://www.w3.org/1999/xhtml" xml:lang="en" lang="en">
 <head>
  <title>
</title>
<meta http-equiv="Content-Type" content="text/html;charset=utf-8" />
  <meta name='ocr-system' content='tesseract 3.04.00' />
  <meta name='ocr-capabilities' content='ocr_page ocr_carea ocr_par ocr_line ocrx_word'/>
</head>
<body>
  <div class='ocr_page' id='page_1' title='image "./srecardinalissb01peltgoog_0513.png"; bbox 0 0 4125 6225; ppageno 0'>
   <div class='ocr_carea' id='block_1_1' title="bbox 23 2077 239 2123">
    <p class='ocr_par' dir='ltr' id='par_1_1' title="bbox 23 2077 239 2123">
     <span class='ocr_line' id='line_1_1' title="bbox 23 2077 239 2123; baseline -0.005 -1"><span class='ocrx_word' id='word_1_1' title='bbox 23 2077 239 2123; x_wconf 69' lang='lat' dir='ltr'><strong>Fundam.</strong></span> 
     </span>
    </p>
   </div>
   <div class='ocr_carea' id='block_1_2' title="bbox 0 5215 216 5276">
    <p class='ocr_par' dir='ltr' id='par_1_2' title="bbox 0 5215 216 5276">
     <span class='ocr_line' id='line_1_2' title="bbox 0 5215 216 5276; baseline 0 0"><span class='ocrx_word' id='word_1_2' title='bbox 0 5215 216 5276; x_wconf 56' lang='lat' dir='ltr'><strong>*dorr-</strong></span> 
     </span>
    </p>
   </div>
   <div class='ocr_carea' id='block_1_3' title="bbox 1041 425 2656 510">
    <p class='ocr_par' dir='ltr' id='par_1_3' title="bbox 1041 425 2656 510">
     <span class='ocr_line' id='line_1_3' title="bbox 1041 425 2656 510; baseline -0.004 -11"><span class='ocrx_word' id='word_1_3' title='bbox 1041 431 1238 499; x_wconf 87' lang='lat' dir='ltr'><strong>DIST.</strong></span> <span class='ocrx_word' id='word_1_4' title='bbox 1281 431 1445 499; x_wconf 83' lang='lat' dir='ltr'><strong>vm.</strong></span> <span class='ocrx_word' id='word_1_5' title='bbox 1487 429 1716 497; x_wconf 78' lang='lat' dir='ltr'><strong>PART.</strong></span> <span class='ocrx_word' id='word_1_6' title='bbox 1760 429 1838 496; x_wconf 87' lang='lat'><strong>11.</strong></span> <span class='ocrx_word' id='word_1_7' title='bbox 1881 427 2064 495; x_wconf 74' lang='grc' dir='ltr'><strong>ΛΒΤ.</strong></span> <span class='ocrx_word' id='word_1_8' title='bbox 2110 430 2161 495; x_wconf 95' lang='lat' dir='ltr'><strong>I.</strong></span> <span class='ocrx_word' id='word_1_9' title='bbox 2207 425 2507 510; x_wconf 79' lang='lat' dir='ltr'><strong>QUAEST.</strong></span> <span class='ocrx_word' id='word_1_10' title='bbox 2550 425 2656 493; x_wconf 77' lang='lat' dir='ltr'><strong>Vl.</strong></span> 
     </span>
    </p>
   </div>
   <div class='ocr_carea' id='block_1_4' title="bbox 258 567 1816 4621">
    <p class='ocr_par' dir='ltr' id='par_1_4' title="bbox 258 567 1808 2046">
     <span class='ocr_line' id='line_1_4' title="bbox 259 567 1799 653; baseline -0.003 -16"><span class='ocrx_word' id='word_1_11' title='bbox 259 569 469 637; x_wconf 90' lang='lat' dir='ltr'><strong>centia</strong></span> <span class='ocrx_word' id='word_1_12' title='bbox 493 572 610 648; x_wconf 88' lang='lat' dir='ltr'><strong>est,</strong></span> <span class='ocrx_word' id='word_1_13' title='bbox 639 570 776 635; x_wconf 85' lang='lat' dir='ltr'><strong>sive</strong></span> <span class='ocrx_word' id='word_1_14' title='bbox 801 568 995 635; x_wconf 88' lang='lat' dir='ltr'><strong>libido</strong></span> <span class='ocrx_word' id='word_1_15' title='bbox 1017 586 1351 653; x_wconf 87' lang='lat' dir='ltr'><strong>perversa;</strong></span> <span class='ocrx_word' id='word_1_16' title='bbox 1380 568 1694 653; x_wconf 87' lang='lat' dir='ltr'><strong>pabulum</strong></span> <span class='ocrx_word' id='word_1_17' title='bbox 1718 567 1799 632; x_wconf 91' lang='lat' dir='ltr'><strong>is-</strong></span> 
     </span>
     <span class='ocr_line' id='line_1_5' title="bbox 258 675 1798 760; baseline -0.003 -16"><span class='ocrx_word' id='word_1_18' title='bbox 258 679 389 744; x_wconf 89' lang='lat' dir='ltr'><strong>tius</strong></span> <span class='ocrx_word' id='word_1_19' title='bbox 409 677 581 760; x_wconf 88' lang='lat' dir='ltr'><strong>ignis</strong></span> <span class='ocrx_word' id='word_1_20' title='bbox 597 680 748 743; x_wconf 89' lang='lat' dir='ltr'><strong>sunt</strong></span> <span class='ocrx_word' id='word_1_21' title='bbox 766 677 1182 760; x_wconf 86' lang='lat' dir='ltr'><strong>cogitationes</strong></span> <span class='ocrx_word' id='word_1_22' title='bbox 1204 680 1268 742; x_wconf 91' lang='lat' dir='ltr'><strong>et</strong></span> <span class='ocrx_word' id='word_1_23' title='bbox 1283 675 1646 742; x_wconf 82' lang='lat' dir='ltr'><strong>affectiones</strong></span> <span class='ocrx_word' id='word_1_24' title='bbox 1659 692 1798 739; x_wconf 84' lang='lat' dir='ltr'><strong>car-</strong></span> 
     </span>
     <span class='ocr_line' id='line_1_6' title="bbox 259 783 1801 865; baseline -0.005 -13"><span class='ocrx_word' id='word_1_25' title='bbox 259 787 438 852; x_wconf 89' lang='lat' dir='ltr'><strong>nales</strong></span> <span class='ocrx_word' id='word_1_26' title='bbox 474 789 539 850; x_wconf 92' lang='lat' dir='ltr'><strong>et</strong></span> <span class='ocrx_word' id='word_1_27' title='bbox 563 788 833 850; x_wconf 67' lang='lat' dir='ltr'><strong>terrenae</strong></span> <span class='ocrx_word' id='word_1_28' title='bbox 850 833 869 865; x_wconf 87' lang='lat'>‚</span> <span class='ocrx_word' id='word_1_29' title='bbox 910 786 974 850; x_wconf 89' lang='lat' dir='ltr'><strong>et</strong></span> <span class='ocrx_word' id='word_1_30' title='bbox 1001 784 1439 850; x_wconf 79' lang='lat' dir='ltr'>delectationes</span> <span class='ocrx_word' id='word_1_31' title='bbox 1481 783 1701 862; x_wconf 82' lang='lat' dir='ltr'><strong>foedae3</strong></span> <span class='ocrx_word' id='word_1_32' title='bbox 1737 783 1801 846; x_wconf 93' lang='lat' dir='ltr'><strong>et</strong></span> 
     </span>
     <span class='ocr_line' id='line_1_7' title="bbox 259 892 1800 976; baseline -0.003 -17"><span class='ocrx_word' id='word_1_33' title='bbox 259 896 350 960; x_wconf 91' lang='lat' dir='ltr'><strong>ita</strong></span> <span class='ocrx_word' id='word_1_34' title='bbox 372 894 708 959; x_wconf 82' lang='lat' dir='ltr'>incendere</span> <span class='ocrx_word' id='word_1_35' title='bbox 725 942 743 974; x_wconf 87' lang='lat'>,</span> <span class='ocrx_word' id='word_1_36' title='bbox 773 893 842 958; x_wconf 90' lang='lat' dir='ltr'><strong>in</strong></span> <span class='ocrx_word' id='word_1_37' title='bbox 869 892 1303 976; x_wconf 82' lang='lat' dir='ltr'><strong>spiritualibus</strong></span> <span class='ocrx_word' id='word_1_38' title='bbox 1321 941 1338 971; x_wconf 88' lang='lat'><strong>‚</strong></span> <span class='ocrx_word' id='word_1_39' title='bbox 1368 911 1501 957; x_wconf 92' lang='lat' dir='ltr'><strong>non</strong></span> <span class='ocrx_word' id='word_1_40' title='bbox 1521 894 1800 956; x_wconf 83' lang='lat' dir='ltr'><strong>tantum-</strong></span> 
     </span>
     <span class='ocr_line' id='line_1_8' title="bbox 261 999 1800 1085; baseline -0.005 -16"><span class='ocrx_word' id='word_1_41' title='bbox 261 1004 454 1069; x_wconf 89' lang='lat' dir='ltr'>modo</span> <span class='ocrx_word' id='word_1_42' title='bbox 472 1001 777 1085; x_wconf 80' lang='lat' dir='ltr'><strong>accipitur</strong></span> <span class='ocrx_word' id='word_1_43' title='bbox 799 1005 1093 1085; x_wconf 90' lang='lat' dir='ltr'><strong>respectu</strong></span> <span class='ocrx_word' id='word_1_44' title='bbox 1116 1000 1524 1066; x_wconf 80' lang='lat' dir='ltr'><strong>affectionum</strong></span> <span class='ocrx_word' id='word_1_45' title='bbox 1550 1048 1569 1079; x_wconf 88' lang='lat'>‚</span> <span class='ocrx_word' id='word_1_46' title='bbox 1600 999 1800 1063; x_wconf 90' lang='lat' dir='ltr'><strong>immo</strong></span> 
     </span>
     <span class='ocr_line' id='line_1_9' title="bbox 261 1109 1802 1191; baseline -0.003 -16"><span class='ocrx_word' id='word_1_47' title='bbox 261 1114 326 1175; x_wconf 92' lang='lat' dir='ltr'><strong>et</strong></span> <span class='ocrx_word' id='word_1_48' title='bbox 376 1109 881 1191; x_wconf 87' lang='lat' dir='ltr'><strong>cogitationum;</strong></span> <span class='ocrx_word' id='word_1_49' title='bbox 929 1113 993 1173; x_wconf 88' lang='lat' dir='ltr'><strong>et</strong></span> <span class='ocrx_word' id='word_1_50' title='bbox 1034 1111 1326 1191; x_wconf 88' lang='lat' dir='ltr'><strong>respectu</strong></span> <span class='ocrx_word' id='word_1_51' title='bbox 1375 1111 1802 1189; x_wconf 84' lang='lat' dir='ltr'><strong>utrarumque</strong></span> 
     </span>
     <span class='ocr_line' id='line_1_10' title="bbox 262 1213 1797 1298; baseline -0.003 -16"><span class='ocrx_word' id='word_1_52' title='bbox 262 1234 397 1282; x_wconf 90' lang='lat' dir='ltr'><strong>non</strong></span> <span class='ocrx_word' id='word_1_53' title='bbox 424 1216 575 1281; x_wconf 91' lang='lat' dir='ltr'><strong>dicit</strong></span> <span class='ocrx_word' id='word_1_54' title='bbox 601 1220 816 1281; x_wconf 87' lang='lat' dir='ltr'><strong>actum</strong></span> <span class='ocrx_word' id='word_1_55' title='bbox 854 1214 1023 1281; x_wconf 88' lang='lat' dir='ltr'><strong>sicut</strong></span> <span class='ocrx_word' id='word_1_56' title='bbox 1046 1215 1480 1298; x_wconf 78' lang='lat' dir='ltr'><strong>principaliter</strong></span> <span class='ocrx_word' id='word_1_57' title='bbox 1506 1213 1759 1296; x_wconf 86' lang='lat' dir='ltr'><strong>agentis</strong></span> <span class='ocrx_word' id='word_1_58' title='bbox 1779 1259 1797 1291; x_wconf 87' lang='lat'>,</span> 
     </span>
     <span class='ocr_line' id='line_1_11' title="bbox 263 1322 1797 1390; baseline -0.003 0"><span class='ocrx_word' id='word_1_59' title='bbox 263 1322 373 1390; x_wconf 90' lang='lat' dir='ltr'><strong>sed</strong></span> <span class='ocrx_word' id='word_1_60' title='bbox 392 1323 601 1388; x_wconf 88' lang='lat' dir='ltr'><strong>solum</strong></span> <span class='ocrx_word' id='word_1_61' title='bbox 620 1323 783 1387; x_wconf 89' lang='lat' dir='ltr'><strong>sicut</strong></span> <span class='ocrx_word' id='word_1_62' title='bbox 802 1324 1133 1389; x_wconf 86' lang='lat' dir='ltr'><strong>excitantis</strong></span> <span class='ocrx_word' id='word_1_63' title='bbox 1158 1326 1221 1388; x_wconf 89' lang='lat' dir='ltr'><strong>et</strong></span> <span class='ocrx_word' id='word_1_64' title='bbox 1238 1322 1797 1389; x_wconf 71' lang='lat' dir='ltr'><strong>subministrantia.</strong></span> 
     </span>
     <span class='ocr_line' id='line_1_12' title="bbox 266 1430 1805 1514; baseline 0.001 -19"><span class='ocrx_word' id='word_1_65' title='bbox 266 1431 588 1510; x_wconf 84' lang='lat' dir='ltr'><strong>Quoniam</strong></span> <span class='ocrx_word' id='word_1_66' title='bbox 606 1430 811 1512; x_wconf 89' lang='lat' dir='ltr'><strong>igitur</strong></span> <span class='ocrx_word' id='word_1_67' title='bbox 828 1430 1116 1495; x_wconf 90' lang='lat' dir='ltr'><strong>diabolus</strong></span> <span class='ocrx_word' id='word_1_68' title='bbox 1136 1435 1339 1514; x_wconf 87' lang='lat' dir='ltr'><strong>potest</strong></span> <span class='ocrx_word' id='word_1_69' title='bbox 1363 1449 1481 1495; x_wconf 91' lang='lat' dir='ltr'><strong>nos</strong></span> <span class='ocrx_word' id='word_1_70' title='bbox 1505 1430 1587 1496; x_wconf 88' lang='lat' dir='ltr'><strong>ad</strong></span> <span class='ocrx_word' id='word_1_71' title='bbox 1605 1430 1805 1496; x_wconf 90' lang='lat' dir='ltr'><strong>malas</strong></span> 
     </span>
     <span class='ocr_line' id='line_1_13' title="bbox 264 1537 1805 1620; baseline 0 -17"><span class='ocrx_word' id='word_1_72' title='bbox 264 1539 678 1620; x_wconf 87' lang='lat' dir='ltr'><strong>cogitationes</strong></span> <span class='ocrx_word' id='word_1_73' title='bbox 696 1541 760 1602; x_wconf 89' lang='lat' dir='ltr'><strong>et</strong></span> <span class='ocrx_word' id='word_1_74' title='bbox 784 1538 1149 1603; x_wconf 84' lang='lat' dir='ltr'><strong>affectiones</strong></span> <span class='ocrx_word' id='word_1_75' title='bbox 1169 1537 1446 1603; x_wconf 89' lang='lat' dir='ltr'><strong>excitare</strong></span> <span class='ocrx_word' id='word_1_76' title='bbox 1467 1587 1485 1618; x_wconf 89' lang='lat'>‚</span> <span class='ocrx_word' id='word_1_77' title='bbox 1507 1537 1651 1602; x_wconf 89' lang='lat' dir='ltr'><strong>licet</strong></span> <span class='ocrx_word' id='word_1_78' title='bbox 1672 1556 1805 1603; x_wconf 90' lang='lat' dir='ltr'><strong>non</strong></span> 
     </span>
     <span class='ocr_line' id='line_1_14' title="bbox 267 1645 1799 1730; baseline 0 -20"><span class='ocrx_word' id='word_1_79' title='bbox 267 1646 467 1730; x_wconf 87' lang='lat' dir='ltr'><strong>possit</strong></span> <span class='ocrx_word' id='word_1_80' title='bbox 516 1664 623 1710; x_wconf 89' lang='lat' dir='ltr'><strong>eas</strong></span> <span class='ocrx_word' id='word_1_81' title='bbox 674 1645 744 1709; x_wconf 92' lang='lat' dir='ltr'><strong>in</strong></span> <span class='ocrx_word' id='word_1_82' title='bbox 788 1645 973 1710; x_wconf 90' lang='lat' dir='ltr'><strong>nobis</strong></span> <span class='ocrx_word' id='word_1_83' title='bbox 1014 1662 1133 1709; x_wconf 91' lang='lat' dir='ltr'><strong>sua</strong></span> <span class='ocrx_word' id='word_1_84' title='bbox 1165 1649 1470 1729; x_wconf 86' lang='lat' dir='ltr'><strong>potestate</strong></span> <span class='ocrx_word' id='word_1_85' title='bbox 1521 1645 1799 1725; x_wconf 80' lang='lat' dir='ltr'><strong>efficere3</strong></span> 
     </span>
     <span class='ocr_line' id='line_1_15' title="bbox 266 1752 1805 1836; baseline -0.001 -19"><span class='ocrx_word' id='word_1_86' title='bbox 266 1753 414 1819; x_wconf 91' lang='lat' dir='ltr'><strong>ideo</strong></span> <span class='ocrx_word' id='word_1_87' title='bbox 436 1756 602 1818; x_wconf 89' lang='lat' dir='ltr'><strong>recte</strong></span> <span class='ocrx_word' id='word_1_88' title='bbox 622 1756 685 1818; x_wconf 90' lang='lat' dir='ltr'><strong>et</strong></span> <span class='ocrx_word' id='word_1_89' title='bbox 701 1753 955 1836; x_wconf 89' lang='lat' dir='ltr'><strong>proprie</strong></span> <span class='ocrx_word' id='word_1_90' title='bbox 980 1772 1021 1816; x_wconf 89' lang='lat' dir='ltr'><strong>a</strong></span> <span class='ocrx_word' id='word_1_91' title='bbox 1036 1753 1270 1817; x_wconf 89' lang='lat' dir='ltr'><strong>sanctis</strong></span> <span class='ocrx_word' id='word_1_92' title='bbox 1294 1755 1357 1817; x_wconf 90' lang='lat' dir='ltr'><strong>et</strong></span> <span class='ocrx_word' id='word_1_93' title='bbox 1383 1772 1422 1817; x_wconf 90' lang='lat' dir='ltr'><strong>a</strong></span> <span class='ocrx_word' id='word_1_94' title='bbox 1440 1752 1805 1818; x_wconf 87' lang='lat' dir='ltr'><strong>doctoribus</strong></span> 
     </span>
     <span class='ocr_line' id='line_1_16' title="bbox 267 1859 1808 1943; baseline -0.002 -18"><span class='ocrx_word' id='word_1_95' title='bbox 267 1878 466 1925; x_wconf 81' lang='lat' dir='ltr'><strong>sacrae</strong></span> <span class='ocrx_word' id='word_1_96' title='bbox 498 1859 842 1943; x_wconf 83' lang='lat' dir='ltr'><strong>Scripturae</strong></span> <span class='ocrx_word' id='word_1_97' title='bbox 872 1859 1168 1923; x_wconf 89' lang='lat' dir='ltr'><strong>incensor</strong></span> <span class='ocrx_word' id='word_1_98' title='bbox 1207 1860 1440 1924; x_wconf 91' lang='lat' dir='ltr'><strong>dicitur</strong></span> <span class='ocrx_word' id='word_1_99' title='bbox 1456 1907 1474 1940; x_wconf 89' lang='lat'>,</span> <span class='ocrx_word' id='word_1_100' title='bbox 1513 1877 1642 1924; x_wconf 89' lang='lat' dir='ltr'><strong>non</strong></span> <span class='ocrx_word' id='word_1_101' title='bbox 1680 1860 1808 1923; x_wconf 90' lang='lat' dir='ltr'><strong>im-</strong></span> 
     </span>
     <span class='ocr_line' id='line_1_17' title="bbox 271 1966 1804 2046; baseline -0.001 -13"><span class='ocrx_word' id='word_1_102' title='bbox 271 1967 501 2033; x_wconf 83' lang='lat' dir='ltr'><strong>missor</strong></span> <span class='ocrx_word' id='word_1_103' title='bbox 518 2017 535 2046; x_wconf 92' lang='lat'>,</span> <span class='ocrx_word' id='word_1_104' title='bbox 567 1971 630 2032; x_wconf 86' lang='lat' dir='ltr'><strong>et</strong></span> <span class='ocrx_word' id='word_1_105' title='bbox 653 1967 1070 2033; x_wconf 84' lang='lat' dir='ltr'><strong>concedendae</strong></span> <span class='ocrx_word' id='word_1_106' title='bbox 1093 1971 1245 2032; x_wconf 90' lang='lat' dir='ltr'><strong>sunt</strong></span> <span class='ocrx_word' id='word_1_107' title='bbox 1265 1967 1541 2031; x_wconf 88' lang='lat' dir='ltr'><strong>rationes</strong></span> <span class='ocrx_word' id='word_1_108' title='bbox 1556 1966 1636 2032; x_wconf 86' lang='lat' dir='ltr'><strong>ad</strong></span> <span class='ocrx_word' id='word_1_109' title='bbox 1659 1966 1804 2031; x_wconf 88' lang='lat' dir='ltr'><strong>hoc.</strong></span> 
     </span>
    </p>

    <p class='ocr_par' dir='ltr' id='par_1_5' title="bbox 265 2074 1812 2915">
     <span class='ocr_line' id='line_1_18' title="bbox 354 2074 1811 2158; baseline -0.002 -17"><span class='ocrx_word' id='word_1_110' title='bbox 354 2082 384 2141; x_wconf 81' lang='lat'><strong>1</strong></span> <span class='ocrx_word' id='word_1_111' title='bbox 417 2079 483 2141; x_wconf 86' lang='lat' dir='ltr'><strong>et</strong></span> <span class='ocrx_word' id='word_1_112' title='bbox 508 2081 567 2140; x_wconf 73' lang='lat'><strong>2.</strong></span> <span class='ocrx_word' id='word_1_113' title='bbox 602 2077 700 2141; x_wconf 88' lang='lat' dir='ltr'><strong>Ad</strong></span> <span class='ocrx_word' id='word_1_114' title='bbox 730 2075 892 2140; x_wconf 92' lang='lat' dir='ltr'><strong>illud</strong></span> <span class='ocrx_word' id='word_1_115' title='bbox 917 2076 1087 2158; x_wconf 88' lang='lat' dir='ltr'><strong>quod</strong></span> <span class='ocrx_word' id='word_1_116' title='bbox 1114 2074 1441 2156; x_wconf 87' lang='lat' dir='ltr'><strong>objicitur,</strong></span> <span class='ocrx_word' id='word_1_117' title='bbox 1475 2074 1646 2157; x_wconf 89' lang='lat' dir='ltr'><strong>quod</strong></span> <span class='ocrx_word' id='word_1_118' title='bbox 1670 2074 1811 2139; x_wconf 91' lang='lat' dir='ltr'><strong>dia-</strong></span> 
     </span>
     <span class='ocr_line' id='line_1_19' title="bbox 268 2182 1810 2267; baseline -0.002 -18"><span class='ocrx_word' id='word_1_119' title='bbox 268 2185 459 2250; x_wconf 90' lang='lat' dir='ltr'><strong>bolus</strong></span> <span class='ocrx_word' id='word_1_120' title='bbox 478 2202 608 2248; x_wconf 90' lang='lat' dir='ltr'><strong>non</strong></span> <span class='ocrx_word' id='word_1_121' title='bbox 631 2186 834 2267; x_wconf 87' lang='lat' dir='ltr'><strong>potest</strong></span> <span class='ocrx_word' id='word_1_122' title='bbox 850 2201 1043 2266; x_wconf 88' lang='lat' dir='ltr'><strong>super</strong></span> <span class='ocrx_word' id='word_1_123' title='bbox 1062 2182 1418 2263; x_wconf 84' lang='lat' dir='ltr'><strong>imaginem</strong></span> <span class='ocrx_word' id='word_1_124' title='bbox 1441 2230 1458 2260; x_wconf 89' lang='lat'><strong>‚</strong></span> <span class='ocrx_word' id='word_1_125' title='bbox 1481 2200 1596 2247; x_wconf 87' lang='lat' dir='ltr'><strong>nec</strong></span> <span class='ocrx_word' id='word_1_126' title='bbox 1615 2200 1810 2266; x_wconf 89' lang='lat' dir='ltr'><strong>super</strong></span> 
     </span>
     <span class='ocr_line' id='line_1_20' title="bbox 266 2291 1810 2374; baseline -0.001 -17"><span class='ocrx_word' id='word_1_127' title='bbox 266 2292 544 2358; x_wconf 90' lang='lat' dir='ltr'><strong>liberum</strong></span> <span class='ocrx_word' id='word_1_128' title='bbox 572 2292 945 2371; x_wconf 89' lang='lat' dir='ltr'><strong>arbitrium;</strong></span> <span class='ocrx_word' id='word_1_129' title='bbox 974 2291 1321 2356; x_wconf 90' lang='lat' dir='ltr'><strong>dicendum</strong></span> <span class='ocrx_word' id='word_1_130' title='bbox 1348 2291 1519 2374; x_wconf 89' lang='lat' dir='ltr'><strong>quod</strong></span> <span class='ocrx_word' id='word_1_131' title='bbox 1542 2310 1673 2356; x_wconf 91' lang='lat' dir='ltr'><strong>non</strong></span> <span class='ocrx_word' id='word_1_132' title='bbox 1701 2308 1810 2374; x_wconf 91' lang='lat' dir='ltr'><strong>po-</strong></span> 
     </span>
     <span class='ocr_line' id='line_1_21' title="bbox 265 2399 1812 2483; baseline 0 -19"><span class='ocrx_word' id='word_1_133' title='bbox 265 2404 392 2464; x_wconf 86' lang='lat' dir='ltr'><strong>test</strong></span> <span class='ocrx_word' id='word_1_134' title='bbox 417 2400 581 2465; x_wconf 89' lang='lat' dir='ltr'><strong>sicut</strong></span> <span class='ocrx_word' id='word_1_135' title='bbox 600 2419 798 2482; x_wconf 88' lang='lat' dir='ltr'><strong>agens</strong></span> <span class='ocrx_word' id='word_1_136' title='bbox 824 2404 888 2467; x_wconf 88' lang='lat' dir='ltr'><strong>et</strong></span> <span class='ocrx_word' id='word_1_137' title='bbox 906 2417 1173 2466; x_wconf 86' lang='lat' dir='ltr'><strong>movens</strong></span> <span class='ocrx_word' id='word_1_138' title='bbox 1189 2399 1536 2483; x_wconf 86' lang='lat' dir='ltr'><strong>principale</strong></span> <span class='ocrx_word' id='word_1_139' title='bbox 1562 2421 1577 2465; x_wconf 72' lang='grc' dir='ltr'><em>ε</em></span> <span class='ocrx_word' id='word_1_140' title='bbox 1609 2402 1812 2483; x_wconf 90' lang='lat' dir='ltr'><strong>potest</strong></span> 
     </span>
     <span class='ocr_line' id='line_1_22' title="bbox 267 2505 1811 2588; baseline -0.001 -17"><span class='ocrx_word' id='word_1_141' title='bbox 267 2510 489 2571; x_wconf 86' lang='lat' dir='ltr'><strong>tamen</strong></span> <span class='ocrx_word' id='word_1_142' title='bbox 526 2506 692 2571; x_wconf 90' lang='lat' dir='ltr'><strong>sicut</strong></span> <span class='ocrx_word' id='word_1_143' title='bbox 719 2524 1078 2588; x_wconf 82' lang='lat' dir='ltr'><strong>suggerens</strong></span> <span class='ocrx_word' id='word_1_144' title='bbox 1106 2509 1172 2570; x_wconf 91' lang='lat' dir='ltr'><strong>et</strong></span> <span class='ocrx_word' id='word_1_145' title='bbox 1207 2505 1513 2570; x_wconf 91' lang='lat' dir='ltr'><strong>inducens</strong></span> <span class='ocrx_word' id='word_1_146' title='bbox 1549 2528 1562 2570; x_wconf 90' lang='lat'><strong>:</strong></span> <span class='ocrx_word' id='word_1_147' title='bbox 1599 2509 1664 2569; x_wconf 88' lang='lat' dir='ltr'><strong>et</strong></span> <span class='ocrx_word' id='word_1_148' title='bbox 1686 2505 1811 2570; x_wconf 90' lang='lat' dir='ltr'><strong>hoc</strong></span> 
     </span>
     <span class='ocr_line' id='line_1_23' title="bbox 267 2613 1809 2697; baseline -0.001 -18"><span class='ocrx_word' id='word_1_149' title='bbox 267 2617 365 2680; x_wconf 90' lang='lat' dir='ltr'><strong>est</strong></span> <span class='ocrx_word' id='word_1_150' title='bbox 406 2614 580 2697; x_wconf 90' lang='lat' dir='ltr'><strong>quod</strong></span> <span class='ocrx_word' id='word_1_151' title='bbox 625 2614 775 2679; x_wconf 88' lang='lat' dir='ltr'><strong>dicit</strong></span> <span class='ocrx_word' id='word_1_152' title='bbox 820 2614 1246 2680; x_wconf 87' lang='lat' dir='ltr'><strong>Damascenus</strong></span> <span class='ocrx_word' id='word_1_153' title='bbox 1290 2636 1306 2678; x_wconf 71' lang='grc' dir='ltr'><strong>ι</strong></span> <span class='ocrx_word' id='word_1_154' title='bbox 1356 2638 1387 2676; x_wconf 76' lang='grc' dir='ltr'><em>α</em></span> <span class='ocrx_word' id='word_1_155' title='bbox 1431 2613 1809 2679; x_wconf 74' lang='lat' dir='ltr'><strong>violentiam</strong></span> 
     </span>
     <span class='ocr_line' id='line_1_24' title="bbox 268 2723 1812 2807; baseline -0.001 -18"><span class='ocrx_word' id='word_1_156' title='bbox 268 2723 463 2789; x_wconf 90' lang='lat' dir='ltr'><strong>alicui</strong></span> <span class='ocrx_word' id='word_1_157' title='bbox 491 2723 726 2788; x_wconf 81' lang='lat' dir='ltr'><strong>inferre</strong></span> <span class='ocrx_word' id='word_1_158' title='bbox 743 2742 875 2788; x_wconf 91' lang='lat' dir='ltr'><strong>non</strong></span> <span class='ocrx_word' id='word_1_159' title='bbox 901 2726 1198 2807; x_wconf 87' lang='lat' dir='ltr'><strong>possunt,</strong></span> <span class='ocrx_word' id='word_1_160' title='bbox 1221 2724 1292 2787; x_wconf 92' lang='lat' dir='ltr'><strong>in</strong></span> <span class='ocrx_word' id='word_1_161' title='bbox 1307 2723 1491 2788; x_wconf 88' lang='lat' dir='ltr'><strong>nobis</strong></span> <span class='ocrx_word' id='word_1_162' title='bbox 1518 2723 1692 2787; x_wconf 90' lang='lat' dir='ltr'><strong>enim</strong></span> <span class='ocrx_word' id='word_1_163' title='bbox 1718 2726 1812 2787; x_wconf 90' lang='lat' dir='ltr'><strong>est</strong></span> 
     </span>
     <span class='ocr_line' id='line_1_25' title="bbox 267 2831 1388 2915; baseline -0.004 -20"><span class='ocrx_word' id='word_1_164' title='bbox 267 2831 588 2915; x_wconf 87' lang='lat' dir='ltr'><strong>suscipere</strong></span> <span class='ocrx_word' id='word_1_165' title='bbox 619 2850 845 2897; x_wconf 91' lang='lat' dir='ltr'><strong>eorum</strong></span> <span class='ocrx_word' id='word_1_166' title='bbox 873 2831 1317 2896; x_wconf 90' lang='lat' dir='ltr'><strong>immissiones.</strong></span> <span class='ocrx_word' id='word_1_167' title='bbox 1357 2853 1388 2890; x_wconf 67' lang='lat'><strong>2&gt;</strong></span> 
     </span>
    </p>

    <p class='ocr_par' dir='ltr' id='par_1_6' title="bbox 265 2939 1812 3542">
     <span class='ocr_line' id='line_1_26' title="bbox 352 2939 1807 3023; baseline 0.001 -20"><span class='ocrx_word' id='word_1_168' title='bbox 352 2944 411 3003; x_wconf 88' lang='lat'><strong>3.</strong></span> <span class='ocrx_word' id='word_1_169' title='bbox 444 2940 544 3005; x_wconf 87' lang='lat' dir='ltr'><strong>Ad</strong></span> <span class='ocrx_word' id='word_1_170' title='bbox 565 2939 758 3019; x_wconf 88' lang='lat' dir='ltr'><strong>illud,</strong></span> <span class='ocrx_word' id='word_1_171' title='bbox 788 2940 960 3023; x_wconf 89' lang='lat' dir='ltr'><strong>quod</strong></span> <span class='ocrx_word' id='word_1_172' title='bbox 989 2958 1122 3005; x_wconf 92' lang='lat' dir='ltr'><strong>non</strong></span> <span class='ocrx_word' id='word_1_173' title='bbox 1147 2940 1342 3023; x_wconf 90' lang='lat' dir='ltr'><strong>possit</strong></span> <span class='ocrx_word' id='word_1_174' title='bbox 1368 2940 1439 3002; x_wconf 92' lang='lat' dir='ltr'><strong>in</strong></span> <span class='ocrx_word' id='word_1_175' title='bbox 1475 2939 1807 3020; x_wconf 90' lang='lat' dir='ltr'><strong>cogitatio-</strong></span> 
     </span>
     <span class='ocr_line' id='line_1_27' title="bbox 265 3046 1810 3132; baseline 0.001 -21"><span class='ocrx_word' id='word_1_176' title='bbox 265 3065 451 3126; x_wconf 82' lang='lat' dir='ltr'><strong>nem3</strong></span> <span class='ocrx_word' id='word_1_177' title='bbox 483 3047 820 3111; x_wconf 90' lang='lat' dir='ltr'><strong>dicendum</strong></span> <span class='ocrx_word' id='word_1_178' title='bbox 850 3048 1022 3132; x_wconf 89' lang='lat' dir='ltr'><strong>quod</strong></span> <span class='ocrx_word' id='word_1_179' title='bbox 1041 3096 1059 3130; x_wconf 85' lang='lat'>,</span> <span class='ocrx_word' id='word_1_180' title='bbox 1082 3048 1246 3112; x_wconf 89' lang='lat' dir='ltr'><strong>sicut</strong></span> <span class='ocrx_word' id='word_1_181' title='bbox 1264 3065 1393 3112; x_wconf 93' lang='lat' dir='ltr'><strong>non</strong></span> <span class='ocrx_word' id='word_1_182' title='bbox 1414 3050 1616 3132; x_wconf 89' lang='lat' dir='ltr'><strong>potest</strong></span> <span class='ocrx_word' id='word_1_183' title='bbox 1639 3046 1810 3129; x_wconf 88' lang='lat' dir='ltr'><strong>cogi·</strong></span> 
     </span>
     <span class='ocr_line' id='line_1_28' title="bbox 267 3155 1806 3238; baseline -0.001 -18"><span class='ocrx_word' id='word_1_184' title='bbox 267 3155 576 3221; x_wconf 88' lang='lat' dir='ltr'><strong>tationem</strong></span> <span class='ocrx_word' id='word_1_185' title='bbox 605 3157 879 3221; x_wconf 88' lang='lat' dir='ltr'><strong>formare</strong></span> <span class='ocrx_word' id='word_1_186' title='bbox 897 3207 915 3238; x_wconf 89' lang='lat'>,</span> <span class='ocrx_word' id='word_1_187' title='bbox 946 3158 1035 3222; x_wconf 89' lang='lat' dir='ltr'><strong>sic</strong></span> <span class='ocrx_word' id='word_1_188' title='bbox 1057 3176 1176 3222; x_wconf 91' lang='lat' dir='ltr'><strong>nec</strong></span> <span class='ocrx_word' id='word_1_189' title='bbox 1200 3157 1599 3222; x_wconf 83' lang='lat' dir='ltr'><strong>affectionem</strong></span> <span class='ocrx_word' id='word_1_190' title='bbox 1625 3156 1806 3238; x_wconf 89' lang='lat' dir='ltr'><strong>prin-</strong></span> 
     </span>
     <span class='ocr_line' id='line_1_29' title="bbox 265 3263 1810 3346; baseline -0.001 -19"><span class='ocrx_word' id='word_1_191' title='bbox 265 3263 556 3346; x_wconf 88' lang='lat' dir='ltr'><strong>cipaliter</strong></span> <span class='ocrx_word' id='word_1_192' title='bbox 589 3282 851 3329; x_wconf 87' lang='lat' dir='ltr'><strong>causare</strong></span> <span class='ocrx_word' id='word_1_193' title='bbox 888 3265 993 3328; x_wconf 87' lang='lat' dir='ltr'><strong>vel</strong></span> <span class='ocrx_word' id='word_1_194' title='bbox 1038 3282 1298 3329; x_wconf 87' lang='lat' dir='ltr'><strong>movere</strong></span> <span class='ocrx_word' id='word_1_195' title='bbox 1331 3286 1346 3328; x_wconf 72' lang='grc' dir='ltr'>ε</span> <span class='ocrx_word' id='word_1_196' title='bbox 1384 3263 1548 3327; x_wconf 88' lang='lat' dir='ltr'><strong>sicut</strong></span> <span class='ocrx_word' id='word_1_197' title='bbox 1593 3267 1810 3327; x_wconf 88' lang='lat' dir='ltr'><strong>autem</strong></span> 
     </span>
     <span class='ocr_line' id='line_1_30' title="bbox 265 3370 1812 3454; baseline -0.001 -20"><span class='ocrx_word' id='word_1_198' title='bbox 265 3374 474 3454; x_wconf 90' lang='lat' dir='ltr'><strong>potest</strong></span> <span class='ocrx_word' id='word_1_199' title='bbox 496 3370 896 3436; x_wconf 80' lang='lat' dir='ltr'><strong>affectionem</strong></span> <span class='ocrx_word' id='word_1_200' title='bbox 913 3372 1246 3436; x_wconf 88' lang='lat' dir='ltr'><strong>incendere</strong></span> <span class='ocrx_word' id='word_1_201' title='bbox 1260 3420 1277 3449; x_wconf 88' lang='lat'>,</span> <span class='ocrx_word' id='word_1_202' title='bbox 1304 3371 1394 3435; x_wconf 90' lang='lat' dir='ltr'><strong>sic</strong></span> <span class='ocrx_word' id='word_1_203' title='bbox 1426 3371 1617 3435; x_wconf 90' lang='lat' dir='ltr'><strong>etiam</strong></span> <span class='ocrx_word' id='word_1_204' title='bbox 1641 3370 1812 3452; x_wconf 92' lang='lat' dir='ltr'><strong>cogi·</strong></span> 
     </span>
     <span class='ocr_line' id='line_1_31' title="bbox 269 3478 600 3542; baseline 0 0"><span class='ocrx_word' id='word_1_205' title='bbox 269 3478 600 3542; x_wconf 91' lang='lat' dir='ltr'><strong>tationem.</strong></span> 
     </span>
    </p>

    <p class='ocr_par' dir='ltr' id='par_1_7' title="bbox 264 3583 1816 4621">
     <span class='ocr_line' id='line_1_32' title="bbox 350 3583 1812 3669; baseline -0.002 -19"><span class='ocrx_word' id='word_1_206' title='bbox 350 3590 411 3650; x_wconf 77' lang='lat'><strong>4.</strong></span> <span class='ocrx_word' id='word_1_207' title='bbox 454 3585 553 3650; x_wconf 89' lang='lat' dir='ltr'><strong>Ad</strong></span> <span class='ocrx_word' id='word_1_208' title='bbox 596 3585 752 3650; x_wconf 91' lang='lat' dir='ltr'><strong>illud</strong></span> <span class='ocrx_word' id='word_1_209' title='bbox 794 3585 964 3669; x_wconf 86' lang='lat' dir='ltr'><strong>quod</strong></span> <span class='ocrx_word' id='word_1_210' title='bbox 1006 3585 1233 3650; x_wconf 89' lang='lat' dir='ltr'><strong>ultimo</strong></span> <span class='ocrx_word' id='word_1_211' title='bbox 1263 3584 1561 3667; x_wconf 88' lang='lat' dir='ltr'><strong>objicitur</strong></span> <span class='ocrx_word' id='word_1_212' title='bbox 1578 3632 1596 3665; x_wconf 89' lang='lat'>,</span> <span class='ocrx_word' id='word_1_213' title='bbox 1637 3583 1812 3666; x_wconf 88' lang='lat' dir='ltr'><strong>quod</strong></span> 
     </span>
     <span class='ocr_line' id='line_1_33' title="bbox 268 3692 1809 3778; baseline -0.001 -20"><span class='ocrx_word' id='word_1_214' title='bbox 268 3699 426 3759; x_wconf 89' lang='lat' dir='ltr'><strong>tunc</strong></span> <span class='ocrx_word' id='word_1_215' title='bbox 465 3700 675 3777; x_wconf 88' lang='lat' dir='ltr'><strong>posset</strong></span> <span class='ocrx_word' id='word_1_216' title='bbox 724 3695 929 3759; x_wconf 81' lang='lat' dir='ltr'><strong>facere</strong></span> <span class='ocrx_word' id='word_1_217' title='bbox 976 3712 1094 3760; x_wconf 89' lang='lat' dir='ltr'><strong>nos</strong></span> <span class='ocrx_word' id='word_1_218' title='bbox 1137 3711 1427 3778; x_wconf 81' lang='lat' dir='ltr'><strong>peccare3</strong></span> <span class='ocrx_word' id='word_1_219' title='bbox 1472 3692 1809 3757; x_wconf 90' lang='lat' dir='ltr'><strong>dicendum</strong></span> 
     </span>
     <span class='ocr_line' id='line_1_34' title="bbox 267 3800 1810 3885; baseline -0.001 -20"><span class='ocrx_word' id='word_1_220' title='bbox 267 3801 443 3883; x_wconf 85' lang='lat' dir='ltr'><strong>quod</strong></span> <span class='ocrx_word' id='word_1_221' title='bbox 472 3820 694 3866; x_wconf 88' lang='lat' dir='ltr'><strong>verum</strong></span> <span class='ocrx_word' id='word_1_222' title='bbox 724 3805 849 3881; x_wconf 85' lang='lat' dir='ltr'><strong>est,</strong></span> <span class='ocrx_word' id='word_1_223' title='bbox 878 3802 931 3865; x_wconf 90' lang='lat' dir='ltr'><strong>si</strong></span> <span class='ocrx_word' id='word_1_224' title='bbox 959 3801 1240 3885; x_wconf 89' lang='lat' dir='ltr'><strong>potentia</strong></span> <span class='ocrx_word' id='word_1_225' title='bbox 1273 3800 1653 3864; x_wconf 89' lang='lat' dir='ltr'><strong>incendendi</strong></span> <span class='ocrx_word' id='word_1_226' title='bbox 1677 3800 1810 3863; x_wconf 90' lang='lat' dir='ltr'><strong>im-</strong></span> 
     </span>
     <span class='ocr_line' id='line_1_35' title="bbox 266 3907 1810 3991; baseline 0 -20"><span class='ocrx_word' id='word_1_227' title='bbox 266 3910 550 3991; x_wconf 85' lang='lat' dir='ltr'><strong>portaret</strong></span> <span class='ocrx_word' id='word_1_228' title='bbox 575 3909 1010 3973; x_wconf 87' lang='lat' dir='ltr'><strong>necessitatem</strong></span> <span class='ocrx_word' id='word_1_229' title='bbox 1028 3957 1047 3987; x_wconf 90' lang='lat'>,</span> <span class='ocrx_word' id='word_1_230' title='bbox 1077 3908 1181 3972; x_wconf 88' lang='lat' dir='ltr'><strong>vel</strong></span> <span class='ocrx_word' id='word_1_231' title='bbox 1204 3907 1600 3990; x_wconf 82' lang='lat' dir='ltr'><strong>praecipuam</strong></span> <span class='ocrx_word' id='word_1_232' title='bbox 1623 3911 1686 3971; x_wconf 92' lang='lat' dir='ltr'><strong>et</strong></span> <span class='ocrx_word' id='word_1_233' title='bbox 1715 3908 1810 3971; x_wconf 86' lang='lat' dir='ltr'><strong>ef—</strong></span> 
     </span>
     <span class='ocr_line' id='line_1_36' title="bbox 266 4014 1814 4100; baseline -0.001 -20"><span class='ocrx_word' id='word_1_234' title='bbox 266 4016 564 4082; x_wconf 82' lang='lat' dir='ltr'><strong>fectivam</strong></span> <span class='ocrx_word' id='word_1_235' title='bbox 583 4020 950 4099; x_wconf 86' lang='lat' dir='ltr'><strong>potestatem</strong></span> <span class='ocrx_word' id='word_1_236' title='bbox 974 4020 1267 4100; x_wconf 89' lang='lat' dir='ltr'><strong>respectu</strong></span> <span class='ocrx_word' id='word_1_237' title='bbox 1279 4014 1633 4080; x_wconf 81' lang='lat' dir='ltr'><strong>affectionis</strong></span> <span class='ocrx_word' id='word_1_238' title='bbox 1657 4033 1814 4098; x_wconf 90' lang='lat' dir='ltr'><strong>pra·-</strong></span> 
     </span>
     <span class='ocr_line' id='line_1_37' title="bbox 265 4122 1815 4207; baseline -0.001 -20"><span class='ocrx_word' id='word_1_239' title='bbox 265 4142 372 4188; x_wconf 82' lang='lat' dir='ltr'><strong>vae</strong></span> <span class='ocrx_word' id='word_1_240' title='bbox 400 4141 417 4188; x_wconf 72' lang='grc' dir='ltr'><strong><em>ε</em></strong></span> <span class='ocrx_word' id='word_1_241' title='bbox 450 4123 555 4188; x_wconf 89' lang='lat' dir='ltr'><strong>sed</strong></span> <span class='ocrx_word' id='word_1_242' title='bbox 584 4172 602 4201; x_wconf 88' lang='lat'>‚</span> <span class='ocrx_word' id='word_1_243' title='bbox 652 4124 818 4189; x_wconf 90' lang='lat' dir='ltr'><strong>sicut</strong></span> <span class='ocrx_word' id='word_1_244' title='bbox 865 4124 1243 4207; x_wconf 65' lang='lat' dir='ltr'><strong>praedictum</strong></span> <span class='ocrx_word' id='word_1_245' title='bbox 1277 4126 1417 4202; x_wconf 84' lang='lat' dir='ltr'><strong>est,</strong></span> <span class='ocrx_word' id='word_1_246' title='bbox 1475 4141 1605 4186; x_wconf 91' lang='lat' dir='ltr'><strong>non</strong></span> <span class='ocrx_word' id='word_1_247' title='bbox 1661 4122 1815 4187; x_wconf 88' lang='lat' dir='ltr'><strong>dicit</strong></span> 
     </span>
     <span class='ocr_line' id='line_1_38' title="bbox 265 4231 1812 4314; baseline -0.001 -18"><span class='ocrx_word' id='word_1_248' title='bbox 265 4249 528 4296; x_wconf 89' lang='lat' dir='ltr'><strong>causam</strong></span> <span class='ocrx_word' id='word_1_249' title='bbox 552 4231 933 4297; x_wconf 82' lang='lat' dir='ltr'><strong>efficientem</strong></span> <span class='ocrx_word' id='word_1_250' title='bbox 954 4281 972 4311; x_wconf 86' lang='lat'>,</span> <span class='ocrx_word' id='word_1_251' title='bbox 1003 4232 1113 4297; x_wconf 90' lang='lat' dir='ltr'><strong>sed</strong></span> <span class='ocrx_word' id='word_1_252' title='bbox 1149 4231 1588 4314; x_wconf 88' lang='lat' dir='ltr'><strong>disponentem</strong></span> <span class='ocrx_word' id='word_1_253' title='bbox 1618 4253 1633 4295; x_wconf 73' lang='grc' dir='ltr'>ι</span> <span class='ocrx_word' id='word_1_254' title='bbox 1663 4248 1812 4314; x_wconf 82' lang='lat' dir='ltr'><strong>quae</strong></span> 
     </span>
     <span class='ocr_line' id='line_1_39' title="bbox 265 4337 1815 4423; baseline -0.003 -19"><span class='ocrx_word' id='word_1_255' title='bbox 265 4339 529 4423; x_wconf 88' lang='lat' dir='ltr'><strong>quidem</strong></span> <span class='ocrx_word' id='word_1_256' title='bbox 552 4338 879 4422; x_wconf 88' lang='lat' dir='ltr'><strong>dispositio</strong></span> <span class='ocrx_word' id='word_1_257' title='bbox 908 4339 1253 4404; x_wconf 83' lang='lat' dir='ltr'><strong>efficaciam</strong></span> <span class='ocrx_word' id='word_1_258' title='bbox 1282 4356 1415 4403; x_wconf 92' lang='lat' dir='ltr'><strong>non</strong></span> <span class='ocrx_word' id='word_1_259' title='bbox 1438 4337 1662 4415; x_wconf 87' lang='lat' dir='ltr'><strong>habet,</strong></span> <span class='ocrx_word' id='word_1_260' title='bbox 1693 4338 1815 4401; x_wconf 88' lang='lat' dir='ltr'><strong>nisi</strong></span> 
     </span>
     <span class='ocr_line' id='line_1_40' title="bbox 264 4443 1816 4529; baseline -0.003 -17"><span class='ocrx_word' id='word_1_261' title='bbox 264 4463 390 4512; x_wconf 91' lang='lat' dir='ltr'><strong>nos</strong></span> <span class='ocrx_word' id='word_1_262' title='bbox 415 4446 641 4510; x_wconf 89' lang='lat' dir='ltr'><strong>demus</strong></span> <span class='ocrx_word' id='word_1_263' title='bbox 661 4445 722 4510; x_wconf 92' lang='lat' dir='ltr'><strong>ei</strong></span> <span class='ocrx_word' id='word_1_264' title='bbox 748 4447 1043 4529; x_wconf 83' lang='lat' dir='ltr'><strong>vigorem</strong></span> <span class='ocrx_word' id='word_1_265' title='bbox 1069 4464 1151 4512; x_wconf 88' lang='lat' dir='ltr'><strong>ex</strong></span> <span class='ocrx_word' id='word_1_266' title='bbox 1173 4448 1390 4510; x_wconf 91' lang='lat' dir='ltr'><strong>nostra</strong></span> <span class='ocrx_word' id='word_1_267' title='bbox 1422 4443 1816 4527; x_wconf 86' lang='lat' dir='ltr'><strong>negligentia</strong></span> 
     </span>
     <span class='ocr_line' id='line_1_41' title="bbox 270 4552 741 4621; baseline -0.006 -1"><span class='ocrx_word' id='word_1_268' title='bbox 270 4552 380 4621; x_wconf 83' lang='lat' dir='ltr'><strong>vel</strong></span> <span class='ocrx_word' id='word_1_269' title='bbox 408 4570 741 4618; x_wconf 88' lang='lat' dir='ltr'><strong>consensu.</strong></span> 
     </span>
    </p>
   </div>
   <div class='ocr_carea' id='block_1_5' title="bbox 796 4784 1295 4864">
    <p class='ocr_par' dir='ltr' id='par_1_8' title="bbox 796 4784 1295 4864">
     <span class='ocr_line' id='line_1_42' title="bbox 796 4784 1295 4864; baseline 0 -13"><span class='ocrx_word' id='word_1_270' title='bbox 796 4784 1150 4864; x_wconf 82' lang='lat' dir='ltr'><strong>QUAESTIO</strong></span> <span class='ocrx_word' id='word_1_271' title='bbox 1189 4785 1295 4851; x_wconf 77' lang='lat' dir='ltr'><strong>Vl.</strong></span> 
     </span>
    </p>
   </div>
   <div class='ocr_carea' id='block_1_6' title="bbox 313 4943 1777 5090">
    <p class='ocr_par' dir='ltr' id='par_1_9' title="bbox 313 4943 1777 5090">
     <span class='ocr_line' id='line_1_43' title="bbox 313 4943 1777 5016; baseline -0.003 -13"><span class='ocrx_word' id='word_1_272' title='bbox 313 4945 411 5003; x_wconf 81' lang='lat' dir='ltr'><strong>An</strong></span> <span class='ocrx_word' id='word_1_273' title='bbox 446 4944 706 5001; x_wconf 80' lang='lat' dir='ltr'><strong>daemones</strong></span> <span class='ocrx_word' id='word_1_274' title='bbox 728 4946 963 5002; x_wconf 77' lang='lat' dir='ltr'><strong>scrutari</strong></span> <span class='ocrx_word' id='word_1_275' title='bbox 985 4945 1196 5016; x_wconf 80' lang='lat' dir='ltr'><strong>possint</strong></span> <span class='ocrx_word' id='word_1_276' title='bbox 1219 4945 1418 5000; x_wconf 79' lang='lat' dir='ltr'><strong>secreta</strong></span> <span class='ocrx_word' id='word_1_277' title='bbox 1445 4943 1777 4999; x_wconf 67' lang='lat' dir='ltr'><strong>conscientia</strong></span> 
     </span>
     <span class='ocr_line' id='line_1_44' title="bbox 924 5031 1168 5090; baseline -0.016 0"><span class='ocrx_word' id='word_1_278' title='bbox 924 5031 1168 5090; x_wconf 79' lang='lat' dir='ltr'><strong>nostroe¹.</strong></span> 
     </span>
    </p>
   </div>
   <div class='ocr_carea' id='block_1_7' title="bbox 268 5199 1823 5390">
    <p class='ocr_par' dir='ltr' id='par_1_10' title="bbox 268 5199 1823 5390">
     <span class='ocr_line' id='line_1_45' title="bbox 356 5199 1823 5285; baseline -0.005 -15"><span class='ocrx_word' id='word_1_279' title='bbox 356 5204 588 5270; x_wconf 88' lang='lat' dir='ltr'><strong>Utrum</strong></span> <span class='ocrx_word' id='word_1_280' title='bbox 631 5203 955 5268; x_wconf 65' lang='lat' dir='ltr'><strong>daemones</strong></span> <span class='ocrx_word' id='word_1_281' title='bbox 992 5200 1233 5285; x_wconf 87' lang='lat' dir='ltr'><strong>possint</strong></span> <span class='ocrx_word' id='word_1_282' title='bbox 1274 5199 1543 5266; x_wconf 86' lang='lat' dir='ltr'><strong>scrutari</strong></span> <span class='ocrx_word' id='word_1_283' title='bbox 1583 5200 1823 5264; x_wconf 87' lang='lat' dir='ltr'><strong>secreta</strong></span> 
     </span>
     <span class='ocr_line' id='line_1_46' title="bbox 268 5307 1816 5390; baseline -0.006 -9"><span class='ocrx_word' id='word_1_284' title='bbox 268 5319 512 5381; x_wconf 75' lang='lat' dir='ltr'><strong>nostrae</strong></span> <span class='ocrx_word' id='word_1_285' title='bbox 561 5309 1002 5389; x_wconf 82' lang='lat' dir='ltr'><strong>conscientiae3</strong></span> <span class='ocrx_word' id='word_1_286' title='bbox 1048 5311 1111 5373; x_wconf 92' lang='lat' dir='ltr'><strong>et</strong></span> <span class='ocrx_word' id='word_1_287' title='bbox 1158 5308 1329 5390; x_wconf 86' lang='lat' dir='ltr'><strong>quod</strong></span> <span class='ocrx_word' id='word_1_288' title='bbox 1371 5308 1463 5372; x_wconf 88' lang='lat' dir='ltr'><strong>sic</strong></span> <span class='ocrx_word' id='word_1_289' title='bbox 1479 5356 1497 5387; x_wconf 86' lang='lat'>‚</span> <span class='ocrx_word' id='word_1_290' title='bbox 1544 5307 1816 5372; x_wconf 84' lang='lat' dir='ltr'><strong>videtur.</strong></span> 
     </span>
    </p>
   </div>
   <div class='ocr_carea' id='block_1_8' title="bbox 345 5432 1821 5506">
    <p class='ocr_par' dir='ltr' id='par_1_11' title="bbox 345 5432 1821 5506">
     <span class='ocr_line' id='line_1_47' title="bbox 345 5432 1821 5506; baseline -0.009 -13"><span class='ocrx_word' id='word_1_291' title='bbox 345 5441 469 5506; x_wconf 75' lang='lat' dir='ltr'><strong>¹Gf.</strong></span> <span class='ocrx_word' id='word_1_292' title='bbox 499 5440 558 5493; x_wconf 85' lang='lat' dir='ltr'><strong>S.</strong></span> <span class='ocrx_word' id='word_1_293' title='bbox 585 5438 793 5501; x_wconf 65' lang='lat' dir='ltr'><strong>Thom„</strong></span> <span class='ocrx_word' id='word_1_294' title='bbox 820 5450 874 5504; x_wconf 87' lang='lat' dir='ltr'><strong>p.</strong></span> <span class='ocrx_word' id='word_1_295' title='bbox 905 5438 957 5500; x_wconf 88' lang='lat' dir='ltr'><strong>l,</strong></span> <span class='ocrx_word' id='word_1_296' title='bbox 994 5449 1046 5503; x_wconf 88' lang='lat' dir='ltr'><strong>q.</strong></span> <span class='ocrx_word' id='word_1_297' title='bbox 1070 5446 1208 5499; x_wconf 70' lang='lat' dir='ltr'><strong>nvn,</strong></span> <span class='ocrx_word' id='word_1_298' title='bbox 1236 5438 1331 5487; x_wconf 83' lang='lat' dir='ltr'><strong>art.</strong></span> <span class='ocrx_word' id='word_1_299' title='bbox 1356 5435 1417 5498; x_wconf 57' lang='grc' dir='ltr'><strong>ὥς</strong></span> <span class='ocrx_word' id='word_1_300' title='bbox 1459 5436 1512 5486; x_wconf 90' lang='lat' dir='ltr'><strong>et</strong></span> <span class='ocrx_word' id='word_1_301' title='bbox 1545 5432 1607 5484; x_wconf 84' lang='lat' dir='ltr'><strong>de</strong></span> <span class='ocrx_word' id='word_1_302' title='bbox 1641 5433 1821 5497; x_wconf 61' lang='lat' dir='ltr'><strong>Ver-it„</strong></span> 
     </span>
    </p>
   </div>
   <div class='ocr_carea' id='block_1_9' title="bbox 3326 433 3446 495">
    <p class='ocr_par' dir='ltr' id='par_1_12' title="bbox 3326 433 3446 495">
     <span class='ocr_line' id='line_1_48' title="bbox 3326 433 3446 495; baseline 0.017 -2"><span class='ocrx_word' id='word_1_303' title='bbox 3326 433 3446 495; x_wconf 70' lang='lat'><strong>455</strong></span> 
     </span>
    </p>
   </div>
   <div class='ocr_carea' id='block_1_10' title="bbox 1904 563 3468 4750">
    <p class='ocr_par' dir='ltr' id='par_1_13' title="bbox 1904 563 3452 1170">
     <span class='ocr_line' id='line_1_49' title="bbox 1904 563 3447 644; baseline -0.001 -12"><span class='ocrx_word' id='word_1_304' title='bbox 1904 565 2285 632; x_wconf 82' lang='lat' dir='ltr'><strong>Daemonum</strong></span> <span class='ocrx_word' id='word_1_305' title='bbox 2302 563 2589 631; x_wconf 84' lang='lat' dir='ltr'><strong>officium</strong></span> <span class='ocrx_word' id='word_1_306' title='bbox 2613 563 2710 627; x_wconf 86' lang='lat' dir='ltr'><strong>est</strong></span> <span class='ocrx_word' id='word_1_307' title='bbox 2733 578 3060 644; x_wconf 84' lang='lat' dir='ltr'><strong>accusare,</strong></span> <span class='ocrx_word' id='word_1_308' title='bbox 3092 564 3447 631; x_wconf 86' lang='lat' dir='ltr'><strong>secundum</strong></span> 
     </span>
     <span class='ocr_line' id='line_1_50' title="bbox 1904 671 3451 758; baseline 0.003 -20"><span class='ocrx_word' id='word_1_309' title='bbox 1904 674 2079 758; x_wconf 89' lang='lat' dir='ltr'><strong>quod</strong></span> <span class='ocrx_word' id='word_1_310' title='bbox 2109 672 2349 756; x_wconf 84' lang='lat' dir='ltr'><strong>legitur</strong></span> <span class='ocrx_word' id='word_1_311' title='bbox 2372 671 2444 736; x_wconf 91' lang='lat' dir='ltr'><strong>in</strong></span> <span class='ocrx_word' id='word_1_312' title='bbox 2473 671 2857 755; x_wconf 83' lang='lat' dir='ltr'><strong>Apocalypsi</strong></span> <span class='ocrx_word' id='word_1_313' title='bbox 2887 677 2954 736; x_wconf 83' lang='lat'><strong>¹:</strong></span> <span class='ocrx_word' id='word_1_314' title='bbox 2988 671 3315 755; x_wconf 73' lang='lat' dir='ltr'><strong>Projectus</strong></span> <span class='ocrx_word' id='word_1_315' title='bbox 3355 678 3451 742; x_wconf 79' lang='lat' dir='ltr'><strong>est</strong></span> 
     </span>
     <span class='ocr_line' id='line_1_51' title="bbox 1906 777 3452 863; baseline -0.001 -13"><span class='ocrx_word' id='word_1_316' title='bbox 1906 786 2241 850; x_wconf 78' lang='lat' dir='ltr'><strong>accusator</strong></span> <span class='ocrx_word' id='word_1_317' title='bbox 2279 782 2592 863; x_wconf 69' lang='lat' dir='ltr'><strong>fratrum,</strong></span> <span class='ocrx_word' id='word_1_318' title='bbox 2643 781 2764 844; x_wconf 90' lang='lat' dir='ltr'><strong>etc.</strong></span> <span class='ocrx_word' id='word_1_319' title='bbox 2809 777 2982 861; x_wconf 87' lang='lat' dir='ltr'><strong>Ergo</strong></span> <span class='ocrx_word' id='word_1_320' title='bbox 3019 779 3076 843; x_wconf 91' lang='lat' dir='ltr'><strong>si</strong></span> <span class='ocrx_word' id='word_1_321' title='bbox 3111 778 3180 844; x_wconf 92' lang='lat' dir='ltr'><strong>in</strong></span> <span class='ocrx_word' id='word_1_322' title='bbox 3207 780 3452 863; x_wconf 66' lang='lat' dir='ltr'><strong>,iudicio</strong></span> 
     </span>
     <span class='ocr_line' id='line_1_52' title="bbox 1907 885 3447 972; baseline 0 -17"><span class='ocrx_word' id='word_1_323' title='bbox 1907 907 2262 972; x_wconf 86' lang='lat' dir='ltr'><strong>arguemur</strong></span> <span class='ocrx_word' id='word_1_324' title='bbox 2307 889 2386 953; x_wconf 92' lang='lat' dir='ltr'><strong>de</strong></span> <span class='ocrx_word' id='word_1_325' title='bbox 2435 885 2870 951; x_wconf 84' lang='lat' dir='ltr'><strong>secretissimis</strong></span> <span class='ocrx_word' id='word_1_326' title='bbox 2916 885 3407 969; x_wconf 83' lang='lat' dir='ltr'><strong>cogitationibus</strong></span> <span class='ocrx_word' id='word_1_327' title='bbox 3427 938 3447 970; x_wconf 88' lang='lat'>‚</span> 
     </span>
     <span class='ocr_line' id='line_1_53' title="bbox 1907 994 3450 1080; baseline 0 -16"><span class='ocrx_word' id='word_1_328' title='bbox 1907 997 2165 1064; x_wconf 85' lang='lat' dir='ltr'><strong>videtur</strong></span> <span class='ocrx_word' id='word_1_329' title='bbox 2201 997 2373 1080; x_wconf 85' lang='lat' dir='ltr'><strong>qnod</strong></span> <span class='ocrx_word' id='word_1_330' title='bbox 2419 996 2523 1061; x_wconf 85' lang='lat' dir='ltr'><strong>hae</strong></span> <span class='ocrx_word' id='word_1_331' title='bbox 2563 1011 2698 1060; x_wconf 92' lang='lat' dir='ltr'><strong>non</strong></span> <span class='ocrx_word' id='word_1_332' title='bbox 2734 994 2971 1061; x_wconf 80' lang='lat' dir='ltr'><strong>lateant</strong></span> <span class='ocrx_word' id='word_1_333' title='bbox 3022 998 3450 1064; x_wconf 85' lang='lat' dir='ltr'><strong>accusatorem</strong></span> 
     </span>
     <span class='ocr_line' id='line_1_54' title="bbox 1909 1107 2224 1170; baseline -0.003 0"><span class='ocrx_word' id='word_1_334' title='bbox 1909 1107 2224 1170; x_wconf 90' lang='lat' dir='ltr'><strong>nostrum.</strong></span> 
     </span>
    </p>

    <p class='ocr_par' dir='ltr' id='par_1_14' title="bbox 1910 1206 3455 2154">
     <span class='ocr_line' id='line_1_55' title="bbox 1988 1206 3451 1294; baseline 0 -17"><span class='ocrx_word' id='word_1_335' title='bbox 1988 1216 2049 1277; x_wconf 76' lang='lat'><strong>2.</strong></span> <span class='ocrx_word' id='word_1_336' title='bbox 2106 1209 2264 1275; x_wconf 90' lang='lat' dir='ltr'><strong>Item</strong></span> <span class='ocrx_word' id='word_1_337' title='bbox 2319 1212 2650 1293; x_wconf 87' lang='lat' dir='ltr'><strong>peccatum</strong></span> <span class='ocrx_word' id='word_1_338' title='bbox 2688 1212 2785 1273; x_wconf 89' lang='lat' dir='ltr'><strong>est</strong></span> <span class='ocrx_word' id='word_1_339' title='bbox 2832 1206 3156 1274; x_wconf 86' lang='lat' dir='ltr'><strong>character</strong></span> <span class='ocrx_word' id='word_1_340' title='bbox 3197 1210 3413 1277; x_wconf 86' lang='lat' dir='ltr'><strong>bestiae</strong></span> <span class='ocrx_word' id='word_1_341' title='bbox 3430 1261 3451 1294; x_wconf 88' lang='lat'><strong>,</strong></span> 
     </span>
     <span class='ocr_line' id='line_1_56' title="bbox 1910 1315 3452 1401; baseline -0.001 -17"><span class='ocrx_word' id='word_1_342' title='bbox 1910 1317 2264 1384; x_wconf 89' lang='lat' dir='ltr'><strong>secundum</strong></span> <span class='ocrx_word' id='word_1_343' title='bbox 2299 1316 2470 1400; x_wconf 90' lang='lat' dir='ltr'><strong>quod</strong></span> <span class='ocrx_word' id='word_1_344' title='bbox 2508 1315 2875 1380; x_wconf 90' lang='lat' dir='ltr'><strong>insinuatur</strong></span> <span class='ocrx_word' id='word_1_345' title='bbox 2904 1316 2973 1380; x_wconf 92' lang='lat' dir='ltr'><strong>in</strong></span> <span class='ocrx_word' id='word_1_346' title='bbox 3011 1318 3404 1401; x_wconf 74' lang='lat' dir='ltr'><strong>Apocalypsi</strong></span> <span class='ocrx_word' id='word_1_347' title='bbox 3425 1335 3452 1381; x_wconf 91' lang='lat'><strong>.·</strong></span> 
     </span>
     <span class='ocr_line' id='line_1_57' title="bbox 1911 1424 3453 1510; baseline -0.001 -18"><span class='ocrx_word' id='word_1_348' title='bbox 1911 1428 2019 1492; x_wconf 89' lang='lat' dir='ltr'><strong>sed</strong></span> <span class='ocrx_word' id='word_1_349' title='bbox 2052 1425 2497 1509; x_wconf 84' lang='lat' dir='ltr'><strong>unusquisque</strong></span> <span class='ocrx_word' id='word_1_350' title='bbox 2523 1424 2849 1507; x_wconf 88' lang='lat' dir='ltr'><strong>cognoscit</strong></span> <span class='ocrx_word' id='word_1_351' title='bbox 2877 1425 3212 1510; x_wconf 89' lang='lat' dir='ltr'><strong>proprium</strong></span> <span class='ocrx_word' id='word_1_352' title='bbox 3240 1427 3453 1508; x_wconf 88' lang='lat' dir='ltr'><strong>signa·</strong></span> 
     </span>
     <span class='ocr_line' id='line_1_58' title="bbox 1911 1532 3454 1616; baseline 0.001 -18"><span class='ocrx_word' id='word_1_353' title='bbox 1911 1533 2134 1600; x_wconf 89' lang='lat' dir='ltr'><strong>culum</strong></span> <span class='ocrx_word' id='word_1_354' title='bbox 2149 1582 2166 1611; x_wconf 86' lang='lat'><strong>‚</strong></span> <span class='ocrx_word' id='word_1_355' title='bbox 2201 1532 2591 1616; x_wconf 87' lang='lat' dir='ltr'><strong>ubicumque</strong></span> <span class='ocrx_word' id='word_1_356' title='bbox 2619 1532 2876 1616; x_wconf 88' lang='lat' dir='ltr'><strong>ponitur</strong></span> <span class='ocrx_word' id='word_1_357' title='bbox 2919 1555 2935 1597; x_wconf 90' lang='lat'>:</span> <span class='ocrx_word' id='word_1_358' title='bbox 2965 1551 3125 1615; x_wconf 89' lang='lat' dir='ltr'><strong>ergo</strong></span> <span class='ocrx_word' id='word_1_359' title='bbox 3163 1532 3454 1599; x_wconf 76' lang='lat' dir='ltr'><strong>diabolus</strong></span> 
     </span>
     <span class='ocr_line' id='line_1_59' title="bbox 1912 1640 3455 1725; baseline 0 -19"><span class='ocrx_word' id='word_1_360' title='bbox 1912 1642 2238 1724; x_wconf 84' lang='lat' dir='ltr'><strong>cognoscit</strong></span> <span class='ocrx_word' id='word_1_361' title='bbox 2262 1644 2588 1725; x_wconf 89' lang='lat' dir='ltr'><strong>peccatum</strong></span> <span class='ocrx_word' id='word_1_362' title='bbox 2603 1688 2621 1721; x_wconf 88' lang='lat'>‚</span> <span class='ocrx_word' id='word_1_363' title='bbox 2643 1640 3034 1723; x_wconf 89' lang='lat' dir='ltr'><strong>ubicumque</strong></span> <span class='ocrx_word' id='word_1_364' title='bbox 3066 1641 3147 1705; x_wconf 89' lang='lat' dir='ltr'><strong>sit</strong></span> <span class='ocrx_word' id='word_1_365' title='bbox 3180 1659 3198 1705; x_wconf 71' lang='grc' dir='ltr'><strong><em>ι</em></strong></span> <span class='ocrx_word' id='word_1_366' title='bbox 3226 1641 3335 1706; x_wconf 91' lang='lat' dir='ltr'><strong>sed</strong></span> <span class='ocrx_word' id='word_1_367' title='bbox 3357 1641 3455 1706; x_wconf 91' lang='lat' dir='ltr'><strong>ni-</strong></span> 
     </span>
     <span class='ocr_line' id='line_1_60' title="bbox 1913 1748 3454 1832; baseline 0.001 -18"><span class='ocrx_word' id='word_1_368' title='bbox 1913 1750 2005 1814; x_wconf 89' lang='lat' dir='ltr'><strong>hil</strong></span> <span class='ocrx_word' id='word_1_369' title='bbox 2033 1753 2126 1815; x_wconf 91' lang='lat' dir='ltr'><strong>est</strong></span> <span class='ocrx_word' id='word_1_370' title='bbox 2152 1750 2220 1813; x_wconf 93' lang='lat' dir='ltr'><strong>in</strong></span> <span class='ocrx_word' id='word_1_371' title='bbox 2241 1749 2427 1814; x_wconf 91' lang='lat' dir='ltr'><strong>nobis</strong></span> <span class='ocrx_word' id='word_1_372' title='bbox 2454 1748 2758 1814; x_wconf 90' lang='lat' dir='ltr'><strong>secretius</strong></span> <span class='ocrx_word' id='word_1_373' title='bbox 2773 1797 2791 1829; x_wconf 88' lang='lat'>,</span> <span class='ocrx_word' id='word_1_374' title='bbox 2823 1766 3020 1832; x_wconf 83' lang='lat' dir='ltr'><strong>quam</strong></span> <span class='ocrx_word' id='word_1_375' title='bbox 3046 1748 3173 1813; x_wconf 90' lang='lat' dir='ltr'><strong>sint</strong></span> <span class='ocrx_word' id='word_1_376' title='bbox 3198 1752 3454 1831; x_wconf 87' lang='lat' dir='ltr'><strong>peccata</strong></span> 
     </span>
     <span class='ocr_line' id='line_1_61' title="bbox 1914 1855 3447 1939; baseline -0.005 -16"><span class='ocrx_word' id='word_1_377' title='bbox 1914 1857 2377 1939; x_wconf 86' lang='lat' dir='ltr'><strong>cogitationum</strong></span> <span class='ocrx_word' id='word_1_378' title='bbox 2430 1860 2796 1920; x_wconf 89' lang='lat' dir='ltr'><strong>nostrarum</strong></span> <span class='ocrx_word' id='word_1_379' title='bbox 2852 1859 2918 1920; x_wconf 90' lang='lat' dir='ltr'><strong>et</strong></span> <span class='ocrx_word' id='word_1_380' title='bbox 2963 1855 3374 1922; x_wconf 80' lang='lat' dir='ltr'><strong>affectionum</strong></span> <span class='ocrx_word' id='word_1_381' title='bbox 3433 1878 3447 1916; x_wconf 75' lang='grc' dir='ltr'><em>ε</em></span> 
     </span>
     <span class='ocr_line' id='line_1_62' title="bbox 1915 1963 3452 2048; baseline -0.001 -17"><span class='ocrx_word' id='word_1_382' title='bbox 1915 1983 2073 2048; x_wconf 87' lang='lat' dir='ltr'><strong>ergo</strong></span> <span class='ocrx_word' id='word_1_383' title='bbox 2092 2014 2111 2046; x_wconf 86' lang='lat'>,</span> <span class='ocrx_word' id='word_1_384' title='bbox 2150 1964 2204 2029; x_wconf 93' lang='lat' dir='ltr'><strong>si</strong></span> <span class='ocrx_word' id='word_1_385' title='bbox 2229 1966 2372 2031; x_wconf 79' lang='lat' dir='ltr'><strong>haec</strong></span> <span class='ocrx_word' id='word_1_386' title='bbox 2390 1963 2676 2029; x_wconf 89' lang='lat' dir='ltr'><strong>diabolus</strong></span> <span class='ocrx_word' id='word_1_387' title='bbox 2700 1965 2902 2047; x_wconf 88' lang='lat' dir='ltr'><strong>potest</strong></span> <span class='ocrx_word' id='word_1_388' title='bbox 2932 1963 3148 2029; x_wconf 85' lang='lat' dir='ltr'><strong>videre</strong></span> <span class='ocrx_word' id='word_1_389' title='bbox 3167 2012 3186 2044; x_wconf 86' lang='lat'>,</span> <span class='ocrx_word' id='word_1_390' title='bbox 3215 1966 3452 2029; x_wconf 86' lang='lat' dir='ltr'><strong>secreta</strong></span> 
     </span>
     <span class='ocr_line' id='line_1_63' title="bbox 1915 2071 3331 2154; baseline -0.002 -15"><span class='ocrx_word' id='word_1_391' title='bbox 1915 2074 2446 2140; x_wconf 88' lang='lat' dir='ltr'><strong>conscientiarum</strong></span> <span class='ocrx_word' id='word_1_392' title='bbox 2469 2075 2835 2138; x_wconf 86' lang='lat' dir='ltr'><strong>nostrarum</strong></span> <span class='ocrx_word' id='word_1_393' title='bbox 2856 2071 3081 2136; x_wconf 89' lang='lat' dir='ltr'><strong>rimari</strong></span> <span class='ocrx_word' id='word_1_394' title='bbox 3107 2075 3331 2154; x_wconf 84' lang='lat' dir='ltr'><strong>potest.</strong></span> 
     </span>
    </p>

    <p class='ocr_par' dir='ltr' id='par_1_15' title="bbox 1915 2179 3460 2587">
     <span class='ocr_line' id='line_1_64' title="bbox 1997 2179 3460 2263; baseline 0.001 -18"><span class='ocrx_word' id='word_1_395' title='bbox 1997 2185 2058 2245; x_wconf 87' lang='lat'><strong>3.</strong></span> <span class='ocrx_word' id='word_1_396' title='bbox 2103 2180 2263 2245; x_wconf 91' lang='lat' dir='ltr'><strong>Item</strong></span> <span class='ocrx_word' id='word_1_397' title='bbox 2303 2179 2709 2262; x_wconf 85' lang='lat' dir='ltr'><strong>Augustinus</strong></span> <span class='ocrx_word' id='word_1_398' title='bbox 2730 2227 2748 2259; x_wconf 90' lang='lat'>,</span> <span class='ocrx_word' id='word_1_399' title='bbox 2797 2195 2991 2263; x_wconf 82' lang='lat' dir='ltr'><strong>super</strong></span> <span class='ocrx_word' id='word_1_400' title='bbox 3037 2179 3326 2245; x_wconf 80' lang='lat' dir='ltr'><strong>Genesim</strong></span> <span class='ocrx_word' id='word_1_401' title='bbox 3368 2179 3460 2247; x_wconf 79' lang='lat' dir='ltr'><strong>ad</strong></span> 
     </span>
     <span class='ocr_line' id='line_1_65' title="bbox 1917 2286 3457 2370; baseline -0.003 -14"><span class='ocrx_word' id='word_1_402' title='bbox 1917 2290 2201 2358; x_wconf 77' lang='lat' dir='ltr'><strong>litteram</strong></span> <span class='ocrx_word' id='word_1_403' title='bbox 2231 2295 2252 2330; x_wconf 81' lang='lat'><strong>³</strong></span> <span class='ocrx_word' id='word_1_404' title='bbox 2272 2311 2298 2354; x_wconf 94' lang='lat'><strong>.·</strong></span> <span class='ocrx_word' id='word_1_405' title='bbox 2330 2312 2362 2351; x_wconf 76' lang='grc' dir='ltr'>α</span> <span class='ocrx_word' id='word_1_406' title='bbox 2377 2287 2523 2353; x_wconf 80' lang='lat' dir='ltr'><strong>Mali</strong></span> <span class='ocrx_word' id='word_1_407' title='bbox 2552 2286 2767 2370; x_wconf 82' lang='lat' dir='ltr'><strong>angeli</strong></span> <span class='ocrx_word' id='word_1_408' title='bbox 2789 2287 3239 2370; x_wconf 85' lang='lat' dir='ltr'><strong>cogitationem</strong></span> <span class='ocrx_word' id='word_1_409' title='bbox 3258 2304 3457 2354; x_wconf 83' lang='lat' dir='ltr'><strong>nove·</strong></span> 
     </span>
     <span class='ocr_line' id='line_1_66' title="bbox 1915 2396 3458 2482; baseline -0.001 -18"><span class='ocrx_word' id='word_1_410' title='bbox 1915 2401 2103 2479; x_wconf 86' lang='lat' dir='ltr'><strong>runt,</strong></span> <span class='ocrx_word' id='word_1_411' title='bbox 2137 2397 2288 2482; x_wconf 89' lang='lat' dir='ltr'><strong>quia</strong></span> <span class='ocrx_word' id='word_1_412' title='bbox 2314 2397 2515 2462; x_wconf 87' lang='lat' dir='ltr'><strong>multa</strong></span> <span class='ocrx_word' id='word_1_413' title='bbox 2536 2396 2922 2480; x_wconf 66' lang='lat' dir='ltr'><strong>praedicunt,</strong></span> <span class='ocrx_word' id='word_1_414' title='bbox 2953 2413 3098 2479; x_wconf 84' lang='lat' dir='ltr'><strong>quae</strong></span> <span class='ocrx_word' id='word_1_415' title='bbox 3126 2412 3259 2461; x_wconf 93' lang='lat' dir='ltr'><strong>non</strong></span> <span class='ocrx_word' id='word_1_416' title='bbox 3290 2414 3458 2480; x_wconf 82' lang='lat' dir='ltr'><strong>prae·</strong></span> 
     </span>
     <span class='ocr_line' id='line_1_67' title="bbox 1917 2503 3355 2587; baseline -0.006 -15"><span class='ocrx_word' id='word_1_417' title='bbox 1917 2507 2232 2586; x_wconf 87' lang='lat' dir='ltr'><strong>dicerent,</strong></span> <span class='ocrx_word' id='word_1_418' title='bbox 2266 2506 2320 2569; x_wconf 90' lang='lat' dir='ltr'><strong>si</strong></span> <span class='ocrx_word' id='word_1_419' title='bbox 2346 2504 2759 2587; x_wconf 84' lang='lat' dir='ltr'><strong>cogitationes</strong></span> <span class='ocrx_word' id='word_1_420' title='bbox 2788 2522 2923 2570; x_wconf 91' lang='lat' dir='ltr'><strong>non</strong></span> <span class='ocrx_word' id='word_1_421' title='bbox 2949 2503 3296 2569; x_wconf 83' lang='lat' dir='ltr'><strong>novissent.</strong></span> <span class='ocrx_word' id='word_1_422' title='bbox 3323 2524 3355 2563; x_wconf 71' lang='lat' dir='ltr'>n</span> 
     </span>
    </p>

    <p class='ocr_par' dir='ltr' id='par_1_16' title="bbox 1916 2608 3466 3547">
     <span class='ocr_line' id='line_1_68' title="bbox 1996 2608 3454 2696; baseline -0.002 -17"><span class='ocrx_word' id='word_1_423' title='bbox 1996 2619 2057 2679; x_wconf 75' lang='lat'><strong>4.</strong></span> <span class='ocrx_word' id='word_1_424' title='bbox 2086 2614 2242 2679; x_wconf 89' lang='lat' dir='ltr'><strong>Item</strong></span> <span class='ocrx_word' id='word_1_425' title='bbox 2272 2614 2393 2679; x_wconf 88' lang='lat' dir='ltr'><strong>hoc</strong></span> <span class='ocrx_word' id='word_1_426' title='bbox 2432 2613 2688 2678; x_wconf 88' lang='lat' dir='ltr'><strong>videtur</strong></span> <span class='ocrx_word' id='word_1_427' title='bbox 2713 2630 2829 2696; x_wconf 91' lang='lat' dir='ltr'><strong>per</strong></span> <span class='ocrx_word' id='word_1_428' title='bbox 2866 2612 3202 2677; x_wconf 90' lang='lat' dir='ltr'><strong>rationem.</strong></span> <span class='ocrx_word' id='word_1_429' title='bbox 3233 2608 3454 2676; x_wconf 87' lang='lat' dir='ltr'><strong>Notior</strong></span> 
     </span>
     <span class='ocr_line' id='line_1_69' title="bbox 1918 2719 3457 2806; baseline -0.003 -18"><span class='ocrx_word' id='word_1_430' title='bbox 1918 2727 2013 2788; x_wconf 86' lang='lat' dir='ltr'><strong>est</strong></span> <span class='ocrx_word' id='word_1_431' title='bbox 2029 2723 2310 2806; x_wconf 89' lang='lat' dir='ltr'><strong>operatio</strong></span> <span class='ocrx_word' id='word_1_432' title='bbox 2325 2740 2520 2806; x_wconf 90' lang='lat' dir='ltr'><strong>quam</strong></span> <span class='ocrx_word' id='word_1_433' title='bbox 2543 2721 2845 2805; x_wconf 88' lang='lat' dir='ltr'><strong>potentia,</strong></span> <span class='ocrx_word' id='word_1_434' title='bbox 2868 2722 2931 2785; x_wconf 88' lang='lat' dir='ltr'><strong>et</strong></span> <span class='ocrx_word' id='word_1_435' title='bbox 2956 2719 3238 2804; x_wconf 85' lang='lat' dir='ltr'><strong>potentia</strong></span> <span class='ocrx_word' id='word_1_436' title='bbox 3259 2737 3457 2802; x_wconf 87' lang='lat' dir='ltr'><strong>quam</strong></span> 
     </span>
     <span class='ocr_line' id='line_1_70' title="bbox 1917 2828 3460 2914; baseline -0.003 -18"><span class='ocrx_word' id='word_1_437' title='bbox 1917 2832 2307 2910; x_wconf 87' lang='lat' dir='ltr'><strong>substantia;</strong></span> <span class='ocrx_word' id='word_1_438' title='bbox 2370 2830 2521 2914; x_wconf 90' lang='lat' dir='ltr'><strong>quia</strong></span> <span class='ocrx_word' id='word_1_439' title='bbox 2573 2848 2686 2913; x_wconf 90' lang='lat' dir='ltr'><strong>per</strong></span> <span class='ocrx_word' id='word_1_440' title='bbox 2734 2828 3169 2910; x_wconf 89' lang='lat' dir='ltr'><strong>cognitionem</strong></span> <span class='ocrx_word' id='word_1_441' title='bbox 3227 2845 3460 2910; x_wconf 91' lang='lat' dir='ltr'><strong>opera-</strong></span> 
     </span>
     <span class='ocr_line' id='line_1_71' title="bbox 1916 2935 3459 3022; baseline -0.003 -18"><span class='ocrx_word' id='word_1_442' title='bbox 1916 2939 2109 3004; x_wconf 87' lang='lat' dir='ltr'><strong>tionis</strong></span> <span class='ocrx_word' id='word_1_443' title='bbox 2143 2942 2208 3003; x_wconf 92' lang='lat' dir='ltr'><strong>et</strong></span> <span class='ocrx_word' id='word_1_444' title='bbox 2235 2938 2533 3022; x_wconf 86' lang='lat' dir='ltr'><strong>potentiae</strong></span> <span class='ocrx_word' id='word_1_445' title='bbox 2550 2986 2568 3018; x_wconf 86' lang='lat'>‚</span> <span class='ocrx_word' id='word_1_446' title='bbox 2610 2936 2982 3021; x_wconf 90' lang='lat' dir='ltr'><strong>pervenitur</strong></span> <span class='ocrx_word' id='word_1_447' title='bbox 3023 2935 3105 3001; x_wconf 87' lang='lat' dir='ltr'><strong>ad</strong></span> <span class='ocrx_word' id='word_1_448' title='bbox 3147 2935 3459 3017; x_wconf 89' lang='lat' dir='ltr'><strong>cognitio-</strong></span> 
     </span>
     <span class='ocr_line' id='line_1_72' title="bbox 1918 3042 3462 3112; baseline -0.004 0"><span class='ocrx_word' id='word_1_449' title='bbox 1918 3066 2070 3112; x_wconf 90' lang='lat' dir='ltr'><strong>nem</strong></span> <span class='ocrx_word' id='word_1_450' title='bbox 2093 3046 2463 3112; x_wconf 83' lang='lat' dir='ltr'><strong>substantiae</strong></span> <span class='ocrx_word' id='word_1_451' title='bbox 2496 3064 2512 3109; x_wconf 74' lang='grc' dir='ltr'><strong>ε</strong></span> <span class='ocrx_word' id='word_1_452' title='bbox 2546 3045 2654 3111; x_wconf 90' lang='lat' dir='ltr'><strong>sed</strong></span> <span class='ocrx_word' id='word_1_453' title='bbox 2679 3044 3033 3109; x_wconf 89' lang='lat' dir='ltr'><strong>substantia</strong></span> <span class='ocrx_word' id='word_1_454' title='bbox 3060 3042 3297 3107; x_wconf 84' lang='lat' dir='ltr'><strong>animae</strong></span> <span class='ocrx_word' id='word_1_455' title='bbox 3327 3058 3462 3107; x_wconf 92' lang='lat' dir='ltr'><strong>non</strong></span> 
     </span>
     <span class='ocr_line' id='line_1_73' title="bbox 1919 3153 3461 3240; baseline -0.004 -20"><span class='ocrx_word' id='word_1_456' title='bbox 1919 3159 2121 3240; x_wconf 90' lang='lat' dir='ltr'><strong>potest</strong></span> <span class='ocrx_word' id='word_1_457' title='bbox 2152 3156 2347 3221; x_wconf 88' lang='lat' dir='ltr'><strong>latere</strong></span> <span class='ocrx_word' id='word_1_458' title='bbox 2382 3154 2706 3220; x_wconf 82' lang='lat' dir='ltr'><strong>diabolum</strong></span> <span class='ocrx_word' id='word_1_459' title='bbox 2738 3176 2753 3218; x_wconf 76' lang='lat' dir='ltr'><strong><em>z</em></strong></span> <span class='ocrx_word' id='word_1_460' title='bbox 2785 3171 2943 3235; x_wconf 90' lang='lat' dir='ltr'><strong>ergo</strong></span> <span class='ocrx_word' id='word_1_461' title='bbox 2975 3170 3093 3217; x_wconf 89' lang='lat' dir='ltr'><strong>nec</strong></span> <span class='ocrx_word' id='word_1_462' title='bbox 3127 3153 3267 3234; x_wconf 87' lang='lat' dir='ltr'><strong>ejus</strong></span> <span class='ocrx_word' id='word_1_463' title='bbox 3302 3169 3461 3234; x_wconf 92' lang='lat' dir='ltr'><strong>ope-</strong></span> 
     </span>
     <span class='ocr_line' id='line_1_74' title="bbox 1918 3261 3463 3346; baseline -0.004 -16"><span class='ocrx_word' id='word_1_464' title='bbox 1918 3266 2083 3330; x_wconf 87' lang='lat' dir='ltr'><strong>ratio</strong></span> <span class='ocrx_word' id='word_1_465' title='bbox 2100 3313 2118 3346; x_wconf 89' lang='lat'>,</span> <span class='ocrx_word' id='word_1_466' title='bbox 2154 3283 2272 3330; x_wconf 91' lang='lat' dir='ltr'><strong>nec</strong></span> <span class='ocrx_word' id='word_1_467' title='bbox 2298 3265 2505 3332; x_wconf 86' lang='lat' dir='ltr'><strong>virtus</strong></span> <span class='ocrx_word' id='word_1_468' title='bbox 2538 3287 2554 3328; x_wconf 72' lang='grc' dir='ltr'><strong>ε</strong></span> <span class='ocrx_word' id='word_1_469' title='bbox 2585 3282 2744 3345; x_wconf 89' lang='lat' dir='ltr'><strong>ergo</strong></span> <span class='ocrx_word' id='word_1_470' title='bbox 2769 3264 2824 3327; x_wconf 92' lang='lat' dir='ltr'><strong>si</strong></span> <span class='ocrx_word' id='word_1_471' title='bbox 2849 3261 3149 3344; x_wconf 87' lang='lat' dir='ltr'><strong>cogitatio</strong></span> <span class='ocrx_word' id='word_1_472' title='bbox 3177 3265 3241 3325; x_wconf 90' lang='lat' dir='ltr'><strong>et</strong></span> <span class='ocrx_word' id='word_1_473' title='bbox 3269 3261 3463 3325; x_wconf 84' lang='lat' dir='ltr'><strong>affec-</strong></span> 
     </span>
     <span class='ocr_line' id='line_1_75' title="bbox 1918 3371 3466 3453; baseline -0.003 -16"><span class='ocrx_word' id='word_1_474' title='bbox 1918 3373 2008 3437; x_wconf 90' lang='lat' dir='ltr'><strong>tio</strong></span> <span class='ocrx_word' id='word_1_475' title='bbox 2042 3377 2195 3437; x_wconf 91' lang='lat' dir='ltr'><strong>sunt</strong></span> <span class='ocrx_word' id='word_1_476' title='bbox 2219 3373 2497 3437; x_wconf 88' lang='lat' dir='ltr'><strong>actiones</strong></span> <span class='ocrx_word' id='word_1_477' title='bbox 2530 3371 2766 3436; x_wconf 84' lang='lat' dir='ltr'><strong>animae</strong></span> <span class='ocrx_word' id='word_1_478' title='bbox 2784 3419 2803 3451; x_wconf 86' lang='lat'>‚</span> <span class='ocrx_word' id='word_1_479' title='bbox 2834 3387 2991 3453; x_wconf 88' lang='lat' dir='ltr'><strong>ergo</strong></span> <span class='ocrx_word' id='word_1_480' title='bbox 3030 3387 3163 3434; x_wconf 90' lang='lat' dir='ltr'><strong>non</strong></span> <span class='ocrx_word' id='word_1_481' title='bbox 3196 3371 3466 3451; x_wconf 87' lang='lat' dir='ltr'><strong>possunt</strong></span> 
     </span>
     <span class='ocr_line' id='line_1_76' title="bbox 1919 3481 3195 3547; baseline -0.005 -1"><span class='ocrx_word' id='word_1_482' title='bbox 1919 3483 2114 3547; x_wconf 86' lang='lat' dir='ltr'><strong>latere</strong></span> <span class='ocrx_word' id='word_1_483' title='bbox 2141 3481 2522 3545; x_wconf 84' lang='lat' dir='ltr'><strong>daemonem.</strong></span> <span class='ocrx_word' id='word_1_484' title='bbox 3188 3487 3195 3494; x_wconf 82' lang='lat'><strong>·</strong></span> 
     </span>
    </p>

    <p class='ocr_par' dir='ltr' id='par_1_17' title="bbox 1921 3582 3468 4642">
     <span class='ocr_line' id='line_1_77' title="bbox 2004 3582 3468 3670; baseline -0.003 -17"><span class='ocrx_word' id='word_1_485' title='bbox 2004 3594 2064 3654; x_wconf 78' lang='lat'><strong>5.</strong></span> <span class='ocrx_word' id='word_1_486' title='bbox 2100 3589 2259 3655; x_wconf 90' lang='lat' dir='ltr'><strong>Item</strong></span> <span class='ocrx_word' id='word_1_487' title='bbox 2286 3588 2657 3654; x_wconf 69' lang='lat' dir='ltr'><strong>substantiae</strong></span> <span class='ocrx_word' id='word_1_488' title='bbox 2687 3585 3049 3670; x_wconf 88' lang='lat' dir='ltr'><strong>spirituales</strong></span> <span class='ocrx_word' id='word_1_489' title='bbox 3068 3632 3085 3662; x_wconf 88' lang='lat'><strong>‚</strong></span> <span class='ocrx_word' id='word_1_490' title='bbox 3121 3583 3287 3648; x_wconf 88' lang='lat' dir='ltr'><strong>sicut</strong></span> <span class='ocrx_word' id='word_1_491' title='bbox 3317 3582 3468 3648; x_wconf 85' lang='lat' dir='ltr'><strong>dicit</strong></span> 
     </span>
     <span class='ocr_line' id='line_1_78' title="bbox 1922 3693 3460 3784; baseline -0.006 -18"><span class='ocrx_word' id='word_1_492' title='bbox 1922 3700 2265 3784; x_wconf 89' lang='lat' dir='ltr'><strong>Dionysius</strong></span> <span class='ocrx_word' id='word_1_493' title='bbox 2294 3701 2350 3781; x_wconf 51' lang='grc' dir='ltr'><strong>δ,</strong></span> <span class='ocrx_word' id='word_1_494' title='bbox 2380 3716 2495 3783; x_wconf 91' lang='lat' dir='ltr'><strong>per</strong></span> <span class='ocrx_word' id='word_1_495' title='bbox 2517 3697 2620 3762; x_wconf 87' lang='lat' dir='ltr'><strong>sui</strong></span> <span class='ocrx_word' id='word_1_496' title='bbox 2653 3699 2952 3760; x_wconf 87' lang='lat' dir='ltr'><strong>naturam</strong></span> <span class='ocrx_word' id='word_1_497' title='bbox 2981 3697 3134 3759; x_wconf 89' lang='lat' dir='ltr'><strong>sunt</strong></span> <span class='ocrx_word' id='word_1_498' title='bbox 3155 3693 3410 3778; x_wconf 80' lang='lat' dir='ltr'><strong>specula</strong></span> <span class='ocrx_word' id='word_1_499' title='bbox 3445 3715 3460 3758; x_wconf 73' lang='grc' dir='ltr'>ε</span> 
     </span>
     <span class='ocr_line' id='line_1_79' title="bbox 1921 3799 3464 3889; baseline -0.006 -16"><span class='ocrx_word' id='word_1_500' title='bbox 1921 3807 2031 3873; x_wconf 87' lang='lat' dir='ltr'><strong>sed</strong></span> <span class='ocrx_word' id='word_1_501' title='bbox 2059 3808 2150 3872; x_wconf 91' lang='lat' dir='ltr'><strong>sic</strong></span> <span class='ocrx_word' id='word_1_502' title='bbox 2173 3807 2349 3872; x_wconf 90' lang='lat' dir='ltr'><strong>estin</strong></span> <span class='ocrx_word' id='word_1_503' title='bbox 2370 3806 2628 3889; x_wconf 89' lang='lat' dir='ltr'><strong>speculo</strong></span> <span class='ocrx_word' id='word_1_504' title='bbox 2656 3801 2989 3882; x_wconf 85' lang='lat' dir='ltr'><strong>materiali,</strong></span> <span class='ocrx_word' id='word_1_505' title='bbox 3012 3800 3183 3884; x_wconf 90' lang='lat' dir='ltr'><strong>quod</strong></span> <span class='ocrx_word' id='word_1_506' title='bbox 3206 3799 3464 3882; x_wconf 89' lang='lat' dir='ltr'><strong>quando</strong></span> 
     </span>
     <span class='ocr_line' id='line_1_80' title="bbox 1924 3909 3466 3996; baseline -0.006 -16"><span class='ocrx_word' id='word_1_507' title='bbox 1924 3934 2135 3980; x_wconf 90' lang='lat' dir='ltr'><strong>unum</strong></span> <span class='ocrx_word' id='word_1_508' title='bbox 2181 3913 2479 3996; x_wconf 88' lang='lat' dir='ltr'><strong>objicitur</strong></span> <span class='ocrx_word' id='word_1_509' title='bbox 2521 3912 2703 3976; x_wconf 90' lang='lat' dir='ltr'><strong>alteri</strong></span> <span class='ocrx_word' id='word_1_510' title='bbox 2716 3958 2733 3988; x_wconf 88' lang='lat'>‚</span> <span class='ocrx_word' id='word_1_511' title='bbox 2783 3928 2916 3974; x_wconf 92' lang='lat' dir='ltr'><strong>non</strong></span> <span class='ocrx_word' id='word_1_512' title='bbox 2967 3909 3176 3975; x_wconf 90' lang='lat' dir='ltr'><strong>solum</strong></span> <span class='ocrx_word' id='word_1_513' title='bbox 3231 3925 3466 3990; x_wconf 79' lang='lat' dir='ltr'><strong>reprae·</strong></span> 
     </span>
     <span class='ocr_line' id='line_1_81' title="bbox 1923 4016 3468 4106; baseline -0.005 -18"><span class='ocrx_word' id='word_1_514' title='bbox 1923 4026 2129 4089; x_wconf 87' lang='lat' dir='ltr'><strong>sentat</strong></span> <span class='ocrx_word' id='word_1_515' title='bbox 2171 4023 2383 4106; x_wconf 89' lang='lat' dir='ltr'><strong>ipsum</strong></span> <span class='ocrx_word' id='word_1_516' title='bbox 2408 4070 2423 4101; x_wconf 92' lang='lat'><em>‚</em></span> <span class='ocrx_word' id='word_1_517' title='bbox 2454 4021 2562 4085; x_wconf 90' lang='lat' dir='ltr'><strong>sed</strong></span> <span class='ocrx_word' id='word_1_518' title='bbox 2587 4018 2783 4084; x_wconf 88' lang='lat' dir='ltr'><strong>etiam</strong></span> <span class='ocrx_word' id='word_1_519' title='bbox 2811 4035 3002 4082; x_wconf 90' lang='lat' dir='ltr'><strong>omne</strong></span> <span class='ocrx_word' id='word_1_520' title='bbox 3029 4017 3201 4100; x_wconf 91' lang='lat' dir='ltr'><strong>quod</strong></span> <span class='ocrx_word' id='word_1_521' title='bbox 3227 4016 3468 4080; x_wconf 87' lang='lat' dir='ltr'><strong>relucet</strong></span> 
     </span>
     <span class='ocr_line' id='line_1_82' title="bbox 1923 4125 3468 4215; baseline -0.005 -19"><span class='ocrx_word' id='word_1_522' title='bbox 1923 4134 1994 4197; x_wconf 90' lang='lat' dir='ltr'><strong>in</strong></span> <span class='ocrx_word' id='word_1_523' title='bbox 2046 4132 2182 4215; x_wconf 92' lang='lat' dir='ltr'><strong>ipso</strong></span> <span class='ocrx_word' id='word_1_524' title='bbox 2216 4147 2418 4211; x_wconf 88' lang='lat' dir='ltr'><strong>:ergo</strong></span> <span class='ocrx_word' id='word_1_525' title='bbox 2465 4128 2522 4193; x_wconf 92' lang='lat' dir='ltr'><strong>si</strong></span> <span class='ocrx_word' id='word_1_526' title='bbox 2571 4127 2831 4210; x_wconf 89' lang='lat' dir='ltr'><strong>majoris</strong></span> <span class='ocrx_word' id='word_1_527' title='bbox 2875 4125 3468 4191; x_wconf 86' lang='lat' dir='ltr'><strong>communicationis</strong></span> 
     </span>
     <span class='ocr_line' id='line_1_83' title="bbox 1925 4233 3464 4322; baseline -0.005 -17"><span class='ocrx_word' id='word_1_528' title='bbox 1925 4243 2077 4306; x_wconf 90' lang='lat' dir='ltr'><strong>sunt</strong></span> <span class='ocrx_word' id='word_1_529' title='bbox 2144 4238 2402 4322; x_wconf 90' lang='lat' dir='ltr'><strong>specula</strong></span> <span class='ocrx_word' id='word_1_530' title='bbox 2473 4236 2826 4320; x_wconf 88' lang='lat' dir='ltr'><strong>spiritualia</strong></span> <span class='ocrx_word' id='word_1_531' title='bbox 2845 4284 2863 4315; x_wconf 89' lang='lat'>‚</span> <span class='ocrx_word' id='word_1_532' title='bbox 2926 4234 3180 4299; x_wconf 86' lang='lat' dir='ltr'><strong>videtur</strong></span> <span class='ocrx_word' id='word_1_533' title='bbox 3247 4233 3421 4316; x_wconf 89' lang='lat' dir='ltr'><strong>quod</strong></span> <span class='ocrx_word' id='word_1_534' title='bbox 3444 4280 3464 4311; x_wconf 85' lang='lat'>‚</span> 
     </span>
     <span class='ocr_line' id='line_1_84' title="bbox 1926 4340 3462 4432; baseline -0.007 -19"><span class='ocrx_word' id='word_1_535' title='bbox 1926 4347 2185 4432; x_wconf 89' lang='lat' dir='ltr'><strong>quando</strong></span> <span class='ocrx_word' id='word_1_536' title='bbox 2213 4346 2467 4422; x_wconf 78' lang='lat' dir='ltr'><strong>daemon</strong></span> <span class='ocrx_word' id='word_1_537' title='bbox 2497 4344 2788 4408; x_wconf 91' lang='lat' dir='ltr'><strong>intuetur</strong></span> <span class='ocrx_word' id='word_1_538' title='bbox 2815 4346 2879 4408; x_wconf 88' lang='lat' dir='ltr'><strong>et</strong></span> <span class='ocrx_word' id='word_1_539' title='bbox 2904 4341 3125 4425; x_wconf 89' lang='lat' dir='ltr'><strong>aspicit</strong></span> <span class='ocrx_word' id='word_1_540' title='bbox 3155 4340 3462 4422; x_wconf 86' lang='lat' dir='ltr'><strong>animam,</strong></span> 
     </span>
     <span class='ocr_line' id='line_1_85' title="bbox 1925 4445 3468 4534; baseline -0.005 -15"><span class='ocrx_word' id='word_1_541' title='bbox 1925 4473 2060 4519; x_wconf 92' lang='lat' dir='ltr'><strong>non</strong></span> <span class='ocrx_word' id='word_1_542' title='bbox 2101 4453 2312 4517; x_wconf 91' lang='lat' dir='ltr'><strong>solum</strong></span> <span class='ocrx_word' id='word_1_543' title='bbox 2356 4451 2560 4534; x_wconf 90' lang='lat' dir='ltr'><strong>ipsam</strong></span> <span class='ocrx_word' id='word_1_544' title='bbox 2613 4449 2862 4528; x_wconf 84' lang='lat' dir='ltr'><strong>videat,</strong></span> <span class='ocrx_word' id='word_1_545' title='bbox 2907 4447 3018 4513; x_wconf 87' lang='lat' dir='ltr'><strong>sed</strong></span> <span class='ocrx_word' id='word_1_546' title='bbox 3065 4463 3256 4511; x_wconf 91' lang='lat' dir='ltr'><strong>omne</strong></span> <span class='ocrx_word' id='word_1_547' title='bbox 3293 4445 3468 4530; x_wconf 90' lang='lat' dir='ltr'><strong>quod</strong></span> 
     </span>
     <span class='ocr_line' id='line_1_86' title="bbox 1928 4561 2300 4642; baseline -0.013 -14"><span class='ocrx_word' id='word_1_548' title='bbox 1928 4565 2022 4628; x_wconf 86' lang='lat' dir='ltr'><strong>est</strong></span> <span class='ocrx_word' id='word_1_549' title='bbox 2046 4562 2119 4625; x_wconf 92' lang='lat' dir='ltr'><strong>in</strong></span> <span class='ocrx_word' id='word_1_550' title='bbox 2141 4561 2300 4642; x_wconf 88' lang='lat' dir='ltr'><strong>ipsa.</strong></span> 
     </span>
    </p>

    <p class='ocr_par' dir='ltr' id='par_1_18' title="bbox 2008 4661 3467 4750">
     <span class='ocr_line' id='line_1_87' title="bbox 2008 4661 3467 4750; baseline -0.006 -15"><span class='ocrx_word' id='word_1_551' title='bbox 2008 4675 2071 4735; x_wconf 87' lang='grc'><strong>6.</strong></span> <span class='ocrx_word' id='word_1_552' title='bbox 2102 4669 2262 4734; x_wconf 89' lang='lat' dir='ltr'><strong>Item</strong></span> <span class='ocrx_word' id='word_1_553' title='bbox 2282 4667 2446 4732; x_wconf 87' lang='lat' dir='ltr'><strong>nihil</strong></span> <span class='ocrx_word' id='word_1_554' title='bbox 2472 4668 2676 4750; x_wconf 89' lang='lat' dir='ltr'><strong>potest</strong></span> <span class='ocrx_word' id='word_1_555' title='bbox 2699 4662 2924 4730; x_wconf 88' lang='lat' dir='ltr'><strong>oculus</strong></span> <span class='ocrx_word' id='word_1_556' title='bbox 2948 4680 3131 4728; x_wconf 90' lang='lat' dir='ltr'><strong>meus</strong></span> <span class='ocrx_word' id='word_1_557' title='bbox 3151 4662 3370 4729; x_wconf 85' lang='lat' dir='ltr'><strong>videre</strong></span> <span class='ocrx_word' id='word_1_558' title='bbox 3394 4661 3467 4727; x_wconf 91' lang='lat' dir='ltr'><strong>in</strong></span> 
     </span>
    </p>
   </div>
   <div class='ocr_carea' id='block_1_11' title="bbox 1930 4761 3469 4960">
    <p class='ocr_par' dir='ltr' id='par_1_19' title="bbox 1930 4761 3469 4960">
     <span class='ocr_line' id='line_1_88' title="bbox 1930 4761 3461 4862; baseline -0.008 -17"><span class='ocrx_word' id='word_1_559' title='bbox 1930 4799 2035 4845; x_wconf 90' lang='lat' dir='ltr'><strong>me</strong></span> <span class='ocrx_word' id='word_1_560' title='bbox 2052 4828 2072 4857; x_wconf 85' lang='lat'>,</span> <span class='ocrx_word' id='word_1_561' title='bbox 2102 4777 2274 4862; x_wconf 87' lang='lat' dir='ltr'><strong>quod</strong></span> <span class='ocrx_word' id='word_1_562' title='bbox 2297 4794 2431 4841; x_wconf 92' lang='lat' dir='ltr'><strong>non</strong></span> <span class='ocrx_word' id='word_1_563' title='bbox 2455 4773 2651 4859; x_wconf 90' lang='lat' dir='ltr'><strong>possit</strong></span> <span class='ocrx_word' id='word_1_564' title='bbox 2677 4772 2896 4838; x_wconf 88' lang='lat' dir='ltr'><strong>videre</strong></span> <span class='ocrx_word' id='word_1_565' title='bbox 2919 4770 3143 4836; x_wconf 90' lang='lat' dir='ltr'><strong>oculus</strong></span> <span class='ocrx_word' id='word_1_566' title='bbox 3166 4761 3419 4835; x_wconf 76' lang='lat' dir='ltr'><strong>alienus</strong></span> <span class='ocrx_word' id='word_1_567' title='bbox 3446 4791 3461 4834; x_wconf 74' lang='grc' dir='ltr'><strong><em>ε</em></strong></span> 
     </span>
     <span class='ocr_line' id='line_1_89' title="bbox 1930 4867 3469 4960; baseline -0.006 -16"><span class='ocrx_word' id='word_1_568' title='bbox 1930 4880 1984 4944; x_wconf 91' lang='lat' dir='ltr'><strong>si</strong></span> <span class='ocrx_word' id='word_1_569' title='bbox 2020 4895 2180 4960; x_wconf 88' lang='lat' dir='ltr'><strong>ergo</strong></span> <span class='ocrx_word' id='word_1_570' title='bbox 2224 4876 2314 4940; x_wconf 89' lang='lat' dir='ltr'><strong>sic</strong></span> <span class='ocrx_word' id='word_1_571' title='bbox 2355 4878 2451 4940; x_wconf 91' lang='lat' dir='ltr'><strong>est</strong></span> <span class='ocrx_word' id='word_1_572' title='bbox 2492 4874 2563 4937; x_wconf 93' lang='lat' dir='ltr'><strong>in</strong></span> <span class='ocrx_word' id='word_1_573' title='bbox 2593 4871 2781 4939; x_wconf 88' lang='lat' dir='ltr'><strong>oculo</strong></span> <span class='ocrx_word' id='word_1_574' title='bbox 2825 4867 3137 4953; x_wconf 85' lang='lat' dir='ltr'><strong>corporali</strong></span> <span class='ocrx_word' id='word_1_575' title='bbox 3177 4870 3469 4953; x_wconf 85' lang='lat' dir='ltr'><strong>respectu</strong></span> 
     </span>
    </p>
   </div>
   <div class='ocr_carea' id='block_1_12' title="bbox 1931 5060 3472 5512">
    <p class='ocr_par' dir='ltr' id='par_1_20' title="bbox 1931 5060 3472 5512">
     <span class='ocr_line' id='line_1_90' title="bbox 1932 5060 3468 5140; baseline -0.01 -15"><span class='ocrx_word' id='word_1_576' title='bbox 1932 5087 1984 5139; x_wconf 87' lang='lat' dir='ltr'><strong>q.</strong></span> <span class='ocrx_word' id='word_1_577' title='bbox 2004 5082 2129 5136; x_wconf 84' lang='lat' dir='ltr'><strong>vm,</strong></span> <span class='ocrx_word' id='word_1_578' title='bbox 2156 5072 2252 5121; x_wconf 86' lang='lat' dir='ltr'><strong>art.</strong></span> <span class='ocrx_word' id='word_1_579' title='bbox 2280 5070 2374 5133; x_wconf 80' lang='lat'><strong>133</strong></span> <span class='ocrx_word' id='word_1_580' title='bbox 2400 5065 2699 5129; x_wconf 87' lang='lat' dir='ltr'><strong>Richardus,</strong></span> <span class='ocrx_word' id='word_1_581' title='bbox 2733 5065 2775 5115; x_wconf 88' lang='lat' dir='ltr'><strong>ll</strong></span> <span class='ocrx_word' id='word_1_582' title='bbox 2810 5063 2971 5125; x_wconf 67' lang='lat' dir='ltr'><strong>sent„</strong></span> <span class='ocrx_word' id='word_1_583' title='bbox 2998 5060 3115 5113; x_wconf 83' lang='lat' dir='ltr'><strong>dist.</strong></span> <span class='ocrx_word' id='word_1_584' title='bbox 3141 5071 3270 5124; x_wconf 81' lang='lat' dir='ltr'><strong>vm,</strong></span> <span class='ocrx_word' id='word_1_585' title='bbox 3299 5062 3404 5140; x_wconf 37' lang='lat' dir='ltr'><strong>art..</strong></span> <span class='ocrx_word' id='word_1_586' title='bbox 3416 5061 3468 5123; x_wconf 84' lang='lat'><strong>2,</strong></span> 
     </span>
     <span class='ocr_line' id='line_1_91' title="bbox 1931 5130 3472 5209; baseline -0.007 -16"><span class='ocrx_word' id='word_1_587' title='bbox 1931 5158 1984 5209; x_wconf 87' lang='lat' dir='ltr'><strong>q.</strong></span> <span class='ocrx_word' id='word_1_588' title='bbox 2027 5154 2114 5206; x_wconf 84' lang='lat' dir='ltr'><strong>1v3</strong></span> <span class='ocrx_word' id='word_1_589' title='bbox 2159 5139 2408 5205; x_wconf 86' lang='lat' dir='ltr'><strong>Durand.,</strong></span> <span class='ocrx_word' id='word_1_590' title='bbox 2449 5139 2493 5190; x_wconf 89' lang='lat'><strong>11</strong></span> <span class='ocrx_word' id='word_1_591' title='bbox 2540 5138 2699 5199; x_wconf 66' lang='lat' dir='ltr'><strong>sent„</strong></span> <span class='ocrx_word' id='word_1_592' title='bbox 2742 5134 2857 5186; x_wconf 87' lang='lat' dir='ltr'><strong>dist.</strong></span> <span class='ocrx_word' id='word_1_593' title='bbox 2885 5143 2988 5196; x_wconf 83' lang='lat' dir='ltr'><strong>vn,</strong></span> <span class='ocrx_word' id='word_1_594' title='bbox 3030 5143 3171 5197; x_wconf 86' lang='lat' dir='ltr'><strong>q.v;</strong></span> <span class='ocrx_word' id='word_1_595' title='bbox 3218 5130 3472 5182; x_wconf 83' lang='lat' dir='ltr'><strong>Marsihus</strong></span> 
     </span>
     <span class='ocr_line' id='line_1_92' title="bbox 1931 5202 3471 5280; baseline -0.008 -15"><span class='ocrx_word' id='word_1_596' title='bbox 1931 5216 2167 5280; x_wconf 69' lang='lat' dir='ltr'><strong>Inguen„</strong></span> <span class='ocrx_word' id='word_1_597' title='bbox 2190 5213 2231 5262; x_wconf 84' lang='lat'><strong>11</strong></span> <span class='ocrx_word' id='word_1_598' title='bbox 2253 5214 2411 5273; x_wconf 65' lang='lat' dir='ltr'><strong>Sent„</strong></span> <span class='ocrx_word' id='word_1_599' title='bbox 2436 5213 2533 5260; x_wconf 86' lang='lat' dir='ltr'><strong>art.</strong></span> <span class='ocrx_word' id='word_1_600' title='bbox 2551 5213 2598 5272; x_wconf 80' lang='lat'><strong>2,</strong></span> <span class='ocrx_word' id='word_1_601' title='bbox 2620 5223 2671 5274; x_wconf 90' lang='lat' dir='ltr'><strong>q.</strong></span> <span class='ocrx_word' id='word_1_602' title='bbox 2710 5219 2790 5271; x_wconf 74' lang='lat' dir='ltr'><strong>v1;</strong></span> <span class='ocrx_word' id='word_1_603' title='bbox 2816 5204 2993 5270; x_wconf 85' lang='lat' dir='ltr'><strong>Steph.</strong></span> <span class='ocrx_word' id='word_1_604' title='bbox 3012 5202 3222 5266; x_wconf 64' lang='lat' dir='ltr'><strong>Brulef„</strong></span> <span class='ocrx_word' id='word_1_605' title='bbox 3244 5203 3283 5254; x_wconf 84' lang='grc'><strong>11</strong></span> <span class='ocrx_word' id='word_1_606' title='bbox 3309 5203 3471 5267; x_wconf 66' lang='lat' dir='ltr'><strong>Seni„</strong></span> 
     </span>
     <span class='ocr_line' id='line_1_93' title="bbox 1931 5273 3467 5349; baseline -0.007 -11"><span class='ocrx_word' id='word_1_607' title='bbox 1931 5288 2047 5338; x_wconf 87' lang='lat' dir='ltr'><strong>dist.</strong></span> <span class='ocrx_word' id='word_1_608' title='bbox 2070 5297 2201 5346; x_wconf 78' lang='lat' dir='ltr'><strong>vm,</strong></span> <span class='ocrx_word' id='word_1_609' title='bbox 2225 5297 2276 5349; x_wconf 88' lang='lat' dir='ltr'><strong>q.</strong></span> <span class='ocrx_word' id='word_1_610' title='bbox 2296 5294 2372 5334; x_wconf 80' lang='lat'><strong>11.</strong></span> <span class='ocrx_word' id='word_1_611' title='bbox 2392 5308 2453 5320; x_wconf 92' lang='lat'>—</span> <span class='ocrx_word' id='word_1_612' title='bbox 2472 5281 2687 5345; x_wconf 73' lang='lat' dir='ltr'><strong>’Apoc.,</strong></span> <span class='ocrx_word' id='word_1_613' title='bbox 2712 5290 2824 5342; x_wconf 79' lang='lat'>111,</span> <span class='ocrx_word' id='word_1_614' title='bbox 2853 5281 2930 5328; x_wconf 76' lang='grc' dir='ltr'><strong>ιο.</strong></span> <span class='ocrx_word' id='word_1_615' title='bbox 2948 5302 3012 5313; x_wconf 96' lang='grc'>-</span> <span class='ocrx_word' id='word_1_616' title='bbox 3037 5274 3060 5310; x_wconf 82' lang='lat'>⁸</span> <span class='ocrx_word' id='word_1_617' title='bbox 3078 5278 3230 5341; x_wconf 72' lang='lat' dir='ltr'><strong>Aug„</strong></span> <span class='ocrx_word' id='word_1_618' title='bbox 3256 5275 3317 5325; x_wconf 80' lang='lat' dir='ltr'><strong>de</strong></span> <span class='ocrx_word' id='word_1_619' title='bbox 3345 5273 3467 5327; x_wconf 81' lang='lat' dir='ltr'><strong>Gen.</strong></span> 
     </span>
     <span class='ocr_line' id='line_1_94' title="bbox 1934 5347 3471 5422; baseline -0.008 -13"><span class='ocrx_word' id='word_1_620' title='bbox 1934 5358 2003 5409; x_wconf 81' lang='lat' dir='ltr'><strong>ad</strong></span> <span class='ocrx_word' id='word_1_621' title='bbox 2031 5356 2159 5422; x_wconf 69' lang='lat' dir='ltr'><strong>litt„</strong></span> <span class='ocrx_word' id='word_1_622' title='bbox 2193 5355 2283 5406; x_wconf 89' lang='lat' dir='ltr'><strong>lib.</strong></span> <span class='ocrx_word' id='word_1_623' title='bbox 2313 5356 2440 5417; x_wconf 83' lang='lat' dir='ltr'><strong>xll,</strong></span> <span class='ocrx_word' id='word_1_624' title='bbox 2473 5367 2518 5404; x_wconf 88' lang='lat' dir='ltr'><strong>c.</strong></span> <span class='ocrx_word' id='word_1_625' title='bbox 2552 5361 2662 5402; x_wconf 74' lang='lat' dir='ltr'><strong>xvn</strong></span> <span class='ocrx_word' id='word_1_626' title='bbox 2684 5385 2698 5411; x_wconf 83' lang='lat'><strong>,</strong></span> <span class='ocrx_word' id='word_1_627' title='bbox 2723 5365 2782 5401; x_wconf 91' lang='lat' dir='ltr'><strong>n.</strong></span> <span class='ocrx_word' id='word_1_628' title='bbox 2823 5353 2911 5414; x_wconf 60' lang='lat'><strong>35,</strong></span> <span class='ocrx_word' id='word_1_629' title='bbox 2949 5352 3002 5401; x_wconf 89' lang='lat' dir='ltr'><strong>et</strong></span> <span class='ocrx_word' id='word_1_630' title='bbox 3032 5363 3077 5400; x_wconf 84' lang='lat' dir='ltr'><strong>c.</strong></span> <span class='ocrx_word' id='word_1_631' title='bbox 3111 5359 3260 5411; x_wconf 82' lang='lat' dir='ltr'><strong>xxn,</strong></span> <span class='ocrx_word' id='word_1_632' title='bbox 3299 5360 3354 5397; x_wconf 90' lang='lat' dir='ltr'><strong>n.</strong></span> <span class='ocrx_word' id='word_1_633' title='bbox 3392 5347 3471 5397; x_wconf 77' lang='lat'><strong>48.</strong></span> 
     </span>
     <span class='ocr_line' id='line_1_95' title="bbox 1931 5417 3471 5512; baseline -0.007 -31"><span class='ocrx_word' id='word_1_634' title='bbox 1931 5429 1953 5465; x_wconf 61' lang='grc' dir='ltr'>δ</span> <span class='ocrx_word' id='word_1_635' title='bbox 1971 5428 2126 5481; x_wconf 88' lang='lat' dir='ltr'><strong>Dion.</strong></span> <span class='ocrx_word' id='word_1_636' title='bbox 2157 5428 2367 5491; x_wconf 67' lang='lat' dir='ltr'><strong>Areop„</strong></span> <span class='ocrx_word' id='word_1_637' title='bbox 2393 5424 2454 5476; x_wconf 81' lang='lat' dir='ltr'><strong>de</strong></span> <span class='ocrx_word' id='word_1_638' title='bbox 2491 5422 2611 5512; x_wconf 61' lang='lat' dir='ltr'><strong>Gcfl,</strong></span> <span class='ocrx_word' id='word_1_639' title='bbox 2639 5420 2920 5486; x_wconf 62' lang='lat' dir='ltr'><strong>Hiems-elz„</strong></span> <span class='ocrx_word' id='word_1_640' title='bbox 2960 5436 3007 5473; x_wconf 87' lang='lat' dir='ltr'><strong>c.</strong></span> <span class='ocrx_word' id='word_1_641' title='bbox 3042 5431 3127 5486; x_wconf 74' lang='lat' dir='ltr'><strong>nt,</strong></span> <span class='ocrx_word' id='word_1_642' title='bbox 3155 5420 3211 5471; x_wconf 87' lang='lat' dir='ltr'><strong>in</strong></span> <span class='ocrx_word' id='word_1_643' title='bbox 3232 5417 3396 5485; x_wconf 87' lang='lat' dir='ltr'><strong>princ.</strong></span> <span class='ocrx_word' id='word_1_644' title='bbox 3420 5443 3471 5455; x_wconf 95' lang='lat'>—</span> 
     </span>
    </p>
   </div>
  </div>
 </body>
</html>
