4125 6225
530 3229 601 3273 Aa
617 3242 719 3287 opp.

722 408 841 468 380

724 537 1078 605 Ezechielis
1104 539 1125 574 ¹
1152 558 1175 599 .-
1221 538 1314 604 Tu
1360 538 1587 604 cherub
1612 543 1901 606 attentus
1946 545 2006 605 et
2050 544 2259 623 prote-

1853 401 2477 469 SENTENTIARIJM
2514 403 2665 468 LlB.
2710 403 2789 468 11.

2370 557 2528 622 ergo
2558 539 2724 603 inter
2765 556 2988 603 omnes
3022 543 3343 604 creaturas
3379 538 3696 604 nobilior:
3743 557 3893 620 ergo

726 663 898 731 qen-3,
923 650 1068 712 etc.:
1096 669 1127 708 c
1147 644 1308 722 Quia
1322 646 1790 729 comparatione
1809 646 2109 711 claritatis
2126 664 2262 711 suae
2368 648 2580 730 magis
2603 667 2644 712 a
2679 645 2805 711 Deo
2831 645 3114 726 dilectus,
3144 647 3257 730 qui
3284 646 3493 729 diligit
3518 645 3738 709 omnia
3757 664 3897 728 quae

725 759 1104 819 caeterorum
1137 753 1488 817 claritatem
1524 755 1933 819 obumbrasse
1963 755 2262 832 creditur,

727 867 792 927 et
838 861 979 925 ideo
1037 862 1170 942 ipse
1217 864 1510 926 extentus
1560 866 1624 925 et
1663 867 2003 945 protegens
2044 863 2267 946 perhi-

726 973 936 1050 betur,
962 993 994 1029 »
1031 970 1320 1052 loquitur
1342 970 1420 1034 de
1448 968 1770 1036 Lucifero:
1815 989 1996 1053 ergo,
2032 976 2151 1037 etc.
2193 971 2272 1036 Et

728 1078 965 1142 ibidem
1002 1077 1275 1142 iterum:
1329 1101 1359 1139 α
1403 1077 1569 1142 Dum
1614 1079 1859 1143 caeteris
1902 1079 2272 1160 agminibus

730 1184 1115 1266 angelorum
1134 1183 1458 1266 praelatuS,
1482 1202 1709 1249 eorum
1733 1184 2081 1249 claritatem
2101 1190 2272 1250 tran-

733 1290 993 1369 scendit,
1016 1308 1097 1354 ex
1114 1308 1338 1355 eorum
1358 1293 1828 1374 comparatione
1841 1293 2068 1357 clarior
2082 1293 2221 1357 fuit.
2235 1313 2265 1352 n

733 1397 811 1462 Et
852 1398 1087 1462 iterum
1123 1397 1193 1459 in
1227 1397 1448 1461 eodem
1490 1397 1655 1462 libro
1686 1405 1710 1440 ¹
1746 1417 1763 1462 z
1813 1424 1846 1459 «ι
1892 1399 2004 1464 Illa
2046 1418 2276 1482 super·

737 1487 970 1568 narum
997 1504 1314 1570 virtutum
1337 1523 1619 1586 procerae
1636 1505 1989 1570 altitudinis
2016 1507 2281 1587 agmina

735 1613 804 1676 in
837 1612 1078 1676 laetitiae
1101 1617 1360 1677 aeternae
1387 1613 1706 1678 viriditate
1726 1614 2026 1697 plantata,
2048 1633 2279 1697 quam-

737 1720 835 1783 vis
863 1720 1111 1784 excelsa
1145 1721 1383 1785 fuerint
1419 1721 1692 1797 condita,
1724 1722 1879 1786 huic
1912 1726 2129 1787 tamen
2162 1739 2283 1787 nec

737 1824 1003 1909 praelata
1028 1830 1202 1905 sunt,
1226 1845 1345 1891 nec
1362 1832 1711 1908 coaequata.
1736 1848 1767 1885 n

827 1935 986 1999 Item
1048 1935 1316 2001 ratione.
1366 1935 1614 2000 Lucifer
1672 1937 1934 2019 appetiit
1987 1937 2287 2002 omnihus

742 2059 1037 2124 praeesse,
1059 2047 1123 2106 et
1141 2042 1407 2107 credidit
1431 2061 1498 2106 se
1520 2061 1701 2125 posse
1724 2042 2007 2108 obtinere
2029 2046 2106 2107 ut
2121 2043 2287 2107 nulli

741 2151 1056 2214 subesset:
1107 2149 1215 2213 sed
1262 2149 1386 2214 hoc
1430 2168 1563 2214 non
1616 2155 1711 2214 est
1755 2151 2111 2233 probabile,
2162 2151 2286 2215 nisi

742 2259 1000 2323 vidisset
1041 2277 1107 2321 se
1144 2276 1367 2323 omnes
1403 2260 1805 2342 praecellere:
1850 2275 2008 2341 ergo
2047 2260 2168 2324 fuit
2210 2259 2287 2323 de

744 2383 1049 2448 supremo
1065 2367 1312 2429 ordine.

827 2473 986 2537 Item
1014 2477 1342 2556 peccatum
1384 2476 1526 2557 ejus
1568 2474 1930 2538 maximum
1965 2474 2088 2540 fuit
2121 2475 2290 2539 inter

744 2585 1004 2664 peccata
1038 2581 1335 2645 omnium
1379 2582 1785 2663 angelorum,
1825 2583 1958 2646 imo
1996 2583 2290 2647 omnium

745 2692 1187 2752 creaturarum
1210 2708 1227 2752 ε
1254 2688 1364 2753 sed
1383 2691 1558 2753 tanto
1576 2692 1788 2772 majus
1812 2693 1893 2770 (a)
1918 2694 2010 2754 est
2028 2690 2288 2770 vitium,

745 2799 987 2878 quanto
1028 2796 1097 2858 in
1142 2796 1438 2861 nobiliori
1482 2801 1744 2862 natura:
1788 2815 1945 2879 ergo
1980 2798 2036 2861 si
2078 2797 2291 2860 maxi-

749 2922 933 2968 mum
982 2907 1309 2986 peccatum
1354 2905 1581 2969 habuit
1628 2904 1925 2969 omnium
1973 2903 2249 2969 aliorum
2270 2952 2289 2984 ,

750 3031 908 3094 ergo
955 3016 1271 3094 quantum
1316 3012 1393 3076 ad
1439 3017 1740 3077 naturam
1792 3013 2037 3077 caeteris
2088 3014 2295 3095 major

749 3121 892 3186 fuit.

829 3228 953 3294 Sed
968 3232 1189 3294 contra
1209 3247 1226 3292 ε
1249 3234 1279 3291 1
1293 3276 1308 3291 .
1329 3216 1403 3292 In
1424 3227 1748 3293 Ezechiele
1769 3228 2000 3292 dicitur
2021 3228 2103 3293 ad
2120 3227 2299 3293 Luci-

751 3338 960 3401 ferum
1004 3359 1018 3400 :
1073 3336 1166 3402 Tu
1202 3335 1431 3401 cherub
1477 3340 1771 3402 extentus
1818 3343 1875 3403 et
1924 3344 2256 3419 proteqens
2273 3385 2294 3416 ,

755 3445 919 3507 sicut
948 3443 1208 3525 exponit
1227 3442 1571 3524 Gregorius
1606 3443 1754 3507 :sed
1774 3461 2116 3526 supremus
2142 3444 2296 3508 ordo

755 3569 890 3615 non
909 3556 1003 3614 est
1022 3550 1177 3615 ordo
1200 3550 1473 3628 Cherub,
1494 3550 1601 3613 sed
1624 3549 1958 3633 Seraphin,
1978 3550 2142 3613 sicut
2158 3550 2301 3615 vult

755 3657 1093 3739 Dionysius
1109 3658 1164 3721 ⁸:
1211 3675 1369 3738 ergo
1401 3675 1534 3721 non
1573 3656 1694 3721 fuit
1734 3657 1812 3722 de
1856 3675 2156 3740 supremo
2191 3676 2300 3722 or-

756 3764 928 3828 dine.

836 3876 897 3935 2.
959 3870 1115 3934 Item
1153 3869 1605 3951 DamascenuS,
1658 3872 1769 3935 lib.
1816 3869 1907 3947 II,
1950 3871 2155 3952 capite
2181 3888 2295 3935 1v:

766 4003 795 4042 α
808 3978 983 4043 Unus
997 3978 1070 4060 (b)
1086 3996 1165 4042 ex
1180 3977 1280 4041 his
1290 3979 1594 4059 angelicis
1611 3978 1956 4044 virtutibus
1973 3996 2120 4060 quae
2132 3995 2301 4059 prae-

759 4089 942 4151 erant
962 4087 1240 4149 terrestri
1285 4086 1533 4165 ordini,
1581 4086 1643 4149 id
1672 4089 1799 4165 est,
1831 4089 1970 4167 ejus
1999 4088 2109 4169 qui
2138 4086 2302 4150 circa

758 4200 1011 4260 terrena
1051 4199 1143 4258 est
1182 4194 1453 4273 ordinis,
1496 4200 1559 4260 et
1595 4197 1699 4259 cui
1736 4200 1920 4260 terrae
1958 4196 2238 4260 custodia
2262 4215 2303 4260 a

759 4304 885 4369 Deo
929 4302 1263 4368 commissa
1291 4306 1426 4366 erat
1442 4353 1459 4382 ,
1487 4303 1687 4367 libero
1715 4303 1978 4367 arbitrio
2012 4303 2114 4367 sui
2148 4304 2304 4367 elec-

758 4414 931 4477 tione
956 4429 1219 4476 aversus
1243 4416 1339 4475 est
1368 4434 1382 4475 ε
1410 4433 1440 4471 ιο
1474 4430 1632 4492 ergo
1666 4411 1914 4476 Lucifer
1946 4411 2300 4476 secundum

761 4519 1216 4583 Damascenum
1244 4518 1363 4582 fuit
1389 4518 1466 4582 de
1490 4518 1714 4582 infimo
1752 4517 1994 4582 ordine.

843 4632 900 4691 3.
948 4627 1107 4692 Item
1133 4627 1376 4691 ratione
1410 4626 1698 4692 videtur:
1741 4625 1918 4703 Quia,
1938 4626 1993 4688 si
2020 4626 2156 4707 ipse
2185 4626 2307 4690 fuit

763 4754 1103 4818 supremus
1122 4784 1140 4813 ,
1176 4752 1334 4815 ergo
1372 4734 1580 4814 magis
1604 4733 1725 4798 fuit
1756 4733 2111 4798 deiformis:
2146 4751 2305 4815 ergo

763 4843 974 4926 magis
991 4843 1071 4906 ad
1096 4846 1425 4924 peccatum
1451 4840 1750 4904 inhabilis
1783 4858 1980 4921 :ergo
2006 4857 2139 4905 non
2172 4859 2309 4924 pec-

766 4951 968 5028 cavit;
993 4954 1105 5013 aut
1131 4950 1185 5012 si
1204 4948 1508 5031 peccavit,
1530 4967 1662 5012 non
1689 4948 1778 5012 ita
1801 4948 2115 5030 profunde
2143 4950 2310 5013 sicut

767 5058 909 5137 alii,
938 5062 1013 5120 ut
1037 5058 1313 5122 videtur.
1555 5062 1566 5075 ‘

847 5170 907 5229 4.
938 5164 1116 5244 Item,
1144 5165 1199 5228 si
1232 5181 1572 5247 supremus
1596 5164 1762 5228 inter
1779 5181 2002 5227 omnes
2017 5163 2306 5245 angelos,

836 5310 854 5342 ¹
870 5306 1070 5368 Ezech„
1098 5318 1284 5371 xxvm,
1309 5309 1387 5357 ¹4.
1406 5333 1466 5344 —
1482 5308 1506 5343 ²
1522 5305 1638 5358 vid.
1663 5305 1805 5355 bom.
1828 5317 1989 5358 xxxxv
2018 5307 2074 5357 in
2095 5308 2311 5372 Evanq„

841 5398 902 5459 (a)
935 5396 1058 5446 Coet.
1081 5396 1201 5448 edit.
1230 5397 1413 5462 magis.
1454 5423 1516 5435 -
1543 5396 1619 5461 (ὁ)
1645 5395 1731 5447 ΔΙ.
1761 5395 1896 5448 deest
1927 5398 2090 5448 Unus.

2373 756 2555 819 fecit:
2602 772 2759 836 ergo
2798 772 2947 818 cum
2990 754 3364 819 facillimum
3405 754 3596 818 merit
3640 753 3899 817 Domino

2372 860 2586 943 ipsum
2637 878 3011 925 conservare
3035 911 3051 938 ,
3102 878 3234 924 nou
3280 859 3536 925 videtur
3586 859 3900 943 probabile

2375 969 2546 1053 quod
2562 969 2774 1053 ipsum
2799 969 3156 1052 permiserit
3182 987 3388 1034 ruere.

2926 1245 3377 1314 CONCLUSIO.

2382 1404 2621 1472 Imiter,
2659 1405 2922 1473 quantum
2947 1401 3020 1457 ad
3041 1378 3400 1474 capacitatem
3431 1405 3672 1469 naturoe,
3703 1404 3905 1471 titana

2456 1498 2576 1550 erat
2599 1493 2663 1549 de
2691 1495 2872 1566 primo
2904 1492 3182 1548 beatarum
3208 1493 3466 1547 mentium
3490 1490 3715 1558 ordine3
3746 1495 3838 1564 qm·
3863 1495 3907 1548 si

2454 1585 2702 1654 stetisset,
2721 1584 2912 1639 merito
2929 1584 3125 1652 (πατέω
3151 1583 3293 1638 inter
3305 1582 3514 1653 primos
3536 1586 3908 1639 annumeratus

2455 1675 2664 1742 ficisset.

2469 1832 2655 1915 Resp.
2693 1831 2772 1895 ad
2800 1832 2958 1911 Arg.
3002 1829 3350 1894 Dicendum
3377 1830 3548 1913 quod
3562 1879 3580 1908 ,
3609 1830 3774 1895 sicut
3799 1835 3909 1895 tes-

2389 1941 2607 2003 tantur
2623 1937 3025 2003 auctoritates
3046 1955 3239 2001 sacrae
3265 1935 3611 2019 Scripturae
3636 1941 3701 2002 et
3725 1935 3915 2002 Sanc-

2390 2053 2604 2112 torum
2625 2094 2643 2127 ,
2686 2044 2932 2110 Lucifer
2977 2045 3164 2111 valde
3206 2045 3520 2110 excellens
3561 2044 3685 2108 fuit
3702 2093 3718 2121 ,
3767 2050 3829 2109 et
3869 2046 3917 2109 si

2392 2154 2681 2229 stetisset,
2698 2153 2766 2216 in
2785 2171 3083 2236 supremo
3097 2153 3317 2218 ordine
3334 2152 3673 2217 collocatus
3687 2153 3915 2232 fuisset,

2393 2279 2543 2325 cum
2587 2261 2664 2324 ad
2704 2260 2826 2324 hoc
2867 2260 3130 2324 haberet
3175 2259 3582 2324 idoneitatem
3625 2278 3710 2324 ex
3750 2265 3918 2343 parte

2394 2371 2688 2434 naturae:
2721 2361 2882 2431 sicut
2913 2369 3089 2432 enim
3117 2366 3353 2451 patebit
3391 2367 3581 2446 infra,
3614 2366 3920 2432 distinctio

2395 2478 2697 2544 ordinum
2719 2480 3156 2544 consummata
3176 2476 3354 2543 venit
3370 2494 3451 2540 ex
3469 2479 3647 2558 parte
3670 2475 3889 2557 gratiae
3900 2500 3915 2554 ;

2397 2585 2506 2650 sed
2522 2586 2870 2670 dispositio,
2891 2604 2976 2650 ex
2994 2589 3173 2668 parte
3199 2587 3447 2650 naturae
3468 2606 3484 2647 ε
3512 2583 3682 2648 unde
3703 2602 3924 2648 conce-

2396 2694 2620 2758 dendae
2642 2698 2793 2759 sunt
2819 2695 3095 2759 rationes
3120 2693 3200 2757 ad
3225 2692 3346 2757 hoc
3371 2692 3672 2757 inductae.

2481 2805 2539 2866 1.
2584 2802 2680 2866 Ad
2721 2801 2875 2866 illud
2916 2802 3084 2885 quod
3128 2800 3456 2883 objicitur,
3497 2799 3673 2881 quod
3704 2799 3923 2863 dicitur

2401 2909 2478 2973 de
2506 2908 2792 2988 Cherub;
2822 2908 3161 2973 dicendum
3188 2908 3359 2990 quod
3385 2906 3708 2989 Seraphin
3737 2907 3925 2970 inter-

2400 3021 2686 3098 pretatur
2723 3017 3089 3081 incendium
3108 3064 3126 3095 ‚
3170 3021 3233 3080 et
3272 3016 3396 3080 hoc
3438 3019 3532 3079 ast
3572 3035 3685 3099 per
3727 3014 3926 3079 chari-

2400 3127 2595 3187 tatem
2615 3144 2631 3188 ε
2659 3125 2928 3207 angelus
2945 3129 3185 3203 autem,
3214 3124 3359 3187 licet
3376 3143 3416 3187 a
3440 3142 3560 3187 sua
3575 3123 3927 3188 conditione

2400 3231 2696 3295 habuerit
2732 3231 3192 3315 plenitudinem
3218 3231 3521 3311 scientiae,
3556 3250 3688 3296 non
3722 3234 3929 3295 tamen

2401 3339 2631 3403 habuit
2670 3339 3039 3404 incendium
3070 3339 3423 3416 charitatiS,
3469 3339 3594 3401 nisi
3628 3357 3668 3401 a
3701 3339 3926 3420 gratia.

2405 3447 2482 3511 Et
2507 3448 2660 3530 quia
2685 3448 2987 3512 cherubin
3013 3447 3243 3511 dicitur
3276 3447 3603 3530 plenitudo
3632 3447 3927 3525 scientiae,

2404 3552 2512 3614 sed
2550 3551 2852 3633 seraphin
2897 3551 3128 3615 dicitur
3168 3551 3533 3614 incendium
3577 3551 3894 3614 charitatis
3911 3598 3928 3626 ,

2403 3654 2554 3717 hinc
2593 3658 2687 3718 est
2730 3654 2901 3735 quod
2945 3653 3178 3718 dicitur
3221 3653 3560 3732 cherubin,
3593 3672 3727 3717 non
3767 3673 3936 3718 sera·-

2404 3761 2601 3844 phin:
2641 3766 2705 3824 et
2736 3762 2859 3825 hoc
2887 3779 3016 3825 non
3040 3760 3206 3837 ideo,
3246 3760 3396 3842 quia
3423 3766 3584 3824 esset
3609 3761 3686 3825 de
3723 3762 3935 3825 ordine

2407 3869 2753 3948 cherubin3
2816 3868 2924 3933 sed
2976 3868 3128 3949 quia
3179 3867 3451 3931 habebat
3506 3868 3801 3932 habitum
3853 3868 3937 3932 illi

2407 3977 2615 4042 ordini
2643 3975 3126 4041 convenientem
3152 3996 3166 4038 ε
3199 3993 3330 4039 non
3348 3974 3438 4038 sic
3462 3974 3762 4039 habitum
3789 3995 3936 4041 cou-

2406 4085 2769 4150 venientem
2788 4083 2996 4149 ordini
3015 4082 3333 4166 seraphin,
3351 4084 3650 4165 quamvis
3665 4084 3749 4149 ad
3761 4084 3937 4148 illum

2409 4199 2572 4259 esset
2601 4196 3015 4277 praeparatus.
3725 4278 3730 4285 .

2490 4306 2549 4364 2.
2593 4302 2693 4365 Ad
2728 4300 2885 4366 illud
2919 4300 3090 4383 quod
3125 4299 3442 4381 ohJicitur,
3469 4300 3640 4384 quod
3678 4304 3941 4383 praeerat

2411 4410 2693 4473 terrestri
2716 4408 2946 4488 ordini,
2971 4408 3310 4473 dicendum
3329 4408 3502 4490 quod
3523 4406 3940 4473 Damascenus

2411 4517 2534 4581 hoc
2560 4516 2709 4580 dicit
2731 4520 3047 4598 quantum
3072 4516 3153 4580 ad
3180 4515 3315 4578 vim
3349 4514 3936 4590 administrativam‚

2414 4625 2565 4707 quia
2606 4624 2818 4687 caeteri
2865 4624 2923 4687 ei
2960 4625 3142 4687 erant
3191 4621 3456 4704 subjecti
3509 4627 3832 4704 quantum
3867 4620 3940 4686 ad

2413 4736 2626 4796 actum
2672 4729 3006 4793 ministerii
3022 4777 3040 4808 ‚
3094 4732 3158 4793 et
3196 4728 3349 4810 quia
3387 4731 3566 4791 actus
3613 4726 3939 4792 ministerii

2413 4837 2716 4902 omnibus
2754 4836 2967 4918 aliquo
3008 4834 3197 4900 modo
3235 4835 3532 4917 competit
3572 4852 3657 4898 ex
3697 4840 3933 4908 natura,

2415 4947 2581 5010 sicut
2623 4947 2787 5010 infra
2811 4944 3069 5027 patebit,
3106 4943 3262 5027 quia
3302 4959 3515 5010 omnes
3556 4950 3717 5011 sunt
3744 4941 3938 5010 admi·

2415 5055 2788 5120 nistratorii
2810 5053 3087 5135 spiritus
3102 5051 3161 5116 ⁸:
3181 5051 3321 5116 ideo
3344 5070 3427 5116 ex
3452 5050 3575 5116 hoc
3601 5069 3732 5116 non
3757 5051 3938 5115 babe-

2416 5164 2524 5225 tur
2560 5160 2731 5243 quod
2768 5159 3039 5242 angelus
3076 5158 3267 5223 fuerit
3305 5159 3382 5224 de
3422 5159 3646 5224 ordine
3689 5160 3927 5232 inflm03

2416 5327 2536 5374 ante
2553 5320 2691 5371 med.
2719 5345 2783 5359 —
2804 5320 2828 5356 ⁸
2850 5320 3000 5371 Dion.
3030 5322 3238 5386 Areop„
3266 5319 3328 5371 de
3359 5320 3483 5371 Coel.
3511 5319 3791 5381 Hier-arch„
3816 5332 3860 5368 c.
3885 5325 3932 5364 n

2417 5399 2470 5446 et
2502 5405 2596 5445 vu.
2619 5418 2682 5430 —
2706 5392 2729 5427 δ
2748 5389 2918 5453 Ηεὸν.,
2946 5403 2986 5455 1,
3013 5394 3088 5442 14.
