4125 6225
36 1053 98 1096 Ad
126 1063 229 1107 opp.

1102 483 1295 549 DIST.
1340 485 1391 548 Ι.
1436 481 1664 548 PART.
1712 483 1758 546 1.
1799 479 1978 546 ΛΒΤ.
2024 481 2074 544 Ι.
2121 480 2417 557 QUAEST.
2460 481 2508 544 Ι.

257 618 378 681 erit
412 618 586 682 abire
620 618 692 682 in
718 618 1046 682 infinitum
1084 619 1154 682 in
1179 620 1520 698 causandO,
1550 618 1650 684 vel
1677 637 1791 681 ne-

256 743 429 789 cesse
450 730 544 789 est
568 744 804 808 ponere
827 726 1128 790 essentias
1154 727 1503 791 formarum
1527 745 1566 789 a
1588 725 1794 808 primo

257 833 488 915 opifice
529 833 866 915 productas
902 852 985 897 ex
1022 832 1222 895 nihilo
1255 856 1268 895 :
1301 851 1458 914 ergo
1505 831 1645 914 pari
1684 850 1795 894 ra-

254 940 433 1003 tione
460 944 526 1003 et
554 940 908 1004 materiam.

342 1052 401 1109 1.
447 1046 548 1110 Ad
593 1047 955 1129 oppositum
1001 1050 1149 1109 sunt
1193 1046 1468 1110 rationes
1515 1044 1723 1127 primo
1760 1062 1799 1105 a

258 1157 441 1235 parte
474 1153 820 1217 efficientis.
859 1151 1073 1215 Prima
1101 1155 1193 1217 est
1231 1153 1371 1217 haec
1402 1175 1416 1215 ε
1451 1152 1669 1217 Omnis
1706 1150 1795 1214 ef-

260 1262 464 1325 fectus
500 1261 714 1343 aliquo
755 1262 945 1325 modo
984 1261 1371 1325 assimilatur
1410 1277 1618 1324 causae
1648 1258 1798 1323 :sed

259 1368 653 1451 principium
698 1368 979 1450 primum
1022 1373 1116 1430 est
1151 1372 1327 1431 actus
1367 1387 1597 1451 puruS‚
1638 1366 1800 1429 nihil

260 1473 507 1537 habens
547 1475 625 1538 de
667 1474 981 1557 possibili3
1023 1475 1287 1537 materia
1325 1479 1541 1538 autem
1580 1491 1799 1537 rerum

263 1585 359 1644 est
399 1582 740 1662 potentiale
775 1600 1014 1664 purum
1055 1600 1168 1663 per
1199 1583 1300 1645 sui
1334 1581 1668 1645 essentiam
1689 1629 1706 1657 ‚
1739 1583 1801 1644 et

263 1686 428 1749 nihil
475 1687 716 1751 habens
762 1689 837 1752 de
886 1693 1032 1752 actu
1076 1712 1089 1751 :
1136 1708 1292 1770 ergo
1339 1708 1491 1752 cum
1541 1686 1840 1752 materia.

266 1794 338 1856 in
368 1795 544 1859 nullo
571 1796 953 1860 assimiletur
978 1797 1221 1879 opifici,
1254 1815 1387 1860 non
1414 1801 1508 1860 est
1533 1797 1612 1859 ab
1640 1795 1797 1877 ipso.

348 1905 408 1964 2.
444 1902 603 1965 ltem
636 1924 651 1965 ι
683 1904 782 1967 Ab
810 1909 1038 1984 agente
1066 1903 1495 1986 pulcherrimo
1521 1907 1584 1966 et
1606 1903 1800 1966 lumi-

267 2009 607 2074 nosissimo
626 2030 756 2074 non
775 2012 1057 2094 procedit
1077 2018 1260 2094 turpe
1279 2015 1341 2074 et
1362 2013 1798 2075 tenebrosum:

268 2117 379 2181 sed
421 2118 586 2182 Deus
622 2123 715 2182 est
749 2120 886 2201 ipsa
927 2119 1353 2201 pulchritudO,
1384 2123 1447 2183 et
1484 2119 1622 2202 ipsa
1650 2119 1800 2198 lux3

270 2227 598 2289 materiale
633 2226 1022 2308 principium
1059 2232 1153 2290 est
1190 2231 1378 2309 turpe
1413 2231 1477 2290 et
1511 2227 1807 2291 tenebro-

270 2351 418 2398 sum
449 2356 463 2397 ε
491 2352 670 2414 erg0,
700 2339 817 2398 etc.
854 2335 948 2399 Ex
984 2340 1160 2417 parte
1200 2353 1420 2398 rerum
1456 2336 1808 2399 ostenditur

274 2444 352 2506 de
378 2443 630 2506 formali
656 2443 965 2526 principio
995 2460 1011 2502 :
1038 2443 1238 2508 Omne
1266 2444 1435 2506 enim
1466 2444 1636 2525 quod
1663 2461 1807 2525 pro—

274 2552 529 2616 ducitur
556 2555 620 2615 et
644 2553 748 2631 fit,
776 2553 853 2615 fit
877 2572 915 2616 a
939 2552 1055 2614 sibi
1082 2551 1274 2615 simili
1298 2551 1560 2616 nomine
1587 2555 1650 2615 et
1674 2569 1810 2633 spe-

274 2659 371 2723 cie
389 2707 406 2735 ‚
445 2664 519 2723 ut
558 2660 752 2723 homo
791 2661 869 2723 ab
912 2659 1171 2723 homine
1191 2708 1208 2738 ,
1246 2660 1598 2723 secundum
1637 2659 1810 2741 quod

275 2765 423 2829 dicit
468 2763 890 2848 Philosophus
913 2767 954 2828 ¹.
1005 2766 1072 2830 Si
1120 2784 1276 2847 ergo
1323 2766 1546 2830 formae
1590 2784 1809 2829 rerum

275 2877 428 2936 sunt
477 2874 785 2956 principia
837 2874 1266 2956 producendi,
1316 2879 1379 2938 et
1425 2874 1810 2957 principium

277 2982 668 3063 producendi
708 2983 1004 3064 praecedit
1042 3000 1260 3045 rerum
1299 2981 1776 3063 productionem
1791 3029 1808 3057 ‚

278 3106 432 3172 ergo
471 3108 575 3154 res
608 3107 743 3153 non
779 3093 930 3154 sunt
965 3089 1288 3172 producta!
1321 3084 1531 3172 quoad
1572 3089 1812 3171 princi-

278 3197 457 3278 pium
495 3198 780 3263 formale.

358 3308 417 3368 3.
440 3304 601 3368 Item
626 3328 640 3369 :
665 3305 908 3369 Artifex
926 3322 1057 3367 non
1074 3308 1278 3386 potest
1299 3304 1670 3386 producere,
1693 3304 1816 3371 nisi

281 3413 803 3493 praeoegnoscat²
832 3434 846 3476 z
881 3411 991 3475 sed
1009 3429 1141 3474 non
1175 3415 1378 3493 potest
1407 3428 1816 3494 praecognos-

283 3535 418 3582 cere
446 3519 571 3581 nisi
598 3537 712 3600 per
740 3520 996 3597 formaS,
1030 3522 1093 3582 et
1125 3534 1259 3581 non
1289 3521 1491 3601 potest
1526 3535 1816 3600 praecog-

283 3644 540 3690 noscere
576 3645 690 3708 per
726 3627 964 3690 formas
996 3643 1142 3708 quae
1179 3626 1356 3690 nullo
1391 3626 1581 3689 modo
1618 3631 1767 3691 sunt
1794 3647 1811 3690 ε

285 3751 439 3815 ergo
483 3734 873 3816 impossibile
914 3739 1007 3798 oet
1043 3734 1214 3816 quod
1256 3752 1550 3798 summus
1588 3736 1816 3799 artifex

287 3843 601 3906 mundum
640 3843 968 3922 formaret,
1000 3842 1124 3905 nisi
1148 3842 1370 3906 formae
1397 3848 1603 3907 essent
1638 3845 1818 3926 prius

287 3966 397 4029 per
419 3968 581 4032 quas
606 3954 1052 4032 cognosceret:
1080 3953 1143 4012 et
1164 3949 1291 4013 illae
1315 3969 1448 4014 non
1472 3954 1819 4033 potuerunt

289 4058 549 4138 produci
590 4058 878 4121 similiter
920 4057 1045 4120 nisi
1090 4076 1204 4140 per
1249 4058 1484 4121 formas
1515 4080 1529 4122 z
1560 4077 1718 4141 ergo
1764 4061 1818 4122 si

290 4181 414 4228 non
441 4168 536 4229 est
575 4165 645 4227 in
675 4162 1002 4227 infinitum
1035 4164 1210 4228 abire
1227 4212 1244 4243 ‚
1274 4170 1369 4229 est
1407 4184 1643 4248 ponere
1683 4167 1817 4231 for-

294 4289 422 4337 mas
447 4291 667 4338 rerum
693 4291 827 4336 non
852 4291 986 4336 esse
1012 4273 1368 4355 productas

366 4383 424 4442 4.
459 4379 620 4443 Item
654 4380 777 4443 hoc
810 4380 1023 4462 ipsum
1053 4381 1406 4445 ostenditur
1431 4381 1642 4464 quoad
1673 4399 1818 4446 ma-

293 4486 500 4552 teriale
536 4487 944 4571 principium.
982 4486 1181 4553 Omne
1216 4489 1387 4571 quod
1421 4489 1816 4572 producitur,

292 4595 656 4673 producitur
691 4613 775 4658 ex
799 4595 1062 4677 'aliqu0,
1094 4595 1199 4661 vel
1238 4614 1320 4659 ex
1363 4596 1583 4660 nihilo.
1624 4595 1693 4661 Si
1739 4616 1818 4661 ex

293 4700 486 4765 nihilo
507 4749 526 4780 ‚
557 4720 641 4766 ex
676 4701 879 4765 nihilo
910 4702 1073 4765 nihil
1110 4702 1260 4782 flt⁸;
1304 4721 1461 4785 ergo
1490 4704 1704 4768 omnia
1740 4723 1821 4767 ex

294 4805 501 4888 aliquo
537 4831 552 4871 ι
589 4809 744 4873 illud
798 4815 1013 4874 autem
1068 4815 1161 4873 est
1208 4812 1475 4875 materia
1508 4833 1523 4875 ε
1558 4829 1716 4892 ergo
1769 4813 1823 4874 si

296 4918 457 4976 stare
498 4918 626 4992 est,
668 4920 731 4978 et
769 4934 900 4979 non
938 4916 1111 4980 abire
1154 4917 1225 4980 in
1264 4916 1624 4998 infinitum,
1666 4918 1824 4982 illud

297 5036 424 5081 non
459 5028 548 5085 est
588 5023 991 5104 productum.
1034 5021 1215 5099 Quod
1250 5028 1465 5088 autem
1503 5044 1585 5088 ex
1621 5025 1825 5089 nihilo

297 5125 455 5190 nihil
480 5130 610 5205 fiat,
639 5128 912 5193 videtur.
944 5127 1278 5194 Productio
1295 5132 1466 5195 enim
1484 5133 1578 5197 rei
1605 5137 1699 5195 est
1723 5150 1825 5196 ac-

300 5232 386 5295 tio
406 5232 465 5297 ⁴:
495 5237 601 5300 sed
628 5238 836 5300 omnis
861 5238 1024 5301 actio
1049 5238 1316 5321 requirit
1340 5239 1408 5302 in
1434 5240 1605 5321 quod
1631 5244 1782 5321 agat
1809 5262 1823 5303 ε

363 5394 567 5459 Ἀτὶειι.,
585 5399 725 5460 Met„
752 5397 837 5448 lib.
863 5400 927 5460 V,
955 5403 1093 5449 cont.
1113 5402 1392 5464 27.—²1d.‚
1417 5400 1615 5463 physic.
1638 5400 1724 5451 lib.
1749 5403 1791 5451 ΙΙ
1811 5447 1833 5477 ‚

304 5470 439 5515 cont.
461 5468 537 5517 8⁰.
554 5493 617 5503 —
636 5468 822 5532 ³1bid.‚
850 5469 938 5519 lib.
964 5472 1016 5533 l,
1055 5484 1149 5533 per
1176 5472 1386 5536 longum
1420 5485 1740 5536 processum.
1771 5500 1831 5511 —

612 5572 759 5621 101.
796 5576 866 5622 11.

3315 484 3427 544 241

1900 634 2055 697 ergo
2100 622 2163 680 et
2204 617 2415 680 omnis
2458 616 2828 699 productio:
2860 635 3019 697 ergo
3062 617 3239 680 omni
3281 636 3434 699 pro-

1901 722 2186 785 ductioni
2220 722 2555 803 subjicitur
2588 722 2827 804 aliquid
2856 742 2872 784 :
2905 741 3035 786 non
3071 723 3196 786 nisi
3233 728 3436 787 mate-

1901 830 1997 893 ria
2024 848 2039 891 :
2069 847 2257 908 ergo,
2286 835 2404 892 etc.
2963 887 2976 894 -

1983 941 2042 1000 5.
2095 938 2250 1002 Item
2295 956 2418 1019 ego
2463 955 2685 1020 quaero
2728 938 2805 1002 de
2850 938 3260 1021 productione
3304 939 3439 1002 sive

1903 1047 2218 1110 creatione
2249 1047 2529 1129 passiva,
2561 1049 2781 1111 utrum
2811 1047 2917 1109 illa
2945 1049 3025 1111 sit
3053 1047 3436 1124 substantia,

1902 1154 2009 1216 vel
2029 1153 2320 1217 accidens
2340 1176 2354 1216 :
2378 1172 2510 1217 non
2532 1156 2914 1218 substantia:
2936 1173 3093 1236 ergo
3114 1154 3434 1219 accidens:

1904 1261 2015 1324 sed
2054 1280 2244 1325 omne
2278 1263 2560 1326 accidens
2596 1263 2902 1327 fundatur
2935 1262 3004 1326 in
3038 1265 3287 1344 aliqu03
3330 1263 3440 1326 sed

1904 1368 2025 1432 hoc
2055 1386 2189 1433 non
2222 1373 2425 1451 potest
2461 1389 2594 1435 esse
2624 1377 2904 1434 creatum
2920 1420 2937 1449 ,
2970 1390 3117 1434 cum
3152 1370 3310 1434 illud
3340 1389 3442 1434 se-

1905 1481 2142 1557 quatur
2175 1477 2550 1540 naturaliter
2582 1478 2786 1559 ipsam
2827 1479 3207 1541 creationem
3238 1497 3255 1540 :
3287 1497 3443 1559 ergo
3547 1549 3560 1562 ,

1906 1602 2158 1648 necesse
2186 1589 2280 1648 est
2310 1584 2412 1666 (ut
2434 1585 2710 1667 videtur)
2744 1585 2915 1667 quod
2944 1585 3027 1649 sit
3051 1586 3438 1649 increatum:

1907 1695 1971 1754 et
1997 1691 2234 1774 aliquid
2259 1692 2429 1755 aliud
2458 1711 2497 1755 a
2519 1691 2679 1769 Deo,
2708 1675 2860 1775 quia
2886 1694 3116 1756 creatio
3142 1694 3348 1776 passio
3374 1694 3445 1756 in

1908 1797 2032 1860 alio
2059 1802 2156 1861 est
2183 1821 2196 1861 :
2224 1818 2381 1879 ergo
2407 1818 2659 1864 necesse
2683 1806 2778 1864 est
2802 1820 2994 1865 omne
3018 1803 3187 1883 quod
3216 1802 3448 1884 produ-

1909 1905 2074 1969 citur
2113 1925 2194 1970 ex
2234 1907 2449 1989 aliquo
2490 1908 2886 1989 improducto
2920 1911 3001 1988 (a)
3042 1910 3302 1990 produci
3337 1931 3353 1972 ι
3387 1914 3450 1973 et

1908 2011 2050 2076 ideo
2100 2012 2250 2076 dicit
2293 2012 2711 2097 Philosophus
2750 2015 2772 2050 ⁸
2800 2016 2870 2079 in
2912 2016 3120 2097 primo
3160 2017 3451 2099 Physicoe

1910 2118 2084 2200 quod
2123 2120 2388 2184 materia
2410 2126 2505 2185 est
2532 2123 2841 2204 ingenita.

2456 2364 2904 2433 CONCLUSIO.

1913 2522 2144 2580 Mundus
2157 2563 2173 2592 ‚
2207 2527 2318 2581 tam
2346 2527 2627 2584 secundum
2651 2544 2706 2585 se
2735 2533 2906 2585 totum
2921 2568 2936 2595 ,
2977 2545 3140 2600 quam
3169 2530 3452 2586 secundum

1946 2628 2045 2668 sua
2066 2615 2351 2686 principia
2375 2618 2689 2686 intrinseca,
2719 2618 2783 2674 de
2803 2620 2977 2674 nihilo
3001 2619 3292 2691 productus
3320 2624 3416 2677 est.

1996 2765 2181 2849 Resp.
2207 2767 2287 2831 ad
2309 2767 2467 2848 Arg.
2501 2767 2848 2833 Dicendum
2870 2769 3038 2851 quod
3059 2769 3200 2835 haec
3225 2772 3457 2835 veritas

1919 2879 2014 2938 est
2045 2899 2060 2939 :
2092 2877 2376 2940 mundus
2410 2878 2481 2940 in
2515 2896 2649 2941 esse
2687 2879 3036 2960 productus
3068 2884 3189 2959 est,
3221 2884 3285 2944 et
3325 2897 3456 2943 non

1920 2983 2130 3045 solum
2155 2984 2507 3047 secundum
2531 3002 2597 3048 se
2617 2988 2856 3064 totum,
2882 2985 2991 3049 sed
3014 2969 3205 3049 etiam
3232 3003 3458 3050 secun-

1921 3090 2077 3155 dum
2091 3090 2429 3154 intrinseca
2436 3109 2553 3155 sua
2561 3091 2762 3174 princi
2766 3091 2893 3174 pia,
2904 3109 3051 3174 quae
3063 3109 3191 3156 non
3202 3110 3284 3156 ex
3294 3093 3452 3172 aliis,

1921 3198 2030 3262 sed
2052 3197 2131 3261 de
2150 3198 2351 3262 nihilo
2369 3203 2520 3262 sunt
2539 3199 2861 3282 producta.
2885 3199 3035 3265 Haec
3052 3207 3268 3266 autem
3284 3201 3459 3265 veri-

1922 3308 2017 3368 tas
2031 3352 2048 3380 ‚
2077 3305 2192 3368 etsi
2215 3305 2474 3369 cuilibet
2495 3305 2666 3369 fideli
2697 3306 2770 3389 (b)
2797 3309 2879 3370 sit
2900 3312 3118 3390 aperta
3140 3313 3204 3371 et
3222 3307 3457 3384 lucida,

1921 3410 2109 3475 latuit
2146 3416 2359 3477 tamen
2405 3414 2868 3496 providentiam
2904 3416 3006 3478 vel
3054 3417 3460 3498 prudentiam

1923 3521 2447 3606 philosophicam,
2479 3541 2626 3606 quae
2653 3524 2722 3586 in
2749 3523 2947 3606 huJus
2973 3525 3341 3606 quaestionis
3367 3524 3462 3587 in-

1923 3629 2263 3710 quisitione
2296 3648 2378 3693 ΒΧ
2416 3630 2610 3719 longo
2640 3635 2926 3713 tempore
2964 3632 3316 3697 ambulavit
3350 3650 3464 3714 per

1923 3735 2131 3800 devia.
2159 3735 2444 3800 Fuerunt
2471 3737 2647 3800 enim
2677 3737 2936 3820 quidam
2965 3737 3325 3821 philosophi
3352 3757 3461 3802 an·

1922 3843 2088 3926 tiqui
2127 3844 2238 3926 qui
2278 3843 2579 3908 dixerunt
2616 3844 2933 3909 mundum
2977 3846 3216 3911 factum
3262 3865 3395 3911 esse
3426 3866 3466 3911 a
3529 3845 3580 3878 ‘¹‘

1926 3949 2052 4014 Deo
2091 3955 2156 4013 et
2194 3951 2270 4014 de
2314 3953 2414 4014 sui
2454 3952 2727 4015 essentia
2744 3999 2760 4029 ‚
2805 3953 2957 4034 quia
2997 3970 3126 4016 non
3169 3953 3466 4017 videbant

1926 4046 2246 4140 quomodo
2290 4058 2532 4140 aliquid
2565 4063 2775 4140 posset
2813 4059 2951 4123 fleri
2989 4079 3072 4124 ex
3115 4061 3316 4126 nihilo
3353 4079 3371 4123 t
3402 4064 3467 4124 et

1926 4167 2098 4230 solus
2135 4165 2299 4230 Deus
2337 4166 2457 4229 fuit
2497 4166 2566 4229 in
2606 4167 2916 4250 principio
2950 4190 2965 4232 ε
3001 4171 3063 4231 et
3101 4168 3243 4233 ideo
3280 4169 3464 4232 dixe-

1926 4277 2111 4351 runt,
2141 4274 2311 4356 quod
2349 4274 2494 4338 fecit
2516 4273 2735 4337 omnia
2759 4274 2835 4338 de
2866 4293 2934 4338 se
2969 4274 3128 4357 ipso.
3163 4273 3288 4355 Sed
3323 4275 3465 4339 haec

1927 4381 2154 4465 positio
2187 4401 2317 4446 non
2357 4382 2565 4446 solum
2607 4383 2820 4447 fidelib
2830 4402 2903 4447 us
2922 4432 2940 4463 ,
2980 4384 3090 4447 sed
3126 4384 3318 4447 etiam
3360 4402 3464 4447 se-

1927 4489 2275 4572 quentibus
2312 4489 2706 4572 philosophis
2739 4490 3036 4572 apparuit
3072 4490 3466 4573 improbabi-

1928 4595 2040 4676 lis,
2081 4596 2253 4678 quod
2294 4594 2406 4660 Dei
2442 4597 2741 4678 essentia,
2779 4598 3043 4661 omnino
3078 4598 3470 4663 invariabilis

1931 4708 1995 4769 et
2035 4704 2462 4781 nobilissima,
2492 4706 2673 4769 fleret
2707 4706 3132 4789 corporalium
3166 4711 3231 4770 et
3259 4707 3467 4770 varia-

1931 4811 2160 4875 bilium
2198 4813 2501 4888 materia,
2536 4830 2683 4894 quae
2721 4818 2816 4877 est
2850 4813 2926 4876 de
2962 4832 3028 4876 se
3070 4814 3464 4895 imperfecta,

1932 4918 2057 4981 nisi
2097 4919 2460 5002 perficiatur
2503 4938 2615 5001 per
2658 4921 2916 4984 formas.
2955 4918 3244 4983 Fuerunt
3276 4920 3468 4983 etiam

1933 5024 2046 5087 alii
2088 5025 2202 5106 qui
2244 5025 2543 5090 dixerunt
2582 5026 2902 5090 mundum
2944 5028 3182 5089 factum
3217 5045 3352 5091 esse
3387 5045 3471 5090 ΒΧ

1934 5133 2267 5216 principiis
2293 5135 2872 5216 praeexistentibus,
2906 5133 3137 5196 scilicet
3160 5153 3244 5198 ex
3270 5140 3472 5199 mate-

1937 5242 2035 5305 ria
2056 5244 2122 5305 et
2146 5242 2378 5321 torma;
2410 5243 2519 5307 sed
2544 5243 2766 5306 formae
2795 5239 3069 5305 latebant
3091 5242 3158 5304 in
3181 5242 3470 5321 materia,

1941 5403 2127 5467 ⁴*Iln'd.,
2156 5409 2294 5454 cont.
2318 5408 2399 5454 71.
2417 5431 2479 5441 —
2504 5405 2523 5439 ³
2542 5405 2689 5463 mid„
2718 5409 2855 5456 cout-
2877 5408 2937 5456 82
2952 5421 2968 5469 ;
2997 5408 3060 5456 de
3087 5410 3240 5473 Coelo,
3257 5410 3346 5461 lib.
3375 5410 3439 5460 ΙΙΙ
3458 5446 3473 5472 ,

1944 5480 2080 5527 cont.
2103 5478 2246 5525 61.—
2266 5478 2329 5538 (α)
2364 5475 2484 5526 Coet.
2518 5475 2638 5526 edit.
2669 5477 3149 5547 inproducto.—(b)
3180 5485 3305 5535 Item
3329 5482 3472 5532 fides.

3161 5577 3242 5636 16

3509 4298 3525 4313 ν
3539 4276 3707 4340 Impu-

3493 4353 3660 4401 guntur.

3551 4935 3710 4977 Secun-

3498 4996 3708 5039 duserror
