4125 6225
16 3112 70 3158 Im

0 3183 64 3221 mn

945 512 1165 597 DIST.
1204 511 1368 579 vm.
1409 510 1639 578 PART.
1683 510 1764 576 ΙΙ.
1807 510 1989 576 ART.
2034 510 2084 576 1.
2127 509 2424 589 QUAEST.
2469 510 2576 577 111.

203 652 295 718 vel
317 649 592 715 auditus,
623 646 726 713 Sic
748 650 811 713 et
843 648 916 711 in
950 647 1291 731 proposito,
1324 647 1576 713 daemon
1604 666 1724 731 po-

200 764 309 827 test
330 758 772 842 phantasmata
797 756 1134 821 existentia
1168 755 1241 820 in
1279 773 1523 837 organo
1560 755 1725 819 inte-

199 866 559 932 riorifacere
583 864 872 928 diffluere
899 863 980 927 ad
1010 881 1256 944 organa
1290 880 1636 943 sensuum3
1664 864 1727 925 et

198 973 278 1038 sic
308 972 562 1038 videtur
607 969 856 1035 homini
890 970 1062 1052 quod
1087 970 1328 1050 videat,
1369 968 1472 1034 vel
1499 968 1726 1032 sentiat

197 1082 389 1163 ipsam
417 1097 578 1158 rem,
608 1078 766 1142 dum
791 1097 874 1144 ex
895 1079 986 1142 rei
1014 1078 1454 1162 phantasmate
1481 1078 1722 1143 forma-

196 1190 295 1253 tur
316 1204 639 1269 organum
660 1236 677 1266 ‚
709 1190 772 1250 et
795 1186 1062 1250 intentio
1089 1204 1314 1250 sensus
1351 1203 1543 1269 super
1565 1184 1726 1248 illud

196 1295 600 1372 convertitur,
624 1293 870 1376 J’udicat
892 1295 969 1358 de
994 1293 1409 1359 similitudine
1435 1311 1510 1358 ac
1539 1292 1593 1357 si
1617 1310 1721 1357 es-

197 1407 284 1467 set
308 1403 560 1466 veritas,
590 1401 690 1465 Ab
734 1400 1035 1465 exteriori
1063 1420 1252 1482 vero,
1278 1401 1515 1485 species
1559 1401 1725 1484 0in-

196 1508 426 1579 ciendo,
458 1511 666 1591 potest
690 1508 811 1573 hoc
841 1508 1032 1573 modo
1067 1525 1330 1573 sensum
1372 1508 1720 1575 ludificare.

196 1614 600 1700 Unaquaeque
620 1616 793 1682 enim
822 1632 925 1682 res
949 1621 1102 1681 nata
1127 1620 1221 1681 est
1238 1618 1510 1701 speciem
1538 1634 1723 1683 suam

195 1723 573 1806 susceptibili
615 1723 788 1788 dare.
837 1723 919 1788 Et
959 1724 1015 1787 si
1062 1725 1225 1789 esset
1265 1723 1503 1807 aliquid
1551 1725 1724 1807 quod

196 1849 319 1896 non
359 1835 614 1897 tantum
655 1832 930 1916 speciem
968 1833 1354 1916 susciperet,
1394 1833 1504 1898 sed
1531 1833 1724 1898 etiam

195 1943 400 2005 tenere
445 1944 694 2024 posset3
728 1943 937 2023 posset
967 1940 1398 2017 circumferri,
1434 1944 1499 2005 et
1532 1939 1725 2004 alicui

197 2063 306 2129 pro
327 2047 592 2113 veritate
616 2048 855 2127 offerri,
889 2047 1053 2112 sicut
1086 2046 1439 2112 ostenditur
1471 2047 1629 2112 luna
1656 2046 1725 2110 in

195 2159 400 2236 puteo.
436 2154 614 2235 Quia,
642 2172 801 2238 ergo
841 2142 975 2220 non
1011 2154 1164 2220 latet
1191 2155 1552 2220 daemonem
1599 2174 1726 2220 na-

195 2266 333 2328 tura
369 2264 737 2348 specularia,
768 2282 903 2328 non
937 2264 1147 2328 solum
1180 2262 1538 2347 susceptiva
1580 2281 1724 2346 spe-

194 2370 428 2434 cierum
446 2420 465 2451 ,
493 2372 597 2437 sed
628 2372 822 2436 etiam
864 2371 1207 2452 retentiva3
1246 2371 1565 2436 mediante
1590 2370 1721 2448 illa,

193 2481 386 2560 potest
418 2497 897 2562 quamcumque
932 2480 1109 2558 vult,
1159 2482 1222 2543 et
1261 2481 1724 2562 cujuscumque

192 2586 280 2649 rei
306 2588 468 2668 vult,
499 2588 774 2671 speciem
808 2607 926 2671 pro
952 2588 1220 2653 veritate
1248 2587 1537 2652 sensibus
1567 2606 1723 2652 nos-

189 2691 298 2754 tris
323 2693 591 2773 offerre;
641 2713 839 2777 quam
884 2713 1034 2758 cum
1091 2712 1209 2777 pro
1254 2695 1521 2758 veritate
1558 2694 1723 2759 acci-

187 2799 389 2880 piunt,
440 2799 872 2865 ludificantur.
925 2799 1112 2865 Hunc
1162 2800 1363 2882 igitur
1412 2799 1723 2883 triplicem

187 2909 444 2973 modum
474 2909 693 2974 dicunt
736 2910 1015 2975 daemoni
1054 2928 1189 2974 esse
1223 2909 1628 2993 possibilem;
1661 2910 1725 2974 et

185 3032 328 3078 eum
359 3016 555 3081 modo
581 3017 676 3080 uti
703 3016 848 3095 hoc,
885 3016 1074 3081 modo
1109 3018 1254 3097 illo,
1281 3021 1346 3081 et
1369 3017 1559 3081 modo
1588 3019 1724 3080 ter-

68 3130 159 3221 310·
184 3124 284 3188 tio.
330 3124 454 3191 Sed
484 3126 751 3208 quilibet
785 3127 1022 3191 horum
1049 3124 1412 3202 modorum,
1449 3129 1524 3189 ut
1551 3127 1723 3208 patet

88 3210 101 3224 ’
181 3231 444 3298 interius
479 3233 943 3312 consideranti,
973 3234 1167 3298 habet
1199 3232 1440 3315 aliquid
1480 3232 1721 3315 impro-

181 3338 538 3407 babilitatis,
565 3340 708 3407 Non
726 3342 898 3406 enim
917 3342 1170 3407 videtur
1197 3340 1518 3425 possibile,
1548 3341 1722 3424 quod

178 3447 533 3517 substantia
560 3451 936 3535 spiritualia,
963 3469 1110 3533 quae
1142 3448 1336 3514 hahet
1369 3449 1437 3514 in
1476 3468 1543 3514 se
1573 3468 1719 3532 spe-

177 3555 297 3620 cies
325 3560 597 3624 omnino
624 3558 1081 3624 immateriales
1098 3607 1117 3637 ,
1148 3557 1347 3640 possit
1380 3575 1487 3621 eas
1515 3556 1719 3621 sensi-

174 3661 290 3728 bus
313 3664 686 3749 imprimere
704 3715 723 3746 ,
755 3684 906 3730 cum
951 3664 1220 3730 omnino
1247 3663 1328 3727 sit
1351 3663 1557 3728 virtus
1597 3663 1721 3727 im-

172 3773 752 3855 proportionabilis.
809 3771 938 3838 Nec
985 3774 1178 3839 etiam
1229 3772 1488 3837 videtur
1544 3770 1719 3854 quod

173 3882 408 3961 species
465 3883 549 3947 ab
593 3901 841 3966 organo
891 3882 1180 3946 interiori
1222 3880 1712 3962 regrediantur,

171 4007 316 4054 cum
345 3991 467 4056 iste
493 3992 578 4056 sit
605 3992 759 4056 ordo
794 3991 1223 4073 retrogradus.
1251 3988 1566 4070 Praeterea
1592 3990 1718 4054 mi·

168 4114 313 4161 rum
331 4102 430 4163 est
446 4100 657 4178 valde,
683 4099 737 4162 si
757 4099 1011 4163 daemon
1028 4097 1273 4162 invenit
1288 4098 1379 4162 ita
1395 4116 1715 4179 magnum

167 4206 527 4287 speculum,
561 4207 630 4270 in
656 4225 785 4289 quo
814 4207 883 4271 in
912 4205 1356 4288 magnitudine
1382 4223 1499 4270 sua
1531 4209 1596 4270 et
1618 4206 1714 4270 la-

166 4312 435 4379 titudine
462 4315 663 4398 possit
687 4316 1016 4380 ostendere
1047 4333 1256 4378 unum
1282 4317 1558 4378 castrum
1577 4363 1595 4394 ‚
1628 4315 1717 4378 si-

166 4422 271 4485 cut
294 4421 600 4504 pluribus
624 4422 966 4506 aliquando
984 4425 1080 4486 est
1104 4425 1453 4487 ostensum.
1474 4420 1711 4487 Mirum

166 4531 257 4591 est
281 4530 483 4594 etiam
506 4578 524 4608 ,
553 4529 607 4592 si
633 4530 808 4595 videt
842 4530 990 4613 quis
1015 4529 1105 4593 ita
1139 4548 1280 4594 rem
1304 4578 1323 4609 ,
1354 4530 1527 4612 quod
1579 4547 1712 4593 non

164 4638 366 4716 potest
387 4638 615 4704 videre
649 4637 1002 4721 speculum.
1047 4635 1353 4702 Mirabilis
1397 4640 1492 4702 est
1517 4637 1708 4701 etiam

162 4746 392 4809 natura
417 4745 571 4809 talis
594 4746 689 4810 rei
717 4745 1066 4829 corporalis
1081 4794 1099 4825 ,
1136 4762 1286 4828 quae
1317 4748 1522 4828 potest
1561 4763 1712 4827 spe-

161 4849 319 4915 ciem
346 4852 677 4934 suscipere
696 4857 760 4919 et
775 4857 1013 4932 tenere,
1036 4870 1187 4917 cum
1214 4850 1547 4916 videamus
1572 4868 1710 4933 spe-

158 4954 318 5022 ciem
344 4958 432 5023 ab
463 4959 716 5042 objecto
749 4960 1003 5045 speculo
1026 4958 1404 5024 sensibiliter
1431 4955 1711 5041 separari

156 5079 286 5128 non
312 5085 530 5149 posse.

0 5161 130 5217 ΡΜ.
234 5170 385 5238 Ideo
418 5174 593 5239 auus
636 5174 867 5238 modus
891 5174 1135 5239 dicendi
1178 5178 1302 5254 est,
1341 5172 1456 5256 qui
1495 5172 1706 5253 masis

156 5285 251 5343 est
275 5299 610 5347 consonus
631 5289 882 5349 naturae
911 5288 974 5348 et
1010 5281 1448 5363 intelligentia),
1484 5301 1500 5343 t
1531 5279 1704 5362 quod

153 5388 411 5456 daemon
441 5395 654 5475 potest
688 5390 1011 5456 ludificare
1037 5408 1296 5469 sensus,
1326 5389 1461 5455 sive
1486 5391 1705 5453 osten-

152 5495 357 5563 dendo
377 5516 669 5583 praesens
693 5516 826 5563 esse
861 5499 1034 5582 quod
1052 5517 1184 5564 non
1213 5501 1328 5575 est,
1352 5496 1489 5561 sive
1515 5497 1696 5561 aliter

3257 520 3368 579 451

1834 646 2222 712 ostendendo
2243 664 2439 730 quam
2458 651 2573 727 est,
2592 647 2727 712 sive
2745 649 3186 715 abscondendo
3203 650 3375 733 quod

1833 772 2116 837 praesens
2156 758 2271 819 est.
2319 752 2608 818 Primum
2648 754 2907 838 quidem
2951 756 3099 820 facit
3139 754 3377 839 species

1834 862 2190 942 offerend03
2222 861 2576 926 secundum
2616 863 2764 926 facit
2805 880 3069 927 sensum
3109 861 3213 927 vel
3258 862 3378 927 ob-

1827 969 2075 1051 jectum
2093 969 2507 1048 devariand03
2539 968 2802 1033 tertium
2822 987 2976 1034 vero
2998 969 3146 1033 facit
3172 968 3374 1053 impe-

1834 1078 2193 1143 dimentum
2218 1078 2602 1160 praestandO.
2636 1076 2930 1143 Primum
2956 1082 3158 1161 potest
3183 1078 3376 1142 intel·
3426 1054 3619 1160 „53:1⁸

1832 1184 1952 1266 ligi
1977 1185 2067 1250 sic
2095 1208 2110 1249 t
2148 1184 2411 1262 Quando
2436 1185 2882 1269 phantasmata
2911 1184 3247 1250 existentia
3268 1185 3376 1248 in·-
3423 1188 3526 1255 ‘1¹¹9‘
3557 1187 3600 1225 εἰ

1835 1293 2034 1357 terius
2070 1291 2428 1357 offeruntur
2466 1292 2615 1357 forti
2650 1293 2968 1358 oblatione
3008 1292 3129 1376 ipsi
3156 1292 3380 1358 virtuti
3423 1244 3619 1351 ιῖἶᾏιῗῗί

1834 1400 2151 1479 interiori,
2179 1400 2281 1465 vel
2320 1403 2526 1466 virtus
2552 1400 2819 1466 interior
2856 1400 3101 1466 fortiter
3126 1400 3251 1464 illis
3276 1399 3380 1465 in·
3407 1369 3622 1476 232¹}ss

1833 1510 2142 1589 tenditur,
2167 1508 2519 1575 similitudo
2544 1508 2639 1573 rei
2667 1507 2924 1574 videtur
2950 1526 3086 1573 esse
3116 1509 3374 1574 veritaS.
3407 1495 3578 1540 dmm·

1834 1616 1968 1683 Hoc
1989 1617 2400 1682 manirestum
2419 1620 2515 1683 est
2529 1635 2643 1701 per
2658 1620 2956 1682 naturam
2980 1639 2995 1680 ε
3022 1634 3176 1681 nam
3198 1617 3381 1699 phre-

1833 1726 2040 1791 netico
2056 1773 2075 1804 ‚
2121 1730 2379 1810 propter
2415 1742 2752 1791 ascensum
2803 1725 3246 1790 fumositatum
3299 1725 3381 1789 ad

1833 1835 2191 1914 cerebrum,
2224 1853 2305 1899 ex
2333 1833 2581 1899 modica
2607 1833 2937 1898 occasione
2960 1831 3261 1897 exteriori
3285 1831 3381 1897 vi·

1833 1940 2022 2006 detur
2050 1942 2111 2007 ei
2157 1942 2328 2024 quod
2373 1940 2586 2007 videat
2620 1940 2846 2021 multa,
2889 1958 3037 2023 quae
3069 1958 3199 2005 non
3230 1943 3382 2004 sunt

1834 2047 1950 2111 sibi
2004 2048 2348 2131 praesentia
2369 2097 2387 2129 ‚
2418 2047 2524 2115 vel
2567 2048 2742 2131 quod
2789 2048 3025 2113 audiat.
3075 2047 3382 2113 Similiter

1832 2173 1948 2238 per
1969 2157 2202 2221 fortem
2229 2156 2716 2221 conversionem
2744 2155 3133 2234 intentioniS,
3164 2155 3380 2238 phan-

1832 2266 2038 2329 tasma
2091 2263 2348 2329 videtur
2408 2264 2645 2329 veritas
2679 2311 2697 2341 ,
2754 2263 2919 2327 sicut
2975 2261 3382 2344 Augustinus

1832 2371 2258 2456 exemplificat
2313 2371 2381 2435 in
2444 2370 2608 2436 libro
2659 2370 2739 2437 dc
2794 2371 2846 2434 Τ
2840 2370 3112 2437 rinitate
3134 2417 3155 2448 ,
3210 2367 3383 2451 quod

1832 2481 2095 2564 quidam
2114 2483 2290 2545 tanta
2316 2478 2732 2545 conversione
2749 2477 3139 2559 recogitabat
3166 2479 3380 2559 quus-

1832 2589 1981 2653 dam
2010 2587 2300 2652 mulieris
2324 2587 2677 2668 imaginem
2701 2633 2718 2663 ‚
2745 2586 2919 2668 quod
2953 2584 3015 2649 ei
3044 2584 3380 2648 carnaliter

1831 2694 2225 2760 commisceri
2265 2693 2603 2758 videbatur
2629 2692 2822 2758 etiam
2858 2689 3207 2773 vigilando.
3257 2688 3378 2754 Per
3450 2708 3618 2752 rrimus

1829 2800 2005 2866 hunc
2024 2800 2293 2865 modum
2309 2800 2566 2865 daemon
2584 2801 2788 2882 potest
2808 2797 2942 2863 sive
2955 2797 3378 2861 intentionem
3403 2771 3571 2815 '⁰⁰³⁰‘

1833 2908 1910 2972 ad
1933 2908 2291 2990 imaginem
2316 2909 2712 2983 convertere,
2734 2906 2872 2970 sive
2889 2905 3101 2969 fumos
3130 2902 3378 2987 aliquos

1831 3015 2233 3080 immittendo
2247 3014 2542 3098 spiritum
2560 3012 2905 3077 animalem
2921 3011 3289 3090 immutare,
3313 3015 3378 3075 et

1827 3120 2271 3205 phantasmata
2304 3121 2726 3187 diversimode
2752 3119 2993 3185 variate
3007 3167 3025 3197 ,
3069 3122 3134 3183 et
3172 3118 3378 3182 inten-

1829 3229 1988 3294 tioni
2031 3229 2262 3294 offerre
2289 3277 2305 3306 ‚
2346 3233 2409 3305 et
2452 3228 2543 3292 sic
2593 3227 2844 3292 diversa
2881 3225 3131 3290 homini
3170 3225 3376 3289 facere

1827 3355 2135 3421 apparere
2158 3359 2173 3401 ε
2197 3340 2262 3401 et
2272 3336 2396 3401 hoc
2418 3334 2610 3400 modo
2627 3335 2831 3399 utitur
2842 3331 3371 3416 frequentissime.

1827 3444 1910 3508 Et
1947 3445 2149 3528 hujus
2193 3444 2455 3526 signum
2498 3446 2623 3521 est,
2669 3442 2818 3525 quia
2856 3458 3194 3523 nunquam
3228 3438 3377 3524 facit

1827 3553 2162 3618 hominem
2197 3551 2442 3635 aliquid
2487 3550 2722 3616 sentire
2745 3597 2762 3628 ‚
2792 3550 2981 3631 cuius
3020 3547 3375 3630 imaginem

1825 3680 1960 3726 non
1982 3661 2215 3726 habeat
2242 3662 2313 3725 in
2337 3660 2627 3724 interiori
2646 3675 2891 3740 organo
2922 3656 3373 3736 virtutisima-

1825 3769 2122 3850 ginariae.
2164 3767 2511 3850 Nunquam
2546 3766 2720 3831 enim
2762 3783 2961 3830 caecos
3002 3764 3376 3828 naturaliter

1824 3876 1975 3941 facit
1998 3876 2319 3942 somniare
2366 3875 2442 3940 de
2485 3874 2804 3939 coloribus
2817 3921 2833 3951 ,
2875 3891 2994 3937 nec
3026 3871 3252 3937 surdos
3295 3871 3372 3936 de

1824 3985 2020 4064 soniS,
2064 4003 2183 4049 nec
2229 3983 2324 4048 eis
2371 3982 2523 4047 talia
2563 3984 2974 4064 repraesentat
3017 3980 3086 4042 in
3123 3978 3368 4060 vigilia,

1823 4091 1928 4157 vel
1957 4093 2025 4157 in
2051 4092 2315 4156 somnis,
2348 4088 2714 4155 Secundum
2746 4088 3011 4152 modum
3029 4105 3371 4171 possumus
3447 4135 3611 4179 Sem

1822 4199 2180 4281 intelligere
2204 4198 2293 4262 sic
2327 4220 2342 4262 :
2375 4197 2548 4281 quod
2574 4214 2676 4260 res
2700 4195 2824 4260 alio
2864 4194 3085 4273 mod0‚
3117 4193 3221 4258 vel
3246 4191 3368 4257 sub
3396 4197 3493 4304 ἐξ
3516 4211 3609 4241 ¹¹¹0·

1823 4306 1948 4372 alia
1983 4305 2400 4389 dispositione
2437 4306 2738 4388 appareat
2767 4301 2983 4367 sensui
3004 4350 3023 4382 ‚
3053 4318 3250 4384 quam
3289 4300 3370 4363 sit

1823 4413 2222 4493 naturaliter,
2249 4415 2455 4495 potest
2479 4411 2852 4491 contingere
2875 4411 3134 4492 propter
3154 4406 3368 4471 varia-

1820 4521 2062 4585 tionem
2080 4520 2364 4603 aliquam
2377 4537 2458 4583 ex
2476 4521 2652 4602 parte
2665 4516 2918 4599 organi,
2936 4516 3095 4579 sicut
3113 4514 3368 4597 quando

1820 4632 2059 4697 humor
2095 4630 2491 4712 sanguineus
2508 4677 2527 4709 ,
2571 4627 2678 4694 vel
2716 4644 2919 4710 vapor
2963 4626 3198 4707 igneus
3225 4623 3369 4689 des-

1821 4741 2026 4805 cendit
2079 4739 2160 4804 ad
2185 4738 2433 4819 oculos,
2473 4738 2726 4803 videtur
2759 4734 3009 4801 homini
3052 4733 3226 4816 quod
3264 4751 3362 4809 ea,

1819 4866 1970 4931 quae
1997 4846 2278 4912 exterius
2314 4849 2487 4926 sunt,
2522 4844 2650 4909 sint
2688 4843 2928 4922 rubea3
2970 4840 3075 4906 vel
3111 4843 3367 4924 propter

1819 4955 2240 5021 variationem
2267 4954 2552 5036 aliquam
2577 4971 2659 5017 ex
2689 4954 2869 5035 parte
2895 4947 3126 5031 objecti
3146 4995 3165 5026 ‚
3203 4947 3368 5011 sicut

1818 5064 2134 5146 contingit
2159 5061 2521 5145 aliquando,
2553 5059 2729 5144 quod
2757 5077 2838 5124 ex
2872 5056 3184 5141 positione
3219 5074 3367 5120 can·
3424 5102 3581 5146 Em,-

1817 5175 1974 5240 delae
2001 5174 2183 5238 factae
2214 5173 2292 5237 de
2331 5170 2639 5255 serpentis
2676 5167 3067 5251 pinguedine
3090 5213 3107 5243 ‚
3139 5169 3201 5229 et
3231 5164 3363 5228 dis-
3410 5165 3529 5271 9¹⁰3·
3544 5166 3603 5271 ¹de

1815 5282 2126 5366 positione
2182 5281 2511 5364 palearum
2530 5324 2551 5355 ,
2609 5275 2907 5339 videntur
2972 5271 3175 5355 paleae
3229 5288 3363 5335 ser·
3409 5241 3604 5366 ἷξὲιιοῖι

1814 5393 2035 5472 pentes
2061 5406 2197 5453 esse
2232 5385 2606 5470 operatione
2646 5379 2951 5446 naturali.
3001 5379 3222 5444 Simile
3266 5380 3361 5442 est
3388 5367 3603 5462 4¹52ssssssss

1814 5497 1881 5560 in
1928 5495 2250 5578 aliquibus
2295 5491 2641 5558 virtutibus
2666 5488 3097 5571 quarumdam
3137 5485 3359 5552 rerum
3387 5480 3547 5538 ¹²⁶⁸&-
