4125 6225
1441 411 1636 480 ms‘r.
1679 408 1843 478 xm.
1888 403 2046 476 ΛΒΤ
2089 409 2140 475 1.
2171 405 2483 499 ‚QnAEs‘n
2529 410 2583 478 1.

380 556 830 621 convenienter
856 556 1088 621 dicitur
1125 555 1293 622 Deus
1318 557 1570 640 operari
1598 558 1670 621 in
1707 556 1869 621 Filio
1896 603 1914 634 ,

380 666 444 728 et
470 663 715 728 ratione
749 662 1112 749 identitatis,
1144 663 1299 746 quia
1319 661 1506 728 Pater
1530 681 1802 747 operans
1826 667 1921 728 est

379 769 450 833 in
488 768 679 850 Fi1i03
727 773 791 834 et
830 770 1079 836 ratione
1106 771 1511 849 causalitatis,
1541 772 1696 855 quia
1721 771 1920 836 Filius

381 881 476 941 est
501 895 690 941 causa
720 877 981 943 effectus
1020 878 1312 962 producti
1342 899 1381 945 a
1409 879 1591 944 Patre
1636 899 1653 943 :
1690 883 1754 944 et
1777 880 1919 945 ideo

381 983 521 1048 haec
539 986 925 1068 praemsitiO,
948 988 1046 1066 in,
1075 1005 1225 1052 cum
1252 1006 1372 1052 suo
1398 987 1656 1068 causali,
1681 988 1923 1070 accipi-

379 1092 488 1154 tur
526 1090 597 1155 in
639 1091 876 1158 divinis
911 1112 1059 1158 cum
1103 1095 1317 1160 verbis
1342 1095 1645 1160 absolutis
1669 1090 1744 1160 et'
1772 1113 1923 1159 cum

381 1199 753 1278 transitivis,
783 1201 1031 1267 ratione
1058 1203 1326 1287 duplicis
1351 1202 1772 1284 habitudinis,
1801 1202 1925 1267 sci-

380 1308 528 1374 licet
565 1311 945 1376 causalitatis
986 1316 1050 1378 et
1091 1313 1474 1396 identitatis3
1523 1315 1665 1380 haec
1705 1319 1922 1380 autem

382 1419 746 1501 praepositio
764 1468 782 1500 ,
807 1435 942 1503 per,
977 1424 1234 1505 quando
1261 1424 1565 1507 importat
1605 1423 1926 1489 habitudi-

383 1543 535 1589 nem
551 1544 762 1592 causae
782 1532 846 1593 et
872 1529 1188 1613 principii,
1215 1549 1349 1596 non
1373 1531 1677 1615 recipitur
1701 1531 1823 1595 nisi
1856 1530 1926 1595 in

384 1631 509 1696 illis
530 1633 742 1698 verbis
761 1653 908 1717 quae
935 1636 1281 1720 important
1297 1637 1577 1722 aliquem
1601 1638 1921 1718 effectum,

385 1742 675 1822 respectu
700 1745 887 1825 cujus
911 1742 1110 1808 Filius
1135 1745 1327 1811 habet
1345 1745 1784 1811 causalitatem
1817 1768 1832 1811 ε
1864 1749 1929 1810 et

385 1846 526 1910 ideo
560 1848 862 1932 recipitur
900 1852 1073 1934 quod
1109 1851 1293 1918 Pater
1333 1857 1635 1936 operatur
1673 1871 1787 1936 per
1812 1851 1926 1916 Fi-

384 1952 583 2033 lium;
615 1956 724 2020 sed
767 1960 983 2022 tamen
1025 1977 1160 2024 non
1197 1961 1505 2043 recipitur
1542 1961 1715 2045 quod
1743 1959 1928 2025 Pater

386 2061 470 2124 sit
501 2079 618 2145 per
654 2062 913 2129 Filium.
955 2064 1078 2131 Sed
1107 2067 1250 2132 haec
1283 2067 1537 2151 planius
1585 2068 1751 2132 dicta
1778 2071 1932 2132 sunt

386 2168 456 2231 in
481 2169 689 2251 primo
709 2170 893 2251 libro,
915 2172 1320 2240 distinctione
1348 2194 1565 2257 xxxn3
1591 2180 1655 2241 et
1679 2176 1822 2243 ideo
1848 2176 1930 2242 ad

389 2293 672 2359 praesens
694 2277 835 2344 haec
861 2281 1195 2347 sufficiant.

858 2521 1344 2594 ARTICULUS
1396 2526 1450 2595 Ι.

469 2707 567 2772 Ad
610 2707 1101 2791 intelligentiam
1148 2711 1348 2795 hujus
1395 2714 1591 2798 partis
1613 2764 1632 2794 ,
1681 2717 1753 2781 in
1797 2735 1931 2803 qua

392 2811 607 2891 agitur
631 2810 708 2874 de
732 2810 1108 2878 formatione
1133 2813 1316 2895 lucis,
1343 2833 1492 2898 quae
1508 2822 1604 2883 est
1620 2837 1783 2903 opus
1800 2823 1932 2905 pri-

395 2934 517 2981 mae
561 2917 725 2998 diei,
770 2923 1157 3002 quaeruntur
1199 2922 1320 2987 tria
1350 2945 1366 2987 ι
1395 2924 1681 3008 primum
1720 2933 1815 2993 est
1854 2929 1932 2994 de

393 3023 529 3107 ipsa
583 3024 745 3088 lucis
799 3026 1249 3108 productione;
1304 3032 1658 3098 secundum
1710 3040 1805 3100 est
1856 3036 1933 3102 de

391 3130 591 3213 ipsius
622 3131 788 3196 lucis
833 3135 1102 3200 essentia
1160 3141 1224 3201 et
1288 3143 1523 3205 natura
1560 3141 1631 3205 in
1674 3159 1774 3230 se3
1811 3148 1935 3209 ter-

392 3236 557 3301 tium
594 3243 690 3302 est
726 3239 804 3304 de
831 3239 1033 3322 ipsius
1068 3242 1229 3308 lucis
1258 3245 1489 3311 effectu
1503 3296 1521 3328 ,
1553 3251 1618 3313 et
1651 3248 1936 3316 illustra-

392 3345 585 3411 tione.
617 3345 792 3412 Girca
816 3348 1104 3431 primum
1128 3350 1256 3417 duo
1274 3360 1656 3436 quaeruntur
1688 3358 1935 3442 :primo

395 3454 711 3536 quaeritur
739 3458 968 3520 utrum
993 3472 1109 3541 per
1131 3458 1309 3524 illam
1330 3461 1566 3544 lucem,
1601 3483 1749 3547 quae
1775 3464 1931 3530 dici-

395 3565 505 3626 tur
526 3579 662 3627 esse
682 3580 846 3646 opus
862 3564 1088 3647 primae
1106 3566 1253 3646 diei,
1275 3569 1588 3653 intelligat
1605 3572 1938 3657 Scriptura

393 3667 606 3734 lucem
621 3670 1035 3754 corporalem,
1049 3674 1154 3739 vel
1180 3676 1574 3759 spiritualem
1590 3700 1607 3761 ;
1626 3683 1927 3764 secund0,

396 3776 541 3841 dato
563 3778 735 3861 quod
754 3778 1070 3863 intelligat
1094 3785 1513 3867 corporalem,
1545 3793 1641 3853 est
1663 3791 1932 3873 quaestio

399 3884 672 3967 qualiter
694 3885 962 3953 iaciebat
985 3889 1158 3954 diem
1184 3895 1248 3956 et
1273 3897 1549 3961 noctem.

930 4195 1287 4275 QUAESTIO
1332 4198 1382 4265 1.

438 4365 533 4425 An
567 4369 664 4425 luae
696 4371 876 4442 primo
922 4370 1012 4429 die
1052 4375 1206 4442 tacta
1242 4376 1414 4445 ficei-it
1455 4378 1791 4451 corporalis,
1819 4381 1907 4438 vel

982 4465 1297 4535 spiritualis
1317 4467 1358 4555 ¹.

161 4663 238 4708 Λα
269 4673 375 4718 opp.
485 4638 663 4705 Circa
686 4660 885 4726 quam
929 4644 1019 4709 sic
1056 4648 1439 4731 proceditur,
1478 4655 1542 4715 et
1564 4650 1942 4735 ostenditur,

406 4747 578 4829 quod
615 4748 724 4814 illa
760 4750 877 4816 lux
897 4800 916 4832 ,
946 4771 1094 4837 quae
1120 4754 1351 4821 dicitur
1385 4759 1592 4842 primo
1623 4761 1723 4825 die
1750 4760 1945 4827 fuisse

408 4858 619 4921 creata
638 4904 656 4935 ,
681 4876 816 4923 non
841 4862 978 4923 erat
1003 4859 1121 4925 lux
1146 4864 1510 4946 corporalis.
1544 4865 1690 4932 Lux
1729 4886 1947 4953 corpo-

405 4962 556 5026 ralis
594 4968 689 5028 est
721 4964 803 5030 ad
827 4965 1117 5033 decorem
1144 4974 1208 5034 et
1234 4972 1773 5055 complementum
1803 4978 1948 5043 coeli

3458 405 3575 477 545

2027 557 2094 620 et
2133 553 2388 621 decorat
2429 552 2687 638 aliquod
2731 570 2961 636 corpus
2978 600 2996 633 ,
3029 569 3165 617 non
3207 555 3415 635 potest
3455 571 3576 619 nec

2030 662 2216 728 debet
2236 666 2385 727 ante
2406 662 2623 745 ipsum
2645 660 2817 738 fleri;
2846 676 2997 724 cum
3017 657 3343 742 productio
3359 659 3578 724 firma-
3632 677 3645 689 ·

2031 769 2232 834 menti
2257 773 2492 854 spectet
2517 770 2599 834 ad
2624 786 2790 852 opus
2814 765 3109 833 secundae
3134 766 3285 846 diei,
3319 767 3577 832 videtur

2030 878 2204 960 quod
2247 879 2456 961 primo
2497 877 2599 941 die
2640 876 2756 941 lux
2801 874 3145 959 corporalis
3184 893 3303 939 nec
3340 875 3572 958 potuit,

2030 1002 2150 1049 nec
2176 985 2396 1050 debuit
2408 984 2548 1049 fieri
2573 1007 2589 1048 :
2616 984 2726 1049 sed
2752 983 2873 1049 fuit
2891 983 3055 1048 facta
3070 982 3188 1048 lux
3207 981 3573 1065 corporalis,

2031 1095 2138 1161 vel
2166 1095 2517 1179 spiritualis
2552 1115 2569 1159 :
2603 1114 2785 1177 ergo,
2820 1099 2940 1160 etc.

2114 1207 2176 1268 2.
2208 1202 2369 1269 Item
2395 1205 2466 1269 in
2490 1203 2973 1269 enumeratione
2999 1220 3273 1287 operum
3298 1220 3414 1268 sex
3436 1201 3577 1268 die-

2032 1330 2185 1377 rum
2201 1360 2221 1393 ,
2252 1312 2527 1377 intendit
2571 1310 2901 1396 Scriptura
2944 1311 3260 1396 explicare
3297 1310 3578 1395 produc-

2033 1419 2276 1485 tionem
2293 1420 2555 1485 illorum
2585 1438 2735 1503 quae
2762 1418 3159 1485 constituunt
3175 1419 3575 1500 universum,

2034 1526 2200 1593 sicut
2223 1529 2636 1593 manifestum
2660 1530 2755 1593 est
2782 1548 2798 1592 z
2825 1544 2982 1609 ergo
3007 1526 3112 1592 vel
3138 1529 3430 1593 creatura
3450 1527 3580 1610 spi-

2034 1637 2288 1702 ritualis
2303 1686 2322 1718 ,
2351 1639 2569 1720 utpote
2607 1635 2878 1718 angelus
2896 1683 2915 1714 ,
2956 1652 3090 1700 non
3121 1638 3216 1700 est
3240 1636 3321 1700 de
3345 1635 3582 1701 consti-

2034 1744 2282 1809 tutione
2319 1744 2652 1825 universi,
2681 1742 2786 1809 vel
2815 1741 3147 1825 Scriptura
3180 1759 3405 1808 rerum
3430 1761 3584 1826 pro-

2037 1850 2404 1916 ductionem
2440 1850 2902 1916 insufficienter
2953 1848 3228 1933 explicat
3265 1854 3331 1915 et
3366 1850 3579 1929 tradit,

2037 1959 2143 2024 vel
2173 1961 2420 2042 oportet
2447 1976 2562 2041 per
2586 1956 2828 2040 aliquid
2853 1955 2943 2020 ibi
2960 1956 3247 2039 positum
3266 1956 3579 2041 exprimi:

2037 2066 2151 2131 sed
2190 2066 2386 2150 primi
2428 2065 2559 2131 duo
2598 2064 2775 2129 modi
2815 2067 2969 2128 sunt
3010 2063 3532 2130 inconvenientes
3564 2086 3579 2129 ε

2036 2177 2235 2240 restat
2254 2191 2434 2257 ergo,
2463 2173 2635 2257 quod
2662 2171 2992 2257 Scriptura
3015 2173 3290 2256 explicat
3308 2174 3587 2257 produc-

2037 2282 2279 2348 tionem
2305 2285 2616 2348 creaturae
2643 2281 2952 2364 angelicae
2982 2301 2998 2347 ε
3025 2281 3136 2347 sed
3157 2285 3450 2348 creatura
3475 2301 3588 2348 an-

2039 2389 2247 2472 gelica
2287 2389 2411 2456 fuit
2451 2390 2522 2453 in
2559 2388 2877 2473 principio
2920 2392 3153 2469 creata,
3180 2389 3345 2455 sicut
3369 2395 3587 2455 osten-

2039 2511 2189 2559 sum
2233 2497 2327 2559 est
2369 2510 2564 2577 supra
2581 2541 2599 2573 ,
2629 2493 2782 2575 quia
2806 2494 2832 2528 ¹
2852 2494 3037 2575 prior
3061 2495 3349 2560 omnium
3373 2499 3587 2562 creata

2040 2611 2138 2673 est
2163 2605 2488 2688 sapientia
2514 2626 2541 2670 .·
2567 2620 2727 2686 ergo
2758 2605 2899 2687 ejus
2923 2604 3255 2688 productio
3280 2606 3590 2689 exprimi-

2038 2715 2149 2777 tur
2161 2730 2276 2796 per
2286 2730 2449 2796 opus
2464 2712 2689 2795 primae
2703 2711 2854 2792 diei,
2878 2711 2984 2778 vel
3001 2712 3226 2778 saltem
3244 2712 3542 2780 formatio
3568 2733 3587 2779 ε

2041 2820 2154 2886 sed
2179 2839 2342 2905 opus
2368 2820 2600 2904 primae
2639 2819 2768 2885 diei
2803 2836 2939 2885 non
2959 2819 3082 2885 fuit
3107 2820 3231 2885 nisi
3256 2821 3591 2904 productio

2039 2927 2206 2993 lucis
2237 2952 2254 2994 :
2297 2947 2455 3011 ergo
2498 2945 2613 3011 per
2654 2926 2868 2992 lucem
2917 2926 3218 3009 intelligit
3261 2926 3594 3013 Scriptura

2041 3041 2347 3103 naturam
2373 3036 2791 3122 spiritualem.

2127 3150 2186 3211 3.
2230 3144 2392 3212 Item
2423 3145 2542 3211 lux
2567 3145 2648 3211 de
2676 3142 3117 3228 spiritualibus
3151 3147 3218 3209 et
3250 3143 3596 3227 corporali-

2041 3253 2166 3320 bus
2191 3254 2423 3320 dicitur
2447 3253 2726 3338 proprie,
2758 3251 2971 3334 magis
2988 3256 3205 3317 tamen
3230 3251 3487 3336 proprie
3516 3251 3595 3317 de

2044 3363 2481 3446 spiritualibus
2502 3410 2519 3441 ,
2562 3379 2762 3445 quam
2801 3360 2881 3425 de
2930 3359 3361 3443 corporalibus
3386 3408 3404 3439 ,
3433 3359 3598 3425 sicut

2043 3467 2196 3534 dicit
2237 3469 2643 3554 Augustinus
2667 3517 2686 3549 ,
2721 3482 2914 3552 super
2961 3466 3252 3533 Genesim
3288 3464 3381 3533 ad
3417 3465 3597 3534 litte-

2045 3593 2189 3645 ram
2214 3579 2238 3616 ⁸
2267 3597 2285 3643 t
2322 3601 2355 3641 α
2387 3577 2832 3662 Propriissime
2854 3575 3031 3641 enim
3050 3574 3220 3641 Deus
3244 3574 3363 3640 lux
3388 3578 3506 3655 est,
3536 3577 3602 3640 et

2045 3703 2196 3770 quae
2222 3685 2303 3751 ad
2329 3686 2545 3769 ipsum
2573 3683 2788 3766 magis
2810 3683 3157 3761 accedunt,
3187 3683 3332 3766 plus
3361 3681 3602 3748 habent

2047 3792 2127 3858 de
2159 3796 2390 3858 natura
2422 3792 2585 3858 lucis
2618 3813 2633 3856 :
2660 3812 2692 3852 n
2718 3808 2878 3873 ergo
2903 3791 2975 3854 in
2996 3789 3411 3873 productione
3437 3788 3600 3854 lucis

2046 3903 2160 3968 illa
2178 3907 2470 3969 creatura
2496 3902 2684 3968 debet
2712 3900 3146 3985 principaliter
3170 3899 3464 3982 intelligi,
3494 3898 3602 3963 cui

2045 4009 2464 4095 principalius
2481 4008 2892 4076 convenerit:
2914 4007 3025 4073 sed
3042 4008 3186 4075 haec
3199 4011 3296 4073 est
3311 4011 3603 4073 creatura

2049 4118 2395 4201 spiritualis
2424 4136 2442 4182 t
2473 4134 2655 4200 ergo,
2689 4119 2811 4181 etc.

2130 4224 2192 4291 lt.
2235 4225 2395 4291 Item
2432 4225 2554 4290 lux
2593 4223 2706 4289 illa
2744 4221 3093 4306 corporalis
3118 4224 3215 4287 est
3242 4221 3324 4287 ad
3349 4221 3604 4287 fomen-

2049 4336 2197 4399 tum
2231 4333 2596 4417 plantarum
2612 4380 2631 4412 ,
2670 4334 2737 4396 et
2766 4330 3151 4395 animalium
3167 4377 3186 4409 ,
3213 4334 3278 4395 et
3302 4329 3498 4395 ctiam
3521 4328 3603 4394 ad

2052 4439 2353 4506 solatium
2391 4439 2735 4505 hominum
2780 4457 2798 4502 ε
2844 4436 2899 4501 si
2944 4454 3103 4519 ergo
3144 4437 3358 4520 primo
3400 4440 3464 4502 ct
3502 4454 3605 4502 se·

2055 4550 2268 4615 cundo
2298 4548 2400 4615 die
2442 4567 2576 4615 non
2618 4550 2806 4613 erant
2829 4545 3065 4629 plantae
3085 4593 3103 4624 ,
3135 4563 3284 4630 quae
3310 4546 3604 4612 soveren-

2054 4656 2187 4733 tur,
2215 4670 2335 4718 nec
2365 4650 2669 4716 animalia
2688 4698 2706 4732 ,
2742 4667 2863 4714 nec
2890 4648 3207 4729 homines,
3240 4648 3475 4733 quibus
3500 4646 3608 4713 illa
3645 4698 3652 4705 .

2055 4759 2177 4824 lux
2201 4759 2460 4843 aliquod
2483 4760 2678 4824 terret
2703 4756 3088 4840 obsequium
3105 4805 3124 4835 ,
3152 4756 3408 4820 videtur
3432 4755 3606 4838 quod

2058 4866 2226 4933 Deus
2249 4867 2485 4931 trustra
2508 4866 2756 4931 fecisset
2797 4882 2942 4929 eam
2967 4863 3039 4927 in
3067 4863 3277 4947 primo
3302 4863 3558 4927 dierum
3586 4880 3604 4925 ε

2061 4975 2234 5058 quod
2258 4974 2314 5039 si
2339 4974 2506 5040 Deus
2536 4972 2699 5038 nihil
2729 4971 2968 5036 trustra
3012 4971 3178 5052 facit,
3210 4974 3407 5036 restat
3433 4970 3608 5054 quod

408 5067 658 5152 siderei,
679 5073 816 5140 sive
839 5074 1229 5141 firmamenti
1259 5099 1275 5143 ε
1307 5078 1363 5142 si
1383 5095 1542 5163 ergo
1569 5084 1742 5165 quod
1768 5089 1955 5151 ornat
2060 5099 2178 5167 per
2216 5083 2394 5149 illam
2426 5083 2639 5148 lucem
2664 5097 2801 5145 non
2826 5077 3209 5163 intelligitur
3233 5078 3354 5145 lux
3379 5095 3608 5163 corpo-

475 5196 495 5230 ¹
514 5195 597 5261 Cf.
627 5199 682 5251 S.
705 5199 910 5266 Thom„
935 5214 989 5266 p.
1020 5204 1074 5267 1,
1102 5216 1154 5268 q.
1177 5214 1345 5269 nvn,
1370 5208 1466 5255 art.
1491 5210 1521 5258 2
1534 5223 1552 5272 ς
1582 5209 1753 5275 AEgid.
1773 5212 1945 5274 Rom„

412 5265 456 5347 ¹¹.
486 5267 643 5332 Seni„
673 5271 792 5323 dist.
816 5283 942 5339 xm,
971 5287 1023 5338 q.
1047 5286 1121 5337 11,
1147 5279 1244 5326 art.
1270 5281 1329 5339 ¹3
1359 5276 1673 5347 Richardus,
1710 5282 1751 5333 ΙΙ
1786 5283 1948 5346 Seni„

409 5337 527 5389 dist.
545 5350 670 5406 xm,
698 5356 751 5408 q.
774 5355 820 5408 ις
859 5345 1040 5397 Thom.
1068 5348 1212 5412 Arg„
1241 5348 1284 5399 11
1315 5349 1473 5408 Sent..
1507 5351 1627 5403 dist.
1651 5364 1794 5419 1111,
1821 5368 1873 5420 q.
1901 5366 1954 5419 1,

2067 5283 2304 5348 inguen„
2340 5282 2383 5334 11
2413 5280 2572 5343 Seni„
2610 5293 2663 5345 q.
2692 5288 2746 5329 lx
2768 5313 2786 5341 ‚
2815 5279 2911 5327 art.
2941 5280 2998 5341 ¹3
3043 5274 3300 5327 Francisc.
3328 5276 3393 5327 de
3420 5277 3609 5343 mayr..

2071 5357 2112 5407 ΙΙ
2143 5353 2304 5418 8εηί.,
2349 5354 2467 5405 dist.
2505 5363 2633 5416 xm,
2677 5362 2729 5416 q.
2760 5360 2801 5399 1.
2825 5372 2889 5387 -
2916 5346 2937 5378 ²
2958 5346 3138 5412 Eccli„
3165 5359 3204 5412 1,
3235 5351 3283 5401 4.
3316 5375 3380 5389 —
3402 5349 3426 5386 ⁸
3451 5350 3605 5416 Aug„

409 5413 504 5460 art.
525 5412 555 5461 3
569 5427 587 5475 3
617 5414 793 5479 Steph.
817 5417 1027 5483 Brutos„
1055 5419 1098 5470 n
1125 5420 1286 5482 Seni„
1314 5419 1434 5472 dist.
1453 5433 1580 5489 1111,
1607 5438 1660 5489 q.
1685 5437 1704 5477 1
1719 5442 1738 5491 ς
1765 5426 1958 5480 Mersit.
2069 5425 2132 5477 de
2156 5426 2331 5478 Genu.
2356 5425 2428 5476 ad
2447 5424 2528 5477 lit.
2558 5422 2649 5473 lib.
2673 5421 2765 5485 lv,
2792 5434 2843 5470 c.
2866 5429 3002 5471 1111.

782 5522 1048 5575 romu.

3219 5512 3298 5575 35
