4125 6225
920 510 1119 577 DIST.
1163 508 1455 576 XXXVII.
1501 505 1732 573 PART.
1778 506 1861 575 ΙΙ.
1896 507 2079 575 ART.
2123 510 2203 575 ΙΙ.
2248 510 2546 589 QUAEST.
2587 513 2697 577 111.
3351 521 3423 581 61

275 646 445 711 radius
467 645 714 709 moveri
747 645 987 723 subito,
1018 646 1396 727 intelligitur
1426 645 1632 710 subito
1663 661 1778 725 pro

276 760 474 834 repente
492 800 509 831 ,
558 758 624 817 et
667 754 1085 835 repentinum
1125 754 1356 818 dicitur
1405 753 1561 816 illud
1606 751 1777 833 quod

277 860 424 922 habet
476 859 725 922 moveri
788 860 861 922 in
924 864 1209 942 tempore
1270 856 1775 942 imperceptibili.

278 966 434 1028 Aliter
455 966 647 1028 etiam
677 967 1054 1047 potestdici,
1081 967 1255 1047 quod
1279 965 1395 1029 lux
1422 965 1631 1028 subito
1651 983 1782 1029 mo-

276 1077 452 1148 vetur,
488 1072 646 1154 quia
689 1077 911 1136 motus
946 1073 1108 1137 lucis
1145 1075 1217 1137 in
1260 1072 1470 1136 medio
1512 1091 1641 1135 non
1688 1076 1782 1134 est

273 1182 443 1242 motus
468 1177 687 1242 localis
711 1184 990 1259 tantum,
1021 1180 1129 1244 sed
1151 1185 1245 1245 est
1263 1186 1476 1245 motus
1501 1179 1782 1245 diffusio·

272 1286 377 1361 nis,
400 1286 508 1367 qui
534 1292 630 1350 est
660 1290 1023 1368 generatio,
1052 1288 1220 1351 sicut
1254 1293 1600 1369 generatur
1643 1286 1782 1349 ido-

271 1392 378 1455 lum
393 1393 469 1455 ab
490 1394 737 1475 objecto
758 1414 775 1458 ε
799 1399 865 1458 et
881 1395 1034 1477 quia
1050 1394 1168 1458 lux
1184 1395 1378 1458 simul
1396 1399 1492 1458 est
1509 1397 1571 1457 et
1586 1393 1778 1471 lucet,

271 1499 429 1563 simul
451 1519 599 1564 cum
621 1507 738 1578 est,
770 1509 1037 1583 generat
1062 1502 1487 1584 splendorem,
1516 1506 1578 1564 et
1601 1503 1690 1564 ita
1713 1501 1781 1563 in

270 1607 461 1669 eodem
500 1608 780 1671 instanti.
840 1609 1149 1673 Similiter
1194 1609 1273 1673 de
1325 1609 1451 1673 alio
1506 1607 1781 1688 intelligi

270 1718 478 1795 potest,
509 1720 569 1778 et
606 1717 697 1778 sic
732 1716 1054 1798 deincepS.
1085 1714 1265 1780 Unde
1303 1716 1358 1778 si
1398 1715 1595 1779 simul
1622 1718 1784 1779 esset

268 1819 432 1885 homo
459 1827 518 1886 et
539 1829 898 1903 generaret,
929 1823 994 1885 in
1024 1823 1235 1905 primo
1266 1823 1527 1886 instanti
1560 1824 1783 1886 fuisset

268 1930 520 1994 mundus
540 1931 766 2013 plenus
789 1931 1182 2004 hominihus.
1209 1930 1342 1995 Hoc
1359 1931 1549 1995 modo
1580 1934 1782 2014 potest

269 2038 611 2120 respondere
638 2039 754 2121 qui
780 2039 980 2102 nescit
1004 2038 1253 2102 meliuS.

333 2148 383 2207 2.
410 2145 504 2209 Ad
530 2145 684 2209 illud
709 2144 885 2229 quod
909 2146 1211 2229 objicitur
1236 2146 1312 2209 de
1334 2163 1539 2210 vacuo
1556 2192 1574 2224 ,
1610 2143 1782 2226 quod

268 2251 312 2313 si
332 2255 479 2315 efflet
496 2270 797 2333 vacuum,
826 2273 963 2318 non
990 2259 1151 2318 esset
1181 2258 1416 2331 motuS,
1442 2251 1782 2316 dicendum

267 2359 419 2438 quod
443 2358 600 2422 circa
624 2358 748 2423 hoc
776 2361 965 2424 multi
993 2360 1197 2423 multa
1235 2360 1573 2439 dixerunt,
1618 2378 1784 2442 quo-

267 2482 395 2529 rum
408 2466 564 2529 dicta
587 2467 866 2548 longum
894 2473 1055 2531 esset
1071 2468 1298 2531 dicere.
1330 2466 1517 2531 Nunc
1537 2473 1777 2546 autem,

267 2569 692 2660 Philosophum
718 2576 1113 2652 sustinendo,
1136 2576 1259 2638 dici
1274 2580 1480 2657 potest
1515 2576 1708 2658 quod,
1729 2575 1784 2638 si

268 2685 407 2744 esset
427 2699 695 2744 vacuum
710 2730 727 2758 ,
761 2700 897 2746 non
918 2687 1080 2745 esset
1106 2683 1322 2746 motus
1347 2684 1779 2761 successivuS,

266 2793 412 2851 recte
441 2788 745 2853 intellecto
773 2807 980 2853 vacuo
1010 2790 1367 2854 secundum
1396 2791 1571 2872 quod
1596 2790 1783 2854 credo

270 2895 689 2982 Philosophum
714 2901 1106 2982 intelligere,
1136 2901 1310 2983 quod
1350 2900 1503 2964 dicit
1535 2900 1784 2982 simpli-

272 3005 405 3069 citer
428 3007 841 3087 privationem
868 3056 886 3087 ,
914 3008 969 3071 si
995 3012 1159 3072 esset
1182 3026 1469 3073 vacuum
1510 3008 1598 3070 ibi
1622 3055 1639 3085 ,
1671 3007 1784 3071 uhi

275 3111 654 3197 intelligimus
686 3136 1004 3195 vacuum,
1033 3118 1124 3181 ibi
1166 3117 1588 3198 intelligimus
1620 3115 1782 3178 nihil

274 3236 426 3284 esse:
462 3241 614 3305 ergo
649 3242 782 3288 non
809 3225 1018 3288 solum
1054 3224 1227 3288 deest
1266 3224 1548 3305 corporis
1589 3223 1784 3286 resis-

274 3330 438 3393 tentia
454 3378 471 3410 ,
493 3349 724 3395 verum
769 3331 964 3395 etiam
997 3331 1175 3395 nulla
1201 3331 1496 3394 distantia
1522 3335 1617 3394 est
1638 3330 1733 3393 ibi
1763 3351 1779 3394 ε

275 3434 367 3497 uhi
389 3444 587 3502 autem
612 3437 797 3501 nulla
821 3438 1124 3503 distantia
1150 3443 1279 3513 est,
1306 3456 1436 3502 non
1463 3442 1559 3501 est
1584 3454 1784 3520 prope

274 3556 374 3604 nec
395 3542 573 3626 longe
600 3562 618 3608 ε
649 3545 769 3609 uhi
791 3549 1012 3609 autem
1041 3549 1134 3609 est
1153 3549 1370 3608 motus
1393 3544 1633 3625 localiS,
1667 3564 1785 3609 ne-

281 3655 506 3719 cessario
550 3659 646 3719 est
697 3654 1170 3738 approximatio
1226 3653 1332 3717 vel
1381 3653 1705 3736 elongatio
1765 3676 1779 3716 ε

282 3773 407 3838 ergo
440 3761 490 3824 si
527 3766 620 3826 est
656 3781 942 3827 vacuum
960 3811 978 3841 ,
1029 3780 1163 3826 non
1207 3765 1305 3825 est
1346 3767 1560 3826 motus
1585 3810 1603 3841 ,
1652 3780 1785 3826 non

282 3873 493 3949 propter
524 3871 840 3934 defectum
869 3869 1261 3949 resistentiae,
1296 3869 1405 3934 sed
1442 3870 1779 3933 distantiae.

286 3966 376 4035 Sed
407 3977 697 4056 quoniam
734 3976 1021 4040 medium
1058 3985 1496 4060 comparatum
1533 3978 1615 4043 ad
1647 3967 1809 4042 An-'

284 4079 461 4156 gelum
490 4082 677 4147 habet
710 4084 1026 4147 rationem
1059 4084 1409 4164 distantiae,
1442 4084 1594 4167 quia
1630 4103 1784 4148 vere

283 4181 398 4248 iacit
427 4188 778 4253 distantiam
807 4190 970 4253 inter
1010 4196 1336 4270 extrema3
1366 4190 1508 4255 ideo
1549 4192 1784 4256 sufficit

290 4289 345 4353 ad
368 4296 806 4360 successionem
825 4296 1357 4380 qualemcumque
1380 4302 1636 4383 propter
1661 4299 1782 4362 dis-

295 4399 544 4465 tantiam:
575 4404 681 4467 sed
721 4403 836 4465 ubi
864 4408 959 4466 est
998 4422 1310 4485 vacuum,
1340 4423 1471 4469 non
1516 4412 1615 4470 est
1652 4408 1780 4471 dis-

294 4505 450 4569 tantia
491 4529 507 4571 1
558 4514 619 4573 et
661 4510 786 4573 hoc
831 4510 1256 4592 praeexigitur
1301 4515 1655 4579 necessario
1701 4516 1782 4580 ad

296 4604 508 4676 localem
545 4620 835 4680 motum:
875 4618 1253 4699 partibilitas
1278 4621 1451 4683 enim
1492 4623 1777 4700 mobiliS,

301 4724 345 4780 et
361 4723 543 4788 finitas
564 4727 816 4791 virtutis
848 4747 983 4793 non
1017 4729 1255 4793 faciunt
1281 4734 1777 4813 successionem,

302 4823 398 4887 nisi
427 4829 497 4892 sit
540 4834 711 4914 prius
751 4840 814 4898 et
866 4837 1182 4916 posterius
1225 4838 1293 4901 in
1336 4841 1782 4921 magnitudine

304 4945 457 5013 supra
480 4956 660 5020 quam
683 4946 798 5023 est,
837 4944 972 5008 sive
1007 4945 1077 5008 in
1111 4963 1186 5010 eo
1221 4945 1398 5029 quod
1424 4949 1781 5031 acquiritur

307 5052 397 5116 per
416 5051 654 5112 motum.
828 5055 837 5066 ‘

376 5148 421 5207 3.
461 5152 542 5214 Ad
575 5156 721 5220 illud
750 5157 922 5239 quod
954 5158 1249 5240 objicitur
1280 5178 1299 5222 ι
1344 5185 1374 5223 α
1406 5162 1565 5227 Illud
1600 5164 1776 5247 quod

1886 651 2183 710 movetur
2206 649 2579 728 successive,
2608 650 2841 731 partim
2872 653 2965 714 est
2987 650 3348 716 intermino
3391 672 3430 716 a

1886 771 2036 834 que,
2064 760 2127 819 et
2146 742 2379 837 partim
2404 758 2470 818 in
2498 757 2773 821 termino
2799 757 2879 821 ad
2902 776 3128 840 quem3
3159 781 3188 818 >³
3213 759 3430 823 dicen-

1886 859 2041 923 dum
2078 863 2248 942 quod
2276 863 2344 925 in
2380 864 2736 927 successivo
2773 864 2887 927 uhi
2931 869 3024 927 est
3059 864 3246 948 plena
3284 886 3432 930 suc-

1887 968 2105 1045 cessi0,
2137 972 2231 1030 est
2255 987 2488 1049 ponere
2513 975 2756 1053 partem
2785 977 2846 1033 et
2865 977 3135 1054 partem,
3154 978 3216 1036 et
3231 992 3432 1054 quan-

1886 1075 2028 1135 tum
2054 1073 2134 1137 ad
2162 1074 2675 1154 magnitudinem
2700 1078 3106 1158 substratam,
3137 1084 3200 1142 et
3226 1097 3431 1161 quan-

1887 1182 2028 1241 tum
2057 1180 2137 1243 ad
2166 1181 2676 1261 magnitudinem
2707 1190 2948 1247 motam
2969 1233 2987 1264 ,
3019 1190 3082 1249 et
3114 1190 3432 1268 quantum

1888 1286 1968 1351 ad
1990 1288 2464 1370 dispositionem
2492 1291 2905 1372 acquisitam3
2936 1291 3091 1375 quia
3123 1293 3432 1358 naturalis

1888 1398 2103 1457 motus
2137 1396 2217 1458 ad
2238 1397 2456 1473 situm,
2489 1402 2583 1460 est
2613 1402 2822 1462 motus
2848 1398 2928 1462 ad
2956 1399 3227 1462 formam
3265 1417 3434 1481 quo-

1888 1502 2036 1565 dam
2064 1502 2254 1567 modo
2288 1527 2302 1567 :
2333 1506 2440 1569 sed
2464 1506 2531 1569 in
2559 1511 2740 1569 motu
2760 1506 2996 1586 Angeli
3019 1525 3150 1571 non
3174 1511 3269 1571 est
3295 1527 3434 1573 suc·

1888 1609 2087 1672 cessio
2136 1613 2492 1676 secundum
2536 1613 2972 1677 omnimodam
3027 1615 3435 1697 complectio-

1887 1735 2036 1780 nem
2072 1716 2190 1799 (a),
2221 1722 2284 1781 et
2322 1718 2464 1782 ideo
2502 1737 2633 1782 non
2676 1720 3029 1784 secundum
3057 1740 3279 1785 omnes
3317 1723 3435 1787 has

1889 1823 2309 1920 differentias,
2340 1826 2446 1889 sed
2489 1826 2697 1889 solum
2739 1828 3094 1891 secundum
3136 1829 3435 1912 priorita-

1887 1934 2019 1993 tem
2062 1936 2127 1996 et
2172 1932 2699 2014 posterioritatem
2735 1935 3197 2016 magnitudinis
3242 1954 3437 2019 supra

1889 2056 2110 2120 quam.
2145 2038 2326 2115 Quod
2365 2059 2523 2123 ergo
2563 2040 2823 2120 dicitur,
2856 2041 3027 2123 quod
3064 2043 3299 2123 partim
3342 2049 3436 2106 est

1889 2144 1960 2208 in
2000 2147 2276 2211 termino
2321 2167 2360 2211 a
2404 2167 2532 2230 quo
2555 2196 2573 2227 ,
2625 2149 2858 2231 partim
2912 2148 2981 2210 in
3034 2150 3307 2212 termino
3356 2149 3437 2215 ad

1888 2271 2115 2335 quem,
2154 2253 2278 2317 hoc
2312 2272 2444 2318 non
2480 2259 2577 2319 est
2617 2256 2971 2319 secundum
3008 2255 3436 2320 diversitatem

1889 2361 2172 2440 partium
2196 2361 2468 2442 mobilis,
2497 2361 2605 2426 sed
2627 2365 2722 2426 est
2744 2362 2953 2425 solum
2976 2380 3090 2445 per
3112 2381 3436 2427 accessum

1889 2473 1954 2530 et
1978 2486 2319 2534 recessum.

1969 2579 2031 2638 4.
2061 2575 2162 2640 Ad
2187 2576 2343 2641 illud
2369 2579 2563 2660 quod,
2593 2578 2916 2660 objicitur,
2947 2578 3117 2660 quod
3148 2579 3340 2643 simul
3371 2597 3438 2643 se

1890 2683 2186 2746 transfert
2207 2687 2412 2748 totum
2432 2707 2448 2763 ;
2472 2685 2811 2750 dicendum
2829 2685 3022 2766 quod,
3041 2686 3340 2766 quamvis
3355 2704 3438 2749 ex

1891 2793 2069 2870 parte
2112 2810 2232 2854 sua
2276 2810 2344 2855 se
2385 2798 2594 2856 totum
2641 2792 2838 2856 simul
2883 2793 3258 2867 transferat,
3304 2811 3438 2856 non

1892 2902 2106 2960 tamen
2129 2899 2425 2962 transfert
2450 2919 2516 2964 se
2543 2901 2736 2964 simul
2761 2919 2954 2983 super
2983 2905 3212 2978 totum,
3245 2918 3441 2982 prop-

1890 3006 1988 3070 ter
2013 3004 2377 3070 distantiam
2413 3008 2604 3074 medii
2632 3009 2704 3072 in
2729 3027 2858 3091 qua
2895 3011 3031 3073 tota
3066 3025 3199 3071 non
3235 3012 3440 3089 potest

1891 3131 2026 3177 esse
2053 3115 2271 3178 simul.

1972 3224 2033 3285 5.
2068 3221 2165 3287 Ad
2196 3222 2355 3288 illud
2377 3224 2548 3306 quod
2574 3223 2896 3306 objicitur,
2915 3224 3088 3307 quod
3116 3224 3439 3308 composi-

1890 3331 2032 3391 tum
2071 3334 2136 3393 et
2159 3330 2450 3394 accidens
2489 3350 2624 3395 non
2664 3335 2870 3414 potest
2896 3350 3032 3397 esse
3065 3332 3136 3395 in
3174 3350 3246 3396 re
3284 3332 3437 3395 sim-

1890 3436 2070 3519 plici,
2099 3437 2439 3502 dicendum
2464 3438 2635 3521 quod
2668 3457 2897 3505 verum
2925 3443 3020 3504 est
3053 3439 3133 3503 de
3167 3457 3439 3522 compo-

1892 3543 2011 3607 sito
2035 3545 2209 3626 quod
2242 3544 2434 3610 habet
2471 3551 2681 3629 partes
2702 3551 2851 3611 actu
2873 3567 2890 3626 ;
2935 3546 3045 3610 sed
3071 3547 3149 3610 de
3173 3565 3440 3630 compo-

1892 3651 2014 3716 sito
2044 3653 2216 3735 quod
2249 3653 2437 3717 estin
2462 3654 2874 3733 successione,
2905 3672 3038 3723 non
3060 3657 3154 3717 est
3181 3672 3435 3720 verum.

1893 3757 2069 3823 Sicut
2090 3761 2264 3824 enim
2292 3762 2540 3825 duratio
2579 3763 2937 3825 successiva
2977 3766 3182 3844 potest
3207 3780 3344 3826 esse
3369 3763 3441 3825 in

1892 3866 2144 3949 Angelo
2169 3868 2525 3933 secundum
2551 3868 2722 3951 quod
2748 3872 3002 3948 manet,
3041 3887 3118 3933 eo
3153 3870 3325 3951 quod
3362 3870 3441 3934 de

1889 3973 2002 4038 illa
2036 3994 2375 4059 nunquam
2400 3982 2494 4040 est
2519 3976 2642 4040 nisi
2682 3994 2889 4056 nunc,
2920 3976 3009 4040 ita
3048 3982 3262 4039 motus
3287 3995 3441 4040 suc-

1892 4083 2174 4147 cessivus
2212 4088 2418 4165 potest
2457 4103 2591 4148 esse
2640 4084 2709 4147 in
2751 4102 2828 4148 eo
2869 4085 3221 4148 secundum
3268 4084 3440 4166 quod

1891 4191 2095 4255 fertur
2123 4209 2140 4254 ε
2174 4196 2237 4255 et
2261 4192 2385 4255 hoc
2414 4191 2676 4273 quidem
2705 4208 2924 4254 secum
2954 4190 3208 4254 nullum
3251 4190 3441 4254 habet

1890 4297 2368 4363 inconveniens.
2397 4297 2508 4362 His
2533 4299 2718 4378 visiS,
2747 4303 2964 4383 patent
2999 4299 3245 4379 objecta
3287 4320 3304 4361 ι
3349 4304 3444 4362 est

1893 4405 2071 4467 enim
2106 4406 2556 4488 praedictorum
2597 4425 2891 4483 summa,
2926 4406 3101 4488 quod
3153 4407 3441 4487 Angelus

1891 4518 2190 4577 movetur
2247 4513 2383 4577 sine
2438 4531 2695 4595 corpore
2739 4517 3102 4595 assumpte,
3157 4517 3221 4575 et
3270 4513 3442 4594 quod

1889 4623 2192 4684 movetur
2233 4620 2303 4684 in
2351 4621 2596 4699 medio,
2641 4621 2778 4685 sive
2836 4639 2951 4704 per
3007 4619 3327 4697 medium,
3377 4624 3444 4683 et

1889 4728 2061 4809 quod
2108 4732 2405 4793 movetur
2451 4734 2630 4793 motu
2677 4729 3031 4793 successivo
3054 4775 3072 4806 ,
3119 4726 3260 4790 licet
3307 4744 3440 4790 non

1891 4833 2262 4899 omnimoda
2281 4837 2674 4901 successione
2700 4837 2924 4919 posita,
2952 4840 3026 4900 ut
3052 4833 3436 4917 praedictum

1892 4948 2007 5007 est.

1953 5183 2021 5250 (a)
2048 5184 2170 5235 Goet.
2189 5183 2313 5235 edit.
2341 5184 2755 5249 completionem.
