4125 6225
1243 377 1623 445 DISTINGT.
1662 376 1768 444 XI.
1813 377 1994 445 ΛΒΤ.
2041 379 2119 445 ΙΙ.
2166 379 2468 459 QUAEST.
2515 380 2623 446 ΙΙΙ.

3423 385 3544 450 819

344 506 614 570 tandum
659 508 829 590 quod
877 511 1132 591 reprobi
1172 529 1257 576 ex
1295 508 1538 577 malitia
1575 532 1693 578 sua
1733 518 1886 580 sunt
1994 521 2287 581 mentum
2302 565 2320 594 ,
2352 517 2456 581 vel
2481 517 2790 581 damnum
2808 564 2827 596 ,
2858 520 2953 582 eet
2979 521 3273 600 respectu
3291 518 3386 583 rei
3401 521 3541 600 jam

341 611 658 693 damnati,
691 631 825 678 non
869 633 951 680 ex
978 634 1245 681 suorum
1283 619 1619 685 custodum
1665 622 1882 703 negli-

340 724 598 805 gentia;
635 722 739 787 vel
766 724 889 787 nisi
912 726 1057 808 quis
1087 727 1402 810 intelligat
1422 730 1697 796 verbum
1738 730 1881 795 Ori-

339 831 558 911 genis,
590 835 666 895 ut
692 833 908 914 anqelz'
931 832 1222 899 dicantur
1246 835 1334 898 ibi
1357 836 1603 918 praelati
1634 856 1651 900 ε
1685 842 1747 903 et
1766 856 1881 922 per

336 935 513 1001 hunc
543 939 810 1003 modum
836 940 1109 1003 verbum
1137 939 1315 1006 lsaiae
1343 943 1517 1025 quod
1543 945 1876 1028 subsequi-

336 1045 473 1119 tur,
518 1048 721 1126 potest
762 1045 1035 1127 intelligi
1076 1048 1182 1112 vel
1223 1050 1457 1132 exponi
1476 1099 1497 1129 ,
1545 1054 1619 1114 ut
1661 1053 1877 1134 angeli

334 1151 509 1232 pacis
531 1151 823 1217 dicantur
843 1153 932 1217 ibi
952 1154 1101 1218 boni
1129 1156 1398 1238 praelati.
1418 1155 1487 1221 Si
1501 1161 1715 1223 tamen
1735 1159 1877 1243 quis

333 1256 638 1342 intelligit
662 1260 739 1324 de
767 1261 1012 1343 angelis
1041 1261 1241 1327 beatis
1264 1265 1613 1330 secundum
1640 1267 1876 1331 verita-

334 1368 500 1445 tem,
527 1368 884 1433 amaritudo
909 1368 1098 1433 fletus
1120 1389 1250 1435 non
1280 1372 1514 1437 iudicat
1539 1375 1873 1439 veritatem

333 1470 603 1552 doloris,
637 1475 744 1539 sed
780 1476 1064 1559 aliquam
1093 1471 1599 1545 conformitatem
1640 1482 1874 1549 indicat

333 1579 402 1643 in
455 1583 676 1664 signo,
736 1583 839 1649 vel
893 1586 1122 1649 effectu
1170 1589 1471 1653 exteriori
1489 1639 1507 1669 ,
1561 1593 1625 1656 et
1669 1598 1873 1675 potest

332 1689 491 1755 illud
572 1692 845 1775 intelligi
924 1694 1165 1758 dictum
1247 1715 1363 1780 per
1441 1700 1871 1785 anthropopa-

331 1798 491 1863 thon
514 1800 617 1881 (a),
638 1800 801 1865 sicut
823 1800 1091 1865 dicitur-¹
1122 1802 1287 1869 Deus
1314 1810 1522 1874 tactu-3
1547 1808 1739 1874 fuisse
1753 1809 1871 1878 do-

330 1906 457 1972 lore
484 1905 698 1974 cordis
725 1908 1140 1976 intrinsecus.

412 2016 473 2077 3.
505 2014 603 2079 Ad
628 2015 786 2080 illud
815 2016 987 2099 quod
1015 2016 1348 2099 objicitur,
1378 2022 1552 2103 quod
1580 2020 1635 2085 si
1670 2041 1866 2106 oppo-

327 2120 526 2184 situm
566 2124 662 2184 est
704 2140 896 2187 causa
951 2124 1258 2207 oppositi,
1322 2130 1468 2209 etc.;
1526 2129 1867 2195 dicendum

327 2227 498 2310 quod
525 2227 644 2292 ista
670 2230 955 2295 maxima
978 2231 1169 2296 habet
1191 2233 1558 2298 instantiam
1580 2284 1601 2316 ,
1625 2236 1739 2300 ubi
1767 2238 1867 2301 al·

327 2337 539 2398 terum
573 2336 737 2401 inoet
771 2356 884 2420 per
917 2342 1219 2404 naturam
1237 2389 1256 2420 ,
1301 2340 1437 2406 sive
1479 2343 1560 2407 ad
1602 2346 1866 2410 modum

326 2445 616 2522 naturae3
662 2445 826 2508 sicut
869 2450 932 2510 et
974 2446 1080 2509 illa
1101 2496 1119 2526 ,
1165 2449 1340 2530 quod
1388 2451 1673 2533 opposita
1716 2457 1867 2518 nata

325 2552 477 2611 sunt
511 2550 649 2614 fieri
684 2552 852 2616 circa
892 2553 1065 2617 idem
1095 2572 1109 2614 ε
1142 2558 1205 2618 et
1250 2556 1556 2637 quoniam
1591 2560 1866 2641 angelus

323 2653 547 2720 heatus
573 2662 667 2722 est
688 2660 1107 2743 susceptibilis
1134 2661 1387 2744 gaudii,
1417 2663 1524 2728 sed
1553 2682 1686 2729 non
1716 2666 1865 2730 tris-

320 2763 480 2828 titiae
497 2813 516 2844 ,
534 2764 675 2830 ideo
693 2767 976 2849 gaudere
998 2773 1202 2852 potest
1220 2769 1297 2835 de
1315 2769 1538 2852 salute,
1565 2774 1863 2855 quamvis

320 2886 452 2932 non
469 2870 754 2937 tristetur
781 2892 864 2938 ex
889 2875 1321 2941 damnatione.

398 2980 459 3040 4.
497 2979 595 3042 Ad
616 2979 772 3044 illud
795 2982 968 3063 quod
991 2982 1311 3065 objicitur,
1338 2985 1507 3067 quod
1536 2985 1859 3052 frustratio

318 3082 608 3150 desiderii
628 3088 959 3153 contristat
979 3110 994 3165 ;
1023 3089 1365 3156 dicendum
1384 3093 1556 3175 quod
1582 3096 1735 3159 tunc
1754 3095 1859 3161 de-

316 3192 623 3256 siderium
638 3195 999 3273 frustratur,
1028 3197 1285 3279 quando
1313 3200 1460 3282 quis
1482 3201 1720 3283 aliquid
1741 3222 1857 3286 ap-

252 3305 263 3316 '
315 3300 469 3381 petit
494 3303 563 3363 in
588 3319 848 3366 omnem
876 3309 1178 3390 eventum
1200 3354 1217 3383 ,
1258 3305 1396 3370 sive
1440 3307 1723 3374 absolute
1744 3358 1762 3390 ,
1793 3316 1857 3375 et

313 3408 468 3473 illud
512 3429 645 3475 non
685 3413 929 3490 evenit;
969 3415 1226 3495 quando
1258 3434 1413 3480 vero
1453 3418 1691 3500 appetit
1730 3422 1852 3484 sub

313 3517 705 3594 conditione,
755 3524 818 3583 et
864 3520 973 3584 illa
1004 3522 1279 3586 conditio
1315 3540 1447 3588 non
1492 3531 1644 3605 stat,
1689 3528 1742 3591 si
1772 3528 1852 3591 il-

308 3621 453 3700 lud,
488 3625 659 3707 quod
698 3627 970 3709 appetit,
1001 3647 1132 3693 non
1173 3631 1416 3709 evenit,
1444 3638 1702 3716 propter
1727 3635 1849 3701 hoc

308 3748 443 3795 non
483 3732 712 3797 dieitur
748 3734 1132 3798 desiderium
1159 3737 1492 3802 frustrari:
1524 3745 1588 3805 et
1624 3742 1715 3806 sic
1753 3748 1849 3808 est

306 3837 376 3901 in
392 3840 735 3923 proposito.
754 3840 916 3906 Nam
939 3844 1211 3925 angelus
1223 3846 1461 3927 appetit
1480 3865 1632 3912 eum
1647 3868 1845 3933 quem

306 3947 582 4012 custodit
604 3946 981 4029 beatificari,
1013 3951 1066 4013 si
1100 3951 1236 4032 ipse
1261 3951 1541 4019 voluerit
1574 3957 1846 4023 fideliter

305 4052 633 4120 adhaerere
667 4054 943 4136 Christ03
999 4062 1062 4122 et
1098 4057 1220 4122 hoc
1263 4077 1599 4144 nunquam
1642 4064 1840 4145 fallit,

303 4153 464 4244 quin
507 4162 802 4227 eveniat:
836 4169 899 4229 et
939 4166 1092 4248 quia
1131 4165 1271 4247 ille,
1314 4168 1428 4250 qui
1464 4170 1839 4254 damnatur,

302 4268 538 4334 recedit
566 4270 648 4333 ab
675 4271 962 4354 apposita
985 4273 1376 4351 conditione,
1407 4276 1548 4341 ideo
1574 4279 1645 4341 in
1674 4281 1843 4345 desi-

302 4372 477 4438 derio
531 4376 746 4456 angeli
802 4377 1046 4442 nullam
1096 4379 1274 4462 ponit
1324 4380 1799 4449 frustrationem
1819 4436 1836 4468 ,

300 4476 459 4541 dum
490 4497 621 4543 non
647 4480 726 4544 ad
754 4481 819 4545 id
852 4484 1174 4565 pervenit,
1205 4485 1377 4565 quod
1409 4487 1526 4551 sibi
1568 4491 1840 4573 angelus

299 4586 656 4668 appetebat.

379 4695 441 4756 δ.
470 4693 569 4758 Ad
590 4694 744 4760 illud
767 4697 939 4777 quod
958 4698 1289 4782 objicitur,
1319 4702 1491 4786 quod
1514 4722 1597 4769 ex
1620 4711 1838 4771 nostra

298 4799 649 4865 salvatione
674 4804 897 4867 crescit
923 4805 1305 4886 angelorum
1331 4811 1672 4891 praemium
1697 4833 1713 4890 ;
1737 4811 1836 4876 di-

298 4909 572 4974 cendum
601 4912 772 4994 quod
804 4931 1037 4977 verum
1060 4919 1188 4994 aet,
1219 4917 1391 4998 quod
1416 4921 1639 4983 crescit
1665 4939 1836 5003 prae-

300 5016 506 5080 mium
540 5018 962 5097 accidentale3
1005 5039 1140 5085 non
1180 5026 1396 5087 tamen
1431 5027 1720 5109 sequitur
1754 5045 1837 5092 ex

298 5120 422 5186 hoc
439 5170 456 5200 ,
503 5125 679 5207 quod
717 5143 800 5189 ex
828 5126 1073 5192 defectu
1100 5129 1320 5194 salutis
1345 5131 1677 5198 incurrant
1719 5154 1835 5200 an-

299 5228 429 5308 geli
452 5230 937 5313 detrimentum,
965 5233 1070 5298 vel
1088 5236 1399 5303 damnum
1419 5261 1437 5317 ;
1470 5241 1625 5323 quia
1646 5242 1834 5307 detri-

363 5349 385 5385 ⁸
405 5353 603 5418 Gener„
631 5367 713 5422 η,
735 5360 786 5409 6.
811 5383 876 5396 -
899 5359 965 5423 (α)
998 5357 1121 5411 Cat.
1148 5361 1270 5414 edit.
1300 5364 1750 5431 anthropotathon.

1991 621 2247 687 habitae.
2293 622 2360 687 Si
2382 627 2598 687 autem
2634 622 2719 687 sit
2747 627 3039 706 respectu
3066 624 3159 688 rei
3191 623 3536 704 habendae,

1990 729 2114 795 hoc
2137 731 2346 795 solum
2368 732 2497 808 est,
2525 729 2782 813 quando
2809 748 2893 794 ex
2932 729 3388 813 impedimento
3413 731 3537 795 ali-

1991 855 2121 920 qua
2144 840 2432 903 remanet
2454 837 2808 920 indigentia
2843 839 2906 902 et
2934 837 3325 921 imperfectio
3351 839 3419 903 in
3456 858 3534 905 eo

1990 946 2104 1028 qui
2141 946 2508 1028 impeditur.
2542 943 2647 1010 Sic
2676 950 2892 1010 autem
2924 962 3058 1009 non
3088 946 3270 1010 estin
3297 964 3535 1030 propo-

1988 1052 2143 1130 sito;
2180 1052 2354 1135 quia,
2385 1057 2984 1135 quantumcumque
3020 1052 3148 1130 ille,
3179 1053 3293 1135 qui
3319 1059 3532 1119 custo-

1988 1153 2182 1231 ditur,
2214 1154 2575 1231 damnetur,
2600 1153 3022 1218 nihilominus
3043 1154 3314 1235 angelus
3339 1156 3534 1222 habet

1985 1282 2182 1329 suum
2199 1264 2543 1348 praemium
2561 1263 2840 1342 salvum,
2860 1268 2922 1327 et
2940 1269 3259 1345 quantum
3272 1265 3352 1329 ad
3371 1283 3533 1347 gau·

1985 1371 2166 1435 dium
2215 1372 2387 1453 quod
2426 1370 2616 1434 habet
2656 1370 2727 1433 in
2757 1370 2918 1447 De0,
2967 1373 3031 1434 et
3076 1373 3397 1452 quantum
3449 1373 3529 1438 ad

1983 1478 2297 1559 gaudium
2323 1478 2496 1561 quod
2520 1478 2712 1543 habet
2735 1479 2805 1540 in
2826 1476 3032 1559 seipso
3052 1523 3070 1555 ,
3099 1477 3236 1541 sive
3258 1477 3336 1541 de
3359 1478 3529 1544 bono

1982 1587 2241 1668 proprio
2271 1608 2287 1651 t
2314 1585 2619 1668 gaudebit
2657 1584 2830 1648 enim
2868 1583 2948 1648 de
2994 1583 3181 1647 bonis
3225 1585 3529 1666 operibus

1982 1711 2134 1776 quae
2166 1694 2333 1757 circa
2373 1693 2562 1757 illum
2600 1692 2767 1771 fecit,
2816 1709 3011 1774 quem
3051 1690 3424 1771 custodivit;
3465 1697 3528 1759 et

1980 1804 2296 1882 quantum
2330 1801 2524 1864 etiam
2552 1799 2632 1863 ad
2671 1798 2984 1881 gaudium
3020 1797 3192 1880 quod
3222 1798 3415 1863 habet
3457 1800 3528 1864 in

1980 1908 2214 1988 altero,
2244 1908 2417 1990 quia,
2449 1926 2600 1972 cum
2619 1925 2787 1971 unus
2807 1906 2992 1985 cadit,
3024 1906 3184 1970 alter
3216 1924 3524 1972 coronam

1979 2033 2167 2079 suam
2197 2014 2451 2098 accipit,
2481 2015 2649 2078 sicut
2672 2013 2794 2078 fuit
2820 2014 3186 2096 expositum
3215 2013 3285 2077 in
3310 2015 3523 2097 primo

1977 2122 2163 2187 libro.
2195 2122 2364 2201 Ideo,
2398 2123 2515 2186 etsi
2552 2122 2741 2186 ruina
2775 2121 3066 2203 angelica
3097 2139 3230 2185 non
3263 2138 3524 2205 repara-

1978 2234 2088 2295 tur
2114 2249 2197 2296 ex
2217 2230 2325 2295 illo
2345 2248 2540 2313 quem
2559 2228 2855 2306 custodit,
2883 2227 3284 2310 reparabitur
3300 2233 3521 2293 tamen

1977 2357 2060 2403 ex
2083 2338 2231 2403 alio.
2261 2338 2568 2416 QuamVIs
2585 2355 2742 2420 ergo
2768 2339 3027 2420 propter
3046 2335 3303 2418 culpam
3322 2335 3517 2415 illius,

1976 2464 2059 2510 ne
2084 2446 2162 2510 de
2188 2464 2265 2511 eo
2293 2446 2598 2527 gaudeat,
2629 2444 2910 2528 patiatur
2937 2442 3471 2525 impedimentum
3494 2492 3515 2523 ,

1974 2558 2038 2617 et
2059 2571 2142 2617 ex
2158 2552 2268 2617 tali
2295 2557 2478 2635 tropo
2502 2551 2782 2616 fortassis
2799 2550 2963 2614 dicat
2983 2549 3290 2632 Origenes
3305 2550 3518 2634 ipsum

1974 2679 2108 2725 esse
2136 2660 2529 2744 culpandum
2544 2708 2561 2741 ,
2600 2658 2854 2723 nullum
2890 2663 3108 2723 tamen
3134 2676 3218 2722 ex
3246 2659 3369 2723 hoc
3409 2659 3518 2722 in-

1973 2769 2175 2834 currit
2197 2768 2651 2832 detrimentum
2660 2814 2684 2853 .,

2049 2881 2111 2939 6.
2153 2876 2253 2941 Ad
2277 2875 2433 2940 illud
2460 2874 2631 2958 quod
2665 2872 2964 2957 objicitur
2983 2921 3001 2950 ,
3036 2872 3212 2957 quod
3235 2874 3514 2956 angelus

1970 2981 2181 3046 malus
2218 2981 2457 3063 gaudet
2505 2981 2583 3045 de
2630 2979 3040 3045 damnatione
3062 3027 3081 3059 ,
3129 2996 3310 3061 ergo,
3361 2983 3507 3059 etc.;

1968 3088 2313 3155 dicendum
2338 3088 2510 3172 quod
2540 3105 2674 3153 non
2701 3091 2794 3153 est
2834 3086 3044 3152 simile
3083 3108 3098 3152 ε
3129 3085 3284 3170 quia
3300 3135 3320 3166 ,
3348 3087 3512 3153 sicut

1965 3216 2098 3262 non
2130 3203 2223 3262 est
2248 3198 2525 3281 reperire
2559 3196 2803 3260 malum
2830 3196 3095 3260 omnino
3125 3193 3509 3278 impermix-

1964 3310 2108 3369 tum
2144 3306 2314 3370 bono
2334 3353 2350 3382 ,
2392 3308 2486 3369 est
2527 3309 2745 3368 tamen
2780 3303 3060 3386 reperire
3090 3303 3334 3368 bonum
3365 3320 3508 3368 otn-

1965 3413 2121 3479 nino
2150 3412 2635 3496 impermixtum
2657 3411 2827 3475 malo
2853 3430 2869 3474 ε
2895 3412 2985 3475 sic
3010 3412 3368 3494 reprobatio
3395 3430 3505 3476 an-

1961 3522 2256 3602 gelorum
2310 3521 2524 3603 aliquo
2575 3518 2765 3583 modo
2819 3518 3096 3584 admittit
3146 3519 3464 3601 gaudium
3481 3568 3500 3598 ,

1956 3629 2105 3693 licet
2145 3629 2477 3712 impurum
2505 3650 2523 3707 ;
2562 3627 2672 3692 sed
2698 3627 2971 3710 perfecta
2995 3627 3317 3693 beatitudo
3356 3628 3503 3693 nul-

1956 3737 2097 3802 lum
2136 3737 2376 3820 patitur
2415 3753 2632 3800 secum
2671 3738 3068 3800 tormentum
3089 3782 3107 3810 ,
3146 3735 3251 3801 vel
3293 3736 3502 3819 gemi-

1955 3851 2123 3910 tum.
2155 3846 2252 3910 Ex
2287 3841 2603 3927 praedictis
2631 3846 2849 3926 patent
2883 3843 2994 3907 illa
3018 3842 3171 3922 du0,
3205 3861 3354 3927 quae
3393 3843 3498 3909 ul-

1954 3954 2112 4018 timo
2148 3953 2604 4036 quaerebantur
2620 4000 2638 4030 ,
2678 3951 2914 4015 scilicet
2949 3950 3027 4014 de
3063 3949 3395 4016 voluntate
3436 3954 3500 4016 et

1953 4062 2221 4144 praemio
2278 4060 2659 4144 angelorum
2707 4058 3203 4124 custodientium
3265 4059 3490 4123 malos,

1951 4169 2191 4235 Volunt
2235 4171 2409 4234 enim
2461 4168 2662 4234 malos
2684 4216 2700 4246 ,
2757 4186 2922 4251 quos
2977 4169 3302 4231 noverunt
3359 4186 3495 4233 esse

1950 4279 2274 4361 praescitos
2293 4327 2311 4357 ,
2384 4277 2713 4342 voluntate
2778 4273 3064 4340 absoluta
3122 4274 3415 4340 damnari
3472 4297 3489 4340 z

1949 4387 2265 4466 quantum
2305 4388 2522 4447 autem
2557 4382 2627 4445 in
2666 4400 2733 4446 se
2766 4385 2862 4445 est
2880 4429 2900 4458 ,
2946 4379 3184 4446 vellent
3220 4400 3329 4446 eos
3367 4382 3493 4445 sal-

1947 4491 2127 4555 vari:
2159 4494 2222 4555 et
2263 4489 2406 4555 ideo
2448 4507 2580 4554 non
2607 4488 2973 4554 custodiunt
3013 4487 3253 4567 invite;
3298 4488 3487 4572 quia,

1946 4597 2244 4681 quamvis
2277 4596 2479 4661 sciant
2511 4614 2579 4661 se
2623 4595 2857 4659 frustra
2894 4595 3185 4660 laborare
3222 4596 3302 4661 ad
3343 4615 3492 4680 per-

1945 4706 2311 4772 ducendum
2334 4723 2444 4770 eos
2472 4704 2554 4769 ad
2591 4704 2862 4769 salutem
2885 4751 2903 4781 ,
2934 4707 3151 4768 tamen
3177 4705 3391 4769 sciunt
3422 4725 3489 4772 se

1944 4814 2268 4878 fructuose
2303 4813 2590 4877 laborare
2614 4812 2683 4875 in
2721 4810 2843 4874 hoc
2860 4858 2877 4888 ,
2908 4809 3082 4893 quod
3112 4811 3484 4891 retrahunt,

1945 4939 2028 4984 ne
2061 4920 2394 4983 incurrant
2422 4921 2732 5002 majorem
2771 4917 3268 4982 damnationem.
3315 4917 3489 4995 Qua-

1943 5029 2214 5112 druplex
2248 5030 2420 5093 enim
2458 5028 2790 5093 consuevit
2816 5027 3186 5110 principalis
3225 5027 3489 5092 effectus

1943 5135 2245 5202 custodiae
2281 5136 2588 5218 angelicae
2624 5134 2939 5215 assignari
2976 5135 3146 5198 circa
3184 5135 3434 5199 animas
3463 5157 3481 5199 t

1942 5261 2117 5308 unus
2143 5247 2276 5322 est,
2310 5248 2383 5307 ut
2410 5241 2697 5326 proficiat
2723 5241 2942 5305 anima
2967 5241 3039 5306 in
3061 5241 3305 5308 bonum
3330 5260 3486 5325 gra-

1945 5349 2089 5429 tiae3
2123 5350 2323 5429 alius,
2359 5352 2435 5430 ut
2472 5366 2606 5413 non
2643 5346 2921 5412 cadatin
2954 5348 3201 5414 malum
3235 5349 3481 5434 culpae3
