4125 6225
521 1432 590 1476 Ad
607 1440 709 1487 opp.

529 4788 739 4837 Fundam.

731 444 850 504 448

730 573 813 636 do
839 572 1183 654 aequitatis‚
1208 569 1560 634 secundum
1581 587 1779 652 quam
1799 569 2014 633 anima
2039 585 2259 650 pecca-

730 679 859 743 trix
884 678 1215 760 affligItur.
1256 676 1384 743 Nec
1409 681 1732 762 repugnat
1756 676 1911 741 ordo
1937 674 2266 740 universi-

729 788 904 866 tatis,
929 787 1079 870 quia
1104 787 1524 852 diversimode
1545 786 1624 850 ad
1641 785 1801 850 illud
1824 781 2266 849 habitaculum

732 900 1156 976 comparatur.

1255 1112 1611 1193 QUAESTIO
1658 1111 1737 1176 11.

909 1268 1004 1324 An
1030 1268 1284 1326 daemones
1312 1268 1600 1325 animabus
1626 1265 1794 1323 illabi
1813 1266 2026 1338 possint
2045 1263 2088 1317 ¹.

817 1425 1045 1490 Utrum
1070 1427 1393 1492 daemones
1425 1426 1597 1490 illabi
1626 1426 1867 1508 possint
1891 1419 2264 1496 animabus3

740 1538 800 1597 et
830 1535 999 1616 quod
1025 1535 1144 1614 sic,
1183 1535 1437 1600 videtur
1460 1534 1531 1597 in
1565 1536 1744 1599 Luca
1784 1534 1807 1569 ¹
1847 1556 1872 1598 .·
1901 1534 2066 1596 Ecce
2090 1518 2271 1595 homo

741 1642 976 1708 habens
998 1642 1386 1709 daemonium
1408 1663 1430 1702 .·
1457 1642 1546 1705 ibi
1576 1640 1790 1706 Glossa
1821 1663 1837 1705 ε
1868 1638 2274 1703 «intraverat

742 1749 1049 1827 diabolu3‚
1073 1751 1244 1815 unde
1265 1750 1507 1814 exierat
1525 1748 1808 1813 Christus
1832 1770 1846 1812 ε
1870 1770 1901 1808 ιι
1931 1747 2039 1811 sed
2060 1746 2276 1811 Chris-

743 1860 849 1920 tus
880 1876 1010 1922 non
1037 1859 1279 1922 exierat
1320 1858 1396 1922 de
1425 1875 1687 1940 corpore
1703 1905 1720 1936 ‚
1752 1856 1862 1920 sed
1888 1856 1966 1920 de
1992 1855 2222 1938 spiritu
2253 1873 2273 1918 ε

742 1982 900 2046 ergo
930 1966 1221 2031 diabolus
1242 1968 1557 2030 subintrat
1583 1965 1903 2047 spiritum.

824 2078 886 2137 2.
913 2072 1069 2139 Item
1090 2123 1107 2151 ‚
1139 2075 1194 2137 si
1221 2073 1604 2157 impartibile
1627 2074 2018 2154 adjungatur
2039 2071 2275 2154 impar-

743 2181 931 2260 tibili,
970 2181 1324 2245 secundum
1360 2184 1566 2244 totum
1610 2178 2027 2263 applicabitur
2067 2178 2126 2242 ei
2167 2195 2184 2240 ε
2216 2181 2279 2241 et

745 2286 918 2369 quod
942 2287 1293 2371 applicatur
1309 2287 1503 2351 alicui
1528 2287 1882 2351 secundum
1907 2290 2117 2349 totum
2132 2333 2150 2363 ,
2170 2303 2277 2367 ap-

745 2392 1018 2475 plicatur
1043 2394 1102 2457 ei
1146 2385 1499 2458 secundum
1541 2411 1737 2458 suum
1782 2393 2085 2457 intimum
2123 2414 2138 2456 :
2170 2392 2280 2457 sed

746 2498 920 2564 illabi
945 2519 1077 2565 non
1118 2505 1214 2564 est
1250 2501 1425 2565 aliud
1444 2550 1460 2580 ,
1507 2519 1704 2584 quam
1730 2500 2083 2564 secundum
2115 2498 2272 2561 inti-

747 2626 932 2673 mum
952 2609 1321 2689 profundari
1354 2631 1367 2672 :
1400 2626 1557 2690 ergo
1585 2626 1738 2672 cum
1762 2607 2015 2671 daemon
2041 2606 2125 2671 sit
2147 2607 2273 2669 im-

746 2715 1089 2798 partibilis,
1136 2719 1220 2795 et,
1262 2716 1603 2781 obsidendo
1642 2716 2001 2794 hominem,
2041 2714 2278 2779 animae

747 2823 1119 2905 applicetur,
1168 2823 1423 2888 videtur
1463 2823 1635 2906 quod
1676 2823 1882 2888 eidem
1922 2823 2277 2886 necessario

747 2929 1063 2994 illabatur.

830 3043 889 3102 3.
926 3037 1116 3118 Item,
1160 3037 1323 3101 sicut
1362 3042 1456 3102 est
1482 3038 1635 3103 ordo
1660 3038 1733 3100 in
1757 3037 2161 3121 corporibus»,
2190 3036 2279 3101 ita

751 3149 845 3210 est
880 3147 1032 3211 ordo
1059 3147 1128 3211 in
1154 3146 1478 3229 spiritibus
1508 3168 1524 3210 :
1554 3146 1662 3210 sed
1696 3147 1767 3210 in
1796 3146 2166 3229 corporibus
2190 3144 2285 3210 vi-

754 3251 978 3316 demus
1019 3253 1193 3335 quod
1240 3270 1443 3334 agens
1485 3252 1698 3316 influit
1744 3252 2048 3317 virtutem
2095 3270 2281 3316 suam

754 3381 938 3444 passo
977 3381 1181 3445 usque
1216 3363 1296 3427 ad
1335 3363 1638 3428 intimum
1653 3412 1673 3443 ‚
1716 3363 1895 3428 aliter
1935 3365 2111 3428 enim
2154 3382 2285 3428 non

756 3470 1048 3533 alteraret
1070 3473 1275 3534 totum
1298 3491 1313 3534 z
1339 3488 1496 3551 ergo
1513 3471 1651 3553 pari
1672 3471 1915 3535 ratione
1935 3519 1951 3548 ‚
1979 3475 2042 3534 et
2066 3471 2136 3535 in
2160 3471 2287 3554 spi-

758 3576 984 3641 ritibus
1013 3595 1030 3639 :
1061 3594 1219 3658 ergo
1254 3578 1510 3642 daemon
1538 3581 1739 3661 potest
1776 3578 2044 3642 influere
2069 3578 2283 3642 virtu-

756 3686 888 3747 tem
915 3702 1096 3747 suam
1116 3702 1330 3766 passo,
1355 3684 1645 3751 videlicet
1667 3686 1901 3749 animae
1919 3734 1936 3764 ,
1974 3703 2181 3767 usque
2206 3685 2288 3749 ad

757 3788 982 3854 intima
1011 3791 1242 3856 animae
1277 3810 1295 3855 ι
1325 3793 1434 3856 sed
1461 3793 1669 3858 virtus
1695 3793 2006 3857 daemonis
2038 3812 2173 3857 non
2196 3796 2290 3856 est

758 3898 1165 3981 spiritualior,
1195 3917 1391 3982 quam
1421 3899 1772 3964 substantia
1801 3923 1817 3961 ι
1845 3919 2002 3982 ergo
2037 3899 2292 3966 videtur

759 4007 930 4091 quod
956 4007 1210 4073 daemon
1246 4027 1454 4091 usque
1489 4009 1578 4073 ad·
1604 4009 1828 4075 intima
1855 4009 2092 4074 animas
2118 4009 2291 4073 illabi

762 4115 979 4198 possit.

838 4227 901 4285 4.
934 4221 1112 4301 Item,
1142 4222 1305 4286 sicut
1332 4222 1528 4288 homo
1547 4223 1817 4288 efficitur
1851 4223 2166 4307 templum
2184 4222 2295 4287 Dei

760 4347 874 4413 per
891 4329 1187 4411 gratiam,
1208 4328 1297 4392 ita
1313 4329 1584 4394 efficitur
1600 4329 1914 4412 templum
1933 4331 2167 4395 diaboli
2185 4349 2299 4414 per

763 4441 1093 4520 peccatum
1124 4457 1139 4499 :
1183 4435 1290 4500 sed
1327 4436 1591 4500 omnino
1635 4436 1868 4501 ibidem
1886 4486 1906 4518 ‚
1959 4437 2073 4501 ubi
2121 4438 2300 4520 prius

763 4549 902 4609 erat
917 4544 1146 4626 gratia,
1165 4542 1386 4626 incipit
1400 4561 1536 4607 esse
1562 4544 1750 4627 culpa
1772 4563 1789 4607 :
1811 4563 1969 4626 ergo
1985 4544 2101 4608 ubi
2123 4545 2300 4627 prius

765 4652 1087 4718 habitabat
1107 4651 1293 4731 DeuS‚
1318 4654 1524 4733 potest
1545 4651 1835 4716 habitare
1864 4651 2178 4716 diaboluS.

850 4761 1116 4825 Contra:
1140 4758 1541 4840 Augustinus
1557 4759 1602 4839 ³,
1628 4759 1975 4825 deFidead
1996 4759 2253 4826 Petrum
2278 4782 2303 4825 .·

772 4893 803 4931 α
828 4867 997 4933 Inest
1013 4867 1286 4948 singulis
1302 4866 1627 4949 spiritibus
1644 4866 1950 4930 naturalis
1965 4867 2300 4945 terminus,

770 4995 902 5059 quo
928 4995 968 5040 a
993 4994 1059 5039 se
1085 4974 1362 5039 invicem
1385 4973 1870 5055 distinguuntur
1887 5022 1905 5052 ‚
1936 4979 2000 5038 et
2032 4994 2208 5039 unus
2233 4975 2305 5038 in

771 5085 968 5149 altero
1003 5100 1136 5146 non
1176 5085 1289 5146 est.
1320 5103 1350 5141 n
1389 5078 1511 5145 Sed
1541 5080 1758 5144 anima
1795 5081 2085 5146 humana
2118 5083 2307 5166 spiri-

837 5208 857 5242 ¹
875 5207 956 5272 Cf.
982 5209 1036 5260 S.
1056 5206 1260 5267 Thom.,
1286 5204 1346 5256 de
1373 5203 1544 5270 Verbo,
1564 5219 1615 5270 q.
1634 5217 1765 5263 ΗΠ,
1787 5208 1884 5256 art.
1904 5208 1933 5257 9
1943 5222 1959 5270 ;
1992 5206 2124 5258 etde
2142 5207 2302 5274 Malo,

776 5296 829 5346 q.
850 5293 967 5344 xvi,
994 5285 1087 5332 art.
1113 5285 1203 5344 113
1231 5279 1401 5345 AEgid.
1426 5283 1598 5344 Rom„
1621 5280 1662 5329 Il
1691 5280 1848 5342 Seni„
1874 5281 1989 5332 dist.
2011 5293 2141 5348 viu,
2163 5297 2215 5347 q.
2236 5295 2309 5346 11,

777 5357 873 5404 art.
893 5357 949 5417 53
978 5353 1236 5418 Richard„
1263 5353 1302 5403 ll
1336 5352 1495 5414 Seni„
1522 5352 1640 5403 dist.
1663 5363 1758 5402 vm
1772 5389 1790 5416 ,
1819 5356 1914 5403 art.
1936 5356 1993 5417 2,
2022 5368 2077 5418 q.
2097 5366 2171 5419 113
2202 5357 2309 5405 Du-

778 5426 986 5489 randus,
1010 5425 1054 5476 11
1074 5425 1236 5488 Seni„
1252 5423 1369 5475 dist.
1386 5435 1499 5490 vm,
1514 5439 1565 5490 q.
1583 5437 1669 5489 1113
1695 5425 1880 5477 Thom.
1896 5429 2042 5491 Arg„
2066 5427 2110 5478 ll
2139 5428 2302 5492 Seni„

1843 428 2469 498 SENTENTIARUM
2511 428 2660 495 LIB.
2707 430 2787 496 11.

2376 571 2481 629 tus
2506 572 2601 630 est
2630 586 2646 629 ε
2691 585 2849 649 ergo
2898 586 3030 631 non
3069 570 3272 651 potest
3309 584 3444 630 esse
3479 565 3552 630 in
3590 567 3891 647 daemone,

2375 695 2495 742 nec
2516 678 2771 744 daemon
2786 679 2855 744 in
2869 697 2947 744 ea
2966 701 2982 744 ε
3005 697 3162 761 ergo
3180 698 3297 744 nec
3325 678 3498 742 illabi
3528 698 3545 741 z
3577 697 3734 764 ergo
3748 726 3766 759 ,
3785 682 3893 744 etc.

2457 784 2615 849 Item
2633 834 2650 865 ,
2681 788 2734 850 si
2758 806 2930 852 unus
2971 788 3229 870 spiritus
3268 786 3550 850 illabitur
3563 835 3582 865 ,
3616 791 3729 850 aut
3756 786 3898 850 alter

2377 896 2581 975 potest
2604 893 2814 974 illabi,
2846 900 2959 959 aut
2990 912 3120 958 non
3153 916 3169 957 z
3211 893 3405 971 sisic,
3436 911 3596 974 ergo
3640 893 3777 975 pari
3800 911 3902 955 ra-

2376 1002 2549 1065 tione
2574 1005 2638 1066 et
2664 1003 2911 1081 tertius»,
2942 1006 3007 1066 et
3047 1005 3337 1085 quartus,
3383 1004 3447 1064 et
3491 1001 3582 1063 sic
3630 1000 3707 1063 de
3748 998 3897 1075 aliis»,

2381 1113 2444 1175 et
2469 1111 2558 1173 ita
2582 1129 2805 1177 omnes
2829 1111 3086 1195 spiritus
3110 1109 3263 1173 mali
3289 1110 3560 1192 possunt
3592 1106 3765 1169 illabi
3800 1106 3903 1168 uni

2381 1218 2636 1299 animai,
2658 1219 2828 1301 quod
2855 1219 3041 1302 plane
3057 1218 3288 1281 falsum
3315 1219 3443 1294 est;
3464 1214 3518 1278 si
3540 1231 3673 1277 non
3690 1215 3901 1296 potest,

2382 1342 2538 1406 ergo
2566 1344 2737 1390 unus
2779 1326 3042 1410 spiritus
3081 1325 3305 1408 implet
3340 1327 3541 1388 totam
3584 1321 3906 1386 animam:

2383 1432 2489 1495 sed
2519 1432 2640 1497 hoc
2658 1438 2752 1498 est
2776 1433 3033 1514 falsum,
3065 1433 3217 1516 quia
3242 1431 3599 1512 imaginem
3625 1427 3735 1491 Dei
3758 1427 3905 1492 nihil

2383 1540 2599 1604 minus
2628 1540 2752 1604 Deo
2771 1540 3034 1624 implere
3047 1544 3272 1624 potest,
3293 1540 3458 1604 sicut
3483 1538 3636 1602 dicit
3661 1538 3903 1617 Augus-

2386 1647 2557 1710 tinus
2582 1651 2645 1710 et
2668 1647 2856 1713 Beda.

2466 1753 2646 1831 Item,
2674 1755 2728 1818 si
2754 1756 3009 1819 daemon
3049 1754 3414 1818 illaberetur
3451 1751 3688 1815 animae
3713 1799 3731 1830 ‚
3762 1754 3903 1813 osset

2386 1860 2652 1925 intimus
2678 1862 2910 1925 animae
2943 1880 2960 1924 ε
2996 1879 3154 1944 ergo
3180 1877 3294 1943 per
3326 1863 3535 1923 totum
3563 1857 3905 1922 dominare-

2387 1970 2496 2030 tur
2519 1968 2577 2031 ei
2600 1987 2616 2031 :
2643 1986 2800 2050 ergo
2828 1973 3037 2052 posset
3063 1967 3428 2051 pertrahere
3452 1966 3533 2029 ad
3559 1965 3731 2029 maia
3751 1981 3909 2047 quae-

2388 2092 2666 2158 cumque
2691 2076 2914 2156 vellet,
2943 2080 3007 2141 et
3050 2076 3140 2140 ita
3177 2075 3395 2139 anima
3431 2072 3715 2137 liberum
3758 2071 3911 2135 arbi-

2388 2181 2588 2245 trium
2618 2202 2748 2247 non
2776 2183 3058 2247 haberet.
3091 2182 3274 2259 Quod
3318 2181 3373 2244 si
3399 2181 3617 2244 anima
3653 2179 3909 2242 liberum

2390 2288 2727 2354 arbitrium
2752 2309 2883 2354 non
2908 2293 3110 2372 potest
3132 2288 3442 2364 amittere,
3470 2305 3631 2369 ergo
3656 2305 3775 2351 nee
3793 2286 3911 2350 ‹1ae-

2392 2415 2547 2461 mon
2578 2398 2637 2461 ei
2653 2398 2826 2462 illabi
2852 2402 3076 2481 potest.

2473 2503 2652 2585 item,
2685 2505 2739 2569 si
2763 2506 3130 2570 illaberetur
3155 2504 3412 2584 animae,
3442 2502 3611 2566 nihil
3654 2506 3810 2567 esset
3834 2502 3912 2564 ita

2390 2611 2693 2676 intimum
2718 2613 2787 2677 in
2809 2615 3050 2694 anima,
3076 2614 3146 2677 in
3173 2631 3302 2696 quo
3326 2630 3459 2676 non
3487 2614 3651 2675 esset
3671 2659 3690 2688 ‚
3718 2614 3779 2675 et
3806 2628 3907 2673 su-

2392 2738 2507 2801 per
2524 2720 2694 2802 quod
2711 2739 2852 2791 ‚non
2874 2723 3083 2803 posset
3104 2720 3388 2797 daemon3
3419 2718 3531 2782 sed
3568 2719 3733 2781 sicut
3765 2716 3911 2779 Deus

2393 2827 2706 2891 illabendo
2728 2827 3012 2892 animam
3042 2828 3345 2891 rectificat
3367 2831 3432 2890 et
3456 2828 3807 2902 conservat,
3832 2823 3909 2886 sic

2393 2934 2650 2999 daemon
2688 2936 2862 3018 quod
2887 2940 3087 3019 potest
3113 2935 3444 3000 deordinat
3483 2938 3547 2998 et
3586 2933 3905 3015 depravat:

2394 3062 2552 3127 ergo
2580 3045 2635 3108 si
2675 3045 2929 3109 daem'on
2963 3045 3326 3109 illaberetur
3357 3043 3592 3107 animae
3614 3091 3633 3124 ‚
3680 3043 3909 3106 daemon

2394 3157 2605 3235 posset
2623 3153 3016 3235 synderesim
3038 3153 3142 3218 vel
3159 3153 3559 3219 voluntatem
3574 3149 3907 3214 naturalem

2397 3259 2767 3342 depravare,
2797 3263 2860 3324 et
2887 3260 2968 3325 ad
2994 3259 3241 3325 malum
3266 3259 3619 3324 inclinare:
3652 3256 3814 3341 quod
3830 3258 3906 3319 est

2398 3366 2806 3451 impossibile.

2910 3605 3426 3674 CONCLUSIO.

2401 3781 2669 3837 Daemonae
2706 3779 2992 3835 animabus
3017 3780 3265 3835 hamanis
3299 3777 3468 3834 illabi
3499 3778 3791 3847 nequeunt,
3831 3774 3908 3828 hoc

2471 3872 2611 3925 enim
2635 3870 2800 3925 solius
2825 3873 2901 3926 est
2928 3871 3060 3940 Dei,
3090 3884 3208 3924 cum
3240 3869 3300 3923 in
3319 3871 3509 3924 anima
3537 3866 3678 3922 idem
3701 3867 3771 3921 sit
3797 3865 3909 3918 inti-

2473 3974 2617 4013 mum
2643 3963 2804 4029 atque
2832 3973 3169 4030 supremum5
3205 3958 3348 4014 solus
3378 3961 3559 4013 autem
3585 3958 3720 4011 Deus
3743 3959 3813 4010 est
3833 3967 3908 4007 su-

2467 4051 2655 4120 perior
2677 4052 2852 4105 mente
2872 4049 3127 4105 humana.

2486 4225 2668 4310 Resp.
2704 4227 2787 4291 ad
2815 4227 2976 4309 Arg.
3016 4223 3364 4290 Dicendum
3401 4224 3575 4306 quod
3620 4222 3784 4287 illabi
3810 4219 3913 4284 ali-

2407 4333 2564 4416 quid
2608 4333 2828 4414 alicui,
2872 4334 3173 4415 importat
3212 4330 3385 4414 quod
3434 4330 3593 4394 illud
3640 4328 3910 4392 intimum

2409 4442 2492 4505 sit
2516 4441 2599 4521 ei,
2632 4445 2695 4504 et
2723 4442 2895 4523 quod
2922 4441 3146 4505 intime
3171 4442 3471 4524 operetur
3497 4438 3568 4501 in
3596 4437 3703 4500 illo
3735 4429 3913 4499 :nihil

2410 4551 2627 4613 autem
2668 4549 2794 4613 tale
2836 4553 2931 4613 est
2969 4552 3257 4632 respectu
3291 4546 3567 4625 animae,
3610 4543 3732 4606 nisi
3768 4539 3913 4603 solus

2412 4654 2613 4720 Deus:
2648 4655 2791 4720 ideo
2817 4655 2991 4720 solus
3006 4655 3262 4722 divinus
3286 4654 3547 4737 spiritus
3578 4650 3802 4715 animae
3824 4662 3912 4729 po-

2413 4768 2533 4827 test
2560 4763 2756 4828 illabi.
2786 4763 2860 4827 In
2892 4764 3111 4828 anima
3144 4780 3423 4845 namque
3463 4759 3749 4824 humana
3771 4754 3913 4818 idem

2415 4873 2510 4935 est
2548 4870 2850 4934 intimum
2897 4875 2961 4937 et
2998 4885 3411 4953 supremum;
3458 4873 3523 4931 et
3571 4867 3693 4930 hoc
3737 4865 3913 4946 patet,

2416 4978 2569 5061 quia
2605 4979 2959 5044 secundum
3007 4995 3201 5044 suum
3246 4992 3624 5059 supremum
3671 4970 3919 5035 maxime

2418 5086 2819 5170 approximat
2842 5085 3002 5162 Deo,
3031 5084 3318 5148 similiter
3340 5081 3714 5152 ,secundum
3752 5089 3919 5140 suum

2420 5209 2661 5276 dist.v111‚
2680 5225 2733 5277 q.
2754 5222 2792 5274 1,
2811 5213 2908 5261 art.
2929 5215 2952 5262 1
2968 5225 2988 5273 ‚-
3017 5208 3194 5273 Steph.
3217 5207 3426 5273 Brulet„
3450 5209 3493 5259 ll
3520 5207 3679 5269 Seni„
3697 5203 3808 5254 dist.
3824 5207 3917 5258 Vm,

2422 5297 2473 5348 q.
2502 5295 2615 5336 vm.
2635 5311 2699 5322 —
2714 5285 2737 5320 ¹
2754 5285 2889 5348 Luc„
2918 5295 2990 5347 lv,
3012 5286 3090 5334 33.
3109 5309 3170 5320 ——
3185 5283 3208 5319 ⁸
3229 5283 3337 5333 lmo
3365 5282 3621 5345 Fulgent.,
3648 5278 3707 5327 de
3736 5276 3777 5327 F
3779 5272 3849 5323 ide
3866 5267 3925 5319 ad

2421 5357 2580 5481 &eg-i,
2606 5371 2653 5408 c.
2680 5368 2770 5420 111,
2792 5371 2847 5407 n.
2881 5360 2968 5420 30,
2998 5355 3132 5408 intes
3156 5368 3315 5420 opem
3357 5357 3415 5405 s.
3446 5356 3683 5418 August„
3716 5341 3923 5410 Appmd·
