4125 6225
1530 446 1905 517 msrmc‘r.
1948 446 2212 514 mxu.
2803 421 2816 436 '
3325 457 3404 518 ιτ

1196 747 1937 846 DISTINCTIO
2000 739 2430 842 XXXVI

1359 977 1649 1033 QUOMODO
1694 978 1804 1024 RBS
1847 975 1983 1022 SINT
2026 976 2091 1022 m
2134 974 2278 1023 Dm.

293 1150 461 1220 Solet
499 1150 617 1219 hic
655 1153 928 1245 quaeri,
969 1176 1122 1223 cum
1166 1154 1391 1224 omnia
1422 1153 1726 1223 dicantur
1763 1173 1898 1222 esse
1936 1151 2007 1219 in
2049 1149 2170 1218 Dei
2216 1149 2585 1240 cognitione
2603 1203 2621 1236 ,
2661 1171 2778 1219 seu
2821 1151 3254 1244 praescientia,
3294 1155 3402 1226 vel
3488 1172 3641 1217 Utrum

233 1268 288 1336 in
316 1267 440 1337 Deo
486 1291 612 1360 per
655 1269 1124 1358 coguitionem
1147 1322 1165 1355 ,
1211 1279 1276 1339 et
1309 1269 1451 1362 ejus
1490 1269 1810 1359 cognitio,
1856 1267 1963 1336 vel
2005 1264 2408 1357 praescientia
2444 1265 2527 1333 sit
2565 1265 2793 1335 divina
2830 1268 3140 1357 essentia,
3175 1277 3403 1341 utrum
3449 1247 3637 1372 33:32}-
3703 1344 3717 1359 ‚

240 1383 705 1453 eonoedendum
735 1386 827 1454 sit
854 1386 1081 1455 omnia
1105 1409 1240 1456 esse
1268 1386 1340 1454 in
1366 1386 1591 1456 divina
1615 1384 1926 1471 essentia,
1957 1370 2066 1452 {rel
2092 1383 2161 1451 in
2190 1382 2324 1451 Deo
2350 1406 2466 1475 per
2493 1384 2856 1453 essentiam.
2893 1385 2995 1455 Ad
3024 1386 3201 1478 quod
3238 1386 3405 1456 dici·
3430 1364 3639 1464 ’22¹3'

248 1523 397 1586 muS,
424 1501 587 1591 quia
610 1501 741 1569 Dei
768 1500 1062 1591 cognitio
1086 1501 1228 1593 ejus
1254 1502 1485 1593 utique
1511 1501 1787 1571 essentia
1815 1507 1946 1585 est,
1979 1508 2040 1568 et
2069 1499 2211 1590 ejus
2236 1499 2664 1591 praescientia,
2693 1499 2762 1568 in
2790 1523 2925 1592 qua
2951 1508 3107 1570 sunt
3131 1505 3355 1572 omnia
3377 1556 3395 1589 ,
3431 1479 3644 1601 ”22522'

250 1618 427 1709 ipsius
448 1617 741 1707 cognitio
768 1626 903 1701 θεὶς
955 1641 1074 1687 nec
1104 1626 1318 1687 tamen
1346 1618 1569 1687 omnia
1588 1670 1605 1703 ,
1638 1640 1788 1710 quae
1825 1623 1979 1685 sunt
2003 1615 2074 1683 in
2103 1615 2245 1707 ejus
2273 1615 2702 1707 praescientia,
2733 1616 2839 1685 vel
2883 1617 3253 1706 cognitione
3271 1672 3289 1705 ,
3322 1620 3393 1688 in
3431 1605 3646 1725 ’ἕζξζξῗ

257 1735 379 1826 ejus
401 1734 677 1803 essentia
705 1756 845 1803 esse
872 1733 1006 1803 dici
1035 1734 1293 1803 debent.
1330 1733 1402 1803 Si
1429 1734 1606 1804 enim
1637 1733 1761 1802 hoc
1787 1732 2135 1818 diceretur,
2182 1731 2709 1821 intelligerentur
2748 1756 2884 1802 esse
2918 1734 3212 1825 ejusdem
3249 1759 3402 1807 cum
3432 1733 3611 1777 ‘emim
3634 1767 3648 1791 r

3432 1801 3478 1838 ut
3504 1798 3646 1840 omnia

258 1850 375 1919 Deo
398 1850 704 1919 essentiae.
736 1851 816 1918 ln
845 1849 983 1918 Deo
1010 1850 1187 1919 enim
1215 1849 1458 1920 dicitur
1485 1873 1619 1920 esse
1649 1871 1764 1942 per
1789 1849 2158 1934 essentiam,
2189 1846 2368 1940 quod
2396 1856 2490 1917 est
2517 1848 2742 1918 divina
2768 1852 3069 1940 essentia,
3105 1853 3284 1944 quod
3311 1863 3406 1922 est
3432 1857 3635 1964 ἀπίξι·

262 1966 433 2035 Deus.
462 1967 674 2036 Habet
701 1989 861 2056 ergo
902 1966 1080 2036 Deus
1109 1965 1285 2059 apud
1311 1990 1378 2035 se
1404 1966 1478 2035 in
1505 1964 1908 2059 praescientia
1933 1988 2085 2050 sua,
2117 1987 2267 2057 quae
2295 1985 2428 2033 non
2466 1963 2662 2032 habet
2688 1965 2758 2033 in
2787 1965 2890 2034 sui
2923 1974 3183 2038 natura.
3214 1968 3405 2039 Unde
3451 1981 3630 2056 Betoo-

266 2083 683 2171 AugustinuS,
725 2081 808 2151 de
849 2083 1063 2152 verbis
1097 2083 1424 2174 Apostoli,
1471 2081 1565 2151 ita
1589 2082 1719 2151 ait¹
1756 2107 1771 2149 z
1820 2109 1856 2148 «
1893 2081 2121 2173 Eleqit
2162 2103 2280 2149 nos
2316 2093 2473 2149 ante
2513 2079 2752 2150 mundi
2795 2083 3325 2161 constitutionem
3350 2090 3400 2156 ².
3431 2049 3650 2182 53¹²?ss

265 2197 407 2279 Quis
428 2199 664 2268 sufficit
690 2199 815 2268 hoc
845 2200 1170 2291 explicare
1190 2205 1221 2269 ‘l
1257 2200 1621 2290 Eliguntur
1648 2199 1768 2290 qui
1796 2221 1932 2267 non
1958 2205 2154 2282 sunt,
2195 2219 2315 2265 nec
2342 2205 2516 2266 errat
2543 2197 2661 2289 qui
2689 2197 2906 2289 eligit,
2937 2222 3056 2269 nec
3083 2225 3253 2271 vane
3280 2201 3411 2271 ele-
3435 2171 3629 2216 ‘dem'

263 2315 347 2404 git
381 2341 396 2382 z
430 2315 619 2406 elegit
644 2325 902 2402 tamen,
934 2325 999 2385 et
1023 2316 1218 2384 hahet
1244 2317 1480 2386 electos
1506 2338 1672 2407 quos
1697 2322 2035 2383 creaturus
2079 2319 2174 2380 est
2210 2313 2572 2401 eligendos3
2608 2313 2802 2382 habet
2845 2325 3065 2385 autem
3098 2318 3275 2410 apud
3316 2344 3414 2390 se-

264 2431 589 2523 metipsum
618 2455 751 2501 non
783 2432 855 2501 in
888 2440 1126 2501 natura
1152 2455 1306 2512 sua,
1334 2431 1445 2500 sed
1474 2432 1545 2500 in
1573 2429 1977 2523 praescientia
2000 2452 2142 2497 sua.
2174 2427 2483 2498 Nondum
2512 2436 2699 2498 erant
2725 2430 2970 2522 quibus
2995 2435 3415 2524 promitteba-

267 2556 385 2632 tur,
412 2549 515 2618 sed
543 2556 608 2616 et
633 2548 760 2640 ipsi
788 2548 1091 2641 promissi
1114 2555 1306 2635 sunt,
1333 2547 1577 2639 quibus
1610 2546 2143 2638 promittebatur.
2177 2570 2213 2610 >2
2253 2544 2416 2613 Ecce
2441 2543 2549 2613 hic
2573 2553 2792 2636 aperte
2816 2547 2972 2616 dicit
2997 2547 3208 2618 Deum
3237 2551 3417 2643 apud

261 2663 660 2755 semetipsum
687 2662 931 2732 habere
959 2664 1195 2732 clectos
1220 2670 1371 2732 ante
1398 2662 1632 2732 mundi
1658 2661 2221 2745 constitutionem,
2254 2682 2391 2730 non
2419 2660 2490 2728 in
2535 2668 2775 2730 natura
2799 2685 2919 2731 sua
2936 2714 2954 2750 ,
3001 2664 3113 2734 sed
3141 2666 3212 2734 in
3249 2690 3416 2759 prae-

260 2779 511 2847 scientia
535 2802 655 2848 sua
676 2832 697 2866 ,
728 2802 881 2849 cum
916 2788 1135 2848 tamen
1164 2779 1307 2871 ejus
1330 2779 1734 2870 praescientia
1761 2801 1891 2847 non
1922 2777 2106 2847 aliud
2134 2777 2255 2863 sit,
2287 2799 2489 2869 quam
2525 2776 2668 2867 ejus
2691 2786 2930 2848 natura
2962 2805 2978 2848 z
3015 2782 3174 2872 quia
3208 2783 3416 2875 ipsius

258 2895 643 2986 praescientia
664 2949 682 2982 ,
717 2899 863 2988 ejus
888 2904 983 2966 est
1009 2897 1265 2966 notitia.
1296 2897 1517 2965 Potest
1542 2903 1763 2964 tamen
1790 2894 1874 2964 ad
1899 2894 2136 2962 electos
2160 2892 2424 2978 referri,
2454 2914 2607 2960 cum
2634 2893 2727 2962 ait
2772 2918 2787 2962 ε
2838 2896 2924 2962 In
2954 2908 3203 2965 natura
3241 2920 3365 2967 sua
3388 2953 3409 2989 ,

255 3010 321 3077 id
350 3020 467 3098 est,
496 3011 790 3081 illorum.
820 3012 979 3081 Illos
1017 3012 1261 3104 quippe
1288 3011 1523 3081 hahuit
1549 3012 1632 3080 ab
1659 3019 1905 3080 aeterno
1932 2991 2111 3101 apud
2137 3031 2206 3078 se
2225 3060 2243 3096 ,
2289 3030 2424 3077 non
2450 3007 2524 3076 in
2552 3015 2790 3078 natura
2813 3010 2920 3079 sui
2943 3064 2961 3097 ,
2991 3011 3059 3081 id
3087 3020 3182 3082 est
3202 3066 3221 3102 ,
3264 3014 3413 3085 illo-
3542 3063 3550 3072 -

258 3149 404 3194 rum
425 3128 536 3220 qui
563 3127 863 3197 nondum
894 3136 1114 3216 erant,
1145 3128 1258 3197 sed
1282 3129 1355 3198 in
1380 3152 1501 3198 sua
1525 3128 1931 3220 praescientia
1950 3179 1968 3215 ‚
1997 3128 2116 3219 qui
2145 3148 2254 3196 eos
2276 3114 2370 3196 ita
2395 3126 2583 3195 novit
2610 3149 2686 3195 ac
2710 3127 2767 3195 si
2790 3137 3025 3198 essent.

342 3242 483 3312 Post
507 3244 818 3338 praedicta
841 3245 1189 3337 quaeritur,
1220 3267 1373 3314 cum
1401 3245 1623 3315 omnia
1659 3246 1963 3314 dicantur
1989 3266 2125 3312 esse
2154 3243 2225 3311 in
2256 3242 2391 3312 Deo
2416 3265 2553 3311 non
2589 3264 2707 3334 per
2739 3245 3082 3315 essentiam
3109 3254 3366 3318 naturae
3386 3302 3405 3337 ,
3491 3300 3646 3344 mmm

260 3359 369 3426 sed
392 3383 495 3452 per
520 3361 960 3452 cognitionem
996 3361 1277 3432 scientiae
1296 3415 1314 3448 ,
1342 3370 1407 3431 et
1442 3361 1619 3431 Deus
1643 3361 1803 3431 sciat
1828 3361 2002 3430 bona
2027 3366 2094 3428 et
2122 3359 2296 3428 mala
2317 3411 2335 3446 ,
2368 3365 2595 3427 utrum
2622 3358 3109 3431 concedendum
3144 3364 3231 3432 sit
3254 3365 3410 3435 sim·
3453 3363 3638 3469 ‘iffi‘

264 3474 497 3567 pliciter
518 3479 693 3547 mala
714 3501 855 3549 esse
880 3479 953 3547 in
984 3478 1154 3567 Deo,
1184 3480 1320 3548 sive
1346 3501 1483 3548 esse
1516 3478 1590 3548 in
1622 3478 1758 3548 Deo
1804 3500 1920 3571 per
1942 3476 2408 3567 cognitionem.
2455 3473 2597 3544 Scit
2637 3475 2811 3544 enim
2853 3476 3065 3565 Deus,
3111 3487 3176 3549 et
3216 3480 3408 3552 scivit
3438 3486 3650 3594 3⁰¹5?

265 3613 495 3684 semper
519 3595 771 3681 omnia,
802 3603 939 3663 tam
972 3594 1181 3678 hona,
1213 3618 1414 3687 quam
1445 3595 1620 3664 mala
1641 3646 1660 3681 ,
1692 3594 1890 3663 etiam
1926 3601 2281 3684 antequam
2311 3591 2578 3677 fierent,
2608 3599 2671 3660 et
2696 3593 3023 3684 praescivit
3054 3594 3139 3664 ab
3167 3605 3410 3669 aeterno
3438 3613 3513 3656 ubi
3553 3564 3651 3687 ⁸31?st

267 3729 343 3774 ea
365 3708 587 3780 futura.
617 3710 908 3803 Ideoque
934 3732 1086 3779 cum
1115 3711 1338 3780 omnia
1362 3711 1539 3780 hona
1563 3710 1855 3780 diximus
1884 3732 2020 3779 esse
2045 3710 2120 3777 in
2145 3708 2281 3777 Deo
2316 3715 2580 3799 propter
2605 3707 3074 3798 praescientiam
3098 3715 3416 3803 cognitio-
3472 3686 3614 3793 iffi}

268 3823 391 3909 nis,
418 3827 627 3896 eadem
656 3828 914 3897 ratione
942 3826 1205 3896 videtur
1232 3826 1583 3896 dicendum
1609 3827 1831 3896 omnia
1855 3825 2032 3895 mala
2057 3846 2195 3894 esse
2221 3824 2292 3891 in
2318 3846 2396 3892 eo
2415 3874 2433 3909 ,
2466 3844 2619 3891 cum
2645 3845 2724 3891 ea
2746 3845 3001 3916 semper
3025 3830 3316 3916 noverit,
3347 3839 3412 3900 et
3455 3812 3634 3918 ..dique

265 3962 373 4030 per
395 3944 817 4031 cognitionem
848 3943 908 4011 ei
930 3943 1277 4034 praesentia
1298 3943 1569 4012 fuerint.
1615 3970 1651 4010 α
1678 3939 2134 4031 Praecognovit
2172 3939 2353 4008 enim
2378 3938 2554 4007 Deus
2578 3938 2663 4008 ab
2689 3948 2931 4011 aeterno
2957 3944 3277 4034 quosdam
3303 3947 3412 4016 fu·
3449 3924 3632 4041 ,3¹2²ss

266 4063 432 4125 turos
454 4060 651 4128 malos
674 4112 693 4146 ‚
726 4068 1049 4128 eteorum
1079 4058 1399 4127 malitiam
1421 4111 1441 4147 ,
1473 4084 1508 4124 n
1546 4067 1623 4127 ut
1648 4059 1742 4128 ait
1772 4056 2190 4147 Augustinus
2214 4058 2236 4094 ⁸
2267 4082 2285 4143 3
2325 4079 2361 4120 «
2386 4054 2713 4146 praescivit
2733 4109 2753 4145 ,
2785 4057 2897 4126 sed
2926 4081 3062 4128 non
3088 4084 3412 4155 praepara-
3449 4048 3642 4167 {fflg‘}

266 4171 371 4240 vit.
400 4199 432 4238 υ
462 4173 622 4243 Cum
651 4197 809 4265 ergo
837 4183 1097 4266 peccata
1134 4174 1434 4243 omnium
1476 4174 1678 4261 sciat,
1718 4172 2051 4265 numquid
2096 4171 2601 4259 intelligendum
2630 4177 2726 4239 est
2763 4193 2840 4241 ea
2880 4172 3134 4244 includi
3174 4177 3248 4247 in
3294 4180 3416 4250 illa
3439 4172 3640 4280 ’‘²2²3ss-

264 4291 656 4377 generalitate
695 4291 1086 4379 locutionis,
1128 4313 1262 4383 qua
1299 4290 1469 4359 dixit
1492 4291 1879 4382 Apostolus,
1910 4288 2135 4358 omnia
2178 4307 2314 4356 esse
2341 4287 2413 4354 in
2457 4284 2632 4354 Deo?
2658 4287 2772 4354 Ea:
2818 4288 2992 4379 ipse,
3024 4291 3246 4384 inquit
3262 4297 3308 4381 ⁸,
3350 4311 3416 4367 et
3440 4296 3557 4340 θύω
3575 4311 3652 4403 3⁰·

255 4424 365 4492 per
392 4407 639 4496 ipsum,
692 4408 864 4476 etin
908 4408 1051 4500 ipso
1085 4420 1241 4475 sunt
1285 4407 1537 4476 omnia.
1580 4406 1707 4476 Sed
1745 4406 1930 4499 quis,
1974 4404 2104 4473 nisi
2136 4404 2409 4471 insanus
2431 4453 2450 4487 ,
2486 4400 2725 4469 dixerit
2753 4402 2927 4473 mala
2961 4427 3097 4475 esse
3133 4409 3204 4478 in
3232 4410 3410 4483 Deo?
3442 4371 3573 4416 Μ
3609 4391 3623 4404 ’

268 4516 375 4586 Illa
397 4522 564 4591 enim
589 4546 727 4592 esse
753 4523 823 4591 in
853 4522 989 4592 Deo
1015 4523 1506 4613 intelliguntur,
1537 4544 1684 4615 quae
1709 4544 1792 4590 ex
1817 4521 1957 4615 ipso
1978 4573 1999 4607 ,
2039 4527 2105 4588 et
2137 4540 2252 4611 per
2277 4518 2496 4610 ipsum
2522 4525 2678 4591 sunt
2710 4542 2727 4584 z
2760 4540 2837 4587 ea
2863 4542 3022 4590 vero
3049 4545 3165 4615 per
3185 4526 3409 4620 ipsum

268 4644 401 4704 sunt
418 4690 434 4723 ,
462 4647 525 4706 et
549 4661 631 4707 ex
655 4639 823 4731 ipso,
855 4660 1141 4731 quorum
1172 4648 1396 4708 auctor
1423 4647 1559 4726 est;
1591 4638 1704 4708 sed
1732 4660 1867 4706 non
1893 4644 1991 4706 est
2014 4642 2241 4705 auctor
2266 4632 2396 4701 nisi
2422 4633 2772 4703 bonorum.
2806 4634 2955 4706 Non
2982 4660 3139 4730 ergo
3165 4665 3247 4712 ex
3268 4644 3412 4737 ipso

268 4760 323 4818 et
342 4776 445 4843 per
464 4757 683 4847 ipsum
708 4762 866 4822 sunt
886 4806 904 4841 ,
949 4753 1075 4822 nisi
1104 4754 1278 4823 bona
1310 4780 1325 4821 ε
1358 4755 1517 4847 quia
1561 4755 1642 4851 (a)
1676 4776 1833 4845 ergo
1871 4753 2104 4823 nonin
2134 4753 2276 4844 ipso
2301 4757 2458 4834 sunt
2498 4749 2625 4818 nisi
2654 4751 2856 4840 bona,
2889 4776 3025 4824 non
3050 4779 3205 4849 ergo
3237 4764 3410 4835 mala

266 4866 327 4935 in
348 4868 473 4939 Deo
496 4878 655 4940 sunt
685 4896 700 4938 ε
733 4871 894 4962 quia
935 4870 1086 4940 licet
1133 4893 1209 4941 ea
1246 4879 1503 4958 noscat,
1549 4894 1683 4941 non
1722 4879 1943 4940 tamen
1982 4869 2077 4937 ita
2113 4867 2383 4937 omnino
2416 4866 2656 4954 noscit,
2687 4878 2764 4945 ut
2797 4870 2991 4940 hona.
3034 4873 3210 4945 Mala
3253 4900 3410 4970 ergo

265 4986 431 5075 quasi
474 4985 556 5054 de
594 4986 795 5076 longe
837 4986 1202 5077 cognoscit,
1237 4998 1315 5055 ut
1356 4987 1448 5055 ait
1488 4987 1855 5079 Propheta⁸
1888 5011 1904 5055 ε
1943 4988 2041 5054 Et
2077 4984 2222 5053 alta
2262 5007 2307 5051 α
2345 4983 2534 5076 lonqe
2571 4986 2901 5076 coquoscit
2942 4988 3005 5056 id
3052 4998 3147 5060 est
3182 5016 3409 5088 super-

260 5100 441 5172 biam.
470 5102 557 5170 Et
600 5102 797 5189 alibi,
833 5102 914 5172 ad
953 5102 1164 5172 Deum
1201 5103 1480 5196 loquens
1519 5103 1601 5173 de
1640 5102 1830 5173 malis
1850 5154 1870 5190 ,
1913 5103 2005 5171 ait
2020 5111 2043 5146 ⁶
2077 5125 2094 5168 ι
2126 5102 2225 5168 De
2263 5097 2663 5168 absconditis
2703 5101 2835 5170 mis
2878 5100 3275 5197 adimpletus
3311 5127 3409 5183 est

314 5272 488 5337 ¹Ang.,
519 5270 581 5321 de
616 5268 758 5320 verb.
780 5268 969 5335 Apost„
995 5273 1163 5324 Serm.
1184 5281 1268 5333 11,
1294 5270 1429 5322 inter
1448 5269 1666 5336 princip.
1692 5275 1743 5322 et
1761 5270 1900 5322 med.
1921 5296 1983 5309 —
1999 5271 2023 5306 ²
2039 5268 2242 5336 Ephes„
2275 5279 2311 5334 1,
2339 5272 2386 5320 4.
2406 5294 2468 5307 —
2485 5269 2508 5305 ⁸
2526 5270 2677 5336 Aug„
2703 5270 2765 5321 de
2788 5264 3024 5325 Prc‘edest.
3049 5276 3239 5345 sanct„
3272 5297 3316 5336 c..
3344 5295 3403 5349 x,

252 5355 300 5393 n.
320 5346 395 5406 19,
422 5342 601 5406 quoad
624 5354 924 5391 sensum.—
945 5342 966 5377 δ
983 5343 1141 5405 Rom„
1168 5353 1242 5408 ιι,
1261 5344 1342 5393 36.
1359 5369 1421 5380 -
1437 5344 1459 5378 ⁸
1477 5344 1558 5394 Ρε.
1585 5354 1818 5405 cxxxvn,
1842 5345 1890 5393 6.
1909 5368 1968 5379 -
1988 5343 2011 5378 ⁶
2029 5344 2110 5392 Px.
2135 5353 2240 5403 xvi,
2265 5343 2343 5391 14.

302 5442 365 5503 ‹a›
392 5440 520 5492 eet.
540 5440 696 5501 edit„
724 5438 824 5489 zoco
842 5440 975 5505 quia,
996 5439 1179 5491 nabent
1205 5441 1292 5491 ina.

653 5544 804 5591 τοι.
844 5545 911 5593 ιι.
2849 5584 2858 5596 .
3092 5543 3131 5602 2
