4125 6225
1706 0 2265 93 mm
2341 0 2589 46 M*
2699 0 3088 165 rw*
3152 0 3295 167 ι’

1235 384 1430 453 DIST.
1472 382 1631 452 XVI.
1671 381 1854 464 W,
1896 380 1977 451 11.
2013 381 2317 461 QUAEST.
2357 383 2436 451 11.

307 534 370 595 2.
387 526 546 595 Item
559 526 1066 605 Glossaibidicit:
1109 547 1140 587 α
1157 524 1255 591 Ad
1276 522 1629 604 imaginem
1655 518 1767 584 Dei

230 636 435 703 tactus
461 639 556 701 est
577 635 704 715 vir,
724 652 860 700 non
884 633 1113 699 mulier
1144 653 1210 698 :a
1236 631 1347 696 sed
1370 629 1494 695 hoc
1513 646 1648 705 non
1674 630 1768 691 est

230 744 496 822 dictum,
530 742 700 827 quod
730 740 960 805 mulier
982 740 1159 804 nullo
1189 738 1379 803 modo
1398 738 1482 800 sit
1505 734 1587 801 ad
1612 735 1769 798 ima-

233 851 455 934 ginem
484 851 648 914 facta
683 871 699 912 ι
731 866 887 930 ergo
927 847 1169 912 dictum
1198 848 1322 925 est,
1351 842 1522 928 quod
1551 841 1770 907 minus

234 963 328 1022 est
353 957 434 1023 ad
463 957 837 1039 imaginem,
865 972 1063 1041 quam
1088 953 1210 1019 vir.

318 1070 377 1132 3.
401 1065 581 1142 Item,
610 1066 763 1148 quia
785 1066 980 1129 homo
1008 1067 1102 1128 est
1125 1061 1205 1127 ad
1222 1059 1597 1141 imaginem,
1618 1057 1770 1122 uni-
1807 1108 1814 1121 .

237 1174 382 1239 bilis
408 1178 503 1239 est
524 1179 774 1238 naturae
800 1171 1035 1239 divinae
1068 1192 1085 1235 ·.
1113 1170 1224 1235 sed
1242 1167 1453 1250 magis
1473 1165 1595 1231 suit
1625 1163 1774 1230 uni-
1804 1187 1808 1191 ·

240 1281 385 1345 bilis
407 1281 485 1345 -in
524 1299 686 1345 sexu
730 1279 1084 1345 masculino
1105 1327 1124 1359 ,
1167 1294 1365 1362 quam
1407 1272 1710 1339 foemineo
1753 1287 1771 1335 ι
1821 1296 1834 1312 ,

243 1406 401 1471 ergo
423 1390 634 1472 magis
659 1392 752 1453 est
774 1388 993 1470 imago
1016 1385 1139 1465 vir,
1165 1401 1362 1468 quam
1392 1380 1646 1445 mulier.

324 1498 384 1562 h.
408 1498 589 1576 Item,
605 1497 760 1581 quia
784 1497 982 1562 homo
995 1497 1089 1559 est
1103 1493 1323 1573 imago
1335 1489 1469 1567 Dei,
1481 1486 1780 1553 omnihus

247 1612 342 1673 est
391 1606 692 1691 praelatus
713 1654 731 1685 ,
783 1604 918 1673 sive
965 1599 1372 1685 praeposituS‚
1431 1595 1782 1661 secundum

248 1715 418 1798 quod
451 1713 744 1778 innuitur
768 1712 838 1777 in
863 1716 1047 1776 textu
1090 1708 1348 1776 Genesis
1383 1728 1408 1772 .·
1441 1706 1783 1771 Faciamus

250 1824 564 1890 hominem
590 1820 678 1887 ad
700 1822 1089 1903 imaqinem‚
1136 1821 1291 1895 etc.,
1272 1837 1287 1852 ·
1337 1818 1400 1879 et
1428 1812 1723 1877 subditur
1764 1831 1780 1874 ε

252 1933 344 1998 Et
398 1932 628 2014 proesit
687 1927 1014 2010 piscibus,
1059 1927 1178 1989 etc.
1239 1921 1411 2003 Ergo
1449 1918 1789 2004 praesidere

255 2039 309 2103 si
335 2058 465 2103 non
483 2036 779 2103 convenit
794 2032 1084 2099 homini
1067 2051 1135 2096 m
1152 2049 1315 2095 sexu
1333 2027 1652 2103 foemine0‚
1681 2023 1790 2090 sed

258 2147 631 2226 masculine,
661 2145 916 2210 videtur
940 2139 1145 2226 quod
1130 2157 1346 2221 imago
1364 2130 1794 2202 excellentiori

262 2256 452 2320 modo
479 2255 561 2319 sit
600 2254 669 2321 in
708 2251 1061 2317 masculino
1101 2266 1298 2326 sexa,
1326 2263 1523 2330 quam
1559 2243 1631 2307 in
1670 2242 1792 2306 foe-

261 2382 500 2431 m1ne0.

40 2478 108 2524 Ad
123 2490 232 2534 opp·
342 2472 574 2553 Contra
608 2470 624 2505 ¹
658 2492 673 2533 ε
705 2467 955 2534 creavit
981 2464 1144 2545 Deus
1166 2464 1477 2529 hominem
1511 2460 1600 2529 ad
1626 2461 1797 2529 ima-

261 2583 471 2665 qinem
490 2586 550 2645 et
576 2572 1071 2643 similitudinem
1090 2587 1275 2639 suam
1283 2588 1312 2654 ,·
1332 2569 1707 2647 masculum,
1737 2572 1798 2635 et

257 2690 590 2772 foeminam
631 2685 876 2751 creavit
929 2680 1073 2749 illos
1123 2700 1146 2743 .·
1204 2680 1258 2744 si
1310 2678 1512 2760 igitur
1562 2675 1797 2742 mulier

262 2800 472 2862 creata
497 2798 590 2859 est
615 2793 693 2858 ad
734 2790 1090 2873 imaginem
1131 2786 1280 2866 Dei,
1319 2792 1384 2850 et
1419 2786 1499 2851 ad
1524 2784 1797 2868 aequali-

262 2908 459 2969 tatem
485 2899 632 2979 viri,
663 2900 826 2963 sicut
851 2896 1062 2960 innuit
1082 2893 1374 2959 formatio
1408 2894 1550 2976 eJus
1596 2891 1674 2956 de
1700 2891 1801 2956 la-

262 3014 419 3091 tere,
450 3014 514 3074 et
532 3006 697 3075 ratio
730 3004 921 3068 etiam
957 3021 1156 3086 quare
1184 3000 1453 3066 formata
1492 3002 1609 3079 est,
1650 3015 1801 3065 cum

265 3120 497 3185 dicitur
561 3122 585 3158 ⁸
652 3139 669 3181 ι
745 3120 1092 3188 Faciamus
1145 3110 1545 3196 adjutorium
1595 3105 1804 3174 simae

269 3229 399 3296 sibi
444 3252 468 3294 .·
504 3228 756 3293 videtur
808 3226 1011 3309 igitur
1051 3222 1242 3306 quod,
1263 3220 1333 3284 in
1372 3220 1513 3285 viro
1547 3221 1610 3281 et
1654 3231 1800 3279 mu·

271 3336 425 3418 liere
451 3335 780 3419 aequaliter
804 3332 1159 3417 reperiatur
1179 3328 1340 3394 ratio
1375 3323 1699 3408 imaginis.

357 3444 514 3508 Item
529 3445 744 3526 imago
762 3441 1107 3510 attenditur
1123 3439 1192 3503 in
1209 3435 1475 3502 homine
1493 3436 1808 3518 quantum

277 3553 361 3620 ad
371 3571 747 3635 supremum
765 3551 1000 3616 animae
1018 3570 1034 3612 ι
1052 3547 1161 3612 sed
1173 3547 1242 3610 in
1259 3561 1560 3627 supremo
1572 3541 1810 3606 animae

280 3679 411 3726 non
442 3665 535 3726 est
568 3659 882 3726 distinctio
905 3658 1120 3739 aliqua
1151 3651 1505 3724 seeundum
1527 3666 1761 3726 senum
1792 3664 1810 3712 ε

277 3787 463 3852 ergo,
494 3768 627 3834 sive
651 3768 848 3846 homo
883 3766 966 3830 sit
990 3762 1244 3841 mulier,
1270 3761 1408 3826 sive
1431 3759 1558 3837 vir,
1590 3775 1816 3840 aequa-

279 3878 424 3946 liter
440 3881 534 3940 est
554 3875 794 3957 imago,

368 3988 523 4048 ltem
552 4001 744 4047 sexus
775 3999 911 4047 non
939 3980 1141 4045 variat
1164 3978 1439 4061 speciem
1468 3996 1485 4041 ε
1518 3994 1676 4058 ergo
1716 3975 1821 4041 vir

288 4096 353 4158 et
375 4092 607 4158 mulier
631 4093 783 4156 sunt
813 4088 1100 4172 ejusdem
1135 4087 1364 4170 speciei
1395 4108 1411 4151 ε
1450 4084 1560 4150 sed
1601 4085 1820 4165 imago

290 4200 696 4284 consequitur
719 4198 1051 4272 hominem
1089 4200 1404 4278 quantum
1443 4193 1525 4258 ad
1549 4193 1821 4258 formam

290 4311 538 4395 speciei,
569 4328 704 4374 non
722 4310 1041 4391 quantum
1062 4304 1144 4371 ad
1166 4304 1440 4368 formam
1461 4298 1819 4366 individui:

291 4436 449 4501 ergo
474 4416 803 4500 aequaliter
823 4414 968 4484 est
949 4433 1024 4478 ιιι
1047 4413 1210 4493 viro,
1237 4415 1301 4475 et
1323 4408 1614 4475 muliere.

372 4524 574 4592 Item
556 4540 775 4606 lmago
807 4520 1141 4587 creationis
1175 4518 1506 4587 ordinatur
1539 4518 1624 4584 ad
1661 4518 1825 4584 ima-

294 4632 517 4720 ginem
542 4629 967 4709 recreationis,
996 4629 1131 4695 sive
1158 4625 1683 4710 gratificationis·
1717 4624 1830 4692 sed

294 4739 514 4821 imago
537 4737 973 4817 mercationis,
1003 4753 1153 4820 quae
1189 4734 1472 4804 consistit
1511 4734 1584 4800 in
1619 4733 1833 4816 gratia

298 4849 362 4914 et
384 4845 730 4918 virtutihus
750 4892 768 4924 ‚
805 4845 897 4910 ita
927 4843 1309 4910 excellenter
1346 4845 1553 4927 potest
1589 4859 1727 4908 esse
1761 4842 1835 4906 in

298 4954 591 5035 muliere,
617 4952 786 5020 sicut
809 4952 881 5018 in
904 4951 1046 5022 viro
1077 4968 1095 5015 ε
1124 4968 1283 5033 ergo
1309 4950 1452 5034 pari
1485 4948 1739 5014 ratione
1763 4951 1831 5014 et

299 5062 518 5144 imago
546 5059 900 5140 creationis,
927 5058 999 5124 in
1022 5076 1154 5142 qua
1181 5057 1471 5124 conditus
1493 5060 1589 5123 est
1611 5055 1831 5124 homo.

359 5186 546 5268 wem,
574 5198 613 5253 1,
635 5188 716 5239 27.
734 5184 837 5224 —⁸
855 5183 1000 5252 Gen„
1030 5196 1090 5250 11,
1130 5186 1208 5236 18.

2418 620 2868 691 CONCLUSIO.

1878 771 2142 843 Imaginis
2176 776 2353 844 ratic,
2392 780 2654 846 quantum
2705 777 2780 834 ad
2824 777 2888 834 id
2912 780 3054 852 quod
3086 785 3165 838 est
3198 781 3262 840 de
3300 783 3410 854 ejus

1950 863 2359 935 complemento,
2424 883 2534 923 non
2595 870 2673 924 est
2718 869 3087 941 principalius
3140 874 3203 927 in
3261 887 3411 928 mas-

1949 952 2067 1008 culo
2103 968 2265 1024 quam
2289 956 2352 1010 in
2376 957 2639 1024 soemina3
2680 960 2735 1013 si
2761 973 2885 1014 vero
2916 958 3325 1030 proesidentiam
3362 965 3415 1017 et

1950 1049 2219 1103 rationem
2249 1049 2626 1123 principiendi
2661 1054 3042 1124 respiciam,
3080 1056 3269 1125 utique
3307 1055 3417 1110 ali-

1955 1148 2057 1204 quo
2093 1134 2242 1191 modo
2263 1139 2634 1212 principalius
2669 1144 2746 1198 est
2784 1142 2848 1198 in
2871 1144 2993 1200 viro
3020 1158 3182 1216 quam
3218 1147 3282 1203 in
3314 1145 3415 1214 toe-

1955 1237 2131 1281 mina.

1967 1384 2153 1471 Resp.
2183 1389 2264 1454 ad
2286 1389 2447 1472 Arg.
2475 1391 2574 1456 Ad
2591 1392 3041 1476 praedictorum
3066 1396 3424 1480 intelligen-
3460 1444 3463 1447 -

1889 1492 2046 1559 tiam
2072 1499 2167 1560 est
2212 1495 2567 1562 notandum
2603 1502 2776 1583 quod
2794 1550 2812 1582 ,
2858 1503 3023 1569 sicut
3064 1522 3146 1570 ex
3185 1524 3421 1588 praece-

1889 1604 2184 1670 dentibus
2224 1609 2434 1688 patet,
2462 1607 2682 1691 imago
2708 1657 2726 1689 ,
2756 1616 3072 1695 quantum
3109 1614 3190 1679 ad
3231 1633 3426 1680 suum

1892 1728 2048 1788 esse,
2075 1713 2502 1797 principaliter
2544 1717 2829 1781 consistit
2864 1718 2936 1783 in
2961 1720 3178 1785 anima
3200 1725 3263 1786 et
3288 1725 3429 1805 ejus

1893 1818 2215 1899 potentiis,
2242 1824 2306 1883 et
2324 1821 2393 1884 in
2414 1820 2514 1886 his
2531 1824 2855 1905 potissime
2882 1831 3075 1909 prout
3094 1827 3329 1893 habent
3351 1829 3431 1895 ad

1896 1922 2099 1990 Deum
2123 1930 2407 1994 converti
2447 1952 2463 1994 ε
2495 1935 2559 1995 et
2583 1937 2897 2014 quantum
2924 1934 3005 1999 ad
3032 1934 3156 1999 hoc
3182 1955 3315 2000 non
3338 1940 3435 2002 est

1899 2032 2218 2099 distinctio
2244 2038 2513 2103 masculi
2531 2042 2594 2103 et
2609 2041 2916 2120 foeminae,
2936 2043 3107 2110 servi
3130 2048 3193 2108 et
3218 2044 3430 2110 liberi:

1897 2140 2039 2205 ideo
2059 2142 2301 2225 imag0,
2322 2150 2636 2228 quantum
2654 2148 2735 2213 ad
2757 2149 2823 2214 id
2844 2150 3016 2232 quod
3038 2155 3133 2216 est
3158 2151 3235 2216 de
3262 2170 3439 2217 com-

1899 2247 2220 2330 plemente
2257 2253 2425 2333 ejuS‚
2457 2257 2523 2317 et
2554 2254 2633 2318 de
2671 2256 2815 2339 ejus
2855 2274 3026 2337 esse,
3055 2276 3188 2322 non
3230 2259 3441 2341 magis

1903 2359 2217 2439 reperitur
2232 2360 2300 2423 in
2313 2361 2477 2442 vim,
2497 2380 2695 2445 quam
2712 2365 2781 2428 in
2798 2365 3089 2431 muliere.
3116 2364 3442 2443 Quantum
3554 2350 3565 2363 Ι

1902 2469 2122 2530 autem
2156 2466 2235 2530 ad
2274 2467 2437 2532 bene
2475 2487 2641 2550 esse,
2671 2470 2808 2536 sive
2844 2473 2925 2538 ad
2957 2473 3290 2539 clariorem
3326 2495 3444 2540 ex-

1902 2574 2294 2656 pressionem
2312 2623 2330 2655 ,
2359 2577 2643 2641 consistit
2685 2579 2905 2662 imago
2946 2581 3019 2646 in
3055 2583 3272 2648 anima
3294 2632 3312 2662 ‚
3336 2603 3443 2649 se-

1906 2680 2193 2745 cundum
2232 2684 2403 2764 quod
2440 2685 2522 2749 ad
2551 2703 2782 2769 corpus
2827 2687 3021 2752 habet
3063 2689 3352 2756 ordinem
3383 2693 3448 2756 et

1905 2786 2367 2853 habitudinem.
2399 2790 2478 2856 Et
2507 2794 2815 2875 quoniam
2838 2813 2921 2859 ex
2948 2800 3126 2878 parte
3165 2798 3447 2881 corporis
3500 2850 3505 2855 .

1907 2899 2004 2959 aet
2027 2914 2306 2962 sexuum
2330 2898 2666 2982 distincti0‚
2698 2906 2761 2967 et
2788 2904 3144 2969 secundum
3171 2922 3448 2971 sexuum

1909 2988 2375 3073 distinctionem
2419 3012 2629 3094 major
2659 3016 2753 3076 est
2785 3015 3282 3096 repraesentatio,
3313 3017 3449 3082 sive

1909 3119 2225 3197 quantum
2239 3117 2320 3180 ad
2336 3118 2649 3183 rationem
2669 3120 3068 3203 praesidendi,
3095 3121 3231 3188 sive
3250 3142 3452 3206 quan-

1909 3225 2053 3285 tum
2079 3221 2161 3285 ad
2190 3223 2504 3289 rationem
2546 3226 2967 3310 principiandi
2989 3274 3006 3308 ,
3039 3229 3193 3312 quia
3218 3229 3320 3293 vir
3357 3231 3455 3294 est

1912 3334 2105 3413 caput
2131 3330 2437 3408 mulieris,
2462 3335 2527 3396 et
2550 3333 2656 3397 vir
2680 3339 2776 3399 est
2803 3335 3190 3419 principium
3223 3337 3453 3403 mulie-

1913 3438 2027 3516 ris,
2046 3443 2114 3503 et
2137 3456 2269 3502 non
2289 3440 2393 3505 vir
2414 3435 2671 3523 proptEr
2702 3441 3062 3525 mulierem,
3077 3445 3187 3509 sed
3221 3444 3456 3512 mulier

1915 3549 2174 3629 propter
2211 3546 2426 3612 virum
2468 3569 2483 3612 ε
2526 3552 2841 3631 quantum
2890 3551 2971 3615 ad
3018 3551 3196 3616 hunc
3235 3553 3457 3636 utique

1920 3655 2184 3719 modum
2207 3656 2637 3721 excellentiori
2660 3658 2852 3724 modo
2888 3659 3201 3742 reperitur
3235 3660 3456 3743 imago

1921 3759 1993 3824 in
2015 3778 2179 3826 sexu
2221 3763 2574 3827 masculino
2592 3811 2609 3841 ,
2652 3783 2850 3848 quam
2894 3765 3224 3832 foeminino
3266 3790 3281 3833 ε
3325 3785 3459 3832 ιιοιι

1921 3870 2166 3933 ratione
2188 3871 2328 3951 ejus
2353 3870 2521 3952 quod
2541 3874 2636 3935 est
2651 3871 2730 3937 de
2750 3890 2886 3937 esse
2902 3872 3101 3956 ipsius
3126 3874 3452 3957 imaginis,

1924 3975 2032 4040 sed
2055 3976 2299 4041 ratione
2326 3978 2468 4059 ejus
2492 3978 2668 4060 quod
2693 3979 2954 4063 adjacet.
2997 3980 3077 4045 Et
3106 3983 3461 4050 secundum

1924 4084 2049 4150 hoc
2072 4084 2224 4149 satis
2245 4085 2432 4167 plane
2450 4090 2655 4168 potest
2677 4087 3043 4171 responderi
3066 4090 3148 4154 ad
3173 4091 3457 4174 objecta:

1927 4195 2203 4262 rationes
2228 4197 2404 4257 enim
2440 4193 2838 4260 ostendentes
2878 4198 3045 4280 quod
3083 4216 3216 4263 non
3255 4198 3462 4282 magis

1929 4306 2022 4366 est
2047 4301 2267 4384 imago
2296 4302 2401 4366 vir
2417 4350 2435 4383 ‚
2463 4319 2660 4384 quam
2693 4303 2961 4384 mulier,
2998 4305 3352 4387 procedunt
3387 4305 3465 4370 de

1849 4412 2217 4500 imagine
2265 4414 2581 4493 quantum
2625 4411 2706 4476 ad
2749 4429 2947 4476 suum
2980 4412 3267 4495 primum
3306 4431 3465 4496 esse,

1933 4519 2099 4585 sicut
2119 4518 2392 4586 intuenti
2417 4520 2623 4602 patet,
2606 4539 2621 4553 ·
2656 4518 2949 4583 rationes‘
2976 4535 3133 4583 vero
3162 4518 3244 4583 ad
3269 4536 3473 4604 oppo-

1934 4628 2131 4693 situm
2170 4627 2519 4711 procedunt
2561 4626 2639 4691 de
2686 4626 2970 4708 imagine
3023 4630 3341 4709 quantum
3391 4625 3473 4690 ad

1936 4737 2222 4820 aliquam
2241 4733 2691 4801 accidentalem
2707 4732 3179 4818 proprietatem,
3198 4734 3334 4799 sive
3359 4749 3476 4818 per

1936 4845 2315 4913 relationem
2342 4846 2423 4910 ad
2445 4861 2695 4927 corpus.

2018 4952 2121 5020 Ad
2164 4951 2323 5018 illud
2372 4954 2584 5016 autem
2617 4949 2791 5034 quod
2828 4950 2982 5016 dicit
3023 4946 3362 5033 Apostolus
3416 4951 3480 5014 et
3507 4973 3642 5031 amp.
3664 4971 3722 5016 ιιι

3508 5049 3604 5094 arg.
3640 5046 3720 5091 pro

3394 5133 3399 5140 .
3458 5107 3477 5138 υ
3535 5099 3708 5143 tundam

1945 5170 2287 5237 dicendum
2328 5168 2500 5253 quod
2551 5168 2656 5234 vir
2697 5166 3004 5253 accipitur
3047 5165 3482 5250 metaphorice
3540 5166 3626 5206 ¹³²
3654 5165 3699 5204 ²·

1942 5062 2161 5130 Glossa
2180 5111 2199 5141 ,
2227 5061 2401 5145 quod
2442 5060 2545 5125 vir
2590 5064 2686 5125 est
2721 5060 2941 5141 imago
2982 5061 3046 5124 et
3084 5058 3294 5144 gloria
3326 5056 3473 5124 Dei·

1950 5297 2069 5362 pro
2096 5276 2410 5361 superiori
2443 5279 2622 5360 parte
2662 5275 2957 5351 rationis,
2992 5278 3056 5338 et
3097 5273 3334 5339 mulier
3369 5291 3487 5356 pro

1952 5387 2263 5462 interiori,
2290 5387 2454 5449 sicut
2477 5386 2739 5466 exponit
2770 5381 3202 5463 AugustinuS,
3232 5379 3312 5447 dc
3348 5380 3494 5449 Tri-

3106 5496 3179 5557 Η
