4125 6225
497 398 617 458 232

489 531 738 609 fleatur,
788 528 947 592 dum
997 528 1295 593 voluntas
1337 546 1611 593 summae
1650 527 2027 593 beatitudini

490 639 944 704 conformatur.
976 636 1245 702 Summa
1268 637 1441 700 enim
1462 636 1710 701 bonitas
1736 641 2026 701 351511111-

493 764 599 810 ma
624 745 913 829 aequitas,
943 744 1080 808 sive
1095 744 1378 826 justitia:
1408 747 1586 808 tanto
1608 743 1780 808 enim
1799 745 2026 810 melior

491 854 658 936 quiS,
681 856 920 935 quanto
927 853 1180 934 justior.
1207 850 1351 929 Sed,
1372 856 1444 915 ut
1458 851 1605 916 dicit
1622 853 1640 887 ¹
1659 852 2022 933 Anselmus‚

501 981 532 1019 α
568 956 601 1022 J
606 956 819 1020 ustitia
858 958 955 1018 est
994 954 1301 1018 rectitudo
1346 954 1728 1019 voluntatis:
1777 976 1806 1015 n
1866 955 2028 1019 nihil

494 1069 712 1128 autem
738 1063 1173 1126 conformatur
1194 1060 1578 1140 rectitudini,
1604 1061 1729 1125 nisi
1752 1067 2021 1127 rectum.

494 1171 661 1236 Dum
686 1186 845 1250 ergo
862 1168 1158 1232 voluntas
1174 1167 1441 1231 bonitati
1459 1185 1732 1232 summae
1751 1171 1814 1232 et
1830 1169 2028 1251 aequi-

492 1276 607 1341 tati
677 1276 1111 1340 conformatur
1133 1322 1151 1353 ,
1208 1274 1560 1338 necessario
1615 1275 2022 1338 rectificatur.

493 1383 671 1450 Tunc
721 1387 938 1448 autem
982 1382 1446 1457 conformatur,
1496 1399 1645 1445 cum
1690 1382 1770 1446 ad
1813 1383 2027 1464 ipsum

493 1492 888 1557 convertitur
920 1490 1265 1571 diligendo.
1296 1489 1472 1554 Unde
1494 1489 1684 1571 Hugo
1713 1495 1771 1554 ²:
1802 1514 1832 1552 α
1859 1490 2023 1570 Scio,

493 1601 711 1663 anima
751 1616 928 1677 mea,
970 1597 1142 1679 quod
1185 1597 1344 1660 dum
1392 1596 1630 1679 aliquid
1674 1597 1916 1678 diligiti,
1959 1598 2029 1660 in

493 1711 636 1790 ejus
647 1706 1129 1771 similitudinem
1144 1704 1632 1769 transformaris
1654 1726 1684 1763 1)
1713 1705 1832 1780 Qui
1851 1704 2026 1769 enim

494 1815 703 1896 diligit
717 1813 1086 1891 bonitatem,
1111 1817 1322 1876 rectus
1342 1816 1452 1876 est.
1486 1811 1562 1875 Et
1588 1812 1711 1876 hoc
1737 1813 2028 1894 estquod

493 1922 796 1986 dicitur⁸2
844 1922 1024 1986 Recti
1064 1918 1351 2002 diliqunt
1394 1923 1488 1996 te,
1525 1920 1677 1984 recti
1728 1919 1904 1983 enim
1948 1921 2030 1985 ad

492 2034 671 2093 tuam
708 2029 1056 2093 bonitatem
1084 2031 1234 2091 sunt
1261 2026 1583 2105 conversi,
1610 2030 1671 2090 et
1708 2030 1820 2091 tua
1844 2027 2031 2091 boni-

494 2141 592 2200 tas
631 2137 711 2200 ad
754 2154 862 2200 eos
902 2135 1262 2198 inclinatur.
1307 2133 1486 2198 Unde
1522 2134 1737 2198 anima
1770 2140 2031 2218 experta

496 2244 765 2321 clamat„
791 2246 855 2306 et
887 2241 1077 2305 dicit*
1108 2259 1127 2305 ε
1162 2241 1361 2314 Quam
1387 2241 1584 2307 bonus
1627 2240 1830 2307 Israel
1864 2245 2029 2308 Deus

498 2352 600 2417 his
623 2353 741 2433 qui
778 2356 946 2417 recto
982 2354 1133 2416 sunt
1158 2347 1387 2414 corde!
1423 2347 1503 2412 Et
1536 2348 1689 2430 quia
1730 2349 1847 2413 soli
1877 2350 2031 2414 recti

496 2460 916 2541 experiuntur
929 2475 950 2539 3
979 2458 1120 2522 idco
1159 2458 1181 2494 ⁸
1203 2462 1396 2524 rectos
1421 2457 1594 2524 decet
1617 2458 2024 2525 collaudatio.

498 2567 926 2632 Nihilominus
942 2566 1343 2645 rectificatur,
1366 2566 1522 2629 dum
1537 2566 1742 2630 virtus
1758 2585 2029 2632 summae

497 2674 787 2757 potestati
819 2674 1249 2737 continuatur.
1280 2671 1542 2736 Rectum
1570 2672 1745 2737 enim
1773 2678 1865 2737 est
1878 2721 1897 2752 ,
1927 2692 2033 2738 cu-

489 2785 602 2864 jus
628 2781 913 2846 medium
939 2799 1070 2846 non
1110 2781 1244 2844 exit
1271 2781 1353 2844 ab
1377 2781 1699 2848 extremis.
1730 2779 2033 2846 Extrema

498 2895 648 2954 sunt
667 2890 953 2973 primum
974 2895 1034 2956 et
1059 2890 1381 2966 ultimum,
1408 2910 1442 2944 σι
1459 2893 1521 2953 et
1547 2921 1609 2967 ω,
1629 2890 2031 2971 principium

498 3003 559 3064 et
593 2998 752 3079 finis
783 2999 828 3062 ⁸.
868 2996 1162 3080 Operatio
1199 2997 1367 3063 inter
1409 2997 1549 3062 haec
1588 3004 1681 3061 est
1720 2998 2027 3076 medium,

496 3125 611 3190 per
650 3124 849 3187 quam
888 3106 1168 3195 efficiens
1205 3104 1497 3188 pervenit
1536 3105 1606 3167 in
1651 3105 1871 3169 finem.
1919 3103 2032 3169 Illa

497 3231 655 3294 ergo
698 3215 903 3280 virtus
946 3218 1118 3278 recta
1156 3216 1250 3276 est
1264 3262 1281 3290 ‚
1324 3214 1509 3294 cujus
1547 3212 1828 3293 operatio
1845 3193 1858 3205 ’
1873 3218 1968 3276 est
1991 3233 2031 3277 a

360 3368 374 3374 -
496 3321 806 3404 principio
831 3322 1064 3404 primo,
1095 3325 1159 3384 et
1185 3319 1263 3383 ad
1289 3320 1485 3382 finem
1512 3319 1834 3383 ultimum.
1866 3319 2031 3397 Quo-

496 3429 674 3492 niam
716 3446 874 3509 ergo
913 3427 1132 3492 divina
1171 3427 1377 3489 virtus
1410 3425 1626 3489 omnia
1667 3430 1967 3509 operatur
1991 3447 2030 3492 a

495 3534 645 3614 De0‚
677 3537 739 3599 et
774 3539 1029 3617 propter
1051 3532 1276 3609 Deum,
1306 3532 1460 3596 hinc
1494 3537 1588 3597 est
1617 3533 1786 3615 quod
1812 3534 2027 3597 rectis-

496 3640 660 3703 sima
703 3643 797 3703 est
837 3642 906 3703 in
950 3639 1290 3721 operando.
1344 3637 1518 3704 Nihil
1563 3644 1782 3704 autem
1822 3640 2030 3705 conti-

437 3793 440 3797 *
496 3756 736 3817 nuatur
759 3755 962 3830 recto,
991 3751 1116 3814 nisi
1143 3755 1430 3815 rectum:
1460 3770 1608 3815 cum
1639 3769 1796 3832 ergo
1823 3751 2030 3817 virtus

495 3864 713 3924 nostra
735 3877 1008 3923 summae
1032 3859 1321 3941 potestati
1342 3857 1768 3936 continuatur,
1791 3860 2029 3942 absque

494 3968 689 4033 dubio
701 3965 1111 4030 rectificatur:
1134 3968 1197 4029 et
1218 3984 1298 4028 ex
1316 3964 1439 4028 hoc
1456 3964 1650 4029 homo
1669 3983 1801 4030 non
1820 3966 2029 4031 solum

494 4080 726 4152 rectus,
747 4075 855 4138 sed
880 4074 1074 4137 etiam
1100 4077 1305 4137 rector
1334 4078 1398 4137 et
1421 4091 1538 4136 rex
1574 4074 1865 4137 efficitur.
1903 4072 2030 4137 Un-

493 4183 572 4247 de
602 4182 670 4246 in
694 4181 1166 4248 Deuteronomio
1185 4180 1206 4215 '¹
1227 4200 1250 4242 .·
1282 4182 1372 4246 Et
1399 4182 1521 4245 evit
1542 4179 1720 4262 apud
1743 4182 2029 4247 rectissi-

494 4306 668 4355 mum
709 4305 830 4355 rea:
889 4290 1282 4371 conqreqatis
1333 4289 1739 4369 principibus
1801 4291 2029 4372 populi

492 4415 637 4462 cum
694 4396 983 4464 tribubus
1041 4395 1266 4462 Israel.
1326 4395 1459 4459 Hoc
1498 4400 1714 4461 autem
1776 4399 1897 4462 erit
1956 4398 2024 4461 in

492 4506 722 4587 gloria,
768 4505 1026 4588 quando
1061 4505 1266 4568 virtus
1304 4508 1519 4568 nostra
1554 4505 2030 4569 continuabitur

493 4611 729 4677 divinae
772 4611 1047 4676 virtuti:
1096 4615 1251 4674 tunc
1316 4611 1556 4674 erimus
1623 4611 2026 4693 omnipoten-

492 4725 587 4783 tes
612 4719 959 4786 voluntatis
1008 4722 1281 4796 nostrae,
1328 4719 1493 4782 sicut
1545 4723 1608 4782 et
1655 4718 1822 4783 Deus
1849 4738 2019 4800 suae3

494 4831 558 4890 et
605 4827 749 4891 ideo
822 4844 1045 4891 omnes
1107 4843 1292 4907 reges
1322 4854 1365 4904 ,·
1410 4830 1473 4889 et
1532 4825 1673 4890 ideo
1727 4828 2026 4891 omnibus

495 4935 885 5017 promittitur
912 4952 1199 5016 regnum,
1235 4933 1563 4997 coelorum.
1612 4934 1786 4999 Fecit
1823 4934 2026 5015 igitur

494 5045 658 5108 Deus
698 5042 1008 5109 hominem
1033 5050 1302 5120 rectum,
1335 5041 1490 5105 dum
1526 5041 1739 5123 ipsum
1766 5042 1910 5106 fecit
1943 5043 2025 5109 ad

553 5239 572 5274 ¹
592 5238 840 5304 Anselm„
862 5239 989 5290 Dial.
1010 5239 1070 5290 de
1090 5237 1182 5290 lib.
1201 5239 1376 5303 arbit„
1397 5254 1443 5291 c.
1467 5251 1540 5305 11,
1561 5240 1628 5290 al.
1652 5250 1827 5291 ν111.-
1853 5240 1876 5274 ¹
1890 5241 2020 5306 Hug.

492 5324 525 5360 3
554 5311 609 5361 S.
628 5309 794 5373 ‚Viet.‚
836 5311 897 5362 de
930 5311 1106 5376 Vera„
1137 5327 1182 5364 c.
1228 5325 1360 5376 11115
1398 5316 1450 5363 et
1479 5312 1539 5362 de
1579 5312 1806 5375 concept.
1859 5310 2023 5375 Vir-9„

494 5395 541 5435 c.
562 5393 615 5433 v.
636 5407 692 5419 —
715 5380 738 5417 ⁸
758 5383 928 5446 Cant„
952 5395 1002 5448 1,
1027 5385 1296 5439 3.-⁸Ps.
1318 5387 1576 5448 1.1111,1.
1605 5409 1668 5422 -
1693 5382 1815 5437 ⁸1³2.
1835 5393 2019 5447 11111,

1558 393 1640 462 IN
1674 392 1825 459 LIB.
1872 393 1951 459 11.
1996 392 2616 460 SENTENTIARUM

2137 548 2205 594 se
2239 548 2641 594 conversum.
2679 529 2755 594 In
2789 531 3201 595 conversione
3248 530 3420 595 enim
3465 531 3671 597 homi·

2136 641 2237 704 nis
2292 637 2373 703 ad
2423 638 2623 703 Deum
2663 657 2796 703 non
2836 638 3046 702 solum
3084 638 3549 703 rectificabatur
3590 641 3669 704 ad

2138 752 2206 815 id
2230 751 2401 835 quod
2424 767 2682 814 sursum
2709 796 2724 826 ,
2757 747 2865 812 sed
2885 746 3081 810 etiam
3106 745 3185 809 ad
3211 745 3275 808 id
3299 746 3471 826 quod
3491 746 3671 809 deor-

2136 877 2304 923 sum.
2356 855 2562 921 Homo
2613 855 2785 919 enim
2820 902 2839 932 ,
2893 852 2963 915 iu
3007 851 3217 916 medio
3267 852 3666 931 constitutuS,

2137 966 2294 1030 dum
2319 964 2522 1028 factus
2551 967 2645 1027 est
2681 962 2757 1026 ad
2803 960 3002 1024 Deum
3043 977 3386 1023 conversus
3412 964 3475 1022 et
3517 960 3672 1022 suh-

2137 1072 2337 1147 ditus,
2385 1074 2614 1135 caetera
2665 1073 2813 1133 sunt
2867 1068 2928 1133 ei
2989 1068 3304 1149 subjecta;
3361 1067 3454 1130 ita
3498 1066 3666 1148 quod

2138 1178 2305 1243 Deus
2343 1195 2602 1243 omnem
2644 1175 2974 1240 veritatem
3008 1178 3283 1237 creatam
3319 1173 3672 1256 subjecerat

2138 1288 2277 1368 eJus
2330 1283 2708 1363 intellectui,
2764 1282 2843 1347 ad
2899 1280 3353 1363 judicandum;
3414 1299 3669 1345 omnem

2137 1394 2486 1470 bonitatem
2501 1393 2640 1474 ejus
2651 1390 2928 1467 affectui,
2949 1388 3030 1453 ad
3048 1383 3357 1453 utendum
3372 1411 3388 1466 3
3412 1407 3669 1452 omnem

2137 1504 2443 1566 virtutem
2478 1502 2621 1582 ejus
2663 1496 2984 1581 potestati,
3029 1496 3109 1558 ad
3149 1494 3666 1576 gubernandum.

2127 1609 2237 1684 Ex
2260 1610 2383 1674 hoc
2409 1624 2688 1690 namque
2721 1605 2891 1688 quod
2917 1602 3344 1684 intelligentia
3368 1620 3672 1667 conversa

2140 1721 2234 1781 aet
2268 1717 2349 1780 ad
2387 1715 2675 1779 divinam
2714 1713 3074 1788 veritatem,
3105 1710 3397 1775 vendicat
3430 1710 3672 1792 sapien-

2140 1823 2324 1898 tiam,
2353 1839 2468 1903 per
2493 1837 2689 1903 quam
2714 1817 2932 1882 omnia
2956 1816 3286 1898 dijudicat,
3322 1816 3671 1880 secundum

2139 1929 2309 2012 quod
2335 1928 2567 1992 dicitur
2584 1927 2606 1962 ⁸
2624 1946 2641 1990 :
2659 1927 2812 2007 Ipsa
2837 1923 3015 1990 dedit
3042 1923 3208 1988 mihi
3231 1924 3515 1988 omnium
3532 1940 3673 2005 quoe

2138 2042 2294 2102 sunt
2331 2036 2667 2101 scientiam.
2681 2082 2700 2113 ,
2750 2040 2822 2098 ut
2869 2034 3093 2098 scirem
3139 2031 3309 2097 orbis
3354 2037 3673 2097 terrarum

2139 2143 2643 2226 dispositionem,
2663 2146 2721 2207 et
2747 2140 3017 2206 virtutes
3039 2140 3351 2218 coelorum,
3377 2140 3667 2215 initium,

2139 2258 2197 2317 et
2221 2252 2778 2328 conservationem,
2804 2254 2866 2312 et
2878 2245 3278 2312 medietatem
3300 2253 3667 2326 temporum,

2142 2360 2305 2424 anni
2333 2373 2588 2436 cursus,
2620 2356 2939 2422 stellarum
2971 2353 3450 2434 dispositiones,
3481 2360 3670 2418 natu-

2140 2481 2251 2531 ras
2300 2464 2687 2530 animalium
2707 2511 2727 2542 ‚
2781 2469 2840 2527 et
2891 2463 3029 2526 iras
3074 2460 3450 2535 bestiarum,
3504 2462 3671 2525 vires

2140 2573 2505 2652 herbarum,
2559 2574 2694 2637 vim
2749 2576 3074 2636 ventorum
3092 2616 3111 2644 ‚
3169 2573 3228 2633 et
3279 2569 3671 2649 coquitiones

2140 2681 2491 2761 hominum,
2526 2680 2932 2765 differentias
2961 2677 3410 2760 virqultorum‚
3445 2683 3504 2741 et
3529 2678 3672 2741 vir-

2143 2792 2303 2854 tutes
2328 2788 2653 2862 radicum,
2687 2794 2749 2854 et
2777 2802 3174 2870 quoecumquc
3196 2789 3347 2849 sunt
3370 2784 3673 2849 absconsa

2142 2899 2202 2958 et
2235 2896 2609 2976 improvisa.
2650 2894 2826 2959 Unde
2869 2896 2932 2956 et
2970 2892 3173 2955 Adam
3213 2891 3513 2954 omnibus
3551 2909 3671 2953 110-

2141 3002 2320 3064 mina
2343 3002 2666 3084 imposuit.
2696 3000 2978 3083 Suhjecit
2994 2999 3410 3062 nihilominus
3434 2999 3673 3062 volun-

2142 3110 2251 3174 tati
2286 3110 2503 3174 omnia
2537 3110 2614 3174 ad
2654 3108 2996 3185 utendum,
3028 3112 3100 3171 ut
3132 3111 3339 3189 posset
3364 3106 3579 3170 omnia
3604 3106 3674 3170 in

2140 3235 2332 3280 usum
2371 3221 2434 3281 et
2472 3216 2808 3280 utilitatem
2843 3233 3025 3278 suam
3067 3218 3453 3276 convertere.
3496 3211 3671 3277 Unde

2141 3322 2456 3387 Psalmus⁹
2474 3345 2488 3387 ε
2508 3324 2737 3388 Omnia
2749 3321 3075 3402 subjecisti
3090 3320 3206 3386 sub
3224 3319 3489 3401 pedibus
3506 3320 3666 3400 ejvs,

2140 3431 2315 3494 Unde
2342 3430 2678 3513 Apostolus
2702 3430 2851 3493 dicit
2873 3432 2916 3470 ¹⁰
2953 3430 3028 3492 ad
3073 3429 3273 3492 Deum
3313 3428 3666 3492 conversis:

2144 3539 2377 3604 Omnia
2399 3544 2611 3603 vestra
2632 3541 2804 3603 sunt.
2829 3536 3105 3619 Subjecit
3126 3536 3317 3598 etiam
3347 3534 3566 3598 virtuti
3593 3534 3673 3597 ad

2138 3645 2631 3727 gubernandum
2651 3646 2690 3680 ¹¹
2714 3663 2731 3707 :
2757 3645 3062 3725 subjicite
3083 3660 3223 3708 cam
3239 3692 3256 3719 ,
3280 3641 3515 3705 scilicet
3541 3646 3672 3704 ter-

2137 3738 2300 3832 ram,
2326 3761 2386 3819 et
2411 3751 2844 3819 dominamini
2856 3751 3141 3835 piscibus
3167 3752 3392 3826 maris,
3423 3756 3483 3815 et
3506 3749 3673 3815 vola-

2139 3861 2359 3927 tilibus
2390 3862 2551 3928 coeli.
2595 3859 2722 3925 lsta
2759 3866 2977 3924 autem
3005 3864 3175 3922 recta
3206 3857 3485 3920 hominis
3519 3873 3673 3919 con-

2139 3970 2293 4034 ditio
2324 3974 2638 4052 quantum
2664 3969 2744 4034 ad
2777 3968 3072 4050 superius
3097 3971 3159 4030 et
3187 3965 3453 4028 inferius
3480 3963 3673 4027 simul

2136 4079 2423 4158 tangitur
2445 4078 2513 4140 in
2537 4077 2645 4141 illo
2669 4076 2864 4140 verbo
2884 4076 2959 4135 ¹²:
2994 4075 3332 4138 Faciamus
3359 4071 3673 4137 hominem

2137 4183 2229 4249 ad
2254 4186 2630 4268 imayinem,
2663 4191 2726 4249 et
2750 4179 3250 4248 similitudinem
3277 4185 3583 4255 nostram,
3614 4183 3673 4244 et

2133 4294 2380 4376 proesit,
2410 4296 2526 4356 etc.
2573 4290 2743 4354 Fecit
2774 4307 2929 4370 ergo
2978 4288 3140 4351 Deus
3173 4286 3502 4351 hominem
3533 4303 3671 4348 rec-

2137 4403 2297 4477 tum,
2329 4399 2486 4463 dum
2512 4398 2591 4462 ad
2617 4416 2684 4461 53
2719 4394 3143 4481 convertendo
3171 4394 3290 4457 sibi
3318 4411 3469 4456 eum
3509 4392 3671 4455 assi-

2137 4504 2403 4582 milavit,
2427 4508 2488 4568 et
2504 4521 2618 4587 per
2638 4504 2759 4566 hoc
2778 4502 3074 4565 omnihus
3101 4500 3475 4582 praeposuit3
3500 4505 3563 4563 et
3584 4499 3673 4563 sic

2135 4615 2306 4694 patet
2325 4614 2494 4674 recta
2528 4609 2834 4673 humanae
2871 4612 3121 4672 naturae
3147 4606 3444 4670 conditio.
3473 4605 3552 4669 Et
3578 4625 3672 4669 se-

2134 4719 2355 4801 quitur
2386 4716 2752 4781 miserabilis
2776 4716 3046 4779 deviatio
3073 4714 3141 4776 in
3169 4712 3293 4776 hoc
3318 4713 3487 4795 quod
3517 4713 3672 4776 sub-

2135 4826 2307 4890 ditur
2326 4825 2400 4889 ¹⁸:
2433 4825 2513 4890 Et
2534 4826 2671 4907 ipse
2695 4823 2985 4904 infinitis
3012 4838 3077 4888 50
3102 4822 3457 4887 immiscuit
3470 4835 3672 4902 quoes·

2136 4932 2438 5000 tionibus.
2494 4930 2570 4994 ln
2620 4950 2750 5014 quo
2803 4934 3006 5014 potest
3061 4928 3272 4992 notari
3327 4933 3390 4991 et
3444 4928 3670 4992 modus

2132 5039 2421 5115 labendi,
2459 5043 2524 5103 et
2560 5041 2759 5102 status
2800 5038 2870 5100 in
2919 5054 3114 5119 quem
3156 5033 3400 5099 cecidit.
3449 5034 3670 5099 Modus

2136 5242 2263 5289 1.-
2292 5238 2313 5268 ⁸
2358 5236 2532 5300 Apoc„
2568 5246 2715 5298 1111,
2758 5236 2834 5286 13.
2872 5261 2934 5270 —
2972 5233 2994 5268 ⁷
3028 5234 3250 5295 Denter„
3279 5243 3478 5296 111111,
3524 5235 3571 5283 5.
3612 5257 3666 5267 -

2135 5311 2155 5341 ⁸
2177 5311 2315 5373 Sap..
2335 5300 2441 5371 ι111,
2468 5309 2630 5358 17-21.
2654 5306 2752 5342 -9
2771 5307 2849 5357 Ρε.
2874 5316 2989 5367 vm,
3014 5307 3060 5355 8.
3081 5330 3141 5341 —
3168 5305 3211 5340 ¹⁰
3243 5305 3261 5354 ι
3295 5302 3434 5366 Con,
3466 5315 3553 5366 111,
3586 5305 3663 5352 22.

2134 5407 2190 5421 --
2219 5381 2260 5421 ¹¹
2280 5380 2474 5445 Genea,
2506 5390 2554 5445 1,
2574 5381 2719 5434 28.—
2739 5375 2946 5441 sslbid„
2973 5379 3113 5428 26.—
3137 5376 3180 5413 ¹⁸
3195 5374 3378 5436 Enete„
3407 5386 3513 5439 vn,
3535 5376 3611 5425 3⁰.
