4125 6225
786 443 903 505 142
1927 432 2549 507 SENTENTIARUM
2582 434 2729 506 LIB.
2771 441 2819 506 I.

786 574 905 643 fiat
921 600 939 661 3
974 598 1011 639 »
1040 573 1342 661 dicimuS,
1371 575 1530 667 quia
1556 577 1918 645 eoeactionis
1945 576 2222 645 verbum
2250 576 2331 644 de
2349 575 2484 645 Deo
2511 598 2798 665 congrue
2825 598 2961 644 non
2993 574 3255 661 dicitur,
3290 594 3409 643 nec
3434 577 3693 668 proprie
3720 574 3943 670 accipi-

787 698 918 758 tur.
951 691 1033 760 Et
1066 692 1134 760 in
1161 691 1295 760 illis
1320 692 1761 761 locutionibus
1787 692 2034 784 duplex
2077 701 2175 761 est
2207 714 2456 762 seusuS.
2492 692 2563 761 Si
2583 691 2776 781 ‚enim
2820 690 3149 781 intelligas
3183 714 3199 759 τ
3239 718 3273 758 ι(
3305 686 3453 760 Non
3497 692 3703 783 potest
3747 692 3946 763 facere

785 807 911 875 nisi
946 808 1124 900 quod
1160 833 1281 878 sua
1308 809 1564 901 justitia
1597 808 1823 900 exigit,
1854 836 1888 876 »
1933 810 2000 877 id
2029 818 2148 895 est,
2193 809 2320 878 nisi
2356 809 2533 901 quod
2583 808 2885 876 voluntas
2912 832 3028 877 sua.
3059 809 3241 899 justa
3265 807 3444 895 vult;
3475 808 3715 876 falsum
3744 808 3899 876 dicis
3927 836 3941 878 ε

776 921 1031 1013 justitia
1060 925 1236 992 enim
1263 926 1468 1016 ipsius
1495 924 1614 993 Dei
1641 926 2010 1017 aequissima
2043 926 2349 994 voluntas
2393 924 2732 1017 accipitur,
2763 910 3047 1016 dualiter
3089 926 3320 1017 accipit
3367 920 3782 1015 Augustinus
3827 925 3941 994 illa

783 1038 984 1107 verba
1011 1038 1323 1127 Domini,
1373 1041 1443 1109 in
1486 1041 1721 1112 Genesi
1749 1049 1795 1129 ¹,
1838 1041 2167 1134 loquentis
2227 1042 2309 1111 ad
2346 1041 2469 1110 Lot
2521 1067 2536 1109 :
2584 1044 2736 1112 Non
2763 1064 3038 1133 possum
3088 1041 3449 1134 quidquam
3481 1043 3707 1132 facere
3747 1040 3943 1110 donec

781 1156 897 1224 illo
935 1157 1246 1241 introeaS,
1294 1182 1624 1250 exponens
1651 1166 1675 1199 ¹
1716 1184 1730 1226 ε
1777 1184 1812 1225 ι(
1838 1158 1987 1227 Non
2029 1181 2247 1249 posse,
2289 1158 2530 1249 inquit,
2580 1182 2647 1226 se
2694 1158 2884 1246 dixit,
2916 1157 3096 1249 quod
3124 1158 3265 1227 sine
3305 1157 3507 1227 dubio
3552 1167 3808 1248 poterat
3841 1180 3950 1250 per

783 1275 1174 1364 potentiam3
1207 1275 1316 1344 sed
1340 1299 1473 1345 non
1499 1284 1751 1367 poterat
1771 1299 1887 1368 per
1905 1277 2253 1368 justitiam.
2286 1275 2474 1356 Quod
2502 1283 2753 1366 poterat
2779 1274 3073 1367 quidem,
3105 1275 3218 1342 sed
3247 1297 3382 1343 non
3409 1273 3670 1344 volebat
3703 1298 3719 1340 t
3753 1282 3816 1342 et
3841 1273 3952 1342 illa

790 1390 1088 1458 voluntas
1108 1391 1287 1482 justa
1312 1400 1474 1461 erat.
1505 1418 1539 1457 ³)
1564 1391 1660 1460 ‘Si
1702 1415 1859 1461 vero
1889 1414 2006 1485 per
2032 1392 2171 1461 haec
2205 1392 2407 1460 verba
2446 1391 2762 1480 intelligis
2789 1414 2944 1459 eum
2974 1414 3108 1459 non
3149 1412 3333 1482 posse
3363 1391 3597 1477 facere,
3629 1390 3761 1457 nisi
3787 1389 3947 1457 illud

784 1506 985 1597 quod,
1017 1507 1072 1574 si
1099 1507 1306 1596 fieret,
1331 1509 1602 1600 justitiae
1630 1510 1772 1601 ejus
1798 1510 2200 1593 conveniret,
2232 1531 2467 1577 verum
2512 1506 2694 1576 dicis.
2740 1506 3059 1575 Similiter
3104 1506 3437 1596 distingue
3483 1506 3655 1575 illud
3694 1532 3711 1576 ε
3750 1531 3786 1570 ι(
3809 1503 3953 1573 Non

785 1631 995 1714 potest
1030 1623 1238 1693 facere
1266 1627 1443 1716 quod
1480 1648 1600 1693 sua
1618 1625 1873 1717 justitia
1907 1625 2113 1715 exigit
2155 1632 2392 1693 utnon
2434 1623 2629 1692 faciat
2663 1649 2679 1690 ε
2713 1649 2748 1689 »
2778 1622 2847 1691 id
2877 1632 2994 1707 est,
3026 1646 3161 1691 non
3196 1630 3405 1714 potest
3432 1622 3639 1691 facere
3684 1621 3754 1691 id
3785 1621 3954 1713 quod

785 1741 946 1831 ipse,
977 1741 1095 1833 qui
1129 1749 1225 1810 est
1263 1767 1521 1811 summa
1539 1743 1817 1835 justitia,
1849 1766 1982 1811 non
2008 1742 2157 1811 vult
2182 1743 2390 1810 facere
2417 1767 2433 1828 ;
2464 1742 2705 1833 falsum
2734 1751 2850 1811 est.
2886 1740 2958 1809 Si
2995 1739 3215 1808 aute'm
3244 1740 3349 1807 his
3386 1739 3599 1808 verbis
3624 1737 3952 1827 intelligas

786 1878 937 1924 eum
968 1878 1100 1924 non
1128 1880 1311 1949 posse
1337 1859 1545 1927 facere
1573 1859 1638 1927 id
1664 1859 1840 1951 quod
1860 1859 2130 1950 justitiae
2158 1858 2300 1950 ejus
2324 1857 2672 1928 convenire
2699 1881 2831 1927 non
2861 1864 3092 1948 potest,
3124 1878 3356 1925 verum
3383 1855 3573 1925 dicis,

569 1984 746 2057 ,Tm-¹1⁸
874 1973 1149 2041 Addunt
1179 1998 1442 2066 quoque
1470 1983 1534 2043 et
1560 1976 1688 2044 alia
1715 1975 1998 2044 dicentes
2034 2000 2050 2043 ε
2102 2000 2135 2040 ε(
2163 1974 2311 2044 Non
2353 1983 2561 2067 potest
2585 1974 2761 2042 Deus
2798 1974 3009 2042 facere
3047 1972 3175 2040 nisi
3202 1972 3380 2064 quod
3406 1972 3643 2041 debet:
3680 1992 3821 2039 non
3846 1988 3954 2039 au-

566 2048 738 2153 ἠυῗεῗω
787 2096 918 2157 tem
946 2090 1135 2160 debet
1159 2093 1367 2160 facere
1404 2091 1531 2160 nisi
1568 2092 1745 2182 quod
1781 2093 1956 2161 facit.
2012 2091 2084 2160 Si
2128 2093 2305 2162 enim
2355 2091 2545 2161 debet
2583 2090 2713 2159 alia
2737 2090 2971 2181 facere,
3011 2112 3146 2158 non
3181 2113 3335 2180 ergo
3363 2090 3518 2195 facit
3556 2111 3760 2157 omne
3786 2088 3952 2179 quod

788 2206 979 2275 debet
1010 2233 1025 2274 ε
1060 2207 1114 2275 si
1144 2230 1299 2277 vero
1327 2209 1478 2277 facit
1505 2232 1698 2277 omne
1724 2209 1900 2301 quod
1928 2209 2144 2296 debet,
2175 2232 2294 2277 nec
2322 2217 2530 2301 potest
2555 2208 2762 2277 facere
2789 2206 2916 2276 nisi
2943 2208 3119 2299 quod
3147 2207 3370 2290 debet3
3404 2230 3537 2276 non
3566 2216 3728 2295 e'rgo
3759 2212 3954 2296 potest

787 2321 997 2391 facere
1030 2323 1159 2391 nisi
1196 2325 1372 2416 quod
1405 2324 1586 2393 facit.
1619 2351 1651 2390 »
1687 2325 1850 2394 Item
1888 2350 1903 2392 ε
1946 2353 1980 2391 «
2007 2327 2144 2395 Aut
2183 2326 2376 2394 debet
2408 2323 2735 2393 dimittere
2761 2323 2939 2416 quod
2967 2323 3239 2392 dimittit
3263 2348 3347 2393 ne
3391 2324 3608 2409 faciat,
3661 2332 3779 2391 aut
3826 2343 3952 2390 non

789 2438 980 2507 debet
1012 2464 1026 2506 τ
1059 2440 1272 2508 sinon
1299 2441 1513 2528 debet,
1546 2464 1681 2510 non
1708 2450 1876 2511 recte
1904 2442 2220 2528 dimittit3
2253 2441 2310 2509 si
2335 2458 2491 2510 vero
2518 2442 2713 2509 debet
2734 2442 3084 2528 dimittere,
3117 2464 3271 2531 ergo
3302 2464 3436 2510 non
3472 2441 3669 2510 debet
3695 2440 3900 2508 facere
3931 2462 3945 2504 z

788 2555 843 2621 si
869 2563 1086 2624 autem
1117 2579 1250 2625 non
1286 2557 1477 2627 debet
1519 2581 1637 2626 nec
1665 2558 1876 2646 decet,
1905 2582 2040 2628 non
2074 2566 2328 2649 oportet
2354 2581 2508 2627 eum
2533 2559 2778 2642 facere3
2812 2567 2877 2626 et
2918 2559 2973 2628 si
3001 2582 3135 2628 non
3163 2559 3343 2628 decet
3370 2581 3490 2627 nec
3515 2565 3778 2650 oportet
3805 2578 3949 2624 eum

786 2673 1019 2758 faeere,
1049 2696 1204 2764 ergo
1233 2698 1366 2743 non
1391 2683 1602 2765 potest
1623 2676 1831 2743 facere
1865 2700 1880 2742 :
1912 2697 2047 2743 non
2077 2696 2233 2764 ergo
2260 2683 2469 2766 potest
2495 2675 2728 2760 facere,
2764 2675 2893 2742 nisi
2931 2675 3109 2767 quod
3151 2675 3325 2743 facit.
3362 2672 3496 2742 Nec
3539 2681 3755 2765 potest
3789 2669 3951 2741 illud

786 2790 1113 2859 dimittere
1140 2792 1315 2882 quod
1344 2790 1496 2859 facit
1521 2791 1686 2883 quin
1712 2791 1928 2877 faciat,
1961 2792 2119 2883 quia
2159 2791 2352 2858 debet
2387 2790 2554 2860 illud
2594 2791 2804 2859 facere
2837 2815 2854 2858 ε
2901 2799 2968 2858 et
2991 2791 3170 2883 quod
3194 2791 3386 2860 debet
3410 2791 3652 2875 facere,
3684 2811 3819 2857 non
3846 2809 3951 2879 po-

786 2913 908 2974 test
933 2907 1100 2975 illud
1129 2907 1477 2975 dimittere.
1511 2932 1545 2971 >³
1582 2907 1737 2995 Sed,
1769 2917 1846 2975 ut
1875 2907 2041 2976 mihi
2069 2907 2357 2993 videtur,
2388 2906 2512 2974 hoc
2539 2908 2843 2995 verbum,
2875 2905 3085 2991 debet,
3118 2928 3451 2976 venenum
3479 2905 3702 2974 habet.
3737 2903 3951 2973 Multi-

784 3021 1019 3114 plicem
1048 3024 1221 3091 enim
1255 3030 1319 3092 et
1351 3023 1719 3092 involutam
1763 3024 2050 3092 continet
2099 3023 2602 3112 intelligentiam
2650 3048 2666 3090 ε
2698 3042 2817 3091 nec
2844 3023 2978 3092 Deo
3022 3024 3284 3117 proprie
3306 3023 3640 3116 competit,
3679 3022 3949 3114 quinon

787 3149 881 3208 est
906 3138 1160 3208 debitor
1202 3139 1416 3227 nobis,
1447 3139 1576 3207 nisi
1610 3141 1775 3209 forte
1815 3163 1895 3208 ex
1935 3141 2293 3233 promissoj
2337 3163 2456 3209 nos
2484 3164 2640 3211 vero
2665 3142 2726 3209 ei
2751 3142 3075 3211 debitores
3099 3161 3329 3211 sumus
3355 3161 3436 3210 ex
3464 3140 3836 3210 commisso.
3868 3136 3951 3207 Ut

785 3266 1007 3325 autem
1036 3277 1363 3326 venenum
1394 3266 1768 3344 evacuetur,
1800 3257 2135 3346 distingue
2164 3258 2350 3326 verbi
2377 3281 2605 3326 sensus
2637 3282 2652 3324 ε
2689 3285 2724 3325 (ι
2754 3257 2900 3327 Non
2932 3267 3137 3351 potest
3166 3259 3337 3327 Deus
3365 3257 3574 3326 facere
3602 3256 3737 3324 nisi
3780 3254 3947 3347 quod

787 3372 1001 3460 debet,
1030 3397 1066 3438 ι)
1101 3373 1169 3441 id
1196 3380 1314 3460 est,
1347 3372 1472 3440 nisi
1499 3373 1677 3465 quod
1705 3373 1874 3459 vult,
1909 3372 2150 3442 falsum
2178 3383 2316 3444 est:
2349 3374 2439 3443 sic
2465 3375 2640 3444 enim
2669 3383 2880 3466 potest
2904 3374 3041 3466 ipse
3067 3375 3195 3443 dici
3221 3373 3454 3443 debere
3483 3372 3767 3464 aliquid,
3799 3370 3946 3463 quia

785 3489 933 3558 vult
966 3490 1159 3559 illud.
1206 3489 1279 3558 Si
1320 3499 1540 3558 autem
1577 3490 1828 3559 dicatur
1865 3512 1880 3556 ε
1915 3517 1950 3555 «
1997 3490 2145 3558 Non
2179 3497 2388 3582 potest
2413 3491 2541 3560 nisi
2586 3492 2759 3584 quod
2803 3491 3018 3577 debet,
3063 3516 3097 3556 »
3137 3491 3207 3560 id
3243 3497 3362 3577 est,
3403 3511 3537 3558 non
3583 3494 3796 3580 potest
3830 3486 3947 3555 nisi

784 3605 979 3693 illud,
1030 3606 1210 3698 quod
1240 3606 1295 3674 si
1346 3607 1606 3693 faceret,
1656 3607 1717 3674 ei
1755 3606 1922 3674 bene
1956 3608 2357 3695 conveniret,
2399 3629 2635 3678 verum
2681 3617 2798 3676 est.
2844 3607 3119 3676 Addunt
3160 3628 3427 3699 quoque
3460 3605 3566 3674 illi
3607 3605 3891 3674 dicente·
3924 3609 3969 3670 :'

794 3749 829 3788 «
852 3722 1032 3791 Nihil
1052 3722 1205 3791 facit
1223 3731 1338 3791 aut
1358 3723 1652 3810 dimittit,
1678 3723 1805 3792 nisi
1825 3723 2071 3816 optima
2089 3732 2153 3793 et
2180 3724 2551 3793 rationabili
2575 3745 2791 3813 causa,
2814 3725 2963 3793 licet
2988 3724 3176 3793 nobis
3192 3722 3442 3792 occulta
3459 3723 3568 3818 sit,
3591 3721 3943 3790 secundum

782 3863 984 3932 quam
1012 3848 1264 3932 oportet
1289 3863 1443 3909 eum
1470 3840 1678 3909 facere
1705 3862 1779 3909 ac
1803 3840 2157 3928 dimittere,
2188 3863 2340 3933 quae
2366 3841 2519 3910 facit
2544 3842 2649 3911 vel
2675 3841 2965 3910 dimittit.
2997 3839 3191 3909 Ratio
3219 3839 3396 3909 enim
3425 3860 3621 3929 penes
3648 3860 3803 3905 eum
3829 3837 3939 3922 est,

784 3957 941 4050 quia
967 3955 1083 4025 illa
1107 3955 1284 4045 facit,
1316 3965 1379 4025 et
1404 3957 1523 4025 illa
1549 3956 1842 4044 dimittit,
1872 3979 2019 4049 quae
2039 3958 2207 4026 ratio
2235 3966 2476 4027 aeterna
2501 3968 2619 4045 est,
2651 3967 2714 4026 et
2741 3977 2995 4049 semper
3023 3975 3317 4043 manens„
3346 3963 3584 4048 praeter
3608 3949 3789 4046 quod
3815 3971 3942 4021 non

785 4082 991 4165 potest
1014 4074 1267 4165 aliquid
1307 4075 1515 4144 facere
1554 4076 1661 4145 vel
1698 4074 2051 4144 dimittere.
2088 4075 2212 4144 Illa
2255 4097 2410 4165 ergo
2451 4083 2777 4161 manente,
2810 4091 2944 4144 non
2973 4079 3180 4166 potest
3206 4071 3385 4164 quod
3411 4070 3565 4139 facit
3591 4069 3935 4154 dimittere,

681 4251 688 4257 .
783 4213 902 4260 nec
927 4189 1105 4284 quod
1130 4191 1401 4260 dimittit
1428 4192 1636 4261 facere
1669 4217 1686 4260 τ
1717 4199 1783 4260 et
1807 4192 1900 4261 ita
1933 4211 2069 4260 non
2096 4198 2303 4283 potest
2329 4190 2560 4278 facere,
2599 4190 2725 4258 nisi
2753 4190 2929 4283 quod
2956 4190 3128 4259 facit.
3168 4215 3204 4254 »
3235 4188 3319 4256 Et
3338 4187 3418 4256 ad
3448 4185 3572 4256 hoc
3597 4186 3940 4277 responde·

786 4333 956 4397 muS,
975 4308 1471 4398 ambiguitatem
1486 4309 1834 4377 locutionis
1851 4308 2380 4376 determinante&
2400 4309 2567 4376 Cum
2588 4308 2766 4376 enim
2783 4308 3059 4375 dicitur:
3083 4332 3118 4373 ι(
3140 4305 3331 4374 Ratio
3353 4306 3459 4376 vel
3486 4329 3683 4375 causa
3703 4303 3943 4397 optima

783 4448 981 4519 penes
1003 4426 1213 4494 Deum
1237 4431 1356 4510 est,
1388 4448 1521 4517 qua
1543 4425 1696 4493 facit
1714 4433 1946 4494 cuncta
1964 4446 2116 4517 quae
2142 4423 2318 4507 facit,
2343 4428 2407 4492 et
2434 4423 2701 4492 dimittit
2726 4446 2802 4492 ea
2827 4443 2976 4516 quae
3002 4423 3273 4491 dimittit
3296 4450 3314 4511 ;
3346 4447 3381 4488 »
3418 4443 3653 4493 verum
3671 4421 3936 4515 quidem

783 4551 925 4613 est:
958 4542 1116 4636 quia
1153 4542 1224 4610 in
1256 4564 1331 4611 eo
1376 4541 1683 4611 voluntas
1726 4549 1822 4609 est
1861 4542 2230 4634 aequissima
2273 4549 2338 4610 et
2369 4541 2759 4628 rectissima,
2792 4561 2925 4633 qua
2967 4541 3120 4610 facit
3160 4550 3223 4609 et
3257 4540 3527 4608 dimittit
3572 4557 3723 4632 qnae
3773 4538 3929 4623 vult,

781 4665 1006 4731 contra
1032 4683 1231 4754 quam
1266 4659 1472 4728 facere
1499 4679 1631 4726 non
1654 4666 1885 4749 potest,
1917 4677 2036 4725 nec
2062 4665 2294 4749 praeter
2318 4677 2463 4726 eam
2495 4658 2703 4726 facere
2737 4665 2968 4750 potest.
3001 4656 3133 4725 Nec
3160 4657 3389 4750 utique
3415 4664 3640 4725 contra
3673 4675 3823 4724 eam
3847 4653 3935 4723 fa-

781 4789 975 4868 ceret,
1003 4802 1121 4848 nec
1139 4787 1367 4870 praeter
1391 4800 1559 4864 eam,
1589 4776 1644 4843 si
1671 4799 1748 4844 ea
1773 4797 1919 4867 quae
1946 4774 2100 4843 facit
2126 4774 2502 4861 dimitteret,
2532 4775 2634 4844 vel
2661 4797 2812 4866 quae
2838 4774 3106 4864 dimittit
3134 4774 3405 4861 faceret;
3422 4773 3533 4842 sed
3551 4773 3776 4842 eadem
3805 4787 3934 4839 ma·

671 4961 680 4977 ,
781 4907 977 4966 nente
1023 4896 1272 4965 ratione
1312 4902 1376 4964 et
1400 4917 1618 4980 causa,
1665 4892 1794 4960 alia
1829 4891 2042 4983 potuit
2082 4891 2315 4978 facere,
2356 4899 2419 4960 et
2453 4891 2577 4959 ista
2620 4890 2968 4960 dimittere.
3018 4887 3197 4959 Licet
3232 4909 3388 4979 ergo
3422 4890 3588 4958 ratio
3623 4887 3712 4957 sit
3744 4901 3929 4980 penes

782 5038 961 5103 eum,
991 5038 1125 5107 qua
1150 5013 1281 5081 alia
1310 5010 1486 5100 facit,
1519 5017 1583 5078 et
1606 5008 1737 5078 alia
1762 5008 2056 5095 dimittit,
2100 5016 2308 5100 potest
2334 5015 2553 5076 tamen
2578 5007 2939 5076 secundum
2963 5006 3257 5076 eamdem
3286 5005 3603 5075 rationem
3629 5014 3691 5074 et
3720 5003 3929 5073 dimit-

783 5139 915 5200 tere
941 5153 1093 5225 quae
1116 5131 1292 5214 facit,
1321 5135 1386 5199 et
1416 5128 1624 5197 facere
1658 5147 1809 5219 quae
1847 5124 2139 5194 dimittit.
2179 5123 2311 5216 Ipsi
2346 5124 2543 5193 etiam
2583 5123 2873 5193 addunt:
2915 5150 2952 5192 (ι
2986 5123 3178 5192 Ratio
3213 5130 3333 5211 est,
3365 5141 3517 5192 eum
3546 5122 3761 5192 facere
3778 5137 3919 5213 quae

783 5243 959 5335 facit,
990 5255 1054 5317 et
1095 5267 1229 5317 non
1256 5246 1421 5332 alia,
1454 5252 1519 5313 et
1543 5265 1680 5313 non
1705 5249 1913 5336 potest
1943 5242 2188 5327 facere,
2219 5240 2347 5309 nisi
2374 5240 2552 5334 quod
2578 5242 2743 5310 ratio
2772 5249 2867 5310 est
2893 5263 3048 5310 eum
3074 5240 3284 5309 facere
3307 5291 3327 5326 ,
3356 5247 3423 5309 et
3445 5239 3540 5308 ita
3563 5257 3699 5308 non
3727 5239 3923 5329 potest

847 5457 867 5492 ¹
882 5458 1080 5518 Genea,
1099 5468 1211 5518 m,
1236 5456 1317 5507 22.
1335 5479 1399 5493 —
1420 5454 1443 5489 ¹
1459 5459 1611 5518 Aug„
1639 5452 1729 5503 tib.
1755 5451 1897 5503 Cont.
1920 5465 2011 5503 sec.
2040 5449 2286 5503 Gaudent.
2314 5450 2465 5516 epist.
2494 5464 2541 5502 c.
2562 5461 2695 5501 xm.
