4125 6225
591 473 712 538 612

590 714 795 793 cendi,
841 712 1013 795 quod
1061 711 1297 775 animae
1340 727 1487 792 quae
1530 713 1682 773 sunt
1725 728 1885 793 pure
1925 710 2134 786 sensi-

587 821 745 886 biles
780 821 1103 904 productae
1139 821 1291 883 sunt
1334 836 1417 881 ex
1464 817 1678 899 aliquo
1719 816 2131 897 seminaliter,

590 930 700 993 sed
734 947 866 993 non
910 927 1365 992 materialiter:
1400 924 1809 1001 seminaliter,
1841 925 2131 1006 inquam,

590 1038 742 1121 quia
767 1039 991 1101 formae
1013 1038 1166 1102 sunt
1191 1033 1591 1116 generabiles
1614 1037 1677 1097 et
1695 1032 2161 1115 corruptibiles,

589 1163 705 1229 per
727 1149 1026 1208 naturam
1057 1166 1072 1208 ε
1108 1145 1172 1207 et
1200 1141 1365 1218 ideo,
1392 1141 1557 1204 sicut
1584 1140 1726 1204 aliae
1765 1141 1989 1203 sormae
2015 1158 2135 1202 na-

588 1252 847 1332 turaleS,
889 1270 1019 1315 non
1049 1269 1132 1314 ex
1167 1250 1371 1313 nihilo
1394 1249 1861 1332 producuntur,
1901 1249 2010 1311 sed
2041 1252 2133 1311 est

591 1359 806 1441 aliqua
842 1357 1124 1442 potentia
1170 1357 1374 1421 activa
1418 1356 1489 1418 in
1530 1354 1796 1419 materia
1818 1403 1835 1432 ,
1879 1372 1962 1418 ex
2004 1373 2136 1436 qua

589 1468 760 1531 flunt
779 1471 1113 1548 tamquam
1137 1483 1224 1529 ex
1249 1463 1629 1528 seminario:
1678 1462 1769 1526 sic
1806 1462 1999 1526 etiam
2026 1462 2135 1523 in-

590 1572 1017 1655 telligendum
1061 1581 1156 1636 est
1196 1570 1268 1634 in
1315 1570 1654 1635 animabus
1689 1568 2133 1647 sensibilibus,

592 1699 742 1763 quae
768 1685 919 1745 sunt
950 1680 1175 1744 formae
1202 1681 1477 1756 tantum,
1509 1677 1612 1757 cuj
1623 1675 1870 1739 usmodi
1892 1679 2041 1739 sunt
2068 1674 2138 1738 in

592 1787 801 1852 brutis
820 1786 1223 1852 animalibus.
1253 1784 1332 1849 Et
1371 1785 1513 1848 ideo
1544 1783 2021 1847 concedendum
2045 1785 2139 1846 est

593 1896 841 1959 animas
880 1894 1202 1959 sensibiles
1223 1942 1241 1972 ,
1279 1892 1416 1955 sive
1462 1891 1709 1955 animas
1753 1890 2092 1954 brutorum
2115 1935 2136 1969 ,

595 2021 728 2068 esse
751 2022 835 2068 ex
859 2003 1076 2086 aliquo
1104 2024 1119 2065 ε
1164 2019 1321 2076 non,
1359 2000 1653 2081 inquam,
1699 1998 2131 2077 materialiter,

595 2111 706 2179 sed
733 2110 1156 2188 seminaliter;
1191 2108 1347 2191 quia
1393 2126 1544 2170 cum
1571 2106 1788 2170 anima
1833 2106 2144 2170 sensibilis

597 2220 682 2284 sit
705 2220 932 2296 forma,
956 2234 1089 2280 non
1122 2215 1314 2279 habet
1354 2214 1693 2278 materiam
1718 2217 1967 2296 partem
2014 2212 2138 2289 sui,

603 2326 713 2392 sed
755 2326 966 2390 solum
1009 2325 1086 2386 fit
1123 2341 1207 2386 ex
1249 2321 1532 2405 potentia
1580 2321 1864 2384 materiae
1904 2321 2138 2400 activa,

598 2451 746 2515 quae
770 2432 851 2496 ab
873 2433 1104 2514 agente
1129 2430 1465 2507 excitatur,
1498 2430 1562 2491 et
1578 2428 1670 2490 sic
1695 2428 1965 2510 proficit,
1988 2446 2144 2510 quo-

598 2558 803 2623 usque
830 2541 939 2603 ssat
961 2539 1197 2617 anima,
1225 2537 1386 2601 sicut
1405 2535 1637 2617 globus
1659 2535 2045 2618 proficiendo
2070 2537 2145 2598 fit

600 2666 768 2713 rosa.
797 2647 998 2712 Aliter
1021 2649 1238 2710 tamen
1259 2662 1435 2708 nunc
1453 2643 1900 2725 producuntur
1926 2661 2010 2707 ex
2035 2642 2144 2731 illo

601 2753 944 2820 seminario
972 2755 1037 2816 et
1074 2750 1256 2815 aliter
1282 2750 1353 2814 in
1380 2750 1760 2834 primordio;
1793 2749 1944 2831 quia
1972 2766 2150 2812 nunc

601 2860 968 2946 producunt
989 2877 1073 2923 ex
1093 2857 1433 2922 seminario
1455 2856 1899 2939 praeexistente
1918 2872 2152 2919 secun-

604 2967 763 3033 dum
780 2968 1201 3032 sufficientem
1225 2963 1654 3028 actualitatem
1674 2985 1692 3043 ;
1715 2965 1785 3026 in
1802 2962 2152 3046 primordio

606 3093 762 3141 vero
776 3074 1101 3158 productae
1121 3075 1272 3138 sunt
1284 3071 1478 3136 simul
1495 3089 1647 3136 cum
1662 3070 1770 3134 illo
1785 3069 2150 3134 seminario:

605 3183 733 3262 vel,
749 3183 804 3249 si
819 3181 1238 3247 seminarium
1247 3178 1406 3243 illud
1413 3177 1629 3260 aliquo
1649 3177 1838 3241 modo
1855 3177 2156 3260 praeexti-

605 3289 686 3353 tit
701 3289 780 3373 (α)
805 3294 953 3354 ante
964 3290 1139 3354 diem
1155 3287 1484 3370 quintum,
1503 3284 1572 3347 in
1589 3302 1720 3366 quo
1739 3284 1903 3348 facta
1915 3288 2010 3348 est
2017 3283 2157 3347 ani·
2218 3299 2223 3303 ·

608 3398 878 3462 malium
909 3396 1264 3480 productiO,
1293 3394 1365 3456 in
1388 3393 1489 3457 die
1523 3411 1676 3456 vero
1708 3395 1933 3474 quinto
1957 3391 2156 3456 estad

611 3504 992 3587 completam
1018 3503 1333 3566 rationem
1360 3499 1686 3575 eductum,
1708 3498 1799 3562 ita
1816 3497 1988 3581 quod
2012 3499 2160 3562 data

611 3616 706 3675 est
726 3611 932 3677 virtus
969 3610 1183 3674 activa
1209 3611 1483 3684 naturae,
1516 3609 1590 3671 ut
1631 3610 1840 3688 posset
1862 3606 2160 3688 deinceps

613 3719 942 3798 animalia,
971 3720 1292 3800 quantum
1329 3715 1411 3779 ad
1444 3731 1695 3797 corpuS,
1742 3718 1805 3777 et
1842 3718 2161 3796 quantum

615 3826 695 3890 ad
730 3827 1046 3904 animam,
1096 3840 1455 3906 propagare
1490 3826 1553 3884 et
1588 3819 2036 3904 multiplicare.
2086 3821 2165 3885 Et

616 3932 770 4015 quia
795 3931 1096 4015 quaedam
1119 3935 1272 4021 sunt
1302 3928 1606 3992 animalia
1639 3927 1898 4010 majoris
1922 3929 2164 4010 perfec-

617 4040 809 4105 tionis
845 4043 910 4103 et
944 4037 1465 4120 organizationis,
1507 4035 1805 4117 quaedam
1849 4053 2005 4100 vero
2038 4036 2167 4100 mi-

618 4148 822 4227 noris;
878 4147 1020 4212 ideo
1071 4145 1289 4212 divina
1327 4144 1653 4227 dispositio
1687 4145 2032 4210 rectissime
2057 4164 2163 4210 or-

620 4255 889 4332 dinavit,
910 4257 985 4319 ut
997 4252 1300 4338 quaedam
1313 4252 1551 4316 animae
1562 4254 2063 4335 producerentur
2084 4271 2168 4319 ex

622 4380 743 4428 suo
792 4362 1002 4446 primo
1057 4360 1401 4425 seminario
1441 4360 1796 4424 secundum
1854 4362 2170 4444 majorem

624 4470 1053 4535 actualitatem
1072 4515 1090 4547 ,
1134 4472 1353 4551 utpote
1397 4467 1508 4530 illa
1528 4515 1546 4548 ,
1583 4486 1732 4550 quae
1777 4473 2173 4550 generantur

625 4595 742 4662 per
771 4574 1327 4660 propagationem,
1371 4574 1465 4638 ita
1496 4574 1668 4657 quod
1712 4575 1920 4640 simile
1957 4596 2042 4642 ex
2083 4577 2172 4641 si-

626 4686 794 4766 mili;
825 4692 888 4750 et
912 4686 1033 4748 ista
1057 4689 1207 4748 sunt
1233 4682 1535 4748 animalia
1553 4683 1958 4765 perfectiora3
1991 4703 2174 4768 quae-

626 4797 776 4861 dam
821 4812 976 4860 vero
1015 4791 1371 4857 secundum
1416 4790 1757 4868 minorem,
1803 4796 2022 4875 utpote
2068 4793 2175 4858 illa

628 4920 779 4985 quae
806 4905 1202 4982 generantur
1252 4917 1368 4983 per
1414 4898 1972 4981 putrefactionem3
2023 4902 2177 4984 quia

630 5010 804 5075 enim
816 5008 1281 5092 imperfectiora
1303 5011 1478 5084 sunt,
1492 5006 1728 5070 minori
1743 5007 2039 5089 indigent
2060 5010 2173 5075 ad-

624 5119 870 5199 ,iutorio
881 5120 946 5182 et
953 5118 1212 5197 virmte,
1224 5120 1301 5180 ut
1307 5115 1744 5199 producantur
1756 5116 1837 5180 ad
1849 5135 2006 5182 esse.
2019 5117 2173 5183 Haec

698 5316 889 5381 ¹Aug.‚
915 5316 976 5367 de
1012 5316 1132 5367 Gen.
1161 5314 1233 5366 ad
1258 5313 1384 5375 titt„
1414 5314 1503 5365 lib.
1541 5313 1606 5378 V,
1636 5328 1749 5379 cap.
1786 5325 1952 5381 xxm,
1987 5330 2041 5368 n.
2081 5322 2139 5371 44
2157 5358 2175 5385 ,

638 5389 806 5448 quoad
823 5402 1047 5439 sensum.
1068 5414 1131 5427 —
1147 5389 1169 5422 ²
1189 5389 1288 5437 Per
1314 5390 1499 5438 totum.
1527 5413 1581 5423 --
1600 5387 1623 5423 ⁸
1639 5390 1791 5453 Aug„
1818 5389 1878 5438 de
1912 5390 2066 5453 Trin„
2088 5392 2178 5442 lib.

642 5458 739 5518 ul,
761 5472 807 5507 c.
828 5472 940 5522 vin,
963 5476 1018 5511 n.
1039 5464 1120 5525 ¹3,
1138 5461 1315 5525 quoad
1328 5473 1564 5511 sensum.

1704 461 2328 531 SENTENTIARUM
2367 463 2519 531 LIB.
2565 466 2647 532 11.

352 618 561 679 Opinio».
590 607 712 672 sub
738 604 850 670 tali
872 621 1028 670 esse.
1056 603 1134 668 Et
1170 603 1314 667 ideo
1340 607 1434 667 est
1463 606 1732 685 quartus
1763 603 1992 668 modus
2019 602 2126 667 di-

2240 609 2458 669 autem
2472 603 2699 687 positio
2718 601 3152 667 rationabilior
3166 605 3260 666 est
3271 604 3335 665 et
3346 601 3615 679 firmior,
3628 599 3786 683 quia

2242 712 2507 776 concord
2514 715 2624 775 ant
2637 712 2705 775 in
2719 710 2842 775 hoc
2856 715 2986 773 tam
3006 709 3407 790 Augustinus
3421 727 3614 790 quam
3637 706 3785 770 Phi·

2241 819 2569 901 losophus3
2603 819 2693 882 ait
2723 819 2895 882 enim
2930 819 3336 899 Augustinus
3369 817 3459 882 ad
3489 818 3786 882 Orosium
3854 833 3863 842 ‘

2244 928 2334 990 sic
2358 935 2377 968 ¹
2399 951 2424 992 .·
2452 951 2481 988 α
2502 927 2679 992 Sicut
2701 947 2915 991 semen
2936 930 3035 1009 cuj
3047 927 3276 990 uslibet
3300 927 3545 989 arboris
3563 943 3789 1007 quam-

2244 1035 2391 1098 dam
2406 1035 2540 1098 vim
2557 1036 2772 1115 habet,
2795 1041 2890 1114 ut,
2914 1053 3065 1098 cum
3084 1038 3461 1116 corruptum
3482 1032 3693 1110 fuerit,
3712 1032 3783 1094 in

2242 1148 2414 1207 terra
2431 1144 2698 1221 oriatur,
2717 1147 2782 1207 et
2802 1143 3163 1224 virgultum
3182 1143 3593 1225 producatur-3
3613 1141 3791 1204 dein-

2245 1252 2323 1316 de
2345 1270 2564 1316 ramus
2592 1251 3015 1315 nibilominus
3043 1268 3190 1314 cum
3236 1249 3447 1332 stipite
3491 1247 3791 1311 dilatetur

2245 1360 2315 1422 in
2331 1360 2692 1437 frondibus;
2722 1357 2949 1422 deinde
2968 1357 3036 1421 in
3059 1356 3298 1422 eisdem
3318 1356 3585 1420 floribus
3603 1355 3791 1418 deco-

2247 1470 2385 1531 rata
2410 1467 2771 1546 fructificet3
2807 1468 2895 1531 ita
2935 1471 3027 1531 est
3054 1467 3125 1530 in
3157 1484 3445 1549 corpore,
3473 1469 3547 1528 ut
3572 1464 3661 1528 ita
3686 1463 3791 1527 di-

2250 1593 2414 1651 cam,
2444 1576 2764 1658 quoddam
2787 1574 3233 1653 seminarium,
3266 1573 3435 1638 unde
3476 1590 3593 1636 suo
3621 1576 3794 1635 tem-

2248 1700 2403 1766 pore
2422 1731 2440 1761 ,
2487 1686 2902 1746 concurrente
2953 1682 3355 1764 providentia
3396 1679 3527 1757 Dei,
3579 1679 3797 1762 aliqua

2252 1808 2492 1871 genera
2527 1789 2907 1855 animalium
2947 1790 3257 1855 oriantur.
3288 1811 3320 1848 1>
3355 1787 3433 1851 Et
3471 1787 3594 1852 hoc
3620 1786 3796 1850 idem

2250 1897 2545 1976 habetur,
2590 1915 2781 1980 super
2824 1899 3115 1965 Genesim
3154 1896 3243 1963 ad
3274 1896 3586 1971 litteram,
3628 1894 3796 1957 libro

2250 2006 2435 2070 tertio
2460 2006 2503 2083 ²,
2532 2004 2718 2088 plane
2748 2010 2810 2069 et
2833 2005 3083 2068 diffuse.
3108 2004 3241 2067 Hoc
3264 2004 3459 2067 etiam
3479 2002 3621 2069 vult
3641 2000 3798 2064 Phi-

2254 2114 2553 2196 losophus
2580 2114 2650 2178 in
2689 2115 2850 2177 libro
2879 2112 3014 2178 XVI
3057 2111 3484 2188 Animalium,
3536 2110 3651 2173 ubi
3689 2127 3797 2172 os·-

2255 2222 2489 2298 tendit,
2534 2221 2704 2303 quod
2745 2220 3125 2302 vegetabilis
3170 2225 3233 2284 et
3263 2218 3574 2283 sensibilis
3620 2217 3799 2299 prius

2255 2332 2407 2392 sunt
2434 2328 2503 2392 in
2528 2329 2770 2393 semine
2793 2330 2862 2392 in
2888 2329 3189 2412 potentia,
3220 2346 3419 2409 quam
3445 2326 3800 2390 educantur

2257 2437 2327 2502 in
2354 2457 2489 2502 esse
2523 2459 2540 2502 z
2583 2443 2646 2503 et
2683 2439 2772 2502 ibi
2817 2437 3072 2504 videtur
3108 2438 3401 2515 innuere,
3448 2434 3619 2517 quod
3642 2432 3803 2495 illud

2258 2547 2431 2629 quod
2472 2547 2704 2609 format
2745 2546 3034 2610 membra
3073 2563 3206 2608 non
3255 2548 3351 2607 est
3391 2541 3568 2606 aliud
3600 2558 3802 2624 quam

2257 2652 2396 2735 ipsa
2422 2654 2655 2718 animae
2683 2654 2925 2718 virtus:
2958 2657 3022 2717 et
3033 2653 3212 2717 illam
3238 2654 3423 2718 vocat
3447 2650 3799 2733 potentiam

2259 2760 2535 2825 activam
2569 2761 2979 2825 intrinsecam
3030 2760 3150 2844 ipsi
3197 2759 3459 2839 semini,
3508 2776 3678 2840 quae,
3727 2758 3806 2820 ut

2261 2886 2493 2949 corpus
2512 2886 2592 2932 ex
2606 2868 2849 2933 semine
2870 2867 3257 2951 productum
3277 2855 3369 2930 est
3390 2869 3453 2930 et
3473 2863 3804 2945 organiza-

2260 2979 2435 3051 tum,
2473 2981 2550 3039 ut
2587 2977 2782 3059 possit
2814 2976 2895 3040 ab
2935 2975 3154 3040 eadem
3197 2974 3446 3058 perfici,
3488 2972 3697 3056 prodit
3733 2970 3806 3035 in

2264 3087 2479 3149 actum
2520 3087 2583 3148 et
2614 3084 2885 3149 efficitur
2912 3084 3207 3168 perfectio
3250 3082 3532 3166 corporis
3560 3077 3809 3164 physici

2265 3193 2575 3274 organici.
2602 3195 2733 3258 Aut
2765 3198 2933 3258 certe
2960 3193 3119 3258 illud
3146 3193 3316 3276 quod
3342 3193 3573 3255 format
3598 3206 3810 3253 mem-

2267 3300 2384 3365 bra
2404 3301 2621 3385 potius
2651 3305 2746 3365 est
2770 3302 2976 3366 virtus
2998 3302 3232 3366 animae
3258 3300 3454 3384 patris
3470 3302 3532 3363 et
3560 3295 3805 3373 matris,

2269 3425 2349 3471 ex
2377 3412 2562 3491 cujus
2588 3408 2958 3491 operatione
2979 3408 3052 3472 in
3075 3406 3282 3472 brutis
3307 3404 3691 3471 animalibus
3713 3402 3810 3466 di·

2269 3514 2433 3579 citur
2461 3516 2665 3580 inesse
2708 3515 2925 3579 anima
2965 3515 3199 3598 prolis:
3241 3531 3424 3578 secus
3460 3515 3678 3576 autem
3715 3512 3814 3573 est

2266 3620 2339 3685 'in
2386 3622 2800 3704 hominibusj,
2852 3626 2928 3686 ut
2966 3623 3132 3685 infra
3172 3621 3489 3688 videbitur
3520 3642 3536 3683 z
3582 3622 3645 3683 et
3688 3616 3814 3680 hoc

2272 3728 2500 3811 probat
2517 3728 2754 3793 ibidem
2777 3728 3199 3812 Philosophus
3219 3747 3302 3792 ex
3325 3726 3545 3791 multis
3568 3726 3814 3807 conjec-

2272 3836 2437 3902 turis
2461 3842 2524 3902 et
2549 3839 2974 3920 argumentis,
3009 3845 3070 3903 et
3091 3838 3326 3902 ibidem
3346 3836 3495 3900 dicit
3517 3835 3686 3917 quod
3711 3850 3817 3897 res

2275 3946 2629 4029 corporales
2658 3946 2864 4029 plenae
2883 3949 3034 4010 sunt
3050 3946 3291 4010 virtute
3315 3945 3584 4009 animae:
3611 3946 3674 4005 et
3694 3941 3819 4003 hoc

2277 4054 2556 4118 multum
2600 4054 2939 4120 concordat
2990 4054 3204 4119 verbis
3256 4049 3635 4132 Augustini,
3699 4047 3819 4130 qui

2277 4159 2429 4224 dicit
2454 4161 2475 4196 ⁸
2505 4183 2519 4224 :
2547 4183 2577 4223 α
2595 4159 2790 4225 Terra
2808 4178 3155 4244 praegnans
3172 4165 3267 4224 est
3283 4159 3655 4235 seminibus,
3683 4174 3821 4220 non

2281 4271 2532 4332 tantum
2577 4270 2869 4351 respectu
2908 4269 3213 4333 arborum
3229 4316 3249 4348 ,
3300 4267 3409 4332 sed
3452 4266 3643 4331 etiam
3684 4282 3823 4329 res-

2281 4380 2470 4458 pectu
2495 4376 2895 4441 animalium.
2937 4398 2967 4435 η
3014 4375 3192 4441 Hanc
3215 4376 3419 4457 igitur
3455 4373 3826 4456 opinionem

2281 4483 2673 4561 sustinendo,
2691 4484 3144 4549 dIcendumest
3160 4485 3407 4548 animas
3424 4482 3826 4547 sensibilium

2285 4590 2354 4653 in
2381 4591 2731 4674 primordio
2761 4611 2894 4657 non
2925 4611 3059 4656 esse
3095 4596 3335 4657 creatas
3363 4610 3447 4656 ex
3480 4589 3706 4670 nihilo,
3737 4590 3832 4653 si-

2287 4703 2396 4763 cut
2420 4700 2694 4765 rationes
2726 4702 2804 4766 ad
2842 4702 2966 4767 hoc
2995 4704 3270 4768 inductae
3297 4702 3674 4781 ostendunt3
3703 4700 3831 4765 ha-

2286 4805 2569 4871 buerunt
2604 4809 2778 4872 enim
2822 4810 3243 4875 seminarium
3285 4811 3696 4895 principium,
3741 4826 3831 4877 ex

2289 4930 2417 4996 quo
2441 4914 2764 4996 productae
2789 4920 2960 4996 sunt,
2986 4919 3050 4981 et
3075 4935 3246 4981 nunc
3274 4918 3737 5000 producuntur.

2370 5024 2431 5083 1.
2479 5020 2576 5085 Ad
2618 5021 2778 5087 illud
2816 5041 2971 5088 vero
3010 5024 3182 5105 quod
3230 5023 3437 5106 primo
3492 5023 3833 5105 oincitur,

2288 5128 2461 5209 quod
2499 5130 2555 5192 si
2594 5130 2829 5196 animae
2874 5131 3273 5196 sensibilium
3317 5131 3640 5214 productae
3681 5136 3840 5196 sunt

2292 5252 2375 5298 ex
2418 5234 2669 5317 aliqu0,
2713 5238 2884 5320 quod
2915 5238 3075 5303 illud
3116 5238 3408 5303 similiter
3448 5239 3839 5321 productum

2291 5346 2387 5407 est
2418 5362 2503 5406 ex
2550 5346 2714 5426 alio;
2761 5347 3101 5412 dicendum
3136 5348 3310 5431 quod
3361 5365 3493 5413 non
3535 5350 3785 5429 oportet
3818 5369 3835 5412 :

2361 5470 2425 5534 (a)
2452 5470 2571 5522 caet.
2596 5470 2720 5522 edit.
2746 5473 3046 5535 praeexistit.
