4125 6225
653 376 773 436 230

653 484 734 571 in·
789 509 985 572 finem
1008 556 1027 587 ,
1073 507 1225 591 quia
1275 505 1441 571 Deus
1486 523 1619 571 non
1672 507 1953 588 acceptat
2000 505 2181 571 illud.

733 644 767 698 γ
777 617 840 678 et
849 621 900 676 δ.
913 614 1011 679 Ad
1022 614 1177 679 illud
1194 613 1369 695 quod
1378 612 1676 696 objicitur
1684 613 1753 676 in
1764 613 2180 693 contrarium,

655 723 830 805 quod
856 740 989 786 non
1012 725 1306 786 tenemur
1329 721 1409 786 ad
1434 739 1623 786 omne
1648 721 1944 800 volitum,
1975 721 2186 786 dicen-

655 830 812 894 dum
846 829 1017 914 quod
1042 848 1272 895 verum
1299 833 1414 908 est,
1449 829 1601 911 quia
1626 846 1744 893 nec
1782 828 1864 892 ad
1886 828 2182 908 volitum,

655 937 808 1019 quia
848 936 1155 1013 volitum,
1203 954 1321 1000 nec
1371 935 1524 1018 quia
1568 936 1829 1015 scitum,
1879 937 1986 1001 sed
2030 937 2188 1019 quia

654 1044 884 1107 soltum
907 1062 1041 1108 esse
1065 1043 1335 1109 volitum
1351 1062 1391 1106 a
1410 1042 1558 1122 Deo,
1582 1043 1672 1106 ita
1691 1043 1862 1125 quod
1887 1061 2006 1107 nos
2020 1043 2186 1108 ·veli-

654 1167 802 1214 mus
854 1148 1033 1213 illud.
1077 1149 1278 1213 Aliter
1328 1153 1543 1213 tamen
1585 1151 1789 1231 potest
1841 1149 1962 1214 dici
2012 1151 2185 1233 quod

653 1261 949 1322 tenemur
967 1304 985 1333 ,
1018 1256 1171 1339 quia
1195 1256 1479 1320 absolute
1504 1256 1813 1335 volitum;
1853 1257 1962 1322 sed
1989 1276 2187 1322 excu-

652 1380 874 1427 samur
906 1381 1021 1446 per
1043 1363 1496 1444 ignorantiam,
1538 1363 1819 1427 maxime
1857 1363 2187 1429 111116111ιί-

652 1469 839 1533 betur
876 1470 1087 1535 debita
1131 1470 1459 1551 diligentia
1476 1518 1494 1547 ,
1543 1471 1705 1534 sicut
1751 1470 1980 1553 aliquis
2022 1471 2184 1534 obli-

656 1580 852 1657 gatur
908 1595 993 1641 ne
1050 1581 1388 1659 cognoscat
1449 1596 1579 1642 non
1627 1596 1833 1642 suam.
1888 1577 2066 1643 Unde
2107 1579 2187 1644 de

652 1687 1039 1769 obligatione
1087 1689 1422 1753 inducente
1467 1689 1720 1771 culpam
1738 1738 1756 1766 ,
1808 1689 2040 1753 falsum
2094 1694 2190 1755 est

651 1791 826 1872 quod
849 1790 1021 1870 dicit,
1046 1792 1217 1872 quod
1243 1792 1504 1856 scientia
1525 1811 1658 1856 non
1682 1791 2187 1859 inducit·novam

653 1898 1134 1978 obligationem.
1190 1897 1370 1963 Sicut
1413 1898 1585 1962 enim
1626 1899 1992 1980 ignorantia
2038 1900 2188 1964 facti

652 2009 913 2068 excusat
939 2023 979 2068 a
1014 2008 1176 2079 toto,
1222 2005 1312 2069 ita
1349 2005 1611 2069 scientia
1646 2023 1758 2087 per
1800 2006 2183 2088 oppositum,

654 2129 803 2175 cum
825 2111 1042 2176 divina
1063 2112 1357 2177 voluntas
1381 2113 1527 2176 facit
1552 2112 1829 2194 aliquem
1858 2131 1993 2177 esse
2020 2113 2187 2177 obli-
2211 2139 2218 2147 ·

653 2221 902 2299 gatum,
931 2222 1005 2283 ut
1032 2219 1215 2283 nullo
1250 2219 1441 2284 modo
1475 2221 1672 2302 possit
1696 2220 1764 2283 in
1792 2222 2186 2285 contrarium

652 2325 789 2389 sine
814 2324 1039 2408 culpa:
1081 2329 1146 2390 et
1187 2326 1277 2390 sic
1309 2327 1380 2390 in
1412 2327 1767 2410 proposito:
1798 2331 1862 2391 et
1895 2328 1987 2392 sic
2016 2331 2190 2412 patet

653 2433 836 2497 inud.

734 2561 776 2593 ι.
806 2539 903 2604 Ad
929 2538 1088 2603 illud
1114 2539 1296 2621 quod
1327 2539 1628 2621 oincitur
1651 2539 1729 2604 de
1750 2538 1994 2607 Christo
2021 2547 2086 2608 et
2112 2543 2183 2609 Β.

652 2647 942 2730 Virgine,
974 2651 1038 2711 et
1062 2648 1199 2712 aliis
1222 2649 1790 2731 compatientibus;
1823 2649 2182 2732 dicendum,

653 2757 816 2820 sicut
859 2755 1099 2821 dictum
1143 2759 1266 2835 est,
1315 2757 1486 2838 quod
1532 2757 1856 2824 voluntate
1900 2759 2189 2848 absoluta

655 2859 949 2924 volebant
976 2859 1143 2942 quod
1181 2857 1347 2924 Deus
1386 2860 1668 2938 volebat3
1698 2865 1915 2925 tamen
1948 2863 2189 2927 volun-

654 2969 782 3031 tate
831 2966 1254 3031 conditionata
1268 3014 1286 3043 ,
1344 2966 1481 3031 sive
1527 2967 1853 3032 voluntate
1902 2968 2147 3051 pietatis
2163 3019 2181 3051 ,

656 3075 970 3141 debebant
988 3074 1151 3140 velle
1178 3075 1570 3139 contrarium
1592 3096 1608 3140 t
1633 3077 1694 3139 et
1720 3075 1840 3140 hac
1862 3075 2189 3143 voluntate

658 3182 1090 3262 merebantur,
1139 3183 1443 3265 quoniam
1479 3182 1600 3247 hoc
1635 3201 1768 3247 non
1804 3187 1900 3249 est
1937 3188 2188 3250 naturae

658 3292 930 3369 tantum,
959 3290 1067 3354 sed
1094 3290 1287 3354 etiam
1310 3291 1590 3356 rationis.
1622 3272 1951 3375 Praecipue
1973 3298 2188 3359 autem

727 3424 746 3458 ¹
766 3423 969 3488 Ephes„
998 3432 1081 3489 m,
1100 3426 1270 3476 20-21.

1789 367 2409 435 SENTEN'HARUM
2449 368 2596 435 LIB.
2637 370 2685 434 Ι.

2290 506 2411 571 hac
2446 506 2774 571 voluntate
2801 506 3162 571 merebatur
3187 505 3257 570 in
3291 506 3521 571 Christi
3548 506 3660 570 filii
3684 525 3835 590 pas-

2290 614 2467 678 sione
2505 613 2865 678 beatissima
2908 617 3112 677 mater
3147 620 3212 678 et
3245 615 3432 695 virgo
3471 614 3698 690 Maria,
3729 615 3835 679 cui

2291 721 2578 803 patienti,
2608 724 2920 804 quantum
2943 739 3139 785 sexus
3163 721 3496 786 muliebris
3524 722 3837 803 fragilitas

2292 828 2603 893 sustinere
2641 831 2909 911 poterat,
2951 829 3475 910 compatiebatur.
3505 828 3694 893 Nullo
3733 834 3838 893 ta-

2241 1014 2245 1019 ·
2294 953 2444 1000 men
2470 937 2659 1000 modo
2688 941 2781 1000 est
2807 935 3255 1012 dubitandum,
3287 937 3444 1018 quin
3466 937 3671 1000 virilis
3695 939 3836 1018 eJus

2291 1043 2569 1118 animus„
2595 1046 2658 1106 et
2678 1042 2841 1106 ratio
2868 1042 3392 1124 constantissima,
3423 1043 3614 1108 vellet
3642 1044 3835 1108 etiam

2293 1149 2539 1215 tradere
2565 1139 2773 1213 filium
2799 1167 2992 1213 suum
3032 1168 3150 1232 pro
3187 1149 3390 1214 salute
3417 1151 3672 1231 generis
3702 1151 3835 1216 hu-

2294 1256 2491 1334 mani,
2535 1259 2609 1320 ut
2648 1254 2848 1319 Mater
2882 1273 2995 1338 per
3031 1255 3251 1319 omnia
3289 1256 3628 1320 conformis
3672 1261 3836 1321 esset

2294 1359 2488 1427 Patri.
2519 1362 2595 1426 Et
2618 1364 2687 1426 in
2715 1361 2837 1426 hoc
2862 1362 3027 1425 miro
3070 1363 3258 1427 modo
3286 1362 3472 1427 debet
3495 1363 3740 1428 laudari
3770 1367 3836 1428 et

2294 1467 2519 1548 amari,
2551 1469 2722 1551 quod
2748 1468 2984 1551 placuit
3001 1469 3061 1532 ei
3080 1468 3252 1551 quod
3279 1470 3653 1550 unigenitus
3677 1490 3835 1534 suus

2294 1594 2412 1658 pro
2463 1575 2663 1640 salute
2715 1576 2968 1657 generis
3020 1575 3290 1640 humani
3344 1577 3702 1642 offerretur.
3755 1578 3834 1643 Et

2293 1686 2546 1747 tantum
2584 1683 2774 1746 etiam
2819 1702 3144 1765 compassa
3186 1688 3300 1762 est,
3338 1687 3415 1748 ut
3453 1684 3506 1748 si
3543 1685 3681 1748 fieri
3713 1703 3830 1767 po-

2295 1789 2537 1870 tuisset,
2567 1789 2783 1853 omnia
2807 1793 3121 1854 tormenta
3158 1809 3307 1873 quae
3353 1791 3524 1856 filius
3549 1792 3827 1873 pertulit,

2294 1895 2432 1978 ipsa
2459 1898 2662 1961 multo
2695 1897 2998 1961 libentius
3035 1899 3457 1963 sustinuisset.
3489 1897 3651 1962 Vere
3675 1918 3832 1980 ergo

2294 2002 2417 2066 fuit
2442 2003 2621 2068 fortis
2646 2008 2708 2068 et
2730 2004 2856 2086 pia,
2881 2004 3086 2069 dulcis
3110 2006 3343 2088 pariter
3361 2009 3425 2069 et
3442 2024 3686 2084 severa,
3711 2007 3831 2070 sihi

2296 2128 2507 2192 parca,
2546 2114 2610 2175 et
2648 2112 2833 2176 nobis
2861 2112 3241 2194 largissima.
3291 2113 3442 2176 Haec
3470 2132 3626 2195 ergo
3657 2133 3831 2202 prae-

2296 2216 2479 2299 cipue
2514 2221 2607 2281 est
2641 2218 2915 2283 amanda
2953 2223 3015 2283 et
3050 2218 3410 2284 veneranda
3454 2225 3595 2302 post
3620 2220 3832 2285 Trini-

2297 2331 2490 2391 tatem
2516 2347 2860 2406 summam,
2890 2335 2954 2394 et
2973 2333 3028 2412 ej
3037 2350 3115 2395 us
3134 2331 3379 2414 prolem
3401 2332 3831 2397 beatissimam

2296 2433 2639 2499 Dominum
2655 2442 2949 2501 nostrum
2975 2436 3191 2502 ‚Iesum
3211 2438 3553 2520 Christum,
3584 2459 3624 2504 a
3648 2443 3832 2523 cujus
3935 2513 3947 2522 ,

2296 2542 2643 2607 divinitatis
2688 2545 2991 2627 mysterio
3030 2547 3386 2610 enarrando
3423 2552 3672 2611 cunctae
3705 2548 3833 2611 lin-

2298 2667 2451 2730 guae
2468 2651 2790 2729 deficiunt,
2811 2653 2968 2734 quia
2985 2654 3445 2717 consummatio
3464 2672 3832 2719 sermonum

2297 2757 2431 2839 ipse
2448 2763 2560 2822 est.
2592 2762 2681 2824 Ei
2695 2778 2852 2841 ergo
2879 2761 2898 2795 ¹
2920 2762 3035 2842 qui
3051 2766 3249 2843 potest
3269 2763 3487 2828 omnia
3502 2763 3704 2842 facere
3726 2779 3831 2828 su-

2293 2865 2851 2947 pei-abundantius
2869 2870 2951 2947 (a)
2975 2885 3168 2949 quam
3192 2872 3473 2950 petimus
3506 2876 3618 2935 aut
3645 2870 3833 2936 imel-

2297 2971 2582 3055 liyz'mus,
2604 2975 2946 3040 secundum
2965 2977 3263 3043 virtulem
3277 2995 3418 3059 quoe
3437 2987 3735 3060 operatur
3754 2982 3830 3043 in

2297 3081 2503 3154 nobis,
2524 3084 2656 3164 ipsi
2672 3085 2761 3150 sit
2775 3084 2981 3166 gloria
3004 3086 3077 3149 in
3095 3085 3376 3152 Ecclesia
3399 3093 3458 3154 ec
3473 3089 3548 3153 in
3574 3088 3831 3155 Christo

2298 3191 2448 3255 Jesu
2467 3237 2487 3268 ,
2519 3193 2593 3256 z‘n
2619 3208 2830 3258 omnes
2855 3196 3287 3274 aenei-cationes
3316 3196 3537 3262 soeculi
3570 3195 3833 3262 soeculo-

2300 3312 2469 3362 rum.
2498 3302 2737 3364 Amem.

2308 3433 2376 3496 (a)
2405 3432 2556 3497 Vulg.
2583 3435 3057 3499 superabundanter.

1331 4101 1343 4114 .
1361 4069 1517 4114 mms
1548 4070 1717 4115 Pmm
1746 4071 1899 4116 1.le
1925 4071 2385 4120 SENTENTIARUM
2413 4074 2623 4120 SANCTI
2649 4074 3127 4123 BONAVENTURAE.
