4125 6225
446 1640 454 1651 ,
516 1583 684 1658 ‘Opinio

708 374 827 435 168

1822 371 2444 439 SENTENTIARUM
2483 370 2635 437 LIB.
2681 372 2731 437 I.

706 506 877 589 quod
922 506 1206 570 mundus
1245 504 1536 571 durasset
1578 511 1865 591 tempore
1920 508 2199 590 longiori
2219 555 2238 585 ,
2347 508 2589 573 simum
2616 514 2635 550 ¹
2651 558 2670 589 ,
2691 507 2762 571 16
2787 525 2918 590 quo
2944 506 3127 571 nulla
3147 506 3412 573 omnino
3435 509 3604 573 cadit
3625 509 3892 575 diversi-

704 615 924 678 tamen
944 611 1148 676 finito.
1171 611 1463 677 Primum
1480 614 1665 679 credo
1688 615 2075 698 impossibile
2095 614 2244 678 sim-

706 720 981 802 pliciter,
1011 719 1318 802 quoniam
1361 720 1647 804 implicat
1679 721 1750 784 in
1789 740 1857 786 se
1888 721 2240 786 contradic-

708 830 947 894 tionem
981 850 996 893 :
1040 847 1123 892 ex
1162 829 1285 895 hoc
1322 830 1496 894 enim
1542 830 1716 913 quod
1764 833 2025 914 ponitur
2069 831 2242 910 fieri,

708 935 970 1019 ponitur
1011 936 1246 1001 habere
1290 937 1711 1020 principium3
1744 956 1826 1002 ex
1866 938 1988 1002 hoc
2027 943 2244 1002 autem

707 1043 883 1126 quod
922 1044 1184 1125 ponitur
1215 1048 1525 1124 aeternuS,
1565 1045 1832 1127 ponitur
1858 1063 1990 1109 non
2013 1046 2247 1111 habere

709 1148 1121 1232 principium.
1152 1149 1330 1216 Unde
1356 1151 1526 1215 idem
1560 1154 1657 1215 est
1681 1169 1993 1234 quaerere,
2024 1157 2247 1217 utrum

708 1255 875 1320 Deus
931 1259 1209 1339 potuerit
1243 1262 1393 1323 ante
1435 1259 1756 1323 mundum
1794 1259 2020 1338 facere,
2075 1259 2248 1340 quod

713 1364 997 1429 mundus
1040 1366 1333 1432 habendo
1383 1368 1770 1452 principium
1814 1385 1945 1431 non
1986 1368 2250 1432 haberet

709 1470 1101 1554 principium
1158 1492 1175 1553 3
1230 1474 1351 1539 hoc
1407 1474 1677 1539 includit
1736 1474 2249 1539 contradictionis

709 1582 1054 1664 utramque
1094 1586 1364 1665 partem.
1415 1583 1741 1663 Similiter,
1796 1586 2113 1665 quantum
2168 1582 2250 1646 ad

709 1687 1061 1752 secundum
1101 1708 1391 1767 sensum,
1443 1690 1700 1755 videtur
1744 1689 2070 1773 aliquibus
2118 1689 2247 1752 im-

709 1796 1004 1875 possibile
1023 1845 1041 1876 ,
1070 1797 1225 1879 quia
1251 1798 1538 1882 implicat
1562 1798 1630 1861 16
1657 1816 1724 1862 56
1751 1796 2244 1880 oppositionem3

710 1902 1017 1982 quoniam
1059 1905 1457 1970 anterioritas
1492 1906 1627 1970 sive
1660 1905 2006 1987 antiquitas
2031 1903 2252 1987 incipit

712 2008 912 2073 simul
941 2030 1090 2075 cum
1109 2016 1415 2096 tempore.
1448 2013 1612 2077 Nam
1642 2013 1708 2076 in
1738 2013 2088 2076 aeternitate
2117 2030 2252 2076 non

710 2120 804 2180 est
835 2123 980 2182 ante
1008 2122 1071 2182 61
1100 2124 1271 2202 post;
1304 2124 1367 2185 et
1396 2125 1650 2203 tempus
1674 2120 1892 2202 incipit
1918 2119 1997 2182 de
2024 2137 2249 2183 116665-

711 2224 892 2287 511616
915 2224 1108 2288 simul
1133 2244 1284 2290 cum
1325 2226 1602 2306 mundo,
1639 2227 1807 2291 sicut
1835 2226 1996 2289 situs
2028 2225 2251 2308 incipit

667 2384 675 2395 .
711 2350 861 2395 cum
892 2331 1061 2411 locO,
1107 2337 1170 2396 et
1198 2333 1375 2397 locus
1410 2352 1561 2397 cum
1605 2335 1757 2398 orbe
1799 2333 2030 2416 primo.
2072 2331 2251 2398 Unde

711 2438 897 2515 sicut,
928 2438 981 2501 si
1004 2443 1396 2521 quaereretur
1414 2444 1634 2505 utrum
1663 2441 1913 2523 primus
1941 2440 2115 2504 orbis
2138 2459 2252 2523 po·

712 2550 902 2614 tuerit
923 2550 1064 2613 fleri
1078 2542 1283 2630 altior,
1303 2551 1481 2614 nulla
1499 2555 1660 2616 esset
1674 2552 1936 2616 omnino
1955 2553 2249 2635 quaestio,

716 2658 917 2722 immo
942 2657 1223 2741 implicat
1250 2658 1816 2723 contradictionem
1832 2708 1850 2739 ,
1882 2660 2255 2726 5611166166-

712 2774 812 2834 tra
836 2786 1097 2833 omnem
1137 2768 1350 2832 locum
1393 2788 1528 2833 6556
1566 2770 1819 2850 166616;
1850 2772 1913 2834 et
1951 2771 2129 2836 venit
2168 2790 2252 2838 ex

710 2881 869 2945 falsa
897 2880 1376 2962 imaginatione,
1410 2882 1561 2964 quia
1580 2883 2017 2964 imaginamur
2043 2887 2253 2949 totum

715 2990 1036 3054 mundum
1072 3007 1209 3052 6556
1236 2989 1304 3051 16
1335 2989 1519 3054 166611
1545 2990 1778 3072 5116116,
1823 2992 1986 3055 51661
2017 2992 2254 3074 imagi-

715 3116 950 3162 namur
992 3101 1227 3162 terram
1257 3096 1638 3162 circumdari
1687 3118 1855 3181 aqua
1902 3122 1917 3165 t
1965 3100 2254 3165 similiter

716 3206 1206 3287 intelligendum
1231 3209 1323 3269 est
1342 3206 1408 3269 in
1434 3207 1755 3288 proposito
1771 3256 1787 3283 ‚
1817 3208 1991 3290 quod
2015 3213 2110 3272 est
2135 3209 2253 3272 im-

711 3313 965 3395 plicatio
1026 3312 1569 3392 contradictioniS,
1620 3315 1684 3377 et
1734 3314 1911 3377 venit
1963 3332 2044 3379 ex
2098 3315 2254 3380 falsa

712 3418 1202 3500 imaginatione3
1236 3419 1388 3500 quia
1412 3418 1851 3501 imaginamur
1891 3425 2037 3485 ante
2064 3423 2253 3504 prin-

713 3526 954 3608 cipium
995 3527 1220 3590 mundi
1249 3525 1442 3589 fuisse
1475 3526 1875 3590 durationem
1908 3528 2247 3611 temporiS,

712 3632 778 3695 in
808 3651 938 3715 qua
965 3633 1247 3697 mundus
1279 3633 1584 3715 potuisset
1610 3637 1756 3697 ante
1787 3634 1948 3697 fleri.
1987 3633 2169 3699 Unde
2197 3635 2251 3699 si

712 3746 1061 3823 quaeratur,
1121 3747 1344 3805 utrum
1401 3744 1576 3805 totus
1618 3742 1902 3805 mundus
1949 3741 2253 3824 potuisset

713 3850 897 3912 extra
937 3852 1141 3911 totum
1171 3847 1522 3927 mundum,
1561 3847 1666 3911 vel
1694 3866 1920 3929 supra,
1949 3847 2053 3913 vel
2084 3847 2253 3911 infra

713 3954 886 4033 fleri,
919 3954 1110 4018 stulta
1143 3958 1237 4018 est
1263 3953 1568 4038 quaestio,
1600 3958 1664 4018 et
1686 3952 2022 4037 implicans
2047 3972 2249 4037 oppo-

713 4059 862 4139 sita,
903 4063 966 4123 et
994 4059 1260 4124 veniens
1296 4078 1379 4124 ex
1419 4060 1588 4123 mala
1615 4060 2098 4141 imaginatione.
2132 4059 2253 4125 Per

714 4167 889 4230 11666
902 4166 1169 4230 modum
1188 4166 1592 4249 respondent,
1611 4166 1663 4229 si
1679 4171 2011 4248 quaeratur
2029 4172 2252 4233 utrum

715 4274 998 4339 mundus
1033 4274 1310 4357 potuerit
1348 4273 1487 4338 fleri
1527 4276 1707 4352 ante,
1756 4272 1860 4336 vel
1904 4274 2247 4358 antiquior.

717 4381 893 4447 Unde
907 4382 1127 4446 dicunt
1149 4380 1319 4464 quod
1342 4381 1399 4443 si
1416 4380 1656 4464 aliquid
1669 4381 2088 4463 praecessisset
2106 4388 2252 4447 ante

718 4507 1099 4554 mensurans
1146 4488 1598 4570 temporaliter,
1672 4488 1978 4571 potuisset
2029 4491 2254 4573 utique

715 4601 863 4661 ante
888 4595 1028 4659 fieri
1060 4614 1076 4659 ε
1110 4594 1399 4659 similiter
1424 4596 1477 4658 si
1504 4596 1681 4660 locus
1705 4601 1869 4662 esset
1889 4602 2071 4663 extra
2088 4646 2104 4676 ‚
2131 4617 2254 4682 po-

714 4705 941 4770 tuisset
969 4704 1156 4768 altior
1189 4704 1353 4767 fleri.
1389 4702 1578 4768 Ratio
1601 4710 1816 4769 autem
1852 4706 2037 4770 istius
2064 4707 2251 4770 malae

715 4811 1193 4894 imaginationis
1230 4816 1372 4875 est:
1416 4830 1566 4876 cum
1593 4812 1766 4876 enim
1813 4814 2253 4895 imaginamur

717 4919 1137 4985 aeternitatem
1163 4918 1233 4981 in
1251 4918 1578 4982 infinitum
1601 4924 1746 4983 ante
1768 4923 2016 5002 tempus
2032 4922 2252 5001 fuisse,

717 5026 1141 5109 intelligimus
1182 5045 1326 5090 eam
1366 5026 1549 5109 quasi
1586 5027 1990 5092 durationem
2029 5032 2258 5093 exten-

717 5153 851 5197 sam
867 5182 885 5214 ,
919 5134 990 5197 in
1015 5152 1144 5216 qua
1171 5137 1324 5198 sunt
1348 5133 1598 5197 diversa
1623 5147 1831 5213 nunc,
1862 5135 1932 5197 in
1971 5138 2254 5217 q‘uorum

718 5239 1002 5321 quolibet
1024 5240 1329 5323 potuisset
1353 5240 1496 5304 fleri
1522 5245 1796 5323 tempus,
1829 5240 1952 5306 Sed
1970 5241 2094 5307 hoc
2119 5261 2254 5307 om-

717 5348 874 5414 nino
901 5348 1063 5412 nihil
1098 5352 1223 5429 est,
1253 5348 1405 5432 quia
1443 5347 1762 5413 aeternitas
1788 5352 1883 5412 651
1908 5349 2252 5431 simplicis-

2348 618 2466 679 165.
2498 612 2979 679 concedendum
3002 631 3160 695 ergo
3174 661 3191 691 ‚
3214 614 3377 679 sicut
3397 615 3674 698 probant
3691 617 3887 681 ratio-

2351 741 2465 787 665
2487 722 2764 788 inductae
2791 721 2870 785 ad
2895 722 3018 786 hoc
3037 770 3055 801 ,
3086 724 3260 806 quod
3308 725 3470 788 sicut
3512 743 3646 789 non
3686 727 3894 808 potuit

2351 829 2673 894 mundum
2691 829 2895 893 facere
2917 828 2987 892 in
3005 827 3142 894 1666
3169 830 3390 895 altiore
3408 879 3426 908 ,
3455 831 3612 913 quia
3640 849 3775 896 non
3802 837 3895 896 est

2351 935 2421 999 in
2446 935 2614 1015 loco;
2645 936 2734 1000 516
2760 954 2880 1000 1166
2906 940 3073 1016 ante,
3102 936 3258 1019 quia
3280 936 3460 1002 nulla
3482 942 3578 1003 est
3598 938 3894 1021 antiqui-

2353 1046 2448 1107 tas
2473 1044 2602 1108 nisi
2628 1044 2696 1108 in
2728 1062 2829 1109 eo,

2434 1150 2530 1215 Ad
2557 1150 2715 1216 illud
2752 1152 2925 1235 quod
2951 1152 3245 1235 objicitur
3276 1153 3447 1236 quod
3483 1153 3657 1236 apud
3692 1150 3896 1217 Deum

2353 1275 2487 1323 non
2523 1262 2619 1322 est
2653 1259 2752 1322 vis
2779 1259 2993 1342 aliqua
3026 1260 3094 1322 in
3124 1260 3452 1343 aliquanto
3488 1265 3802 1343 tempore,
3834 1264 3896 1325 et

2355 1366 2526 1447 quod
2540 1367 2819 1449 potentia
2834 1370 2974 1447 eius
2994 1386 3128 1431 non
3147 1368 3478 1451 dependet,
3501 1373 3625 1433 etc.
3643 1390 3660 1448 ;
3679 1368 3900 1436 (1161161

2354 1473 2435 1538 ad
2459 1459 2678 1539 omnia
2703 1475 2890 1539 unica
2929 1475 3360 1558 responsione,
3389 1477 3565 1559 quod
3603 1476 3899 1559 quamvis

2353 1581 2571 1647 divina
2595 1583 2801 1647 virtus
2827 1582 2907 1646 ad
2942 1582 3104 1646 nihil
3130 1587 3432 1663 arctetur,
3466 1588 3687 1648 tamen
3715 1583 3899 1667 prin-

2355 1688 2658 1772 cipiatum
2684 1707 2817 1753 non
2844 1694 3045 1772 potest
3070 1691 3273 1755 faeere
3299 1692 3435 1757 sine
3472 1691 3810 1774 principio,
3840 1696 3903 1756 et

2355 1797 2700 1878 temporale
2722 1815 2852 1862 non
2872 1797 3007 1861 sine
3031 1801 3339 1881 tempore,
3356 1802 3420 1863 et
3441 1799 3731 1881 primum
3748 1803 3900 1864 tem-

2355 1903 2569 1986 porale
2610 1922 2741 1969 non
2795 1908 3001 1987 potest
3022 1906 3250 1970 'facere
3288 1906 3411 1969 nisi
3454 1906 3524 1970 in
3588 1907 3899 1989 principio

2355 2012 2681 2093 temporiS,
2699 2016 2764 2076 et
2785 2011 3173 2094 principium
3194 2014 3498 2095 temporis
3520 2031 3660 2077 non
3681 2014 3805 2078 nisi
3830 2014 3898 2077 in

2356 2118 2672 2201 principio
2728 2119 3052 2201 temporis.
3109 2119 3480 2202 Oppositum
3541 2121 3717 2184 enim
3769 2139 3899 2184 non

2356 2226 2506 2290 dicit
2531 2227 2902 2309 potentiam,
2932 2227 3039 2291 sed
3071 2227 3276 2308 magis
3307 2228 3893 2306 contradictionem,

2358 2338 2421 2398 et
2446 2334 2976 2416 repugnantiam:
3009 2353 3127 2399 nec
3152 2339 3366 2398 tamen
3390 2338 3676 2399 arctatur
3704 2336 3782 2400 ad
3809 2316 3897 2399 516

2357 2439 2737 2520 faciendum,
2776 2441 2928 2523 quia
2967 2446 3176 2524 posset
3205 2442 3467 2506 omnino
3492 2460 3630 2506 non
3673 2442 3891 2506 facere:

2358 2545 2536 2611 Unde
2571 2548 2732 2611 516111
2766 2550 2959 2613 516116
2996 2553 3093 2613 651
3136 2549 3434 2632 quaestio,
3476 2550 3532 2613 51
3576 2555 3896 2633 quaeratur

2358 2658 2593 2748 utrum·
2617 2656 2896 2738 potuerit
2931 2656 3133 2720 166616
3173 2657 3561 2740 principium
3598 2657 3897 2740 temporis

2358 2767 2505 2827 ante
2537 2763 2922 2847 principium
2952 2764 3276 2848 temporis»,
3316 2765 3701 2831 similiter.et
3729 2784 3896 2849 prae-

2358 2871 2545 2935 dicta.
2592 2871 2714 2936 Sed
2753 2873 3060 2955 quoniam
3093 2872 3330 2937 durum
3369 2873 3628 2937 videtur
3669 2874 3891 2953 dicere,
3920 2912 4082 2970 ophi„

2293 2999 2305 3011 ·
2357 2979 2529 3060 quod
2546 2979 2713 3043 Deus
2728 2998 2860 3044 non
2874 2980 3150 3062 potuerit
3178 2981 3382 3046 166616
3404 2982 3724 3075 mundum
3742 2984 3895 3047 anti-

2359 3087 2672 3169 quiorem,
2687 3090 2749 3152 et
2758 3088 2913 3170 quin
2925 3087 3125 3152 alium
3139 3089 3672 3156 mundumfacere
3687 3096 3895 3173 potue-

2358 3196 2470 3275 rit,
2494 3195 2605 3260 sed
2626 3199 2880 3259 tantum
2903 3197 3132 3276 istum3
3164 3202 3497 3281 propterea
3523 3200 3744 3263 dicunt
3771 3200 3893 3277 alii,

2358 3303 2527 3385 quod
2538 3304 2701 3367 sicut
2712 3302 2877 3369 Deus
2887 3304 3300 3387 potuitfacere
3312 3307 3897 3390 mundumamplio·

2357 3428 2530 3489 rum,
2556 3412 2978 3493 antiquiorem
3011 3413 3150 3476 5166
3178 3413 3356 3476 omni
3373 3413 3796 3478 distinctione.
3826 3414 3898 3478 Et

2356 3522 2572 3582 tamen
2591 3518 2679 3581 ita
2697 3518 2903 3601 potuit
2925 3518 3150 3597 facere,
3181 3519 3348 3583 istud
3364 3538 3500 3584 non
3519 3526 3614 3584 est
3641 3524 3896 3586 omnino

2357 3625 2565 3690 simile
2585 3647 2600 3689 ε
2615 3627 2769 3708 quia
2780 3625 2946 3690 Deus
2956 3632 3161 3709 posset
3170 3628 3375 3691 facere
3384 3628 3616 3693 coelum
3630 3630 3897 3712 amplius

2357 3738 2420 3797 et
2454 3734 2663 3815 magis
2686 3729 2918 3798 distare
2941 3753 2981 3798 a
3009 3739 3203 3814 terra,
3229 3735 3407 3799 salva
3438 3736 3771 3819 utriusque
3796 3756 3896 3800 na-

2358 3844 2504 3905 tura
2522 3862 2538 3904 z
2552 3841 2661 3904 sed
2674 3841 2725 3904 si
2745 3841 2911 3905 Deus
2922 3841 3315 3923 intelligatur
3328 3844 3546 3907 fecisse
3561 3843 3731 3926 quod
3746 3842 3896 3907 illud

2357 3967 2532 4012 nunc
2547 3949 2754 4030 magis
2766 3948 2952 4012 distet
2964 3968 3003 4013 a
3015 3949 3326 4033 principio
3339 3952 3662 4033 temporis,
3679 3949 3894 4015 intelli-

2358 4055 2538 4137 gitur
2564 4056 2718 4120 illud
2734 4073 2905 4121 nunc
2919 4075 3054 4120 esse
3068 4057 3267 4136 aliud,
3286 4057 3440 4140 quia
3454 4059 3705 4122 etiamsi
3726 4057 3894 4121 intel-

2357 4163 2597 4244 ligatur
2613 4164 2895 4227 mundus
2924 4164 3125 4228 sactus
3149 4169 3297 4229 ante
3314 4214 3331 4244 ,
3356 4166 3564 4230 adhuc
3587 4184 3717 4230 non
3734 4168 3889 4228 esset

2357 4270 2678 4353 antiquior
2707 4274 2998 4353 respectu
3024 4271 3208 4335 istius
3234 4288 3450 4355 nunc,·
3475 4272 3627 4355 quia
3645 4275 3886 4336 tantum

2359 4379 2636 4457 distaret,
2673 4382 2993 4460 quantum
3033 4380 3222 4444 distat
3251 4398 3291 4444 a
3336 4380 3680 4463 principio;
3713 4384 3773 4443 61
3808 4378 3892 4442 116

2359 4504 2492 4550 666
2516 4489 2679 4550 65561
2712 4486 3054 4568 antiquior.
3086 4485 3165 4550 Et
3197 4486 3338 4551 ideo
3364 4503 3495 4550 non
3530 4491 3623 4550 est
3658 4483 3890 4567 simpli-

2361 4593 2515 4657 citer
2550 4593 2874 4675 neganda,
2911 4611 3030 4658 nec
3061 4593 3429 4677 simpliciter
3466 4591 3883 4666 concedenda,

2360 4701 2524 4764 sicut
2546 4719 2666 4764 nec
2684 4701 2837 4764 ista:
2873 4723 2906 4761 α
2933 4699 3099 4764 Deus
3124 4701 3330 4783 potuit
3354 4701 3557 4764 facere
3583 4700 3887 4763 mundum

2361 4808 2672 4873 altiorem.
2695 4829 2725 4867 n
2754 4805 2820 4872 Si
2835 4808 3012 4871 66161
3026 4808 3343 4888 intelligas
3357 4808 3434 4872 de
3452 4808 3574 4872 hoc
3592 4806 3882 4882 absolute,

2360 4916 2593 4979 1615616
2623 4919 2739 4991 651,
2767 4915 2929 4979 51661
2960 4914 3109 4978 (11611
3144 4915 3351 4996 prima
3380 4915 3629 4997 opinio,
3670 4916 3729 4976 et
3764 4927 3884 4973 non

2362 5023 2778 5105 intelligibile,
2806 5028 2870 5087 et
2899 5023 3240 5107 implicatio
3273 5021 3794 5088 contradictionis,
3821 5016 3880 5082 Si
3983 5052 3988 5056 ·

2361 5135 2581 5197 autem
2596 5132 2914 5213 intelligas
2932 5150 3047 5213 per
3068 5132 3615 5196 concomitantiam
3641 5128 3880 5194 alterius

2360 5239 2504 5320 loci,
2547 5239 2782 5304 scilicet
2816 5238 2973 5322 quia
3011 5239 3179 5305 Deus
3218 5241 3425 5324 potuit
3458 5241 3659 5304 facere
3696 5236 3878 5300 alium
3963 5229 3967 5233 ’

2430 5366 2616 5431 ¹=Aug.‚
2641 5364 2703 5416 de
2731 5364 2885 5415 civit.
2917 5365 3045 5430 Dei,
3069 5365 3158 5416 lib.
3187 5368 3286 5431 xl,
3315 5380 3360 5417 6.
3380 5377 3415 5414 v
3441 5369 3495 5417 61
3519 5375 3587 5417 v1.
