4125 6225
1219 443 1412 510 DIST.
1449 441 1575 508 XL.
1616 431 1809 509 ΛΒΤ.
1843 438 1947 509 Π.
1993 441 2291 520 QUAEST.
2334 442 2414 509 ΙΙ.
3296 456 3412 515 109

281 602 424 652 causa
455 584 541 648 est
585 581 864 665 alicujus
885 628 905 660 ,
949 600 1064 666 per
1110 582 1213 647 sui
1265 580 1618 646 absentiam
1663 581 1757 641 est

282 710 424 759 musa
445 689 699 774 oppositi
716 738 736 768 ,
776 689 921 754 haec
946 689 1070 754 alia
1098 689 1382 754 maxima
1407 691 1503 752 εει
1541 685 1758 750 Philo-

282 799 461 883 sophi:
497 815 647 880 ergo
681 796 738 860 si
775 796 944 861 Deus
963 815 1077 880 per
1102 797 1206 862 sui
1231 792 1638 879 praesentiam
1667 795 1761 857 est

283 926 427 973 musa
449 904 927 971 mollificationis
959 904 1164 969 cordis
1183 950 1202 982 ‚
1232 920 1346 988 per
1385 902 1489 966 sui
1531 902 1760 966 absen-

282 1016 397 1081 tiam
416 1019 498 1079 est
518 1032 704 1079 causa
724 1012 1180 1078 obdurationis,

340 1126 388 1187 8.
409 1122 582 1201 Item,
610 1121 668 1185 si
692 1120 910 1203 aliqua
945 1119 1073 1185 duo
1107 1120 1259 1184 sunt
1287 1116 1551 1183 omnino
1579 1114 1759 1181 simi-

281 1231 362 1308 lia,
385 1233 480 1294 aut
497 1226 844 1312 proprietas
869 1225 1088 1308 aliqua
1113 1243 1246 1291 non
1271 1225 1437 1290 inest
1465 1224 1581 1288 uni
1612 1240 1759 1306 quae

281 1355 384 1402 non
403 1337 546 1400 inest
585 1334 725 1414 alii,
754 1336 870 1397 aut
908 1333 962 1396 si
986 1333 1189 1413 inest,
1232 1331 1488 1397 aliunde
1521 1331 1684 1396 inest
1711 1336 1757 1394 ¹.

282 1444 551 1509 Ponantur
586 1445 799 1506 autem
847 1439 953 1504 hic
996 1439 1125 1504 duo
1168 1439 1423 1522 parvuli
1466 1437 1656 1503 Jacob
1697 1439 1762 1502 ει

283 1551 453 1616 Esau:
490 1549 646 1614 Deus
680 1567 892 1614 unum
933 1547 1239 1628 obdurat,
1268 1550 1342 1611 ut
1367 1545 1572 1624 Esau3
1605 1545 1762 1610 alte-

283 1677 400 1723 rum
419 1676 536 1722 non
555 1656 853 1735 obdurat,
883 1661 957 1720 ut
980 1654 1171 1720 Jacob
1201 1676 1216 1717 ε
1248 1671 1406 1736 ergo
1441 1672 1592 1717 cum
1634 1652 1763 1716 sint

283 1766 472 1831 similes
492 1764 744 1830 omnino
769 1764 981 1847 quoad
1019 1766 1318 1826 naturam
1357 1764 1420 1825 et
1445 1763 1764 1843 quantum

283 1873 346 1939 ad
366 1874 582 1949 merita,
605 1872 862 1936 aliunde
888 1869 1064 1935 venit
1089 1869 1424 1934 obduratio
1451 1890 1469 1933 ι
1497 1867 1607 1933 sed
1630 1884 1765 1931 non

283 1984 356 2046 est
374 1981 503 2047 dare
523 1980 637 2045 nisi
662 1998 701 2044 a
725 1978 854 2043 Deo
887 2000 905 2043 ι
934 1995 1115 2060 erg0,
1143 1980 1266 2041 etc.

344 2088 403 2154 Si
433 2094 498 2153 tu
526 2088 684 2152 dicas
711 2086 883 2170 quod
919 2104 959 2150 a
996 2084 1279 2162 diabolo;
1320 2086 1541 2148 contra
1568 2101 1587 2147 t
1617 2081 1765 2147 Esto

284 2197 420 2279 quod
456 2194 722 2260 diabolus
765 2192 947 2258 nullo
998 2194 1187 2257 modo
1232 2211 1301 2257 se
1349 2188 1762 2271 intromittat3

283 2303 636 2368 nihilominus
660 2302 778 2367 iste
806 2300 1247 2365 obdurabitur.

346 2413 399 2473 9.
421 2408 557 2473 Item
572 2409 779 2474 omnis
804 2407 1091 2488 effectuS,
1114 2407 1250 2472 sive
1273 2405 1609 2491 positivus,
1632 2405 1768 2471 sive

284 2515 595 2596 defectivus,
630 2515 824 2581 habet
860 2533 1118 2580 causam
1156 2514 1520 2597 proximam
1546 2517 1612 2579 et
1640 2514 1770 2577 im-

285 2624 601 2704 mediatam3
628 2641 855 2707 quaero
881 2640 1039 2704 ergo
1062 2639 1211 2705 quae
1238 2622 1319 2686 sit
1344 2639 1536 2686 causa
1559 2620 1768 2686 obdu-

287 2730 503 2796 rationis
523 2732 812 2815 proxima
833 2752 852 2797 :
881 2733 995 2795 aut
1015 2731 1188 2794 enim
1209 2730 1397 2814 culpa
1413 2728 1768 2810 originalia,

291 2842 382 2902 aut
396 2840 618 2904 actualis
637 2888 656 2921 ,
686 2843 802 2905 aut
835 2857 996 2904 usus
1018 2837 1199 2902 liberi
1220 2836 1492 2918 arbitrii,
1520 2835 1624 2903 vel
1652 2836 1772 2900 ali-

291 2943 425 3024 quod
443 2943 593 3009 aliud
621 2965 639 3008 ε
670 2961 804 3009 non
834 2943 1023 3026 culpa
1049 2940 1403 3024 originalis,
1433 2940 1588 3023 quia
1610 2947 1768 3006 tunc

291 3066 467 3116 omnes
487 3051 944 3118 obdurarentur
965 3072 983 3129 3
1014 3048 1302 3114 similiter
1320 3066 1439 3114 nec
1461 3049 1651 3133 culpa
1674 3065 1772 3114 ac-

295 3157 473 3238 tualis,
514 3159 658 3242 quia
695 3163 854 3224 tunc
896 3158 1105 3222 omnis
1151 3157 1479 3222 actualiter
1511 3174 1777 3240 peccans

295 3263 688 3346 obduraretur3
719 3283 843 3331 nec
880 3283 1036 3330 usus
1074 3264 1259 3330 liberi
1303 3264 1543 3329 arbitrii
1567 3312 1586 3343 ,
1622 3264 1776 3348 quja

295 3370 585 3452 obduratiO,
618 3377 697 3439 ut
722 3379 819 3439 est
845 3376 1256 3438 connotatum
1284 3374 1770 3455 reprobationiS,

295 3480 434 3543 estin
453 3482 718 3563 parvulis
744 3482 816 3546 in
840 3481 1075 3564 quibus
1115 3499 1250 3546 non
1278 3482 1376 3545 est
1399 3501 1557 3547 usus
1589 3483 1775 3547 liberi

294 3587 506 3653 arbitrii.
538 3590 751 3656 Restat
790 3608 949 3671 ergo
985 3590 1160 3672 quod
1196 3589 1494 3655 voluntas
1539 3588 1651 3654 Dei
1698 3590 1777 3653 sit

297 3712 467 3777 musa3
489 3701 544 3763 ει
565 3698 687 3763 hoc
707 3696 990 3778 videtur,
1020 3697 1175 3781 quia
1191 3716 1267 3763 ea
1290 3699 1494 3781 posita
1518 3698 1777 3780 ponitur

294 3803 513 3872 effeetus.
547 3806 613 3873 Si
640 3807 819 3873 enim
846 3806 1016 3872 Deus
1040 3825 1174 3872 non
1195 3807 1339 3873 vult
1369 3805 1553 3872 istius
1576 3805 1778 3871 mise-

294 3915 406 3995 reri,
433 3935 662 3983 necesse
688 3921 785 3983 est
810 3936 961 3982 eum
987 3915 1310 3982 obdurari.

153 4024 279 4078 Mn
354 4023 586 4093 Gonu-a:
624 4026 848 4093 Omnis
871 4027 989 4108 qui
1017 4027 1195 4092 venit
1222 4023 1312 4090 ad
1339 4040 1471 4101 me,
1495 4037 1627 4090 non
1653 4021 1779 4104 eji-

299 4131 427 4198 ciam
445 4150 565 4200 eum
585 4135 762 4216 toras
786 4136 847 4199 ²:
877 4151 1033 4216 ergo
1059 4134 1318 4216 paratus
1341 4135 1434 4196 εει
1458 4130 1626 4195 Deus
1643 4147 1778 4195 om-

300 4255 385 4304 nes
411 4244 708 4329 complecti
748 4266 766 4310 ε
808 4262 967 4327 ergo
1012 4243 1290 4308 defectus
1327 4238 1779 4304 illustrationis

303 4362 400 4413 non
412 4354 562 4418 venit
584 4372 666 4418 ex
694 4355 880 4437 parte
911 4350 1054 4428 Dei,
1088 4350 1198 4414 sed
1224 4368 1307 4414 ex
1333 4352 1512 4431 parte
1536 4352 1773 4413 nostra.

361 4453 519 4524 Item:
539 4462 689 4526 Ecce
711 4466 809 4527 sto
837 4457 927 4525 ad
944 4458 1205 4536 ostium,
1224 4462 1283 4525 et
1298 4456 1522 4539 pulso,-
1544 4457 1607 4523 ει·
1630 4457 1781 4539 quis

308 4562 430 4630 mihi
451 4569 770 4649 aperuerit,
791 4565 1069 4634 introibo
1086 4566 1177 4633 acl
1193 4583 1335 4633 eum
1363 4570 1410 4641 ⁸,
1439 4571 1557 4629 etc.
1579 4564 1700 4629 Sed
1723 4564 1780 4627 si

310 4674 612 4753 peregrinus
634 4675 860 4741 volens
883 4673 1191 4756 hospitari
1218 4689 1352 4737 non
1376 4671 1692 4736 recumbit
1710 4671 1778 4733 in

313 4770 469 4855 domo,
491 4798 609 4846 non
633 4783 732 4846 est
756 4797 951 4846 causa
969 4798 1050 4844 ex
1072 4784 1251 4863 parte
1277 4780 1402 4860 sui,
1435 4780 1546 4845 sed
1569 4780 1781 4845 solum

315 4880 486 4946 ostiarii
494 4904 512 4966 3
529 4906 677 4970 ergo
694 4887 991 4952 similiter
1004 4890 1066 4951 et
1084 4887 1517 4993 obdurationis
1535 4907 1669 4952 non
1688 4891 1781 4953 est

317 4999 469 5067 eausa,
489 4993 596 5058 nisi
618 4995 730 5078 qui
754 5013 885 5059 non
911 4995 1135 5078 recipit
1159 4994 1360 5060 Deum
1395 4996 1775 5079 pulsantem.

374 5089 493 5160 Item
534 5101 930 5185 Augustinus
957 5150 976 5179 ‚
1021 5120 1211 5186 super
1258 5103 1420 5170 illud
1462 5126 1480 5169 z
1520 5105 1673 5170 Lux
1705 5106 1781 5171 in

370 5247 530 5322 Musa,
555 5259 747 5326 Phys-ic.
778 5260 870 5311 lib.
893 5261 974 5325 11,
1000 5263 1139 5312 cont.
1157 5263 1237 5312 30.
1253 5287 1313 5300 —
1338 5263 1540 5327 Mean„
1565 5275 1652 5327 v1,
1693 5265 1773 5314 37.

330 5339 373 5353 ·-
392 5319 548 5390 upum,
572 5342 672 5397 111,
691 5335 771 5384 28.
788 5358 854 5371 -
872 5334 896 5368 δ
914 5334 1066 5397 Aug„
1102 5334 1160 5382 in
1180 5333 1322 5386 loen.
1350 5335 1518 5385 Tract.
1549 5347 1587 5399 1,
1614 5348 1669 5386 n.
1693 5338 1771 5387 19.

374 5422 423 5489 (θ)
443 5430 553 5487 Edit.
590 5439 701 5491 Ven.
727 5452 823 5503 pro
856 5439 1077 5491 defectu·
1102 5466 1167 5479 —
1214 5439 1278 5505 (h)
1306 5442 1429 5492 Item
1464 5441 1773 5494 ordinatum.

1868 578 2139 645 tenebris
2184 579 2387 659 lueet,
2442 580 2593 644 dicit
2617 586 2682 644 ⁴:
2722 605 2752 644 (ι
2778 581 2956 646 Sicut
2999 600 3166 649 caeco
3210 587 3412 669 posito

1866 687 1937 751 in
1962 689 2095 753 sole
2134 693 2228 754 est
2269 707 2550 772 praesens
2592 689 2743 767 lux,
2790 694 2855 756 et
2894 692 3029 775 ipse
3055 693 3280 757 absens
3319 700 3414 758 εει

1864 793 2016 870 luci,
2049 793 2142 858 sic
2171 794 2242 859 in
2267 794 2447 860 omni
2470 795 2695 878 iniquo
2717 796 2829 878 qui
2857 814 3061 862 caecus
3087 802 3183 863 est
3200 799 3407 880 corde,

1867 919 2151 984 praesens
2174 905 2268 967 εει
2283 903 2612 987 sapientia,
2640 905 2705 967 ει
2729 904 2865 988 ipse
2887 910 2981 969 est
3002 907 3251 971 absens,
3280 930 3312 969 ι»
3345 906 3413 972 Si

1868 1027 2025 1090 ergo
2066 1010 2311 1074 bonum
2350 1014 2445 1075 est
2485 1009 2728 1093 simile,
2769 1030 2920 1077 cum
2955 1015 3232 1093 caecitas,
3274 1016 3411 1081 sive

1867 1114 2141 1196 privatio
2167 1121 2346 1181 actus
2371 1117 2666 1200 videndi,
2707 1138 2840 1184 non
2864 1120 2946 1185 sit
2986 1140 3026 1185 a
3050 1121 3180 1186 sole
3194 1169 3213 1200 ,
3244 1125 3415 1205 patet

1868 1221 2041 1304 quod
2064 1240 2183 1287 nec
2217 1223 2550 1289 obduratio
2583 1229 2679 1290 εει
2716 1244 2757 1289 a
2782 1225 2931 1291 Deo.
2977 1227 3136 1292 Item
3183 1227 3412 1293 Ansel-

1868 1346 2059 1395 mus:
2102 1353 2134 1395 α
2156 1329 2298 1395 Non
2324 1331 2467 1397 ideo
2496 1350 2627 1397 non
2651 1331 2843 1399 habet
2876 1332 3072 1400 homo
3110 1335 3409 1419 gratiam,

1868 1436 2024 1520 quia
2048 1436 2214 1503 Deus
2236 1457 2368 1505 non
2395 1439 2533 1521 dat,
2563 1439 2673 1505 sed
2697 1441 2851 1524 quia
2873 1440 3071 1507 homo
3091 1461 3224 1507 non
3247 1443 3411 1508 acci-

1868 1543 1983 1626 pit.
2023 1566 2056 1605 ι»
2098 1543 2271 1628 Ergo
2305 1564 2439 1612 non
2473 1547 2657 1613 dehet
2697 1548 2821 1613 dici
2859 1548 3191 1615 obduratio
3217 1566 3351 1614 esse
3376 1569 3415 1615 a

1871 1650 2019 1716 Deo·
2059 1651 2220 1716 Item
2257 1654 2501 1720 ratione
2534 1656 2821 1736 videtur,
2866 1657 3020 1740 quia
3058 1656 3282 1740 optimi
3321 1660 3417 1723 εει

1871 1759 2114 1843 optima
2146 1760 2460 1828 adducere
2500 1784 2515 1827 ε
2562 1763 2671 1828 sed
2715 1764 3048 1830 obduratio
3086 1768 3178 1829 εει
3218 1766 3413 1848 pessi-

1871 1886 2057 1933 mum
2096 1869 2262 1934 inter
2297 1872 2516 1936 omnia
2561 1872 2730 1936 mala
2777 1894 2792 1936 ε
2836 1889 2995 1954 ergo
3034 1873 3239 1956 ipsam
3282 1890 3417 1937 non

1872 1975 2063 2041 efficit
2086 1975 2275 2055 DeuS,
2300 1978 2413 2061 qui
2439 1983 2534 2043 εει
2560 1981 2859 2062 optimus
2892 1979 3054 2044 Item
3079 1980 3415 2045 obduratio

1873 2083 2109 2147 animae
2146 2084 2352 2150 reddit
2388 2086 2672 2150 animam
2716 2087 3130 2170 impotentem
3173 2078 3254 2152 a‘d
3300 2087 3419 2151 bo-

1874 2209 2036 2255 num
2079 2213 2096 2256 ε
2141 2210 2299 2275 ergo
2343 2197 2438 2257 est
2479 2193 2758 2258 defectus
2788 2216 2805 2262 ε
2846 2195 2955 2260 sed
2998 2195 3275 2260 defectus
3304 2198 3418 2259 aut

1874 2317 2006 2364 non
2029 2298 2221 2364 habet
2245 2319 2533 2382 causam,
2563 2303 2675 2366 aut
2700 2303 2758 2365 si
2792 2302 3019 2381 habet,
3047 2302 3238 2367 habet
3264 2321 3420 2367 cau-

1875 2425 2013 2472 sam
2051 2408 2449 2473 deficIentem
2495 2426 2514 2473 t
2561 2408 2726 2475 Deus
2771 2414 2989 2476 autem
3038 2410 3280 2476 nullius
3328 2413 3422 2475 est

1875 2534 2070 2580 causa
2095 2515 2391 2582 deficiens
2421 2534 2438 2581 ε
2478 2534 2635 2600 ergo
2660 2517 2992 2584 obduratio
3022 2518 3201 2583 nullo
3229 2518 3418 2584 modo

1877 2626 1972 2689 est
1995 2642 2036 2689 a
2064 2623 2215 2691 Deo.

2421 2778 2870 2848 CONCLUSIO.

1880 2927 2195 3002 ObduratiO,
2210 2935 2377 3003 prout
2402 2931 2662 3002 defecmm
2674 2934 2811 2991 dicit
2839 2933 2942 3008 (a),
2972 2949 3080 2991 non
3109 2937 3186 2991 est
3212 2934 3424 3007 effectus

1950 3022 2091 3089 Dei3
2137 3021 2231 3078 sed
2248 3026 2415 3094 prout
2449 3022 2737 3080 ordinatur
2772 3040 2808 3080 a
2841 3024 3170 3082 retribuente
3210 3026 3421 3084 divina

1942 3109 2170 3182 justitia
2185 3115 2247 3168 in
2265 3112 2544 3171 mercedem
2565 3115 2755 3187 eulpoe,
2771 3117 2848 3171 est
2872 3130 2909 3170 a
2936 3115 3063 3172 Dee.

1961 3270 2149 3354 Resp.
2179 3271 2258 3337 ad
2298 3272 2460 3354 Arg.
2489 3271 2837 3338 Dicendum
2866 3272 3039 3356 quod
3060 3273 3418 3353 obdurati0,

1880 3376 1951 3442 in
1973 3383 2293 3462 quantum
2319 3398 2509 3463 poena
2533 3385 2648 3458 est,
2679 3381 2832 3446 dicit
2857 3381 3090 3446 animae
3118 3381 3427 3464 ineptitu-

1881 3483 2121 3563 dinem,
2153 3483 2328 3548 etita
2355 3484 2505 3549 dicit
2525 3485 2934 3550 defectionem
2960 3486 3286 3569 poenalem
3317 3508 3333 3551 z
3366 3492 3428 3551 et

1882 3607 2074 3673 poeua
2102 3590 2347 3672 omniS,
2373 3591 2445 3656 in
2480 3595 2795 3675 quantum
2833 3593 3006 3673 talis,
3037 3596 3132 3659 est
3166 3595 3339 3676 justa
3366 3597 3430 3659 ει

1883 3698 2205 3778 ordinata3
2236 3699 2379 3764 ideo
2401 3699 2553 3765 dicit
2586 3700 2900 3765 detectum
2934 3701 3321 3766 ordinatum.
3356 3700 3428 3764 In

1882 3810 2201 3888 quantum
2228 3825 2386 3890 ergo
2410 3809 2688 3874 defectus
2722 3813 2817 3875 εει
2833 3858 2865 3891 ,,
2894 3829 3027 3876 non
3049 3809 3242 3875 habet
3268 3828 3428 3875 cau-

1884 3932 2021 3979 sam
2057 3915 2182 3979 nisi
2223 3916 2619 3982 deficientem
2648 3936 2665 3982 z
2718 3917 2860 3983 haec
2897 3920 3115 3984 autem
3157 3936 3288 3983 non
3336 3920 3432 3982 est

1882 4020 2074 4101 Βειιε,
2100 4023 2255 4106 quia
2279 4022 2446 4088 Deus
2471 4043 2603 4090 non
2629 4029 2723 4090 est
2748 4044 2938 4090 causa
2964 4026 3287 4106 deficiens3
3319 4027 3429 4091 sed

1881 4128 2162 4195 liberum
2204 4130 2543 4197 arbitrium
2577 4132 2970 4198 destitutum.
3004 4133 3078 4199 In
3105 4137 3423 4217 quantum

1884 4257 2040 4306 vero
2076 4239 2363 4304 ordinata
2392 4240 2506 4322 (b),
2527 4239 2720 4305 habet
2754 4258 3014 4305 causam
3052 4245 3425 4319 merentem,

1884 4348 2116 4413 scilicet
2150 4348 2356 4431 ipsam
2390 4348 2676 4431 culpam;
2722 4350 2787 4412 ει
2827 4366 3087 4412 causam
3126 4349 3429 4415 ordinan-

1884 4460 2038 4533 tem,
2066 4456 2301 4520 scilicet
2319 4454 2774 4519 retribuentem
2794 4454 3426 4537 divinamjustitiam.

1970 4571 2000 4628 1
2013 4613 2031 4644 ,
2055 4568 2096 4628 2
2123 4567 2186 4628 et
2214 4567 2272 4627 3.
2305 4562 2436 4627 111ae
2465 4580 2622 4643 ergo
2645 4565 2772 4626 tres
2799 4563 3200 4628 auctoritates
3227 4564 3433 4648 Apos-

1886 4671 2022 4751 toli,
2050 4670 2396 4752 Augustini
2421 4672 2484 4733 et
2507 4668 2762 4746 Glossae,
2794 4673 2858 4733 et
2878 4669 3256 4752 consimiles,
3284 4689 3432 4756 quae

1888 4780 2107 4845 dicunt
2127 4778 2331 4844 Deum
2358 4777 2702 4842 obdurasse
2724 4776 3024 4859 aliquem,
3054 4778 3425 4860 intelligun-

1887 4890 1998 4952 tur
2022 4888 2339 4969 quantum
2356 4884 2436 4948 ad
2453 4884 2766 4948 rationem
2786 4884 3044 4966 ordiniS,
3071 4903 3203 4950 non
3224 4904 3428 4969 quan-

1887 4997 2032 5059 tum
2064 4994 2146 5058 ad
2171 4993 2485 5058 rationem
2513 4991 2786 5057 defectus
2802 5039 2821 5071 ,
2859 4991 3012 5074 quia
3037 5009 3151 5074 per
3174 5010 3431 5076 compa-

1887 5102 2199 5169 rationem
2224 5100 2307 5165 ad
2332 5099 2645 5165 defectum
2680 5097 2891 5164 solum
2924 5102 3335 5182 comparatur
3358 5101 3429 5167 in

1887 5211 2134 5275 ratione
2157 5207 2578 5293 permittentis
2591 5255 2612 5288 ,
2656 5224 2788 5271 non
2829 5206 3180 5275 efficientis.
3213 5208 3292 5274 Et
3338 5214 3435 5275 est

1889 5316 2257 5399 exemplum
2276 5331 2296 5379 ε
2317 5314 2482 5380 sicut
2496 5313 2553 5378 si
2575 5312 2806 5397 aliquis
2822 5318 2988 5379 esset
3007 5314 3245 5398 dignus
3264 5317 3434 5383 fame

1888 5423 2133 5524 perire,
2160 5426 2224 5487 et
2247 5422 2412 5488 alius
2437 5425 2647 5505 posset
2671 5440 2822 5487 eum
2850 5441 3107 5506 pascere
3126 5471 3143 5502 ,
3171 5426 3236 5489 et
3255 5426 3431 5508 justo
