4125 6225
543 447 550 459 ’
635 459 756 525 674

400 610 468 652 Ad
501 621 604 665 opp.

713 596 942 662 Contra
964 619 980 662 :
1008 604 1039 662 1
1053 646 1068 664 .
1101 598 1279 665 Sicut
1303 596 1453 663 dicit
1471 594 1894 680 Philosophus
1914 596 1986 660 in
2007 597 2175 661 libro

631 702 709 770 dc
737 703 897 770 Goelo
922 709 983 772 et
999 705 1244 773 Mundo
1269 707 1326 770 ²:
1354 728 1386 766 <1
1405 704 1479 767 In
1509 703 1739 786 plantis
1764 722 1882 767 nec
1906 707 2003 768 est
2021 703 2173 768 dex-

628 813 731 874 tra
751 861 768 891 ,
811 830 929 876 nec
973 818 1067 876 ost
1119 813 1395 877 sinistra.
1439 832 1472 872 1)
1527 810 1650 876 Sed
1701 812 1907 877 multo
1961 813 2175 893 magis

627 917 861 999 plantae
885 920 1190 984 accedunt
1216 920 1297 984 ad
1341 918 1814 983 distinctionem
1841 919 2174 1000 organiza-

624 1024 837 1102 tionis,
865 1044 1060 1108 quam
1088 1028 1322 1092 coelum
1352 1050 1367 1091 :
1396 1045 1554 1108 ergo
1579 1027 1833 1091 videtur
1850 1028 2024 1109 quod
2048 1045 2172 1092 cce-

624 1129 762 1194 lum
789 1151 922 1196 non
953 1134 1182 1199 habeat
1206 1135 1509 1200 dextrum
1540 1138 1604 1198 et
1630 1134 1983 1199 sinistrum.

707 1243 766 1302 2.
798 1239 957 1304 Item
985 1242 1282 1307 dextrum
1299 1247 1362 1307 et
1382 1243 1711 1307 sinistrum
1738 1245 2082 1307 causantur
2099 1243 2169 1306 in

623 1347 838 1425 1101113,
879 1352 955 1412 ut
997 1349 1146 1414 dicit
1182 1348 1652 1414 Commentator
1692 1367 1885 1433 super
1926 1350 2167 1414 librum

624 1452 704 1518 de
740 1455 898 1522 Goelo
925 1460 984 1523 et
1016 1456 1282 1536 Mundo,
1312 1475 1352 1520 a
1386 1457 1797 1538 qualitatibus
1839 1456 2063 1523 activis
2103 1460 2167 1522 et

621 1562 908 1643 passivis,
942 1563 1178 1629 scilicet
1204 1566 1286 1629 ab
1310 1565 1703 1629 abundantia
1728 1565 1953 1629 caloris
1979 1568 2167 1629 natu-

621 1646 772 1733 ralis
798 1672 1173 1752 procedente
1202 1692 1241 1736 a
1277 1672 1486 1752 corde,
1528 1677 1591 1736 et
1631 1673 1975 1755 spirituum
2020 1673 2166 1755 plus

621 1776 986 1856 vigentium
1016 1779 1086 1842 in
1123 1784 1301 1863 parte
1345 1779 1588 1859 dextra,
1639 1798 1836 1861 quam
1867 1778 2161 1844 sinistra:

619 1882 676 1945 si
699 1883 902 1963 igitur
929 1886 1050 1949 hoc
1090 1904 1221 1950 non
1248 1889 1341 1950 est
1366 1886 1642 1968 reperire
1667 1885 1740 1949 in
1779 1885 2017 1950 coelesti
2044 1904 2165 1949 na-

618 1992 786 2067 tura,
809 1992 1089 2072 videtur,
1122 1997 1240 2057 etc.

702 2100 760 2159 3.
797 2096 954 2162 Item
983 2095 1284 2165 dextrum
1320 2106 1382 2166 et
1419 2102 1752 2165 sinistrum
1783 2116 2164 2182 praesuppo-

617 2205 786 2265 nunt
802 2222 1062 2268 sursum
1082 2210 1145 2268 et
1167 2205 1490 2285 deorsum,
1520 2207 1685 2271 sicut
1707 2205 1973 2270 latitudo
2000 2223 2164 2288 prae-

618 2311 922 2391 supponit
947 2310 1442 2392 longitudinem,
1487 2316 1550 2377 et
1574 2313 1768 2377 habet
1792 2330 2012 2376 secum
2038 2333 2160 2377 an-

616 2431 786 2478 nexa
824 2419 972 2479 ante
1015 2421 1080 2481 et
1117 2423 1327 2483 retro:
1361 2420 1431 2482 in
1459 2419 1617 2482 coelo
1644 2422 1860 2483 autem
1902 2437 2035 2483 non
2068 2424 2164 2485 est

615 2539 852 2604 ponere
890 2540 1148 2588 sursum
1185 2531 1248 2590 et
1275 2527 1595 2606 deorsum,
1648 2546 1800 2591 cum
1845 2527 1985 2592 haec
2030 2529 2159 2592 sint

616 2625 970 2691 contraria:
1003 2645 1136 2693 non
1163 2634 1258 2693 est
1291 2632 1484 2694 etiam
1507 2648 1746 2714 ponere
1785 2633 1932 2693 ante
1958 2634 2022 2694 et
2048 2649 2159 2695 re-

615 2735 737 2811 tro,
768 2751 918 2797 cum
947 2737 1095 2799 ante
1127 2735 1398 2813 dicatur,
1433 2738 1546 2801 uhi
1580 2741 1676 2802 est
1722 2755 1967 2815 senSUS‚
1997 2737 2162 2803 sicut

617 2839 769 2903 dicit
795 2839 1219 2925 Philosophus
1243 2845 1306 2907 ¹:
1355 2861 1512 2926 ergo
1549 2845 1802 2910 videtur
1827 2845 1999 2927 quod
2026 2864 2160 2910 non

617 2946 700 3010 sit
723 2947 812 3011 ibi
839 2949 1138 3014 dextrum
1167 2954 1230 3015 et
1257 2952 1608 3016 sinistrum.

697 3057 758 3118 4.
791 3054 949 3120 Item
974 3057 1136 3122 nihil
1178 3058 1350 3141 quod
1374 3059 1569 3124 habet
1594 3062 1775 3124 extra
1816 3077 1884 3124 se
1922 3060 2161 3143 princi-

615 3161 799 3243 pium
825 3166 890 3226 et
930 3165 1127 3229 finem
1152 3166 1254 3230 sui
1278 3169 1514 3245 motuS,
1543 3166 1735 3231 habet
1759 3168 2061 3232 dextrum
2096 3172 2162 3232 et

615 3267 986 3336 sinistrum:
1035 3274 1145 3336 sed
1181 3291 1412 3356 corpus
1446 3273 1588 3338 coeli
1631 3276 1729 3338 est
1761 3274 2154 3356 hujusmodi,

615 3393 766 3440 cum
808 3381 1020 3442 motor
1056 3381 1199 3461 ejus
1235 3380 1316 3443 sit
1352 3383 1680 3463 separatus
1712 3402 1729 3445 :
1778 3398 1936 3463 ergo
1966 3381 2179 3455 habet,

615 3482 914 3547 dextrum
940 3488 1004 3549 et
1029 3486 1382 3551 sinistrum.

696 3594 756 3655 5.
791 3590 949 3656 Item
975 3593 1274 3658 dextrum
1296 3596 1391 3658 est
1411 3594 1583 3659 unde
1607 3594 2000 3679 principium
2027 3613 2159 3659 mo-

612 3699 720 3762 tus
740 3704 763 3738 ³
791 3718 807 3763 :
838 3700 948 3764 sed
974 3718 1108 3764 una
1132 3706 1312 3784 parte
1334 3702 1556 3766 circuli
1587 3708 1783 3780 mota,
1813 3706 2159 3768 moventur

612 3822 836 3870 omnes
867 3828 883 3870 :
933 3825 1091 3889 ergo
1137 3827 1271 3874 11011
1311 3810 1521 3891 magis
1559 3810 1786 3892 incipit
1830 3815 2041 3876 motus
2075 3811 2156 3875 ab

612 3930 745 3976 una
771 3917 948 3996 parte
975 3915 1216 3995 circuli,
1243 3935 1441 4000 quam
1464 3918 1545 3980 ab
1572 3917 1735 3981 alia:
1763 3935 1923 3999 ergo
1947 3919 2019 3981 10
2037 3919 2155 3983 011·-

612 4022 780 4102 0010,
796 4026 901 4088 vel
919 4025 1220 4107 quaelibet
1243 4045 1390 4108 pars
1408 4027 1529 4091 erit
1544 4028 1791 4108 dextra,
1815 4028 1917 4095 vel
1936 4027 2151 4095 nulla:

609 4129 720 4194 sed
755 4131 987 4195 coelum
1026 4137 1120 4197 est
1158 4152 1389 4217 corpus
1433 4135 1740 4200 circulare
1753 4184 1771 4216 ,
1815 4134 1970 4218 quia
2009 4152 2151 4199 mo-

608 4241 798 4302 vetur
821 4239 1249 4305 circulariter:
1279 4258 1458 4322 ergo,
1493 4245 1610 4306 etc.

690 4348 751 4410 6.
783 4345 966 4425 Item,
998 4347 1054 4411 si
1080 4347 1340 4430 aliquod
1366 4366 1598 4431 corpus
1637 4348 1831 4413 habet
1855 4349 2150 4414 dextrum

610 4455 674 4516 et
698 4453 1051 4531 sinistrum,
1080 4454 1188 4518 illa
1213 4473 1359 4545 pars
1385 4473 1530 4537 quae
1557 4460 1653 4520 est
1679 4454 1876 4521 semel
1899 4457 2147 4535 dextra,

609 4577 862 4643 semper
882 4566 977 4625 est
988 4562 1232 4642 dextra,
1257 4561 1806 4646 qualitercumque
1822 4582 2054 4647 corpus
2070 4564 2148 4627 il-

607 4664 721 4732 lud
759 4671 1094 4733 moveatur
1123 4668 1442 4734 localiter:
1472 4687 1630 4751 ergo
1668 4671 1725 4735 si
1750 4671 1983 4737 coelum
2023 4672 2151 4737 ha·-

606 4772 714 4838 bet
740 4773 1039 4839 dextrum
1082 4778 1148 4839 et
1170 4776 1523 4857 sinistrum,
1552 4777 1663 4841 illa
1688 4796 1838 4861 pars
1872 4796 2022 4861 quae
2046 4794 2149 4844 se-

605 4880 736 4945 mel
761 4886 857 4945 est
877 4881 950 4945 111
972 4883 1110 4966 ipso
1131 4884 1410 4963 dextera,
1443 4901 1693 4967 semper
1722 4888 1816 4949 est
1847 4886 2143 4951 dextera:

607 4989 717 5053 sed
737 5006 869 5053 non
893 4993 989 5054 est
1013 4991 1165 5055 dare
1194 4990 1477 5074 aliquam
1505 4996 1755 5075 partem
1784 4992 1930 5057 coeli
1947 5040 1967 5074 ,
1996 5012 2147 5077 quae

606 5095 798 5161 modo
821 5115 957 5162 non
981 5098 1156 5163 sitin
1176 5099 1442 5180 oriente,
1469 5100 1660 5165 modo
1686 5100 1757 5163 111
1797 5101 2143 5185 occidente,

607 5202 799 5268 modo
821 5205 893 5269 111
927 5205 1053 5270 alio
1090 5206 1231 5272 loco
1271 5206 1627 5273 secundum
1662 5208 2142 5291 regyrationem

675 5362 695 5397 ¹
715 5363 890 5429 Arist,
922 5364 984 5414 de
1005 5365 1146 5426 Coel„
1169 5366 1260 5418 lib.
1289 5369 1357 5431 ll,
1386 5372 1628 5420 cont-12.
1646 5394 1710 5410 -
1728 5369 1919 5434 ¹1bid.,
1949 5377 2089 5426 cont.
2115 5376 2143 5425 8

609 5435 662 5483 et
687 5437 764 5488 12.
791 5460 854 5478 --
872 5436 892 5469 ⁸
912 5435 1060 5497 ibid..
1081 5442 1220 5491 cont.
1243 5442 1318 5494 13.
1351 5466 1406 5478 -
1441 5442 1511 5506 (a)
1534 5441 1617 5496 Ac.
1644 5442 1896 5497 nominat.

1755 453 2380 527 SENTENTIARUM
2418 459 2569 529 LIB.
2616 461 2693 528 11.

2284 598 2427 662 coeli
2449 618 2465 661 :
2484 616 2641 680 ergo
2655 598 2881 663 dextra
2894 596 3035 662 coeli
3051 597 3394 680 aliquando
3414 603 3575 663 esset
3588 597 3825 672 oriens,

2285 705 2626 788 aliquando
2667 704 2996 771 occidens:
3024 706 3200 788 quod
3239 705 3419 770 nullo
3450 707 3643 772 modo
3672 725 3826 772 con-

2284 813 2422 879 cedi
2450 817 2675 896 potest.

2797 1026 3318 1094 CONCLUSIO.

2282 1203 2497 1270 Coelum,
2524 1219 2641 1260 cum
2656 1209 2956 1272 moveatur,
2981 1208 3034 1262 et
3058 1207 3121 1261 in
3140 1220 3254 1262 una
3272 1206 3437 1277 parte
3455 1203 3820 1260 immediatius

2296 1365 2299 1368 Ι
2349 1292 2613 1362 suscipiat
2638 1292 2858 1346 motoris
2900 1293 3244 1363 influentiam
3257 1331 3278 1362 ,
3309 1289 3469 1346 habet
3497 1289 3743 1349 deutrum
3767 1294 3819 1344 et

2349 1385 2653 1439 sinistrum.

2359 1564 2545 1648 Resp.
2576 1566 2658 1630 ad
2694 1565 2854 1646 Arg.
2898 1563 3249 1628 Dicendum
3282 1562 3480 1646 quod,
3527 1561 3819 1643 quamvis

2278 1672 2577 1738 dextrum
2603 1677 2666 1737 et
2708 1673 3037 1737 sinistrum
3079 1672 3290 1737 dicant
3324 1669 3633 1734 terminos
3674 1668 3815 1732 lati-

2277 1782 2537 1861 tudiniS,
2566 1787 2629 1846 et
2656 1800 2914 1846 sursum
2949 1785 3014 1845 et
3036 1779 3337 1844 deorsum
3370 1776 3810 1858 longitudiniS,
3934 1869 3939 1874 Ι

2275 1892 2338 1952 et
2358 1892 2506 1952 ante
2530 1892 2595 1952 et
2620 1894 2789 1953 retro
2810 1887 3272 1971 profunditatis:
3302 1904 3436 1951 non
3462 1890 3674 1948 tamen
3693 1902 3812 1948 no-

2277 1994 2526 2058 minant
2553 1993 2632 2078 (a)
2665 1995 2972 2060 terminos
2987 1994 3127 2058 illos
3154 1993 3544 2076 simpliciter,
3568 1993 3679 2057 sed
3702 2010 3815 2074 per

2276 2104 2813 2185 comparationem
2847 2104 2929 2169 ad
2963 2108 3215 2169 motum
3252 2126 3267 2167 :
3314 2101 3484 2167 unde
3520 2102 3590 2164 111
3637 2100 3812 2165 nullo

2275 2228 2537 2293 corpore
2579 2211 2840 2293 ponitur
2877 2211 3131 2294 proprie
3165 2211 3390 2275 dextra
3432 2212 3497 2273 et
3536 2208 3807 2284 sinistra,

2273 2318 2396 2381 nisi
2434 2319 2607 2400 quod
2645 2318 3065 2383 diversimode
3107 2317 3367 2400 suscipit
3410 2317 3675 2381 motoris
3715 2316 3808 2379 in-

2273 2424 2604 2489 fluentiam
2615 2472 2632 2502 ‚
2654 2427 2743 2490 ita
2761 2426 2932 2508 quod
2946 2427 3152 2509 primo
3170 2425 3239 2489 in
3255 2443 3385 2490 una
3400 2428 3601 2506 parte,
3616 2441 3810 2506 quam

2272 2532 2341 2595 in
2368 2532 2528 2596 alia:
2566 2534 2740 2599 unde
2765 2534 3065 2599 dextrum
3099 2535 3162 2597 et
3185 2531 3511 2596 sinistrum
3538 2548 3672 2595 non
3697 2549 3807 2613 po·

2272 2640 2453 2704 nitur
2478 2659 2635 2721 esse,
2664 2660 2784 2706 nec
2824 2642 2895 2705 in
2920 2640 3153 2724 lapide,
3181 2658 3302 2703 nec
3329 2639 3402 2702 in
3426 2639 3666 2722 planta,
3695 2656 3810 2702 nec

2271 2746 2340 2811 in
2365 2752 2574 2812 statua
2594 2752 2925 2831 ponuntur
2948 2749 3073 2812 nisi
3096 2738 3628 2826 similitudinarie,
3658 2746 3807 2829 quia

2271 2871 2404 2918 non
2449 2855 2640 2920 habet
2665 2855 2914 2920 moveri
2956 2856 3237 2922 localiter
3275 2875 3317 2920 a
3351 2858 3600 2919 motore
3625 2854 3807 2917 suifi-

2271 2958 2512 3022 ciente:
2543 2957 2613 3021 in
2637 2957 2729 3022 eis
2753 2975 2908 3023 vero
2938 2958 3330 3041 corporibus,
3367 2974 3515 3040 quae
3543 2973 3808 3022 moven-

2270 3069 2379 3131 tur
2406 3067 2488 3133 ad
2508 3067 2745 3147 locum,
2782 3071 2845 3134 et
2869 3068 3083 3150 magis
3106 3068 3177 3132 in
3211 3085 3345 3133 una
3372 3069 3571 3150 parte,
3610 3083 3807 3149 quam

2268 3173 2341 3237 111
2366 3175 2510 3253 alia,
2541 3177 2896 3259 suscipiunt
2918 3177 3184 3240 motoris
3207 3175 3632 3252 influentiam,
3658 3192 3807 3256 pro-

2268 3281 2406 3364 prie
2433 3283 2694 3366 ponitur
2717 3283 2941 3348 dextra
2966 3286 3030 3347 et
3062 3283 3340 3361 sinistra,
3373 3283 3535 3348 sicut
3568 3283 3639 3346 in
3663 3282 3804 3347 ani·

2270 3390 2566 3471 malibus,
2596 3409 2744 3473 quae
2786 3396 3130 3457 moventur
3156 3393 3339 3456 motu
3373 3392 3801 3474 progressive,

2269 3500 2427 3564 etin
2464 3499 2698 3583 quibus
2723 3501 2928 3566 virtus
2955 3500 3159 3565 cordis
3196 3504 3261 3564 et
3300 3499 3564 3564 motoris
3599 3500 3804 3582 magis

2267 3606 2453 3688 viget
2489 3607 2559 3671 in
2602 3612 2781 3690 parte
2826 3608 3087 3671 dextera
3103 3655 3122 3686 ,
3172 3609 3359 3689 quus
3399 3607 3665 3687 signum
3712 3608 3806 3670 est

2270 3718 2477 3798 major
2515 3716 2819 3782 fortitudo
2865 3716 3244 3782 animalium
3289 3718 3358 3779 in
3409 3717 3587 3799 parte
3632 3714 3741 3779 illa
3781 3733 3800 3777 ε

2267 3827 2525 3906 propter
2545 3824 2721 3908 quod
2744 3829 2808 3889 et
2823 3830 3067 3908 partem
3086 3824 3262 3889 illam
3278 3823 3490 3907 primo
3518 3827 3799 3904 movent,

2268 3931 2522 4013 quando
2558 3928 2879 4014 incipiunt
2903 3932 3275 3997 ambulare:
3307 3931 3662 3997 secundum
3682 3930 3805 3994 hoc

2266 4037 2757 4121 intelligendum
2781 4044 2896 4120 est,
2928 4040 3101 4123 quod
3125 4057 3274 4104 cum
3302 4058 3535 4122 corpus
3557 4037 3803 4103 coeleste

2264 4146 2584 4227 quoddam
2608 4147 3111 4213 habeat‘moveri
3144 4147 3226 4211 ab
3252 4146 3504 4212 Oriente
3531 4146 3600 4211 in
3627 4146 3804 4212 Occi·

2266 4251 2544 4333 dentem,
2570 4255 2674 4321 vel
2699 4273 2737 4319 e
2759 4272 3088 4335 converse,
3115 4255 3280 4320 sicut
3295 4256 3796 4333 firmamentum,

2267 4363 2330 4425 et
2353 4362 2539 4426 orbes
2578 4362 3008 4445 planetarum3
3054 4363 3376 4446 quoddam
3410 4381 3567 4428 vero
3608 4364 3802 4427 mini-

2264 4484 2391 4546 me,
2423 4469 2588 4533 sicut
2618 4487 3038 4552 empyreum:
3074 4470 3248 4553 quod
3274 4470 3497 4534 dextra
3525 4472 3589 4534 et
3613 4470 3802 4534 sinis-

2264 4581 2363 4640 tra
2387 4575 2562 4641 caelis
2599 4580 2981 4659 competant,
3029 4578 3180 4642 satis
3220 4578 3476 4662 proprie
3521 4578 3794 4658 videtur,

2262 4702 2397 4749 non
2422 4689 2638 4749 tamen
2672 4686 3157 4751 universaliter:
3200 4687 3595 4752 conveniunt
3623 4687 3795 4752 enim

2262 4792 2525 4857 orbibus
2561 4792 2925 4870 mobilibus,
2956 4793 3065 4858 sed
3108 4811 3238 4858 non
3278 4792 3419 4859 orbi
3459 4793 3794 4860 immobili.

2260 4898 2736 4965 Attendendum
2763 4904 2980 4964 autem
3026 4903 3123 4963 est
3155 4900 3328 4982 quod
3364 4918 3515 4964 cum
3550 4904 3620 4964 111
3655 4904 3795 4967 ani-
3827 4921 3976 4982 explic.

2261 5008 2537 5073 malibus
2559 5013 2624 5074 et
2648 5010 2719 5073 in
2746 5009 2900 5073 caelo
2935 5011 3214 5092 ponatur
3248 5009 3472 5074 dextra
3501 5014 3565 5074 et
3602 5012 3799 5077 sinis-

2259 5118 2382 5194 tra,
2407 5116 2758 5181 secundum
2776 5117 3092 5182 rationem
3112 5119 3213 5200 cuj
3220 5118 3447 5183 usdatn
3464 5119 3796 5185 conformi·

2206 5290 2217 5294 ,
2258 5218 2426 5300 tatis,
2466 5219 2699 5285 scilicet
2732 5224 2998 5305 propter
3040 5221 3439 5287 influentiam
3486 5225 3786 5302 motui-im

2257 5326 2620 5392 differenter
2665 5332 2884 5395 tamen
2915 5331 3315 5413 accipiuntur
3330 5381 3348 5412 ,
3393 5334 3649 5414 propter
3690 5332 3791 5397 di-

2256 5450 2512 5500 versam
2532 5438 3069 5519 comparationem
3086 5439 3339 5505 mobilis
3355 5439 3437 5505 ad
3452 5442 3789 5505 motorem.
