4125 6225
24 5248 27 5257 μ

24 5270 27 5283 ν

24 5290 27 5303 ι

24 5318 25 5327 η

24 5596 27 5617 l

1176 399 1367 467 DIST.
1412 397 1594 465 XLII.
1637 396 1817 463 ΛΒΤ.
1859 396 1908 465 1.
1953 397 2251 475 QUAEST.
2297 399 2397 463 lv.
3244 402 3365 465 1³9

194 533 465 618 punibile
495 537 565 599 et
599 534 994 617 impossihile
1011 584 1028 615 ‚
1063 536 1233 619 quod
1267 539 1362 600 est
1403 534 1710 600 inconve-

196 642 350 705 niens
391 663 411 705 t
459 660 614 706 nam
666 641 828 707 illud
874 647 972 707 est
1018 643 1310 726 possibile
1354 641 1709 707 secundum

192 767 386 814 musas
413 748 802 833 superiores.
832 749 912 815 Et
938 750 1432 815 fundamentum
1457 749 1710 832 positio·

192 857 273 921 nis
301 875 532 921 eorum
563 875 698 921 non
733 860 831 921 est
867 858 1284 937 conveniam,
1315 857 1466 940 quia
1496 855 1710 921 Glossa

190 983 300 1029 non
335 965 489 1030 dicit
528 969 784 1030 tantum
814 990 846 1027 α
873 965 1280 1044 declarando,
1310 986 1341 1025 n
1371 965 1480 1029 sed
1516 963 1708 1028 etiam

191 1073 318 1137 dicit
347 1098 378 1134 ι
411 1073 701 1138 faciendo
742 1073 1040 1155 possibile
1080 1094 1095 1137 :
1132 1093 1164 1131 ι»
1197 1089 1355 1153 ergo
1401 1090 1534 1137 non
1573 1075 1709 1137 erat

189 1180 461 1264 possibile
495 1181 694 1264 priua.
725 1179 805 1244 Et
840 1180 1076 1244 iterum
1101 1179 1285 1255 dicit,
1316 1179 1487 1262 quod
1514 1179 1708 1244 stulta

191 1291 327 1353 taeta
349 1292 446 1352 est
462 1337 481 1368 ‚
513 1288 664 1370 quia
690 1288 1000 1372 sapientia
1026 1289 1352 1353 mundana
1375 1287 1707 1369 jndicabat

192 1398 265 1460 ita
287 1395 703 1478 impossibile,
732 1395 903 1477 quod
931 1395 1091 1459 nulli
1114 1398 1276 1460 esset
1302 1394 1617 1477 possibile,
1644 1400 1708 1460 et

193 1504 337 1569 Deus
371 1503 714 1569 declaravit
751 1503 872 1566 sibi
916 1502 1210 1585 possibile
1249 1519 1407 1569 esse.
1439 1500 1517 1567 Et
1559 1502 1704 1567 ideo

194 1618 272 1676 est
298 1612 422 1676 alia
461 1611 711 1694 positio,
750 1610 924 1693 quod
959 1610 1313 1674 secundum
1352 1609 1524 1691 quod
1556 1609 1704 1674 des-

193 1721 449 1785 cendunt
465 1718 770 1797 scientiae,
792 1719 882 1781 ita
899 1721 963 1781 et
981 1717 1243 1781 nomina
1260 1718 1664 1781 scientiarum
1682 1739 1698 1781 :

193 1828 269 1892 ita
297 1828 361 1890 in
392 1826 668 1891 naturali
710 1824 1110 1909 philosophia
1143 1823 1567 1907 judicandum
1609 1829 1705 1890 est

195 1933 468 2017 possibile
497 1932 863 2016 simpliciter
901 1933 1252 1997 secundum
1284 1950 1505 1996 causas
1539 1933 1704 1997 inse-

195 2043 410 2119 riores3
454 2040 562 2106 sed
602 2041 672 2104 in
713 2040 1040 2122 theologia
1081 2040 1435 2105 secundum
1480 2059 1704 2105 causas

198 2149 547 2232 mperiores.
575 2148 818 2213 Tamen
851 2150 1062 2214 adhuc
1100 2168 1233 2213 non
1262 2150 1515 2214 videtur
1550 2168 1704 2215 con·

199 2257 439 2321 veniens
462 2274 594 2321 esse
618 2256 847 2339 positio
876 2273 896 2319 ε
925 2256 1078 2338 quia
1100 2257 1235 2339 ipse
1256 2257 1617 2334 AnselmuS,
1641 2261 1705 2322 et

203 2364 613 2448 philosophus,
647 2366 711 2429 et
745 2363 1116 2445 theologuS,
1149 2364 1300 2429 dicit
1321 2371 1340 2407 ¹
1370 2365 1540 2447 quod
1580 2366 1704 2430 im-

202 2471 470 2554 possibile
490 2477 581 2535 est
602 2472 680 2537 de
702 2475 928 2536 trunco
953 2472 1092 2535 fleri
1113 2471 1415 2550 vitulum,
1443 2477 1507 2536 et
1531 2473 1704 2555 quod

205 2579 579 2662 impossibilia
613 2579 985 2663 simpliciter
1012 2579 1137 2644 Deo
1171 2582 1322 2643 sunt
1356 2580 1700 2661 possibilia.

206 2685 443 2769 Propter
465 2687 580 2752 hoc
603 2687 789 2752 aliter
814 2686 1183 2762 dicendum,
1210 2686 1385 2768 quod
1414 2687 1705 2769 possibile

204 2796 538 2878 simpliciter
576 2800 781 2879 potest
822 2795 1028 2861 dicere
1070 2796 1359 2861 ordinem
1407 2797 1705 2879 potentiae

206 2903 276 2965 ad
317 2903 459 2969 illud
497 2907 787 2986 respectu
832 2905 1019 2984 cujus
1061 2906 1189 2980 est3
1232 2901 1555 2982 ordinem,
1604 2904 1707 2968 in·-

207 3029 413 3094 qum,
439 3012 548 3094 qui
571 3014 693 3091 est,
723 3009 830 3074 vel
854 3010 968 3092 qui
992 3010 1247 3101 futurus
1272 3014 1400 3090 est3
1432 3011 1567 3077 sive
1592 3030 1707 3094 po—

211 3121 444 3184 tentiam
478 3123 884 3203 praesentem,
922 3119 1060 3182 sive
1090 3119 1399 3184 futuram.
1442 3119 1509 3183 Si
1543 3120 1710 3184 dieat

211 3228 485 3307 tunnam,
509 3232 661 3292 tunc
682 3231 777 3291 est
802 3244 1025 3292 sensus
1048 3247 1063 3291 ε
1084 3248 1115 3287 α
1141 3224 1440 3290 Possibile
1468 3230 1563 3291 est
1586 3227 1704 3292 ho-

214 3336 428 3399 minem
449 3353 721 3411 currere,
749 3357 780 3395 n
807 3334 931 3399 hoc
953 3339 1067 3411 est,
1098 3335 1330 3402 habere
1357 3336 1707 3418 potentiam

215 3441 290 3504 ad
325 3442 702 3506 currendum.
737 3440 809 3507 Si
845 3441 1010 3505 dicat
1045 3443 1391 3525 potentiam
1425 3462 1706 3526 praesen-

219 3551 362 3628 tem,
388 3554 525 3613 tunc
552 3551 646 3613 est
677 3566 904 3614 sensus
935 3567 952 3612 z
981 3570 1010 3609 c
1043 3547 1342 3614 Possibile
1370 3554 1463 3615 est
1497 3552 1711 3615 homi-

229 3672 353 3718 nem
380 3674 646 3733 currere,
677 3677 710 3715 n
740 3657 810 3721 id
845 3658 972 3735 est,
1015 3655 1209 3721 homo
1249 3658 1443 3722 habet
1485 3664 1708 3741 poten-

231 3761 358 3825 tiam
380 3762 452 3827 ad
491 3763 876 3828 currendum
911 3785 925 3826 z
956 3767 1021 3827 et
1059 3762 1178 3830 iste
1206 3763 1444 3845 duplex
1479 3766 1711 3830 modus

232 3867 432 3934 dicendi
474 3871 772 3954 accipitur
808 3890 848 3935 a
887 3869 1267 3953 Philosopho
1282 3872 1328 3951 ¹,
1367 3873 1477 3954 qui
1523 3873 1712 3938 istam

232 3977 447 4057 exponit
469 3978 832 4061 dupliciter:
858 4000 891 4038 α
927 3978 1128 4042 Omne
1155 3977 1203 4041 B
1234 3979 1547 4061 contingit
1575 3998 1710 4046 esse

234 4079 299 4158 Δ,
319 4103 342 4140 ι
363 4083 417 4147 id
438 4090 543 4164 est,
565 4102 756 4149 omne
779 4084 951 4167 quod
980 4088 1075 4149 est
1096 4083 1168 4164 B,
1190 4084 1293 4151 vel
1320 4103 1510 4151 omne
1537 4088 1709 4168 quod

235 4191 538 4266 potestesse
562 4191 634 4270 B,
665 4191 981 4273 contingit
1008 4208 1141 4257 esse
1160 4191 1236 4254 A.
1260 4189 1460 4257 Prout
1489 4199 1709 4258 autem

233 4290 350 4358 dicit
377 4299 702 4378 potentiam
743 4298 823 4362 de
855 4298 1105 4375 futuro,
1137 4298 1229 4361 sic
1266 4303 1469 4381 potest
1511 4301 1708 4383 accipi

233 4403 472 4482 poeuihile
491 4406 840 4473 secundum
857 4424 1294 4488 quascumque
1311 4425 1552 4489 causari,
1576 4409 1710 4475 sive

232 4511 561 4592 superiores,
594 4513 728 4577 sive
768 4513 1118 4578 interiores.
1149 4512 1284 4579 Hoc
1319 4519 1521 4596 patet,
1557 4518 1711 4600 quia

229 4614 359 4681 nihil
391 4619 547 4685 aliud
586 4620 818 4685 dieitur
855 4626 1008 4686 tunc
1026 4669 1046 4698 ‚
1079 4621 1200 4686 nisi
1242 4623 1411 4703 quod
1452 4624 1712 4690 habebit

227 4725 521 4800 potentiam
551 4727 628 4792 ad
652 4727 778 4793 hoc
801 4745 820 4792 ε
845 4731 910 4793 et
937 4745 977 4791 a
1005 4745 1414 4810 quocumque
1444 4729 1702 4812 habeat,

229 4825 338 4892 sive
355 4849 390 4895 a
409 4831 543 4914 Deo,
569 4836 702 4900 sive
730 4833 813 4898 ab
834 4833 1108 4915 Angelo,
1137 4834 1277 4900 sive
1299 4855 1339 4900 a
1364 4855 1455 4914 se,
1479 4835 1710 4903 ver'um

231 4937 306 4996 est
323 4939 469 5018 quod
490 4940 831 5023 potentiam
855 4940 1115 5005 habehit
1138 4964 1153 5005 :
1176 4945 1238 5007 et
1259 4942 1349 5007 sic
1371 4942 1708 5012 dicendum

231 5044 370 5120 quod
389 5049 660 5129 possibile
683 5053 779 5114 est
798 5048 995 5112 istum
1017 5049 1257 5127 videre,
1279 5050 1710 5120 demonstrato

232 5164 369 5214 ceco
399 5154 794 5224 illuminando
815 5205 835 5233 ‚
875 5160 939 5221 et
980 5157 1299 5238 virginem
1343 5177 1563 5240 parere
1582 5207 1599 5236 ‚
1647 5164 1711 5224 et

233 5261 422 5326 wicta
442 5263 608 5343 talia,
636 5266 790 5347 quia
820 5264 1056 5331 talibus
1082 5265 1218 5330 dari
1251 5271 1453 5350 potest
1481 5272 1709 5350 poten-

258 5381 306 5421 '¹
335 5384 550 5453 ΔΝΜ,
594 5388 696 5441 Cur
743 5390 879 5442 Dm
927 5390 1099 5453 homa,
1152 5391 1243 5444 lib.
1286 5394 1341 5456 Ι,
1391 5406 1438 5446 c.
1485 5404 1614 5451 xvu.
1644 5422 1707 5440 -·

1819 534 1929 599 tia.
1964 534 2108 599 Alio
2144 538 2360 601 autem
2398 535 2623 616 modo,
2654 535 2787 601 hoc·
2816 535 2987 619 quod
3022 538 3118 601 est
3158 534 3365 618 possi-

1820 640 1947 705 bile
1980 640 2136 706 dicit
2160 643 2488 707 actualiter
2513 642 2863 725 potentiam
2891 642 2960 706 in
2986 661 3077 720 re,
3110 661 3238 725 quo
3276 642 3364 705 si-

1818 754 2058 831 gnatur
2085 752 2167 816 ad
2194 752 2468 817 alterum
2493 752 2797 817 ordinari.
2823 751 2901 815 Et
2927 752 3015 816 sic
3044 751 3365 832 generalis

1819 862 1912 923 est
1955 861 2219 941 regula,
2256 861 2429 943 quod
2475 861 2530 924 si
2576 861 2646 924 iu
2692 879 2799 940 re,
2841 861 2950 925 cui
2996 861 3363 925 attribuitur

1817 969 2110 1050 possibile
2133 969 2524 1052 simpliciter,
2546 973 2642 1034 est
2668 969 2949 1051 potentia
2969 970 3357 1052 simpliciter,

1816 1078 1973 1139 tunc
1999 1075 2232 1139 dicitur
2272 1077 2567 1160 possibile
2602 1076 3005 1159 simpliciter3
3058 1077 3112 1140 si
3144 1080 3362 1143 autem

1817 1182 2098 1263 potentia
2124 1185 2477 1249 secundum
2508 1184 2693 1266 quid,
2726 1187 2884 1248 tunc
2910 1184 3139 1249 dicitur
3166 1186 3364 1267 possi-

1816 1289 1945 1354 bile
1989 1289 2342 1354 secundum
2385 1290 2593 1374 quid:
2637 1309 2787 1355 cum
2830 1290 3007 1356 enim
3062 1292 3361 1374 possibile

1816 1397 1980 1461 dicat
2012 1398 2303 1465 ordinem
2336 1399 2635 1482 potentiae
2672 1398 2753 1462 ad
2786 1402 3003 1463 actum
3020 1447 3039 1475 ,
3078 1399 3213 1475 sive
3245 1399 3360 1463 ali-

1816 1506 2001 1588 cujus
2044 1505 2181 1570 sive
2222 1506 2303 1570 ad
2346 1505 2586 1588 aliquid
2604 1554 2623 1585 ‚
2667 1504 2988 1569 mediante
3034 1506 3356 1588 potentia;

1815 1611 1955 1676 ideo
1993 1613 2156 1677 ratio
2191 1612 2437 1678 dicendi
2478 1612 2543 1676 in
2580 1612 2716 1696 ipso
2757 1611 3040 1695 possibili
3076 1611 3361 1676 sumitur

1813 1738 1853 1782 a
1896 1720 2197 1802 potentia.
2237 1719 2485 1785 Nomen
2528 1724 2746 1784 autem
2788 1719 3089 1802 potentiae
3127 1719 3360 1783 dicitur

1813 1826 2164 1909 dupliciter,
2201 1828 2433 1892 scilicet
2476 1827 2554 1891 de
2603 1827 2880 1909 potentia
2928 1826 3133 1891 activa
3152 1875 3171 1906 ‚
3211 1845 3359 1909 quae

1812 1935 1907 1995 est
1953 1933 2344 2016 principium
2394 1933 2868 1999 transmutandi
2910 1934 3122 2013 aliud3
3179 1939 3244 1998 et
3281 1934 3361 1998 de

1811 2040 2092 2122 potentia
2120 2041 2389 2120 passiva,
2423 2059 2573 2124 quae
2600 2045 2694 2104 est
2721 2040 3107 2123 principium
3146 2045 3355 2106 trans-

1814 2146 2102 2213 mutandi
2129 2148 2208 2210 ah
2244 2148 2391 2211 alio.
2422 2146 2503 2212 Et
2542 2148 2825 2232 potentia
2864 2148 3072 2213 activa
3110 2150 3348 2232 reperi-

1810 2259 1918 2319 tur
1942 2255 2099 2318 etin
2125 2255 2270 2332 De0‚
2301 2257 2459 2320 etin
2482 2260 2803 2332 creatura;
2839 2258 2905 2319 et
2939 2258 3209 2339 utraque
3241 2275 3358 2339 po-

1810 2364 2008 2429 tentia
2036 2366 2132 2427 est
2178 2363 2549 2446 simpliciter
2578 2361 2890 2445 completa
2934 2367 3223 2446 respectu
3258 2365 3360 2429 sui

1812 2475 2012 2536 actus.
2053 2471 2218 2535 Nam
2262 2472 2543 2554 potentia
2590 2473 2798 2537 activa
2817 2518 2834 2548 ‚
2884 2490 2960 2536 eo
3003 2473 3141 2554 ipso
3186 2474 3358 2555 quod

1812 2580 2038 2656 activa,
2062 2579 2214 2643 dicit
2240 2579 2712 2644 ordinationem
2739 2579 3120 2662 completam
3149 2580 3229 2644 ad
3260 2599 3359 2644 ac-

1812 2690 1982 2766 tum,
2014 2691 2333 2769 quantum
2363 2692 2457 2751 est
2483 2688 2561 2751 de
2593 2706 2682 2752 se.
2713 2686 3006 2752 Potentia
3035 2705 3190 2752 vero
3222 2706 3360 2770 pas-

1812 2793 1952 2858 siva
1995 2794 2312 2876 reperitur
2357 2793 2567 2859 solum
2614 2794 2685 2857 in
2730 2797 3019 2858 creatura
3053 2810 3070 2855 ε
3102 2799 3168 2859 et
3212 2795 3357 2860 haec

1813 2900 2073 2984 quidem
2091 2900 2370 2983 potentia
2390 2904 2592 2982 potest
2613 2918 2747 2964 esse
2770 2902 2945 2964 actui
2968 2902 3354 2985 propinqua,

1814 3012 1878 3073 et
1920 3009 2000 3073 ab
2047 3012 2193 3072 actu
2237 3010 2483 3072 remota
2526 3029 2542 3068 ι
2584 3006 2726 3072 ideo
2774 3010 3054 3091 potentia
3102 3011 3359 3090 passiva

1815 3117 2043 3182 dicitur
2072 3116 2457 3199 simpliciter,
2493 3120 2556 3181 et
2583 3117 2937 3181 secundum
2967 3118 3145 3200 quid.
3173 3117 3358 3197 Quae-

1815 3224 1962 3289 dam
1983 3225 2156 3288 enim
2184 3224 2468 3307 potentia
2491 3227 2586 3287 est
2611 3227 2759 3288 nata
2782 3224 2999 3288 reduci
3031 3225 3110 3289 ad
3138 3233 3357 3292 actum

1815 3352 1855 3396 a
1880 3332 2161 3415 potentia
2191 3331 2487 3396 inferiore
2511 3336 2885 3413 cooperante
2910 3335 3249 3416 superiori,
3287 3339 3360 3399 ut

1815 3438 2072 3523 quando
2101 3443 2195 3504 est
2225 3458 2375 3504 cum
2406 3438 2810 3522 dispositione
2837 3441 3233 3524 propinqua;
3287 3447 3362 3508 ut

1817 3547 2128 3630 potentia,
2161 3565 2310 3630 quae
2347 3550 2440 3610 est
2483 3548 2554 3611 in
2584 3547 2812 3628 ligno,
2849 3548 2928 3611 ad
2963 3550 3359 3614 combustio-

1816 3672 1988 3718 nem.
2012 3653 2318 3732 Quaedam
2343 3657 2437 3717 est
2463 3657 2613 3720 nata
2637 3655 2857 3719 reduci
2878 3674 2917 3719 a
2937 3658 3214 3739 potentia
3241 3678 3359 3721 su-

1818 3763 2054 3846 periori
2074 3811 2092 3842 ‚
2128 3764 2344 3846 aliquo
2381 3763 2569 3827 modo
2608 3768 2994 3829 consonante
3039 3765 3354 3844 inferiori3

1818 3874 1891 3935 ut
1920 3875 2077 3954 puta
2104 3870 2284 3953 impii
2307 3871 2390 3936 ad
2407 3871 2930 3952 Justiflcationem
2952 3894 2967 3936 :
2991 3877 3055 3937 et
3085 3879 3361 3956 utraque

1818 3979 2048 4044 dicitur
2106 3978 2479 4062 propinqua.
2536 3980 2843 4057 Quaedam
2899 3980 2989 4045 ita
3041 3982 3226 4048 distat
3279 3984 3361 4049 ab

1817 4090 1999 4167 actu,
2032 4086 2205 4168 quod
2245 4087 2301 4150 si
2345 4087 2704 4167 reducatur,
2745 4105 2878 4152 non
2921 4093 3126 4171 potest
3165 4091 3289 4155 nisi
3322 4112 3362 4156 a

1818 4195 2100 4277 potentia
2145 4195 2456 4277 superiori
2506 4195 2766 4273 reduci,
2816 4199 2881 4261 et
2930 4196 3052 4260 hoc
3101 4197 3360 4279 quidem

1817 4302 2080 4366 omnino
2125 4301 2483 4379 deficiente,
2516 4301 2621 4367 vel
2668 4301 2847 4367 nullo
2894 4303 3081 4368 modo
3134 4322 3361 4368 conso-

1818 4416 2011 4476 nante
2035 4409 2317 4492 potentia
2345 4409 2552 4475 activa
2580 4409 2897 4486 inferiori3
2936 4415 3157 4493 utpote
3183 4413 3356 4493 quod

1818 4535 1900 4581 ex
1935 4521 2188 4581 mortuo
2224 4518 2419 4599 possit
2458 4518 2599 4581 sseri
2633 4519 2854 4596 vivu3‚
2895 4522 2957 4582 et
3008 4536 3090 4582 ex
3129 4521 3357 4584 trunco

1819 4627 1957 4690 fleri
1989 4626 2236 4691 vitulus
2263 4647 2277 4689 z
2304 4629 2368 4690 et
2401 4626 2540 4690 haec
2568 4629 2661 4690 est
2695 4626 2975 4709 potentia
3004 4627 3355 4691 secundum

1818 4734 1994 4818 quid.
2037 4733 2135 4799 Ex
2173 4751 2304 4816 quo
2340 4738 2539 4816 patet,
2572 4733 2745 4816 quod
2791 4734 3071 4817 potentia
3108 4735 3360 4818 passiva

1818 4842 2185 4927 simpliciter
2228 4841 2575 4906 attenditur
2626 4840 2979 4906 secundum
3024 4841 3356 4907 inferiores

1818 4954 1882 5014 et
1922 4950 2300 5032 superiores.
2348 4948 2426 5012 Et
2470 4948 2622 5031 quia
2659 4949 3007 5014 secundum
3056 4949 3217 5031 quid
3265 4951 3365 5014 di·-

1818 5058 1982 5122 citur
2039 5074 2149 5139 per
2200 5057 2514 5122 defectum
2576 5062 2864 5138 respectu
2928 5055 3318 5137 simpliciter
3336 5078 3364 5137 ;

1817 5165 2097 5248 potentia
2138 5164 2423 5247 passiva,
2455 5181 2602 5246 quae
2644 5166 2846 5245 potest
2877 5163 3095 5229 reduci
3139 5164 3218 5228 ad
3249 5183 3363 5229 ac-

1817 5325 1841 5358 ¹
1861 5325 2040 5450 Ατὲείὸἑ
2063 5326 2253 5380 Foster.
2293 5325 2381 5376 lib.
2403 5326 2453 5394 1,
2482 5339 2528 5377 c.
2554 5336 2605 5375 v1
2625 5363 2639 5387 ,
2667 5327 2719 5376 et
2750 5323 2811 5373 de
2846 5324 3101 5386 Gener-at„
3139 5323 3229 5376 lib.
3276 5327 3365 5410 113

1820 5412 1919 5454 oon
1945 5433 1958 5446 ·
2043 5432 2058 5453 ο
