4125 6225
66 1740 251 1784 Fundam.

1053 388 1425 455 DISTINGT.
1466 390 1515 453 I.
1563 387 1792 453 PART.
1837 387 1884 452 Ι.
1932 386 2106 451 ART.
2155 388 2230 452 ΙΙ.
2278 388 2576 465 QUAEST.
2623 390 2670 453 I.

272 524 495 605 ditiva‚
536 523 782 588 nullius
821 526 915 587 est
959 523 1377 588 destructiva:
1421 528 1484 588 et
1526 542 1676 589 cum
1720 523 1801 587 sit

274 649 461 695 causa
486 631 943 713 productionis»,
973 648 1102 694 non
1138 631 1258 694 erit
1297 649 1486 695 causa
1515 631 1799 698 destruc-

272 738 491 816 tioniS,
538 755 656 802 nee
699 736 1276 819 corruptibilitatis:
1327 755 1485 819 ergo
1535 756 1801 820 corrup-

273 845 472 909 tibilia
497 847 646 908 sunt
672 844 752 907 ab
778 843 902 907 alio
931 843 1258 926 principio.

352 957 413 1015 7.
444 951 640 1015 Item:
671 952 869 1015 Omne
895 951 1063 1033 quod
1089 951 1295 1014 honus
1321 950 1488 1015 Deus
1515 951 1681 1030 facit,
1711 955 1804 1015 est

274 1059 559 1124 bonum:
592 1077 779 1123 omne
806 1059 977 1141 quod
1000 1063 1094 1122 est
1119 1059 1387 1134 bonum,
1412 1063 1506 1122 est
1530 1059 1803 1140 diligen-

276 1165 452 1244 dum,
474 1170 538 1229 et
560 1165 720 1228 nihil
744 1165 1005 1228 omnino
1022 1166 1191 1247 quod
1216 1167 1449 1244 fecerit,
1472 1170 1566 1229 est
1589 1166 1806 1230 odien-

277 1271 463 1335 dum:
492 1272 598 1335 sed
627 1272 742 1335 iste
770 1271 1048 1335 mundus
1083 1276 1178 1335 est
1208 1272 1515 1336 odiendus
1536 1277 1600 1335 et
1629 1290 1804 1354 sper-

276 1380 554 1455 nenduS,
593 1379 879 1444 similiter
915 1384 975 1443 et
1019 1380 1150 1443 vita
1192 1380 1459 1444 earnalis
1492 1382 1509 1416 ¹
1542 1398 1558 1442 :
1598 1381 1805 1446 Nolite

278 1488 545 1568 diliqere
594 1487 923 1557 mundum.
956 1487 1034 1550 Et
1065 1487 1301 1552 iterum
1333 1493 1356 1528 ²
1399 1507 1415 1551 :
1467 1490 1590 1566 Qui
1632 1494 1808 1555 amat

278 1597 565 1660 animam
589 1611 807 1672 suam,
835 1595 1051 1675 perdet
1073 1611 1232 1660 eam.
1264 1595 1458 1675 Ergo,
1489 1600 1606 1659 etc.

356 1703 428 1768 In
454 1703 843 1767 contrarium
865 1707 1079 1767 autem
1099 1708 1250 1767 sunt
1274 1705 1552 1768 rationes
1574 1706 1637 1767 et
1659 1721 1811 1767 auc-

280 1811 577 1874 toritates
630 1808 866 1873 Dicitur
909 1810 985 1873 de
1037 1808 1243 1875 Verbo
1278 1815 1301 1848 ⁸
1351 1831 1366 1873 :
1417 1810 1650 1876 Omnia
1697 1825 1813 1891 per

280 1919 492 1998 ipsum
534 1918 708 1996 facta
754 1921 904 1983 sunt
927 1937 947 1977 .·
998 1917 1107 1980 sed
1147 1915 1430 1981 Verbum
1474 1923 1569 1980 est
1611 1920 1814 1981 bonus

280 2023 462 2103 DeuS,
511 2028 631 2089 etc.
680 2024 842 2088 Nam
886 2025 941 2088 si
983 2024 1152 2088 dicas
1205 2025 1375 2107 quod
1424 2026 1643 2091 omnia
1684 2042 1815 2087 non

279 2131 598 2197 distribuit
648 2150 766 2213 pro
819 2131 1212 2210 visibilibus;
1266 2137 1484 2195 contra
1514 2154 1529 2195 :
1590 2129 1815 2195 Statim

280 2239 565 2321 sequitur
604 2239 626 2272 ⁴
660 2262 674 2303 ε
720 2240 803 2306 Et
827 2238 1107 2305 mundus
1138 2241 1346 2319 factus
1382 2245 1477 2306 est
1506 2255 1623 2321 per
1649 2255 1810 2318 eum,

282 2351 394 2411 etc.
421 2346 673 2411 Constat
689 2346 862 2427 quod
881 2345 958 2411 de
978 2346 1098 2411 hoc
1116 2348 1355 2411 mundo
1369 2348 1673 2429 loquitur,
1696 2351 1814 2411 etc.

359 2454 519 2517 ltem
546 2453 568 2487 ⁸
600 2471 618 2515 :
656 2456 825 2519 Data
854 2461 946 2520 est
981 2454 1144 2520 milti
1185 2457 1392 2520 omnis
1422 2459 1705 2537 potestas
1745 2457 1821 2520 in

283 2562 451 2638 coelo,
485 2569 543 2627 ec
567 2563 874 2640 interra,
897 2562 1047 2625 dicit
1073 2560 1237 2625 Deus
1256 2561 1501 2625 bonus:
1528 2579 1685 2642 ergo
1708 2565 1824 2624 aut

278 2671 449 2751 J’uste
492 2669 639 2733 data
679 2672 807 2747 est,
855 2671 968 2733 aut
1011 2668 1274 2750 injuste:
1322 2668 1375 2730 si
1413 2670 1585 2750 juste
1605 2715 1621 2745 ‚
1665 2686 1822 2748 ergo

286 2765 519 2844 ocelum
545 2782 607 2841 et
632 2780 802 2841 terra
827 2795 944 2840 sua
971 2781 1142 2856 sunt,
1172 2781 1236 2840 et
1260 2777 1394 2858 ipse
1436 2777 1609 2856 fecit3
1642 2776 1696 2839 si
1722 2777 1824 2839 in-

283 2889 484 2967 Juste,
527 2902 687 2965 ergo
734 2883 987 2949 videtur
1029 2884 1199 2966 quod
1239 2885 1373 2968 ipse
1414 2884 1576 2947 Deus
1619 2884 1825 2948 bonus

290 2993 527 3075 injuste
549 2991 889 3074 usurpavit
912 2992 1215 3071 alienum,
1244 2997 1306 3056 et
1329 2991 1419 3054 ita
1443 2990 1613 3073 quod
1637 2991 1827 3055 fuerit

292 3100 593 3185 injustus·

370 3209 569 3273 Item:
601 3207 775 3271 Idem
808 3207 933 3271 fuit
960 3206 1065 3271 ille
1100 3207 1387 3271 conditor
1420 3225 1640 3272 rerum
1666 3208 1825 3271 visi-

290 3317 542 3392 bilium,
574 3316 688 3397 qui
725 3315 893 3378 dedit
924 3312 1119 3378 Vetus
1155 3312 1623 3379 Testamentum
1667 3336 1683 3377 :
1720 3314 1826 3378 sed

293 3423 407 3486 iste
433 3423 556 3486 fuit
576 3421 742 3486 Deus
754 3421 938 3485 luciS.
957 3419 1278 3484 Probatio:
1303 3422 1371 3484 in
1400 3423 1659 3487 Actibus
1681 3422 1831 3485 dicit

293 3528 529 3594 Paulus
562 3529 625 3593 ⁶:
686 3528 831 3593 Viri
872 3530 1131 3607 fratrea,
1176 3529 1341 3593 Deus
1381 3529 1581 3609 plebis
1628 3529 1833 3595 Israel

297 3639 483 3720 eleqit
508 3644 731 3720 patres
760 3640 1026 3702 nostros.
1056 3633 1135 3698 Et
1160 3638 1339 3717 post:
1375 3637 1499 3713 Qui
1532 3636 1833 3703 habitant

298 3749 699 3816 Hierusalem
737 3749 1060 3829 principes
1103 3747 1271 3812 hunc
1324 3748 1692 3829 iquorantes
1709 3795 1730 3826 ‚
1777 3756 1833 3813 ec

289 3857 659 3938 ,iudicantes
686 3855 1147 3936 impleverunt:
1175 3872 1354 3935 erge,
1381 3858 1497 3917 etc.

378 3966 538 4031 Item
560 3964 916 4029 rationibus
938 3964 1291 4027 ostenditur
1316 3980 1332 4024 :
1363 3960 1563 4027 Omne
1589 3963 1834 4027 bonum

297 4078 360 4138 et
386 4074 732 4156 pulchrum
759 4076 853 4135 est
870 4091 909 4135 a
928 4072 1053 4135 Deo
1078 4072 1245 4135 bono
1268 4071 1415 4135 :sed
1442 4071 1661 4135 omnia
1684 4071 1836 4134 visi-

298 4181 451 4246 bilia
475 4183 630 4244 sunt
652 4179 820 4243 bona
850 4184 912 4243 et
951 4179 1255 4261 pulchra:
1301 4197 1480 4259 ergo,
1520 4183 1638 4242 etc.
1674 4178 1836 4243 Pro-

299 4292 489 4355 hatio.
541 4292 672 4355 Aut
715 4295 867 4355 suut
908 4291 1099 4369 bona,
1144 4295 1258 4355 aut
1292 4291 1498 4368 mala;
1546 4290 1599 4353 si
1643 4292 1834 4368 bona,

300 4396 502 4463 habeo
525 4398 959 4480 propositum;
983 4398 1035 4461 si
1052 4398 1243 4474 mala,
1270 4416 1427 4480 ergo
1455 4416 1681 4463 eorum
1704 4417 1838 4463 cor-

301 4506 510 4587 ruptio
537 4508 634 4569 est
658 4506 860 4570 bona:
895 4522 1052 4586 ergo
1078 4506 1403 4587 corruptio
1429 4512 1652 4570 eorum
1681 4511 1775 4570 est
1802 4525 1841 4570 a

302 4606 430 4671 Deo
453 4609 655 4685 bon0‚
683 4608 990 4690 quoniam
1031 4626 1221 4673 omne
1256 4609 1498 4673 bonum
1538 4610 1620 4674 ab
1663 4611 1835 4693 ipso:

302 4732 479 4796 erg0,
502 4721 623 4780 etc.

385 4821 542 4887 Item
577 4841 593 4886 :
645 4822 1080 4907 Quaecumque
1124 4824 1205 4888 ad
1246 4824 1522 4888 invicem
1570 4828 1841 4908 conjun-

307 4933 576 5009 guntur,
610 4947 866 4993 necesse
896 4933 992 4993 est
1031 4931 1339 5012 conjungi
1367 4948 1480 5013 per
1506 4931 1747 5013 aliquid
1774 4932 1845 4996 in

308 5055 442 5119 quo
485 5039 1003 5103 communicant:
1055 5040 1164 5103 sed
1205 5039 1274 5101 in
1322 5038 1503 5103 nullo
1551 5057 1845 5104 commu-

310 5143 546 5226 nicant,
590 5164 735 5228 quae
767 5145 1070 5210 differunt
1107 5146 1178 5209 in
1220 5144 1544 5228 principiis
1586 5147 1842 5228 primis:

310 5252 366 5313 si
393 5270 549 5333 ergo
578 5255 795 5317 anima
829 5258 892 5318 et
929 5272 1158 5335 corpus
1191 5254 1701 5334 conjunguntur,
1732 5274 1848 5319 ne-

376 5376 434 5429 ¹1
460 5379 629 5441 Joan„
655 5388 727 5439 ιι,
751 5383 828 5430 15.
856 5406 909 5415 -
942 5378 1141 5443 Uvam,
1171 5390 1281 5443 ΧΠ,
1305 5377 1685 5444 25.-·⁸Joan.,
1714 5392 1762 5442 1,
1792 5384 1838 5433 3.

3323 394 3442 452 249

1911 541 2081 587 cesse
2107 526 2203 587 est
2246 524 2418 605 quod
2452 525 2533 588 ab
2559 523 2782 589 eodem
2811 524 2934 588 Deo
2966 525 3439 608 producantur:

1910 629 2016 694 sed
2046 631 2263 694 anima
2288 633 2382 693 est
2406 649 2446 694 a
2472 630 2596 695 Deo
2618 630 2815 695 lucis:
2851 648 3032 712 ergo,
3062 634 3181 694 etc.

1991 738 2151 802 Item
2186 738 2499 820 quaeritur
2539 739 2617 803 de
2656 738 2791 802 istis
2819 739 3070 802 duobus
3095 735 3444 821 principiis,

1911 846 2184 928 qualiter
2225 863 2291 909 se
2325 845 2601 909 habeant
2639 846 2719 909 ad
2759 845 3078 910 invicem:
3124 848 3235 909 aut
3276 842 3450 907 enim

1912 952 2149 1017 hahent
2181 972 2431 1036 pacem,
2456 957 2568 1016 aut
2591 953 2870 1017 bellum:
2902 953 3083 1016 aliter
3113 952 3286 1015 enim
3317 968 3450 1014 non

1913 1061 2098 1124 video
2126 1080 2256 1143 quo
2285 1061 2472 1124 modo
2513 1062 2709 1143 possit
2746 1079 2880 1125 esse
2908 1085 2923 1125 :
2954 1060 3063 1124 sed
3089 1058 3254 1123 Deus
3288 1058 3451 1121 lucis

1913 1186 2045 1231 non
2069 1172 2271 1249 potest
2292 1168 2545 1245 bellare,
2572 1187 2722 1232 cum
2746 1168 2817 1231 in
2844 1187 2919 1232 eo
2943 1168 3024 1230 sit
3045 1184 3299 1230 summa
3325 1183 3453 1247 pax

1916 1279 1979 1338 et
2005 1276 2185 1356 quies
2207 1298 2223 1353 ;
2272 1274 2436 1339 Deus
2476 1278 2908 1354 tenebrarum,
2952 1292 3099 1338 cum
3150 1274 3218 1336 in
3257 1291 3333 1336 eo
3373 1272 3455 1335 sit

1916 1380 2286 1445 omnimoda
2333 1381 2602 1460 malitia,
2656 1401 2786 1445 non
2832 1384 3034 1463 potest
3083 1380 3449 1463 quiescere:

1917 1507 2076 1570 ergo
2113 1489 2365 1553 videtur
2408 1490 2578 1571 quod
2615 1507 2734 1552 nec
2779 1489 3039 1564 bellant,
3079 1506 3197 1550 nee
3236 1487 3448 1569 quies-

1918 1600 2093 1660 cunt.

2465 1747 2914 1815 CONCLUSLO.

1925 1903 2183 1970 Mundtzs,
2216 1907 2268 1959 et
2308 1905 2561 1975 quaelibet
2593 1920 2675 1961 res
2718 1907 2780 1960 in
2806 1904 3002 1960 mundo
3030 1907 3345 1972 metentes,
3384 1906 3455 1961 ab

1991 2009 2098 2048 uno
2119 1995 2400 2065 principio
2439 1997 2650 2051 tantum
2674 1996 2896 2064 fuerunt
2925 1993 3232 2065 productoe3
3268 1999 3458 2050 contra

1994 2083 2331 2140 Manichaeos.

2005 2242 2190 2325 Resp.
2220 2243 2298 2307 ad
2328 2244 2490 2325 Arg.
2523 2243 2866 2308 Dicendum
2897 2243 3068 2326 quod
3094 2242 3360 2325 quaestio
3386 2242 3464 2305 de

1926 2349 2284 2430 pluralitate
2305 2352 2772 2433 principiorum·
2782 2351 3109 2433 tripliciter
3137 2352 3339 2432 potest
3361 2351 3467 2412 in-

1927 2456 2154 2537 telligi,
2204 2462 2268 2521 et
2313 2459 2670 2523 seeundum
2715 2458 2838 2522 hoe
2879 2458 2948 2521 in
2997 2456 3264 2521 diversis
3306 2456 3465 2520 locis

1927 2565 2251 2629 tractanda
2298 2570 2411 2629 est.
2467 2564 2676 2630 Potest
2726 2566 2900 2630 enim
2944 2565 3193 2648 quaeri,
3241 2569 3464 2628 utrum

1929 2671 2115 2753 plura
2141 2672 2268 2736 sint
2293 2667 2627 2754 principia,
2666 2691 2945 2755 quorum
2971 2678 3320 2754 utrumque
3347 2671 3465 2733 bo—

1932 2797 2132 2842 num:
2179 2783 2242 2842 et
2284 2779 2444 2843 illud
2474 2781 2665 2843 habet
2698 2779 3103 2844 determinari
3143 2779 3212 2841 in
3254 2778 3466 2860 primo

1930 2886 2115 2966 libro,
2146 2887 2259 2950 ubi
2283 2888 2594 2970 quaeritur
2617 2889 2693 2951 de
2718 2889 2961 2953 unitate
2989 2887 3223 2951 divinae
3245 2904 3466 2949 essen-

1930 2993 2059 3056 tiae.
2087 2992 2298 3058 Potest
2328 2995 2748 3058 nihilominus
2775 2995 2999 3076 quaeri,
3034 2998 3253 3058 utrum
3283 2994 3468 3077 plura

1933 3101 2060 3164 sint
2097 3101 2432 3184 principia,
2468 3102 2556 3165 ita
2589 3101 2760 3183 quod
2794 3121 3004 3165 unum
3029 3101 3110 3165 sit
3136 3120 3468 3166 summum

1934 3208 2204 3288 bonum,
2235 3209 2508 3273 alterum
2535 3228 2688 3273 vero
2716 3227 3043 3272 summum
3072 3210 3354 3273 malum:
3381 3210 3471 3273 ita

1935 3317 2108 3399 quod
2129 3317 2210 3380 ab
2245 3335 2380 3380 uno
2406 3317 2487 3380 sit
2511 3336 2700 3381 omne
2723 3318 2991 3394 bonum,
3018 3317 3098 3380 ab
3124 3317 3250 3380 alio
3283 3334 3473 3381 omne

1936 3423 2220 3489 malum:
2262 3428 2325 3489 et
2353 3424 2509 3489 illud
2546 3425 2737 3489 habet
2770 3424 3180 3488 determinari
3206 3424 3275 3486 in
3304 3427 3474 3488 trac-

1934 3536 2075 3598 tatu
2100 3533 2178 3597 de
2207 3533 2412 3595 malo:
2443 3549 2576 3595 non
2605 3532 2772 3595 enim
2804 3535 3007 3614 potest
3031 3531 3171 3595 haec
3205 3531 3474 3613 quaestio

1938 3643 2080 3707 sciri
2101 3690 2119 3722 ‚
2167 3642 2295 3705 nisi
2340 3642 2575 3705 sciatur
2622 3641 2776 3723 quid
2818 3641 2895 3703 sit
2945 3640 3191 3704 malum
3239 3640 3470 3721 primo.

1939 3748 2150 3814 Potest
2180 3749 2374 3811 etiam
2401 3748 2626 3829 quaeri,
2661 3752 2880 3811 utrum
2909 3747 3096 3829 plura
3134 3748 3260 3810 sint
3291 3747 3476 3828 prin-

1941 3857 2127 3938 cipia,
2170 3873 2449 3937 quorum
2488 3872 2694 3918 unum
2723 3854 2802 3916 sit
2839 3853 3227 3936 principium
3256 3854 3477 3916 incor-

1942 3962 2340 4045 ruptibilium
2369 3964 2433 4025 et
2456 3960 2908 4042 spiritualium,
2936 3960 3108 4024 aliud
3131 3961 3212 4023 sit
3238 3962 3478 4043 princi-

1941 4070 2125 4151 pium
2159 4069 2668 4149 corruptibilium
2704 4073 2767 4132 et
2807 4067 3197 4131 visibilium:
3249 4072 3313 4132 et
3356 4069 3479 4134 hoc

1943 4177 2126 4241 dehet
2168 4177 2575 4241 determinari
2629 4194 2802 4240 nunc
2821 4224 2837 4253 ‚
2885 4176 2998 4240 ubi
3047 4177 3358 4258 quaeritur
3402 4176 3480 4242 de

1943 4286 2122 4349 exitu
2162 4302 2379 4348 rerum
2410 4284 2482 4347 in
2526 4301 2680 4347 esse.
2726 4284 2820 4347 Ad
2868 4283 3033 4347 hanc
3062 4284 3478 4366 quaestionem
3513 4308 3644 4381 Errpf
3665 4310 3719 4351 de

3511 4377 3720 4476 *²3:333ss

1945 4516 2095 4562 rum
2148 4497 2611 4581 principiorum
2663 4514 2798 4560 non
2851 4497 3058 4562 solum
3116 4503 3210 4562 est
3263 4504 3482 4563 contra
3533 4497 3701 4614 ‘¹:323

1947 4608 2163 4686 fidem,
2188 4607 2320 4671 imo
2343 4607 2498 4672 adeo
2520 4610 2741 4670 contra
2766 4606 3101 4683 rationem,
3122 4609 3196 4670 ut
3215 4606 3329 4671 vix
3351 4625 3482 4670 cre·
3532 4608 3709 4664 aunua-⁴

1948 4717 2098 4781 dam
2135 4714 2486 4792 hominem,
2531 4712 2642 4795 qui
2680 4713 2919 4795 aliquid
2966 4713 3044 4778 de
3086 4713 3486 4797 philosophia
3531 4691 3613 4728 ω’·

1945 4391 2305 4470 dicendum,
2335 4390 2509 4473 quod
2538 4409 2714 4454 error
2744 4390 2850 4455 ille
2876 4390 2955 4454 de
2980 4391 3289 4472 positione
3317 4392 3482 4455 duo-

1950 4823 2164 4901 scivit,
2207 4822 2383 4886 hunc
2430 4838 2712 4885 errorem
2761 4821 3065 4903 posuisse,
3114 4826 3227 4885 aut
3268 4821 3486 4886 defen-

1951 4934 2134 4998 disse.
2180 4931 2301 4996 Iste
2340 4950 2517 4996 error
2559 4935 2775 4995 tamen
2815 4931 3126 5013 pessimus
3168 4934 3294 5006 est,
3336 4932 3489 5014 quia

1952 5041 2288 5125 praetendit
2320 5039 2600 5122 aliquam
2627 5038 2901 5120 speciem
2929 5037 3197 5119 pietatis
3227 5037 3493 5104 Videtur

1955 5149 2129 5213 enim
2152 5147 2277 5211 Deo
2303 5147 2469 5210 hono
2509 5147 2852 5210 attribuere
2891 5144 3092 5222 bona,
3115 5150 3179 5209 et
3201 5145 3487 5227 pulchra,

1955 5308 2221 5433 -1-Ὶ421Ἱὸἰάυ
2247 5308 2670 5371 10.-⁸Mama.‚
2713 5317 2899 5369 xxvm,
2937 5309 3095 5358 18.-
3139 5309 3161 5340 ⁸
3202 5309 3490 5374 Aet.,xur,

2025 5418 2042 5446 ³
2126 5419 2146 5453 ⁸.
