4125 6225
1634 417 2009 487 DISTINCT.
2054 419 2160 484 IX.
3362 418 3484 480 459

311 551 584 622 scientia
607 576 896 648 namque
920 556 1236 626 informat
1252 556 1582 650 judicium
1611 582 1627 625 :
1655 557 1937 650 ideoque
1963 555 2290 626 secundus
2317 554 2477 626 ordo
2502 578 2541 624 a
2568 554 2856 624 secundo
2882 553 3054 622 dono
3073 603 3092 638 ,
3121 550 3189 619 id
3220 557 3348 636 est,
3378 570 3485 618 co-

310 669 605 758 gnitione
635 672 924 743 veritatis
949 675 1314 767 appellatus
1339 679 1471 761 est,
1501 674 1741 743 scilicet
1769 674 2150 744 Cherubim.
2182 674 2283 741 Ita
2306 679 2371 742 et
2396 672 2475 741 de
2504 671 2649 741 aliis
2666 666 3175 759 intelligendum
3204 673 3322 735 est.
3358 667 3482 735 As-

312 785 613 875 signatur
638 810 795 879 ergo
824 790 1206 859 excellentia
1240 790 1551 860 ordinum
1595 790 1957 861 secundum
2000 789 2452 859 excellentiam
2499 788 2825 856 donorum
2858 811 2875 853 :
2909 794 2972 854 et
3014 793 3233 856 tamen
3256 836 3275 871 ,
3316 783 3485 853 sicut

313 900 669 992 Gregorius
691 906 784 974 ait
807 913 853 993 ¹,
889 932 924 973 α
954 907 1079 975 Illa
1101 907 1273 977 dona
1299 908 1608 977 omnibus
1634 916 1790 977 sunt
1813 906 2212 977 communia.
2247 931 2281 971 >³
2315 905 2559 974 Omnes
2584 905 2761 975 enim
2796 903 3029 974 ardent
3072 901 3382 970 charitate
3421 907 3485 968 et

312 1020 580 1089 scientia
605 1022 786 1113 pleni
810 1031 966 1092 sunt
991 1049 1007 1110 ;
1039 1023 1130 1092 sic
1155 1032 1220 1093 et
1244 1024 1323 1093 de
1350 1024 1517 1094 aliis.
1555 1024 1681 1093 Sed
1711 1023 2078 1116 superiores
2105 1024 2256 1092 aliis
2285 1022 2706 1091 excellentius
2730 1073 2746 1106 ,
2780 1028 2856 1090 ut
2885 1020 3024 1111 jam
3052 1018 3300 1087 dictum
3342 1026 3479 1103 est,

313 1135 455 1227 ipsa
489 1147 910 1231 acceperunt,
956 1165 995 1209 a
1030 1142 1274 1233 quibus
1316 1149 1380 1210 et
1419 1142 1894 1210 nominantur:
1930 1140 2108 1209 unde
2147 1139 2547 1229 Gregorius-z
2591 1162 2626 1203 t<
2660 1139 2736 1206 In
2778 1137 2898 1206 illa
2928 1159 3188 1206 summa
3220 1134 3483 1204 civitate

315 1253 597 1346 quisque
622 1256 784 1323 ordo
813 1256 956 1347 ejus
980 1256 1077 1325 rei
1103 1265 1404 1326 censetur
1427 1258 1728 1344 nomine,
1760 1279 1961 1349 quam
1986 1256 2250 1348 plenius
2276 1255 2518 1346 accepit
2542 1254 2615 1323 in
2642 1275 2938 1322 munere.
2970 1278 3006 1318 »

405 1368 533 1437 Sed
563 1370 775 1439 oritur
799 1372 907 1440 hic
932 1373 1204 1465 quaestio
1231 1374 1381 1442 talis
1411 1426 1425 1442 .
1461 1373 1535 1442 Si
1560 1373 1841 1465 quisque
1869 1371 2029 1442 ordo
2055 1372 2140 1441 ab
2178 1372 2297 1440 illo
2341 1372 2513 1440 dono
2550 1371 2953 1456 nominatur,
3002 1368 3178 1462 quod
3222 1368 3483 1461 plenius
3537 1367 3722 1419 0¹¹⁸⁸¹⁵⁰

3510 1440 3561 1471 ex
3580 1430 3723 1475 verbis

314 1486 629 1577 possidet,
659 1495 819 1556 tunc
846 1488 1202 1559 Cherubim
1230 1492 1298 1558 in
1326 1489 1594 1559 scientia
1619 1489 2042 1580 praeeminent
2070 1488 2410 1572 omnibus,
2451 1487 2611 1580 quia
2637 1510 2675 1554 a
2701 1486 2968 1557 scientia
2993 1486 3424 1555 nominantur
3459 1513 3474 1554 ε
3521 1490 3720 1549 Gresorii

312 1603 423 1671 sed
453 1604 570 1695 qui
602 1605 809 1694 magis
834 1605 1083 1695 diligit,
1114 1606 1266 1698 plus
1297 1606 1665 1696 cognoscit;
1707 1613 1966 1676 tantum
2008 1604 2184 1674 enim
2205 1657 2222 1692 ,
2272 1613 2348 1674 ut
2377 1604 2574 1673 tradit
2609 1602 2991 1686 auctoritas,
3033 1603 3360 1693 cognoscit
3388 1602 3482 1671 ibi
3531 1559 3638 1600 om.

314 1721 594 1814 quisque
615 1775 632 1808 ,
664 1730 987 1814 quantum
1017 1723 1278 1813 diligit:
1311 1724 1532 1816 itaque
1565 1722 1912 1814 Seraphim
1940 1745 2074 1792 non
2098 1722 2313 1790 solum
2341 1721 2411 1789 in
2438 1720 2783 1806 charitate,
2815 1720 2926 1789 sed
2955 1720 3151 1787 etiam
3180 1720 3251 1787 in
3279 1719 3478 1787 scien-

312 1837 402 1908 tia
427 1839 878 1930 praeeminent.
913 1840 1196 1933 Ideoque
1222 1841 1572 1910 auctoritas
1596 1840 1710 1909 illa
1737 1840 1828 1908 sic
1853 1838 2118 1908 videtur
2142 1837 2570 1928 intelligenda
2587 1891 2604 1924 ‚
2638 1814 2713 1907 ut
2737 1837 3132 1930 comparatio
3156 1859 3288 1904 non
3316 1836 3483 1906 refe-

310 1962 496 2023 ratur
521 1954 603 2024 ad
631 1979 856 2025 omnes
882 1957 1143 2027 ordines
1159 2011 1177 2045 ,
1209 1959 1319 2027 sed
1347 1958 1430 2027 ad
1458 1957 1775 2050 quosdam
1793 2009 1811 2043 ,
1854 1956 2097 2026 seilicet
2120 1956 2485 2025 inferiores.
2520 1956 2639 2024 Ille
2667 1955 2844 2024 enim
2877 1953 3037 2023 ordo
3063 1975 3196 2022 non
3222 1953 3482 2045 plenius

312 2070 657 2164 Seraphim
686 2075 930 2167 accepit
951 2074 1286 2144 scientiam
1315 2075 1385 2143 in
1419 2096 1692 2143 munere
1710 2127 1729 2160 ,
1767 2073 1878 2142 sed
1905 2073 2169 2165 plenius
2195 2072 2339 2141 aliis
2368 2071 2717 2141 ordinibus
2735 2124 2754 2158 ,
2786 2071 2905 2164 qui
2931 2079 3086 2139 sunt
3112 2071 3474 2139 inferiores.

307 2188 440 2257 Nec
464 2190 845 2259 nominatur
872 2192 1151 2283 quisque
1179 2191 1337 2260 ordo
1365 2192 1447 2260 ab
1476 2191 1656 2259 omni
1676 2214 1744 2259 re
1772 2213 1971 2282 quam
1999 2189 2260 2282 plenius
2284 2189 2432 2257 aliis
2456 2189 2724 2281 accepit,
2753 2190 2865 2257 sed
2888 2188 2971 2256 ab
3000 2188 3231 2279 aliqua
3256 2210 3477 2255 rerum

309 2328 476 2396 quas
504 2307 767 2398 accepit.
801 2308 925 2377 Vel
955 2315 1162 2400 potest
1189 2308 1585 2400 comparatio
1610 2308 1839 2376 referri
1876 2330 2011 2375 non
2054 2307 2137 2375 ad
2178 2307 2351 2398 ipsos
2376 2305 2634 2374 ordines
2654 2357 2672 2391 ,
2709 2305 2819 2373 sed
2848 2305 2931 2375 ad
2967 2305 3098 2374 alia
3123 2305 3330 2391 dona;
3363 2326 3484 2372 nec

307 2420 392 2490 ad
421 2422 644 2490 omnia
668 2423 799 2491 alia
817 2423 1013 2511 dona,
1042 2425 1152 2492 sed
1182 2425 1262 2494 ad
1279 2425 1599 2517 quaedam.
1628 2423 1811 2493 Sicut
1835 2423 2008 2492 enim
2037 2423 2357 2508 homineS,
2377 2446 2530 2491 cum
2561 2423 2751 2514 plura
2778 2422 3059 2492 habeant
3078 2422 3274 2507 dona,
3302 2445 3483 2513 quae-

309 2537 462 2607 dam
491 2538 639 2607 aliis
665 2539 1088 2609 excellentius
1114 2540 1477 2633 possident3
1504 2541 1595 2609 ita
1612 2542 1777 2609 forte
1805 2547 1869 2609 et
1887 2540 2109 2629 angeli
2134 2539 2534 2632 quibusdam
2554 2539 2942 2607 muneribus
2967 2538 3177 2628 magis
3202 2538 3476 2629 pollent,

309 2662 373 2722 et
401 2654 546 2723 aliis
570 2655 967 2747 quibusdam
1002 2656 1247 2726 minus.

393 2772 540 2841 Jam
570 2796 750 2842 nunc
776 2774 1112 2866 inquirere
1153 2782 1385 2860 restat,
1427 2783 1657 2843 utrum
1694 2784 1759 2843 et
1799 2773 1906 2843 isti
1945 2774 2206 2843 ordines
2243 2797 2282 2842 a
2322 2772 2667 2842 creationis
2705 2772 2893 2840 initio
2930 2772 3024 2842 ita
3064 2771 3311 2841 fuerint
3351 2770 3481 2838 dis·
3555 2767 3706 2818 mmm

3531 2843 3704 2890 ordines

304 2888 513 2956 tincti.
545 2890 734 2971 Quod
765 2891 857 2958 ita
881 2891 1129 2959 fuerint
1160 2890 1445 2959 distincti
1467 2914 1520 2958 -a
1544 2890 1905 2983 primordio
1935 2913 2069 2960 suae
2097 2890 2488 2959 conditionis
2511 2943 2528 2975 ,
2560 2889 2825 2958 videtur
2852 2888 3222 2957 testimonio
3257 2894 3479 2955 aucto-
3523 2902 3719 3016 :affigi-0

303 3003 516 3072 ritatis
542 3004 905 3093 insinuari,
936 3029 1086 3099 quae
1113 3006 1309 3075 tradit
1336 3007 1416 3076 de
1443 3007 1721 3097 singulis
1749 3007 2093 3077 ordinibus
2132 3007 2391 3098 aliquos
2429 3004 2750 3075 cecidisse.
2802 3006 2893 3074 De
2931 3005 3160 3074 ordine
3189 3027 3474 3096 namque
3530 3036 3597 3080 na.
3616 3033 3714 3107 ’aa'

300 3122 626 3213 superiori
655 3122 915 3193 Lucifer
942 3124 1055 3192 ille
1078 3124 1206 3192 fuit
1229 3178 1246 3211 ‚
1277 3147 1412 3217 quo
1439 3125 1668 3194 nullus
1695 3123 1956 3215 dignior
1992 3124 2295 3193 conditus
2322 3124 2473 3192 fuit.
2509 3124 2858 3216 Apostolus
2901 3121 3097 3191 etiam
3130 3123 3474 3215 princzpa-
3524 3100 3717 3209 2⁵:33?

303 3251 409 3307 tus
431 3291 449 3326 ‚
482 3246 545 3308 et
557 3252 925 3332 potestates
953 3240 1367 3309 tenebrarum
1398 3240 1696 3310 nominat
1714 3253 1762 3328 ¹,
1795 3241 2140 3311 ostendens
2167 3242 2246 3310 de
2273 3241 2615 3309 ordinibus
2642 3240 2776 3308 illis
2801 3239 3140 3308 cecidisse:
3176 3240 3474 3331 quicum

299 3356 374 3424 in
403 3356 594 3425 malis
619 3356 1058 3426 ministerium
1084 3365 1449 3446 exerceant,
1482 3380 1616 3427 non
1645 3365 1862 3427 tamen
1890 3358 2152 3451 penitus
2181 3357 2560 3427 nominibus
2588 3357 2897 3426 ordinum
2924 3378 3197 3425 suorum
3228 3356 3468 3448 privati

300 3481 477 3541 sunt.
510 3473 636 3542 Sed
668 3497 797 3543 non
829 3474 1090 3543 videtur
1117 3475 1285 3544 illud
1315 3498 1500 3567 posse
1525 3483 1734 3545 stare:
1765 3498 1900 3545 non
1920 3476 2098 3544 enim
2126 3482 2285 3545 tunc
2301 3474 2612 3544 charitate
2640 3475 2976 3560 ardebant,
3008 3495 3128 3542 nec
3152 3471 3472 3564 sapientia

299 3590 659 3682 pollebant,
688 3613 905 3683 neque
932 3590 1005 3659 in
1031 3591 1124 3660 eis
1150 3591 1324 3660 Deus
1349 3591 1640 3679 sedebat;
1674 3593 1730 3661 si
1764 3594 1942 3662 enim
1968 3592 2092 3663 hoc
2119 3593 2521 3678 habuissent,
2554 3614 2688 3660 uon
2706 3592 3106 3661 cecidissent.
3140 3589 3287 3658 Non
3305 3611 3468 3679 ergo

300 3714 458 3774 tunc
485 3714 670 3776 erant
697 3706 1087 3793 Cherubim,
1121 3709 1227 3777 vel
1256 3709 1637 3801 Seraphim,
1670 3710 1775 3778 vel
1822 3710 2097 3778 Throni.
2136 3710 2242 3778 Ad
2285 3711 2463 3802 quod
2499 3708 2779 3777 dicimus
2803 3761 2821 3794 ,
2863 3708 3022 3800 quia
3056 3714 3206 3776 aute
3242 3729 3469 3774 casum

295 3823 739 3914 quorumdam
765 3846 900 3893 non
929 3832 1115 3893 erant
1141 3824 1248 3893 isti
1276 3824 1536 3893 ordines
1553 3878 1569 3911 ,
1604 3826 1763 3918 quia
1789 3827 2084 3895 nondum
2110 3825 2438 3894 habebant
2464 3824 2670 3910 dona,
2702 3825 2772 3893 in
2811 3846 3097 3916 quorum
3124 3823 3468 3914 participa-

295 3939 587 4009 tionibus
614 3942 1039 4011 conveniunt.
1067 3941 1195 4010 Sed
1223 3942 1619 4034 quibusdam
1646 3942 2053 4029 cadentibuS,
2083 3942 2231 4011 aliis
2257 3943 2550 4036 apposita
2576 3951 2771 4027 sunt3
2811 3942 3033 4033 eisque
3059 3942 3178 4034 qui
3222 3941 3466 4010 cecide-

293 4066 457 4124 runt
481 4057 718 4126 collata
745 4058 1017 4126 fuissent
1043 4058 1268 4127 eadem
1296 4057 1472 4127 dona
1489 4111 1506 4146 ,
1539 4060 1595 4127 si
1622 4059 2072 4150 perstitissent.
2104 4061 2256 4130 Ideo
2286 4060 2589 4153 Sciptura
2614 4060 2772 4128 dicit
2795 4060 2876 4128 de
2900 4059 3182 4149 singulis
3218 4058 3467 4127 ordini·

291 4173 421 4242 bus
446 4173 704 4265 aliquos
729 4173 1031 4243 cecidisse
1063 4199 1079 4242 ι
1113 4197 1245 4243 non
1273 4174 1451 4267 quod
1491 4175 1741 4243 fuerint
1763 4176 1834 4244 in
1872 4176 2215 4245 ordinibus
2238 4229 2256 4262 ,
2288 4186 2352 4245 et
2377 4187 2597 4269 postea
2622 4176 3026 4262 corruerint3
3076 4176 3188 4244 sed
3221 4174 3381 4267 quia
3410 4174 3467 4243 si

291 4290 762 4382 perstitissent,
797 4313 1025 4361 eorum
1053 4291 1268 4384 aliqui
1293 4293 1364 4361 in
1388 4292 1668 4382 singulis
1692 4292 1969 4362 fuissent
1997 4293 2372 4377 ordinibus,
2408 4294 2612 4385 quiet
2636 4293 2708 4362 in
2733 4301 2989 4362 naturae
3014 4292 3331 4386 tenuitate
3352 4343 3369 4376 ‚
3397 4299 3461 4359 et

289 4407 364 4475 in
387 4407 618 4477 formae
642 4408 1125 4499 perspicacitate
1148 4409 1518 4478 differentes
1543 4409 1787 4498 gradus
1813 4408 2173 4496 habebant,
2193 4410 2475 4479 sicutilli
2495 4412 2611 4503 qui
2629 4411 3069 4503 perstiterunt.
3095 4408 3231 4477 Alii
3249 4408 3452 4491 enim,

289 4537 367 4595 ut
391 4525 815 4617 praediximus
851 4539 899 4612 ⁸,
929 4525 1297 4617 superiores
1319 4577 1338 4612 ,
1367 4525 1482 4594 alii
1509 4525 1855 4594 inferiores
1880 4526 2125 4596 conditi
2151 4536 2305 4595 sunt
2340 4551 2355 4594 ε
2387 4527 2753 4620 superiores
2775 4579 2793 4613 ,
2845 4527 2963 4619 qui
2988 4532 3227 4594 natura
3255 4525 3461 4614 magis

288 4642 687 4733 perspicaces
713 4669 730 4727 ;
770 4640 1142 4727 inferiores,
1175 4641 1292 4734 qui
1320 4649 1557 4711 natura
1583 4642 1802 4711 minus
1846 4643 2120 4712 subtiles
2143 4696 2161 4729 ,
2208 4653 2272 4712 et
2315 4643 2751 4733 intelligentia
2796 4644 3017 4712 minus
3060 4641 3460 4733 perspicaces

288 4757 444 4828 facti
488 4766 667 4827 sunt.
710 4757 846 4827 Has
877 4766 1098 4827 autem
1124 4757 1488 4828 invisibiles
1528 4758 1930 4829 differentias
1963 4760 2403 4829 invisibilium
2438 4760 2616 4828 solus
2653 4760 2765 4827 ille
2807 4758 3165 4851 ponderare
3201 4759 3451 4850 potuit,

287 4875 408 4967 qui
434 4875 659 4944 omnia
684 4875 755 4942 in
783 4897 1087 4961 numero,
1119 4883 1183 4942 et
1201 4898 1533 4963 mensura,
1556 4884 1621 4944 et
1645 4876 1932 4969 pondere
1953 4886 1975 4921 ⁸
1993 4876 2338 4968 disposuit,
2371 4876 2439 4945 id
2466 4876 2657 4944 estin
2684 4877 2915 4968 seipso,
2948 4876 3065 4968 qui
3091 4884 3187 4944 est
3221 4900 3257 4940 α
3277 4897 3460 4943 men-

290 5012 448 5061 sura
472 4992 654 5060 omni
683 4991 780 5059 rei
807 4991 1074 5060 modum
1104 4989 1485 5083 praefigens,
1516 5000 1581 5060 et
1607 5015 1923 5062 numerus
1953 4994 2135 5062 omni
2164 4993 2258 5061 rei
2287 4993 2565 5085 speciem
2592 4992 2918 5084 praebens,
2952 4999 3016 5060 et
3041 4989 3295 5083 pondus
3322 5012 3462 5058 om-

287 5130 442 5177 nem
469 5129 611 5176 rem
638 5107 723 5177 ad
748 5107 1170 5178 stabilitatem
1197 5107 1496 5196 trahens,
1528 5108 1596 5177 id
1624 5118 1719 5178 est
1753 5110 2114 5178 terminans
2138 5162 2156 5196 ,
2188 5118 2253 5177 et
2285 5109 2573 5178 formans
2594 5161 2612 5194 ,
2650 5117 2715 5177 et
2748 5109 3062 5178 ordinans
3089 5106 3313 5176 omnia
3338 5117 3384 5174 ⁸.
3417 5135 3452 5173 »

291 5365 378 5483 ‘3¹‘
391 5363 647 5485 ῦῖςξηηιζι
673 5362 868 5427 Evanq.
897 5361 1040 5481 hpm.
1061 5373 1241 5413 xxxiv.
1259 5387 1322 5401 -
1347 5362 1370 5397 ¹
1391 5361 1589 5429 ephes„
1610 5374 1682 5428 vr,
1707 5366 1784 5414 12.
1804 5389 1864 5402 -
1883 5363 1906 5399 ⁸
1923 5365 2108 5427 Supra,
2138 5362 2256 5416 dist.
2293 5374 2349 5414 11.
2372 5388 2433 5400 -
2451 5362 2473 5398 δ
2492 5362 2634 5427 Sap„
2659 5372 2711 5411 xi
2727 5399 2740 5424 ,
2763 5363 2842 5413 21.
2868 5387 2920 5397 —
2948 5362 2967 5396 ⁵
2985 5364 3133 5427 Aug„
3161 5361 3222 5412 de
3250 5363 3371 5414 Gen.
3401 5362 3472 5414 ad

313 5449 330 5481 ι
382 5468 418 5497 .,
464 5449 533 5485 ι.
631 5469 649 5496 ,
678 5443 905 5496 c.111,n.
961 5466 975 5481 .
