4125 6225
732 427 851 489 460
1840 418 2459 487 SENTENTIARUM
2499 419 2646 487 ΗΒ.
2689 420 2769 486 Il.

545 569 692 612 Utrum
823 558 1144 629 Praeterea
1168 556 1566 639 considerari
1597 563 1887 649 oportet,
1925 565 2155 627 utrum
2180 580 2406 627 omnes
2430 557 2649 648 angeli
2677 555 2971 648 ejusdem
3008 552 3258 624 ordinis
3295 552 3572 646 aequales
3600 552 3746 622 sint.
3788 554 3874 622 Ita

534 642 683 750 3:⁰33
735 696 870 744 esse
888 674 1286 766 quibusdam
1315 674 1592 767 placuit3
1615 674 1727 743 sed
1756 696 1891 744 non
1914 683 2010 744 est
2037 675 2162 743 hoc
2183 674 2545 766 probabile,
2575 696 2695 742 nec
2723 673 3075 743 assertione
3093 670 3371 760 dignum
3394 694 3410 737 ε
3433 668 3589 761 quia
3612 668 3870 752 Lucifer,

514 758 705 891 ῗῖᾦῖῗῗ
733 791 851 883 qui
882 790 1009 859 fuit
1035 791 1116 860 de
1146 791 1422 881 collegio
1449 791 1864 883 superiorum
1883 843 1901 875 ,
1932 791 2090 883 ipsis
2116 791 2313 859 etiam
2332 790 2594 881 dignior
2614 789 2863 875 extitit,
2893 788 3013 881 qui
3039 787 3185 856 aliis
3204 784 3686 855 excellentiores
3700 788 3876 855 creati

503 887 704 998 „qffiffi
735 906 1016 976 fuerant.
1053 907 1154 976 Ex
1188 930 1322 999 quo
1351 907 1709 1000 percipitur
1734 907 1912 1000 quod
1942 908 1994 974 si
2023 908 2437 999 perstitisset,
2468 907 2540 975 in
2566 907 2795 976 ordine
2820 904 3142 998 superiori
3178 904 3405 973 fuisset
3425 955 3443 987 ,
3474 910 3538 971 et
3565 901 3705 971 aliis
3728 903 3877 994 ejus-

732 1023 881 1092 dem
909 1023 1160 1092 ordinis
1187 1023 1453 1113 dignior
1487 1023 1825 1092 extitisset.
1869 1023 2053 1092 Sicut
2081 1024 2257 1092 enim
2288 1046 2462 1092 unus
2497 1032 2593 1092 est
2629 1023 2791 1092 ordo
2839 1022 3319 1114 apostolorum,
3365 1028 3428 1089 et
3471 1020 3635 1088 alter
3662 1028 3876 1111 marty-

732 1161 881 1208 rum
901 1192 920 1227 ,
950 1148 1015 1209 et
1060 1149 1278 1209 tamen
1315 1141 1384 1208 in
1411 1139 1718 1232 apostolis
1745 1139 1858 1207 alii
1887 1140 2032 1208 aliis
2059 1147 2216 1208 sunt
2242 1138 2574 1231 digniores
2594 1192 2613 1226 ,
2644 1139 2947 1208 similiter
2982 1146 3046 1206 et
3084 1137 3157 1205 in
3182 1136 3583 1228 martyribus
3612 1135 3721 1204 alii
3752 1135 3877 1204 aliis

733 1262 889 1323 sunt
921 1256 1288 1348 superiores
1311 1282 1328 1343 3
1361 1256 1453 1324 ita
1478 1256 1639 1325 etin
1666 1255 2016 1324 ordinibus
2039 1257 2427 1345 angelorum
2455 1263 2625 1326 recte
2650 1253 2942 1324 creditur
2968 1275 3124 1322 esse.

517 1374 708 1481 3⁰23
831 1372 1208 1444 Notandum
1237 1372 1432 1441 etiam
1459 1370 1637 1464 quod
1663 1371 1953 1442 decimus
1980 1372 2140 1441 ordo
2163 1372 2407 1462 legitur
2428 1372 2510 1441 de
2529 1370 2905 1441 hominibus
2924 1368 3410 1438 restaurandus.
3438 1368 3571 1438 Sed
3589 1390 3737 1437 cum
3762 1390 3877 1436 nou

511 1500 704 1557 Scriptu-
734 1495 866 1563 sint
910 1492 1034 1562 nisi
1064 1512 1304 1559 novem
1329 1488 1625 1574 ordines,
1657 1511 1775 1556 nec
1803 1488 2024 1581 plures
2070 1489 2378 1575 fuissent,
2417 1488 2671 1558 etiamsi
2699 1488 2824 1575 illi,
2856 1488 2971 1581 qui
2994 1487 3404 1573 ceciderunt,
3443 1485 3871 1579 perstitissent,

515 1574 564 1604 ra
595 1564 710 1605 deci-

497 1637 611 1667 mum
634 1638 706 1668 01·-
738 1616 1089 1680 moventur
1116 1607 1387 1677 lectores
1408 1628 1544 1699 quo
1578 1605 1772 1675 modo
1801 1605 2141 1698 Scriptura
2165 1607 2337 1675 dicat
2367 1605 2695 1675 decimum
2719 1604 3018 1674 ordinem
3045 1603 3356 1696 compleri
3392 1624 3475 1671 ex
3503 1601 3874 1671 bominibus.

494 1685 638 1729 dinem
657 1701 707 1730 ex

495 1750 694 1854 binomius·
737 1726 1094 1817 Gregorius
1126 1747 1414 1815 namque
1442 1725 1534 1792 ait
1560 1727 1579 1760 ¹
1615 1748 1630 1790 ε
1671 1748 1706 1788 (ι
1730 1723 2030 1792 homines
2068 1723 2492 1792 assumendos
2516 1722 2588 1791 in
2626 1722 2854 1792 ordine
2882 1723 3267 1811 angelorum
3291 1773 3310 1807 ,
3350 1742 3642 1813 quorum
3669 1718 3880 1787 aliias-

528 1825 577 1855 us
598 1826 710 1856 com·

533 1876 670 1932 pieri,
737 1851 1096 1913 sumuntur
1123 1842 1195 1909 in
1223 1841 1450 1909 ordine
1476 1840 1889 1931 superiorum
1916 1892 1933 1927 ,
1966 1841 2084 1933 qui
2110 1840 2351 1908 scilicet
2379 1840 2586 1929 magis
2612 1839 2844 1908 ardent
2866 1837 3177 1907 charitate
3200 1863 3218 1923 ;
3248 1837 3363 1905 alii
3389 1837 3459 1904 in
3488 1835 3719 1905 ordine
3742 1834 3880 1904 infe-

496 1951 601 2044 Ἣ
623 1952 710 2045 ζῗζῖ
737 1960 986 2029 riorum
1007 2011 1024 2046 ,
1056 1958 1176 2052 qui
1204 1958 1445 2026 scilicet
1474 1958 1696 2025 minus
1723 1957 1987 2048 perfecti
2015 1966 2196 2026 suut.
2227 1982 2263 2023 >³
2309 1957 2407 2025 Ex
2442 1979 2576 2050 quo
2605 1963 2873 2048 apparet
2904 1977 3040 2025 non
3067 1977 3203 2023 esse
3236 1952 3317 2024 de
3342 1952 3740 2035 ,hominibus
3771 1952 3879 2019 for-

520 2076 708 2172 ξζζζζζ
739 2077 1060 2146 mandum
1087 2076 1417 2144 decimum
1446 2073 1781 2160 ordinem,
1827 2082 2140 2166 tanquam
2183 2097 2421 2143 novem
2452 2074 2586 2142 sint
2620 2074 3038 2164 angelorum,
3081 2080 3147 2142 et
3183 2071 3475 2141 decimus
3521 2069 3877 2154 hominum3

736 2195 847 2263 sed
877 2194 1214 2275 homineS,
1245 2214 1366 2284 pro
1406 2192 1723 2283 qualitate
1751 2192 2138 2260 meritorum
2158 2244 2175 2278 ,
2208 2191 2550 2261 statuendo
2577 2191 2649 2259 in
2687 2190 3028 2260 ordinibus
3065 2188 3482 2278 angelorum.
3528 2186 3718 2270 Quod
3750 2207 3879 2275 ergo
3961 2195 3964 2198 ’

735 2312 979 2401 legitur
1007 2310 1301 2379 decimus
1325 2309 1487 2377 ordo
1514 2308 1940 2400 complendus
1964 2307 2046 2376 de
2079 2308 2458 2377 hominihus
2474 2360 2493 2395 ,
2532 2331 2614 2377 ex
2640 2308 2757 2377 tali
2785 2330 2978 2376 sensu
3003 2307 3254 2376 dictum
3282 2305 3420 2373 fore
3446 2304 3653 2396 accipi
3677 2310 3874 2395 potest,

736 2428 896 2521 quia
920 2427 1001 2496 de
1029 2425 1411 2495 hominibus
1435 2424 1910 2493 restaurabitur
1943 2424 2123 2517 quod
2149 2423 2221 2491 in
2247 2425 2498 2514 angelis
2523 2425 2783 2517 lapsum
2809 2431 2942 2510 est,
2974 2422 3054 2491 de
3081 2422 3327 2514 quibus
3354 2428 3449 2488 tot
3474 2425 3874 2503 corruerunt,

733 2554 810 2613 ut
836 2544 1039 2638 possit
1067 2544 1212 2612 fieri
1232 2542 1520 2612 decimus
1540 2542 1723 2612 ordo.
1749 2542 2024 2634 Propter
2040 2541 2219 2634 quod
2242 2542 2593 2634 Apostolus
2611 2541 2770 2611 dicit
2785 2547 2809 2582 ²
2835 2566 2851 2608 ε
2880 2539 3267 2609 Restaurari
3278 2538 3512 2606 omnia
3528 2538 3605 2606 in
3626 2536 3876 2615 Christo,

736 2685 879 2754 quoe
904 2662 978 2729 in
1009 2661 1190 2729 coelis
1208 2713 1226 2746 ,
1260 2671 1322 2729 et
1356 2684 1504 2751 quoe
1530 2659 1736 2729 etiam
1763 2660 1837 2727 in
1867 2660 2058 2727 terris
2086 2671 2266 2742 sunt,
2299 2659 2458 2752 quia
2484 2679 2599 2751 per
2625 2658 2957 2729 Christum
2987 2657 3401 2748 redemptum
3427 2663 3529 2723 oet
3552 2676 3753 2745 genus
3777 2652 3883 2720 hu·

737 2799 1044 2846 manum:
1077 2778 1157 2847 de
1191 2800 1326 2870 quo
1368 2777 1446 2844 fit
1490 2775 1813 2868 reparatio
1853 2776 2066 2844 ruinae
2103 2775 2414 2866 angelicae
2446 2799 2461 2843 ε
2493 2784 2713 2844 tamen
2752 2797 2886 2845 non
2925 2774 3146 2843 minus
3186 2772 3556 2841 salvaretur
3598 2768 3883 2854 homo,si

737 2895 1013 2984 angelus
1039 2916 1174 2962 non
1199 2893 1550 2962 cecidisset.

551 3023 674 3075 Quod
823 3010 971 3079 Non
1001 3010 1176 3078 enim
1201 3011 1395 3101 juxta
1424 3031 1781 3078 numerum
1818 3031 2049 3079 eorum
2093 3010 2214 3101 qui
2239 3009 2648 3096 ceciderunt,
2680 3008 2792 3078 sed
2833 3030 3063 3078 eorum
3095 3008 3214 3101 qui
3252 3011 3770 3099 permanserunt,
3789 3001 3887 3070 ho-

515 3086 710 3131 homines

497 3161 712 3265 maffia.
739 3129 950 3198 mines
975 3128 1055 3196 ad
1085 3127 1556 3198 beatitudinem
1585 3128 2047 3197 admittuntur.
2097 3127 2280 3196 Unde
2306 3127 2662 3218 Gregorius
2683 3132 2742 3195 ⁸:
2783 3154 2817 3194 (ι
2838 3128 3143 3220 Superna
3166 3126 3285 3194 illa
3309 3125 3541 3194 civitas
3562 3147 3647 3193 ex
3667 3121 3886 3211 angelis

525 3285 680 3315 nume.
736 3252 799 3313 et
827 3244 1209 3313 hominibus
1237 3250 1511 3329 constat,
1546 3243 1629 3312 ad
1657 3267 1857 3336 quam
1884 3243 2213 3312 credimus
2239 3251 2452 3312 tantos
2482 3244 2757 3313 humani
2783 3245 3041 3334 generis
3068 3243 3436 3326 ascendere,
3469 3248 3750 3333 quantos
3772 3236 3888 3305 illic

497 3340 711 3447 mtffissnm
734 3360 1056 3450 contingit
1081 3361 1349 3449 angelos
1374 3361 1762 3428 remansisse
1785 3412 1804 3446 ,
1837 3361 2004 3429 sicut
2038 3360 2354 3452 scriptum
2380 3370 2475 3429 est
2503 3361 2574 3429 in
2600 3361 2851 3431 cantico
2879 3360 3374 3430 Deuteronomii
3400 3358 3424 3394 ⁸
3453 3382 3469 3424 ε
3502 3357 3758 3427 Statuit
3781 3366 3888 3423 ter·

496 3461 706 3566 ffssuffl'
735 3479 952 3547 minos
972 3478 1366 3570 populorum
1384 3477 1594 3567 juxta
1627 3499 1977 3545 numerum
2006 3477 2389 3569 anyelorum
2419 3478 2563 3546 Dei.
2601 3502 2636 3542 a

527 3616 709 3684 opiam
827 3597 891 3663 A
917 3592 1312 3685 quibusdam
1342 3602 1561 3662 tamen
1600 3601 1896 3685 putatur,
1944 3594 2123 3684 quod
2151 3594 2448 3663 homines
2486 3603 2876 3686 reparentur
2906 3594 3099 3684 juxta
3132 3614 3488 3662 numerum
3529 3590 3890 3682 angelorum

508 3678 683 3845 ⁶353}
736 3710 854 3802 qui
884 3709 1258 3778 cecideruut
1279 3762 1297 3795 ,
1328 3719 1403 3777 ut
1432 3709 1547 3777 illa
1576 3709 1853 3778 coelestis
1879 3710 2108 3780 civitas
2135 3733 2254 3778 nec
2281 3733 2554 3778 suorum
2592 3711 2836 3779 civium
2866 3732 3142 3778 numero
3182 3709 3512 3801 privetur,
3543 3731 3664 3777 nec
3707 3704 3891 3795 major

540 3816 609 3845 um
634 3817 710 3846 1111·

523 3879 688 3910 mmm
737 3827 921 3919 copia
948 3835 1198 3916 regnet.
1235 3827 1425 3908 Quod
1452 3827 1865 3917 Augustinus
1883 3827 1954 3895 in
1981 3826 2375 3896 Enclziridio
2401 3826 2641 3895 sentire
2665 3827 2928 3896 videtur
2954 3832 3001 3912 ⁸,
3034 3826 3157 3894 hoe
3182 3846 3499 3912 asserens,
3522 3824 3608 3894 de
3634 3820 3893 3892 homini·

516 3929 711 4037 1¹:2¹2}-
739 3943 862 4011 bus
888 3943 1040 4035 plus
1064 3943 1304 4011 salvari
1329 3967 1530 4036 quam
1559 3944 1810 4012 corruit
1833 3943 1912 4012 de
1939 3945 2211 4034 angelis,
2242 3944 2353 4014 sed
2381 3967 2518 4014 non
2544 3944 2790 4030 minu5,
2821 3945 2909 4013 ita
2939 3945 3194 4014 dicens:
3218 3971 3253 4010 α
3278 3943 3583 4036 Superna
3608 3942 3892 4010 Hierusa-

515 4057 711 4163 ggssffi
737 4059 868 4128 lem
899 4067 1107 4129 mater
1133 4066 1388 4145 nostra,
1421 4061 1653 4130 civitas
1674 4062 1821 4147 Dei,
1852 4062 2039 4131 nulla
2064 4062 2310 4130 civium
2338 4084 2611 4132 suorum
2640 4061 3106 4131 numerositate
3131 4061 3547 4131 fraudabitur
3572 4087 3590 4147 ;
3620 4059 3729 4129 sed
3756 4057 3893 4125 ube-

497 4193 703 4289 ffogfm·
739 4176 908 4246 riore
935 4177 1136 4245 etiam
1161 4178 1348 4269 copia
1376 4177 1642 4247 fortasse
1675 4180 2001 4269 regnabit.
2029 4179 2260 4271 Neque
2279 4178 2457 4247 enim
2486 4201 2839 4248 numerum
2866 4186 2981 4248 aut
3002 4186 3377 4247 sanctorum
3404 4176 3772 4260 hominum,
3797 4179 3894 4242 aut

737 4292 1235 4362 immundorum
1260 4294 1638 4363 daemonum
1667 4296 1977 4364 novimus
1996 4347 2014 4381 ,
2045 4296 2117 4363 in
2144 4318 2430 4387 quorum
2459 4296 2677 4365 locum
2705 4296 3118 4365 succedentes
3144 4295 3271 4363 filii
3298 4294 3637 4364 catholicae
3663 4290 3891 4374 matris,

737 4431 887 4504 quae
912 4410 1156 4480 sterilis
1182 4419 1206 4455 ⁸
1233 4411 1583 4501 apparebat
1624 4412 1694 4480 in
1721 4411 1913 4480 terris
1932 4463 1950 4497 ,
1995 4412 2068 4480 in
2095 4434 2172 4480 ea
2214 4433 2370 4504 pace
2401 4412 2482 4481 de
2507 4436 2642 4505 qua
2667 4412 2768 4480 illi
2794 4411 3172 4481 ceciderunt
3194 4464 3213 4498 ,
3254 4413 3392 4480 sine
3430 4412 3572 4481 ullo
3608 4405 3895 4500 temporis

740 4525 1019 4595 termino
1046 4526 1548 4618 permanebunt.
1585 4526 1715 4597 Sed
1744 4528 2016 4597 illorum
2043 4528 2294 4598 civium
2319 4550 2639 4598 numerus
2662 4581 2680 4615 ,
2709 4529 2848 4597 sive
2873 4529 2993 4621 qui
3024 4539 3151 4615 est,
3183 4527 3322 4597 sive
3347 4527 3466 4619 qui
3490 4527 3757 4596 futurus
3777 4532 3891 4606 est,

735 4642 809 4710 in
834 4643 1379 4735 contemplatione
1403 4644 1460 4735 ej
1472 4667 1547 4712 us
1574 4643 1842 4713 artificis
1866 4652 1987 4730 est,
2019 4645 2135 4737 qui
2158 4658 2352 4715 vocat
2378 4669 2457 4714 ea
2485 4669 2630 4738 quoe
2654 4667 2790 4715 non
2817 4657 2974 4713 sunt
2998 4655 3323 4737 tanquam
3356 4664 3434 4714 ea
3462 4666 3609 4736 quoe
3633 4653 3783 4712 sunt
3799 4645 3888 4707 ⁷.»

736 4758 898 4828 Ecce
927 4767 1146 4851 aperte
1172 4760 1330 4830 dicit
1356 4782 1493 4830 non
1517 4759 1740 4830 minus
1767 4762 1847 4830 de
1882 4761 2265 4832 hominibus
2307 4762 2585 4851 salvari,
2628 4784 2832 4855 quam
2872 4761 3124 4833 corruit
3157 4761 3239 4831 de
3280 4761 3535 4853 angelis
3564 4785 3581 4828 ε
3614 4759 3726 4830 sed
3762 4755 3897 4850 plus

740 4897 876 4945 non
903 4877 1151 4949 asserit.

803 5133 818 5167 ¹
840 5134 1014 5197 Greg.‚
1039 5131 1092 5181 in
1119 5133 1315 5196 Evanq.
1341 5131 1484 5181 hom.
1507 5140 1688 5186 xxxtv.
1715 5144 1827 5195 sup.
1856 5146 1904 5182 c.
1923 5143 1992 5183 xv
2015 5134 2154 5196 Luc„
2182 5133 2353 5198 quoad
2371 5147 2596 5187 sensum.
2615 5132 2939 5200 —2Eplues.‚
2971 5136 3132 5197 1,10:
3160 5131 3477 5195 Iustam-cm,
3504 5133 3682 5181 etc.-
3700 5126 3894 5189 mres-2

735 5204 851 5256 loco
877 5205 1217 5269 proeallegato.
1240 5229 1297 5240 —-
1326 5204 1346 5239 ὅ
1367 5204 1591 5264 Denter„
1626 5214 1776 5254 xxxii
1795 5237 1807 5260 ‚
1828 5205 1877 5266 8,
1904 5218 2006 5254 sec.
2033 5208 2359 5268 Septuag.,—
2385 5207 2407 5241 ⁸
2426 5208 2577 5270 Aug„
2604 5205 2888 5267 Euchirid„
2919 5221 2965 5257 c.
2985 5216 3144 5267 xxxx,
3170 5217 3225 5254 n.
3247 5207 3310 5266 93
3337 5202 3427 5268 qui
3454 5201 3626 5264 etiam,
3654 5199 3740 5249 lib.
3772 5194 3891 5248 nu

735 5276 796 5326 de
823 5277 974 5326 Civit.
1005 5276 1121 5333 Dei,
1154 5291 1199 5324 c.
1221 5287 1267 5337 1,
1300 5275 1534 5325 similiter
1559 5274 1685 5325 dicit
1714 5289 1726 5323 ε
1753 5290 1782 5322 (ι
1801 5275 1874 5325 De
1899 5276 2101 5326 mortali
2130 5277 2376 5342 progenie
2404 5278 2586 5327 merito
2608 5277 2847 5343 justoque
2875 5278 3114 5329 damnata
3137 5280 3337 5326 tantum
3360 5273 3607 5340 populum
3638 5269 3894 5335 gratiam

736 5347 946 5411 colligit,
976 5350 1032 5397 ut
1060 5345 1177 5397 iude
1199 5347 1450 5412 suppleat,
1472 5352 1525 5398 et
1552 5346 1804 5398 instauret
1829 5351 2025 5410 partem
2047 5362 2166 5412 quse
2191 5348 2337 5413 lapsa
2354 5353 2433 5400 est
2451 5349 2785 5414 angelorum3
2817 5363 2878 5400 ac
2896 5349 2973 5400 sic
2992 5348 3080 5399 ina
3098 5348 3284 5399 dilecta
3302 5348 3356 5398 et
3370 5357 3592 5410 superna
3606 5340 3781 5393 civitas
3798 5349 3895 5388 non

738 5416 997 5468 fraudetur
1019 5430 1230 5468 suorum
1253 5430 1470 5470 numero
1491 5418 1699 5483 civium,
1722 5417 1846 5483 quin
1868 5418 2023 5469 etiam
2048 5419 2280 5471 fortassis
2302 5423 2356 5472 et
2378 5420 2618 5472 uberiore
2643 5420 2860 5472 laetetur.
2882 5437 2911 5469 ι)
2931 5447 2994 5460 -
3012 5419 3036 5455 ⁸
3052 5420 3170 5482 Iso„
3190 5429 3296 5481 Lu,
3320 5422 3366 5469 l.
3383 5442 3443 5456 -
3460 5416 3485 5453 '¹
3502 5415 3658 5477 nom„
3676 5423 3748 5472 IV»
3767 5412 3838 5461 ¹⁷·
