4125 6225
607 361 724 420 328

600 489 810 553 omnis
835 489 1040 553 forma
1064 491 1274 552 creata
1287 535 1308 571 ,ἢ
1330 490 1647 570 quantum
1668 491 1762 551 est
1783 487 1860 551 de
1889 486 1990 550 sui
2015 503 2137 549 na-

600 599 781 672 tura,
828 599 979 658 nata
1017 594 1100 659 sit
1138 594 1372 658 habere
1418 593 1609 657 aliam
1654 594 1775 657 sibi
1823 593 2133 657 similem:

546 709 565 737 ·
604 705 766 767 sicut
783 705 845 766 et
871 703 1005 786 ipse
1034 700 1457 785 Philosophus
1480 701 1630 765 dicit
1649 703 1666 737 ¹
1687 701 1879 765 etiam
1906 700 1977 762 in
1996 699 2139 764 Sole

603 815 667 875 et
706 810 888 874 Luna
939 828 1108 888 esse;
1157 810 1260 874 vel
1309 809 1627 892 quomodo
1664 808 1933 872 dicimus
1980 807 2141 871 duos

605 919 793 1000 ignes
814 917 1068 982 differre
1096 917 1470 994 formaliter,
1497 918 1599 981 vel
1628 917 1822 981 etiam
1844 914 1968 978 alia
1993 932 2141 996 quae

605 1025 1072 1108 plurificantur,
1123 1028 1189 1089 et
1220 1042 1493 1089 numero
1536 1024 2025 1103 distinguuntur
2060 1039 2143 1084 ex

608 1132 741 1196 sola
767 1132 1079 1196 divisione
1107 1133 1416 1211 continui,
1438 1132 1552 1195 ubi
1577 1131 1817 1195 nullius
1834 1134 1927 1193 est
1953 1146 2141 1192 novae

368 1240 559 1298 opas-³.
607 1240 836 1303 formae
872 1238 1182 1302 inductio,
1213 1237 1357 1301 Ideo
1385 1243 1478 1301 est
1504 1238 1688 1301 tertia
1724 1237 1953 1320 positio
1994 1235 2146 1299 satis

606 1347 827 1430 plana,
866 1346 1037 1427 quod
1076 1345 1502 1410 individuatio
1545 1343 1875 1425 consurgit
1913 1362 1996 1407 ex
2037 1361 2147 1406 ac-

608 1454 767 1518 tuali
812 1454 1255 1536 conjunctione
1282 1454 1571 1517 materiae
1613 1471 1761 1518 cum
1793 1453 2027 1532 forma,
2062 1471 2146 1516 ex

610 1575 741 1639 qua
769 1556 1218 1639 conjunctione
1244 1575 1454 1620 unum
1481 1557 1603 1620 sibi
1647 1557 2011 1640 appropriat
2045 1556 2146 1619 al-

610 1669 852 1743 terum3
881 1666 1045 1728 sicut
1079 1669 1251 1748 patet
1290 1683 1439 1728 cum
1479 1666 1839 1749 impressi0,
1886 1665 1992 1729 vel
2028 1683 2142 1729 ex-

611 1773 886 1856 pressio,
933 1773 1004 1835 fit
1050 1773 1407 1835 multorum
1458 1773 1814 1854 sigillorum
1856 1773 1925 1836 in
1968 1791 2143 1849 cera,

614 1898 761 1963 quae
787 1881 968 1963 prius
1004 1885 1139 1944 erat
1177 1898 1340 1958 una,
1373 1897 1491 1943 nec
1539 1880 1750 1961 sigilla
1800 1879 2148 1961 plurificari

614 1994 878 2072 possunt
903 1990 1039 2052 sine
1066 2006 1239 2064 cera,
1264 2007 1380 2052 nec
1419 2007 1560 2052 cera
1586 1993 1984 2066 numeratur,
2025 1986 2149 2050 nisi

611 2099 767 2179 quia
813 2097 981 2159 flunt
1031 2096 1099 2157 in
1141 2113 1216 2157 ea
1259 2094 1510 2157 diversa
1542 2094 1772 2174 sigilla.
1825 2093 1891 2158 Si
1933 2098 2148 2157 tamen

610 2221 864 2286 quaeras
882 2222 921 2265 a
937 2221 1067 2283 quo
1089 2200 1304 2264 veniat
1324 2201 1784 2289 principaliter3
1803 2201 2147 2264 dicendum

610 2311 781 2392 quod
810 2309 1219 2372 individuum
1260 2315 1355 2371 est
1381 2308 1503 2372 hoc
1538 2307 1796 2390 aliquid.
1841 2308 2020 2385 Quod
2068 2309 2150 2372 sit

607 2417 758 2494 hoc,
801 2415 1209 2499 principalius
1248 2416 1439 2479 habet
1477 2436 1517 2480 a
1560 2417 1855 2496 materia,
1902 2417 2148 2481 ratione

493 2558 496 2561 ⁴
608 2526 794 2607 cujus
840 2524 1045 2588 forma
1095 2523 1286 2587 habet
1337 2523 1713 2605 positionem
1773 2524 1844 2586 in
1885 2523 2023 2588 loco
2085 2527 2150 2587 et

609 2638 916 2716 tempore.
963 2631 1140 2710 Quod
1177 2633 1257 2695 sit
1291 2632 1554 2714 aliquid,
1600 2632 1792 2696 habet
1835 2651 1875 2695 a
1918 2633 2145 2696 forma.

610 2741 1019 2807 Individuum
1063 2738 1235 2803 enim
1274 2739 1469 2803 habet
1507 2757 1678 2818 esse;
1728 2739 1920 2802 habet
1955 2740 2148 2803 etiarn

600 2850 903 2931 existere.
950 2847 1236 2912 Existere
1281 2846 1390 2910 dat
1430 2846 1697 2910 materia
1736 2846 1997 2924 formae,
2040 2846 2150 2910 sed

612 2956 855 3020 essendi
904 2960 1118 3019 actum
1154 2954 1259 3018 dat
1284 2954 1490 3018 forma
1532 2953 1838 3017 materiae.
1873 2952 1945 3017 ln
1973 2952 2152 3018 divi-

613 3062 829 3127 duatio
854 3062 1054 3144 igitur
1093 3062 1159 3126 in
1205 3061 1511 3126 creaturis
1538 3061 1873 3142 consurgit
1912 3078 1995 3124 ex
2022 3061 2150 3125 du-

615 3169 764 3252 plici
814 3170 1144 3252 principiO.
1192 3169 1545 3234 Personalis
1592 3172 1810 3232 autem
1858 3167 2150 3233 discretio

615 3275 766 3340 dicit
786 3277 1316 3357 singularitatem,
1335 3282 1397 3341 et
1415 3278 1812 3359 dignitatem.
1840 3278 1917 3342 In
1941 3297 2152 3361 quan-

613 3388 758 3447 tum
782 3383 931 3447 dicit
968 3384 1509 3466 singularitatem,
1548 3386 1670 3449 hoc
1709 3385 1859 3449 dicit
1902 3404 1984 3448 ex
2011 3385 2153 3469 ipsa

615 3491 1062 3572 conjunctione
1085 3491 1569 3573 principiorum,
1589 3510 1671 3555 ex
1691 3492 1926 3573 quibus
1942 3490 2150 3556 resul-

613 3601 708 3661 tat
724 3599 741 3660 i
748 3616 933 3679 psum
951 3598 1123 3679 quod
1137 3602 1251 3663 est.
1274 3598 1639 3663 Secundum
1657 3600 2034 3680 dignitatem
2053 3600 2152 3663 di-

618 3705 702 3767 cit
720 3703 1148 3787 principaliter
1169 3707 1476 3769 rationem
1497 3706 1751 3785 formae3
1775 3707 1939 3770 etsie
1955 3709 2147 3789 patet,

617 3813 786 3877 unde
821 3813 902 3876 sit
926 3813 1273 3895 personalis
1310 3814 1602 3878 discretio
1639 3813 2052 3895 originaliter,
2080 3813 2152 3876 in

615 3920 922 3983 creaturis
948 3919 1297 4002 loquendO,
1329 3921 1462 3986 sive
1484 3922 1553 3984 in
1578 3921 1980 4000 hominibuS,
2014 3922 2149 3984 sive

616 4026 685 4089 in
708 4028 975 4107 angelis·
1006 4028 1162 4105 Quae
1189 4046 1347 4109 ergo
1365 4027 1758 4111 objiciuntur
1776 4029 1853 4092 ad
1875 4029 2150 4112 primam

615 4139 894 4217 partem,
961 4136 1312 4219 procedunt
1365 4137 1607 4202 ratione
1670 4137 2012 4201 nobilitatis
2087 4139 2153 4200 et

615 4240 971 4322 dignitatis,
1005 4247 1194 4324 prout
1217 4247 1432 4308 tamen
1462 4249 1555 4308 est
1590 4245 1659 4307 in
1691 4245 1828 4327 ipso
1853 4243 2151 4328 supposi-

615 4350 715 4426 to,
743 4348 876 4412 sive
916 4350 1087 4430 quod
1109 4353 1206 4412 est
1236 4370 1251 4413 :
1284 4352 1471 4432 cujus
1507 4352 1823 4415 distinctio
1864 4352 2041 4416 venit
2081 4351 2149 4413 in

615 4454 849 4519 divinis
888 4473 970 4519 ex
1014 4457 1294 4538 origine;
1328 4457 1396 4519 in
1420 4458 1749 4535 creaturis,
1794 4454 1876 4522 e'x
1904 4457 2149 4540 princi-

612 4561 735 4645 piis
777 4562 1233 4643 originalibuS,
1272 4564 1433 4629 sicut
1472 4566 1542 4628 in
1581 4567 1789 4648 primo
1832 4565 1999 4630 libro
2024 4566 2150 4630 fuit

615 4673 963 4734 ostensum.
998 4669 1065 4735 Si
1098 4676 1311 4735 autem
1342 4677 1673 4754 quaeratur
1698 4674 1851 4756 quid
1877 4679 1971 4737 est
1992 4673 2148 4738 illud

614 4794 957 4843 commune
993 4779 1348 4843 secundum
1374 4780 1547 4861 quod
1577 4780 1769 4857 inest,
1803 4781 2162 4871 dicendum,

613 4885 782 4967 quod
807 4886 1155 4968 proprietas
1177 4886 1506 4968 dignitatis
1530 4888 2146 4953 incommunicabili-

611 4996 711 5056 ter
735 4993 1010 5057 existens
1034 4994 1102 5057 in
1128 4994 1485 5077 hypostasi3
1518 4994 1701 5059 aliter
1730 5000 1943 5060 tamen
1962 5016 2148 5082 repe-

613 5100 776 5163 ritur
803 5100 936 5177 hic,
963 5102 1146 5166 aliter
1171 5102 1282 5166 ibi.
1316 5101 1551 5167 Omnes
1574 5104 1849 5168 rationes
1872 5123 2147 5189 sequen-

613 5209 707 5269 tes
732 5208 1086 5288 procedunt
1109 5209 1217 5274 via
1245 5211 1569 5292 praedicta.

648 5396 651 5399 A
694 5321 760 5395 1,
789 5323 851 5382 2.
888 5317 1069 5396 Quod
1104 5321 1401 5403 objicitur
1428 5322 1510 5388 ad
1550 5323 1943 5406 oppositum,
1973 5328 2146 5409 quod

1720 347 2347 418 SENTENTIARUM
2387 346 2536 413 ΠΒ.
2578 347 2661 412 Π.

2248 502 2380 549 non
2421 485 2618 568 possit
2640 502 2775 548 esse
2799 502 2840 547 a
2871 484 3113 562 forma,
3144 481 3253 546 sed
3279 500 3321 545 a
3359 482 3654 557 materia,
3683 481 3793 545 di-

2247 592 2519 657 cendum
2548 593 2720 675 quod
2758 591 3032 655 rationes
3062 588 3189 653 illae
3215 589 3518 672 probant,
3564 593 3640 652 ut
3666 607 3790 671 pa-

2247 705 2370 780 tet,
2423 705 2597 784 quod
2627 719 2757 764 non
2806 699 3080 763 totaliter
3121 702 3216 761 est
3256 717 3296 762 a
3345 698 3581 773 forma,
3630 697 3792 779 quia

2248 810 2455 872 forma
2477 809 2657 872 nulla
2682 811 2775 871 est
2798 806 3160 886 individua,
3192 805 3314 868 nisi
3343 808 3597 888 propter
3624 822 3791 867 con-

2242 916 2641 997 junctionem
2667 915 2767 978 sui
2796 931 2945 977 cum
2974 913 3260 976 materia.
3294 912 3371 976 Et
3397 912 3790 976 universalia

2250 1022 2536 1087 similiter
2571 1045 2585 1085 ε
2616 1022 2770 1104 quia
2795 1021 3019 1085 dicunt
3057 1020 3324 1099 formas,
3355 1037 3482 1083 non
3514 1038 3790 1084 concer-

2250 1135 2414 1194 nunt
2453 1129 2785 1193 materiam
2823 1128 2943 1191 nisi
2972 1128 3218 1192 ratione
3253 1145 3520 1210 suorum
3551 1127 3794 1191 indivi-

2252 1238 2528 1302 duorum
2543 1287 2560 1318 ,
2592 1256 2709 1321 pro
2733 1236 2969 1319 quibus
2990 1239 3360 1317 supponunt
3380 1233 3634 1316 quando
3667 1234 3795 1298 dif-

2253 1345 2572 1409 finiuntur
2588 1394 2606 1424 ,
2641 1344 2747 1408 vel
2765 1343 3211 1426 subjiciuntur.
3235 1341 3413 1405 Unde
3439 1343 3565 1406 illae
3589 1343 3792 1406 ratio-

2253 1470 2368 1515 nes
2395 1451 2810 1515 concedendae
2834 1455 3005 1527 sunt,
3032 1450 3202 1532 quod
3224 1448 3628 1512 individuum
3655 1467 3793 1511 non

2255 1559 2428 1624 addit
2467 1558 2656 1623 aliam
2702 1560 3006 1634 formam,
3056 1575 3205 1639 quae
3250 1556 3332 1619 sit
3383 1556 3794 1620 individualis

2254 1667 2332 1731 de
2360 1686 2449 1730 se.
2507 1656 2514 1662 ’

2335 1779 2395 1838 3.
2427 1772 2607 1852 Quod
2631 1775 2961 1857 objicitur,
2991 1773 3162 1856 quod
3187 1772 3604 1837 individuatio
3632 1776 3729 1836 est
3754 1791 3797 1836 a

2255 1882 2554 1957 materia,
2583 1882 2924 1946 dicendum
2974 1880 3144 1962 quod
3189 1898 3301 1962 per
3341 1880 3481 1942 illas
3506 1880 3794 1943 auctori-
3818 1892 3838 1913 ·

2253 1992 2411 2052 tates
2451 2008 2577 2053 non
2618 1990 2802 2053 datur
2842 1988 3153 2070 intelligi,
3184 1988 3358 2070 quod
3408 1988 3674 2051 materia
3709 1987 3798 2050 sit

2254 2096 2640 2179 principium
2669 2096 3185 2159 individuationis
3207 2143 3225 2173 ,
3258 2095 3379 2156 nisi
3412 2094 3573 2157 sicut
3598 2113 3796 2158 causa

2254 2207 2389 2268 sine
2433 2225 2562 2287 qua
2595 2223 2724 2267 non
2748 2253 2765 2283 ,
2812 2223 2940 2267 non
2970 2209 3184 2266 autem
3217 2204 3380 2265 sicut
3415 2208 3544 2266 tota
3571 2221 3790 2266 causa.

2256 2311 2384 2376 Nec
2411 2318 2626 2376 tamen
2653 2313 2740 2374 ita
2758 2314 2960 2393 potest
2983 2314 3089 2373 att·
3108 2310 3243 2373 ibui
3275 2311 3556 2373 materiae
3581 2328 3794 2392 perso·

2255 2420 2418 2484 nalis
2460 2420 2782 2495 discretio,
2816 2420 2984 2481 sicut
3021 2417 3436 2481 individuatio
3469 2439 3484 2480 ε
3532 2423 3797 2500 propter

2255 2528 2376 2591 hoc
2402 2528 2573 2609 quod
2599 2528 2746 2591 dicit
2774 2527 3176 2608 dignitatem,
3209 2543 3354 2607 quae
3382 2525 3799 2607 principalius

2255 2636 2510 2717 respicit
2537 2636 2830 2716 formam,
2862 2635 3027 2700 sicut
3049 2627 3393 2698 ostendunt
3415 2632 3692 2695 rationes
3714 2631 3801 2695 ad

2257 2750 2504 2826 partem
2529 2743 2827 2826 primam.

2842 2971 3039 3045 PARS
3083 2971 3137 3043 ΙΙ
3167 2965 3212 3043 ².

2417 3158 2494 3205 DE
2533 3154 2852 3205 HABITIBUS
2895 3155 3160 3201 MALITIAE
3201 3155 3278 3199 ET
3319 3153 3629 3201 Bom‘rATls

2819 3249 3204 3295 ARGELORUM.

2640 3414 3048 3481 EXPOSITIO
3088 3412 3413 3479 TEXTUS.

2398 3568 2521 3620 lllud
2546 3582 2749 3634 quoque
2777 3568 3166 3633 investigatione
3195 3568 3406 3632 dignum
3434 3566 3652 3618 videtur.

2339 3712 2547 3796 Supra
2572 3712 2705 3793 egit
2734 3711 3033 3793 Magister
3060 3711 3137 3775 de
3178 3712 3576 3775 naturalibus
3609 3711 3795 3774 attri-

2259 3821 2430 3886 butis
2447 3822 2598 3904 ipsis
2625 3821 2903 3902 angelis;
2933 3822 3002 3883 in
3023 3820 3143 3883 hac
3169 3825 3344 3902 parte
3363 3820 3500 3901 agit
3518 3819 3595 3883 de
3617 3818 3794 3881 habi·

2259 3929 2432 3992 tibus
2448 3928 2889 4010 superadditis,
2915 3932 2981 3991 et
2999 3928 3122 3991 hoc
3149 3947 3259 4010 per
3275 3932 3595 3990 naturam.
3627 3926 3793 3989 Divi-

2259 4036 2431 4100 ditur
2457 4039 2670 4099 autem
2700 4034 2838 4098 haec
2865 4053 3008 4116 pars
3035 4034 3253 4096 intres
3280 4057 3294 4097 :
3323 4034 3393 4097 in
3425 4033 3630 4115 prima
3656 4034 3792 4114 agit

2259 4141 2338 4205 de
2363 4141 2639 4205 naturali
2664 4142 2976 4220 bonitate3
3001 4141 3069 4203 in
3097 4141 3393 4218 secunda,
3422 4140 3499 4203 de
3518 4140 3790 4203 naturali

2258 4250 2641 4330 cognitione,
2671 4249 2758 4311 ibi
2788 4266 2805 4310 :
2845 4249 2961 4314 Hic
2989 4249 3243 4329 inquiri
3273 4248 3426 4314 solet
3455 4265 3648 4330 quam
3678 4265 3790 4313 sa-

2252 4359 2575 4441 pientiam
2591 4380 2616 4429 ,·
2655 4357 2724 4419 in
2767 4357 2981 4435 tertia,
3013 4355 3089 4419 de
3124 4355 3396 4418 naturali
3429 4355 3785 4436 dilectione,

2258 4466 2344 4529 ibi
2395 4488 2410 4528 ε
2461 4464 2634 4531 Solet
2681 4464 2878 4528 eliam
2923 4463 3159 4544 quaml,
3220 4467 3339 4526 etc.
3390 4461 3603 4526 Prima
3647 4482 3790 4546 pars

2257 4573 2449 4637 habet
2465 4576 2630 4636 tres:
2662 4571 2729 4633 in
2756 4569 2964 4652 prima
2980 4569 3341 4652 opinionem
3371 4569 3589 4632 falsam
3616 4571 3790 4652 ponit

2260 4698 2408 4744 cum
2467 4678 2947 4743 confirmatione
2998 4696 3147 4755 sua;
3208 4677 3277 4740 in
3318 4679 3594 4742 secunda
3638 4697 3787 4743 vero

2257 4788 2436 4871 ponit
2461 4787 2824 4869 opinionem
2860 4804 3119 4864 veram,
3157 4784 3446 4849 similiter
3484 4805 3631 4851 cum
3675 4805 3788 4850 sua

2259 4896 2759 4973 confirmatione,
2776 4893 2863 4957 ibi
2883 4915 2897 4956 ε
2916 4892 3089 4958 Aliis
3102 4897 3309 4958 autem
3325 4891 3605 4971 videtur,
3640 4897 3782 4972 etc.;

2258 5004 2330 5068 in
2369 5003 2554 5067 tertia
2588 5002 2952 5084 opinionem
2999 4999 3220 5063 salsam
3265 5001 3683 5078 exterminat,
3726 5004 3786 5064 et

2257 5111 2534 5177 rationes
2559 5110 2614 5191 ej
2626 5127 2700 5172 us
2716 5156 2734 5187 ,
2763 5112 2827 5187 et
2853 5107 3254 5171 auctoritates
3283 5106 3616 5190 explanat,
3646 5108 3734 5171 ibi
3764 5130 3778 5172 :

2326 5273 2341 5305 ¹
2363 5273 2538 5336 Arist„
2566 5271 2626 5322 de
2651 5272 2861 5333 Anima,
2886 5270 2975 5321 lib.
3001 5270 3080 5334 11,
3112 5272 3248 5321 cont.
3274 5272 3332 5320 34
3347 5285 3363 5334 ;
3394 5269 3667 5335 MetaphyS.
3695 5268 3780 5319 lib.

2256 5346 2346 5399 x11
2359 5383 2376 5410 ,
2403 5347 2540 5396 cont.
2566 5345 2722 5395 4.—²
2737 5342 2896 5409 Htijus
2916 5341 3076 5410 partis
3097 5345 3294 5395 textum
3319 5355 3473 5407 supra
3495 5342 3670 5393 videre
3688 5344 3779 5393 est·

3825 3756 4004 3800 Divisio.
