<?xml version="1.0" encoding="UTF-8"?>
<!DOCTYPE html PUBLIC "-//W3C//DTD XHTML 1.0 Transitional//EN"
    "http://www.w3.org/TR/xhtml1/DTD/xhtml1-transitional.dtd">
<html xmlns="http://www.w3.org/1999/xhtml" xml:lang="en" lang="en">
 <head>
  <title>
</title>
<meta http-equiv="Content-Type" content="text/html;charset=utf-8" />
  <meta name='ocr-system' content='tesseract 3.04.00' />
  <meta name='ocr-capabilities' content='ocr_page ocr_carea ocr_par ocr_line ocrx_word'/>
</head>
<body>
  <div class='ocr_page' id='page_1' title='image "./srecardinalissb01peltgoog_0706.png"; bbox 0 0 4125 6225; ppageno 0'>
   <div class='ocr_carea' id='block_1_1' title="bbox 656 451 779 516">
    <p class='ocr_par' dir='ltr' id='par_1_1' title="bbox 656 451 779 516">
     <span class='ocr_line' id='line_1_1' title="bbox 656 451 779 516; baseline 0 0"><span class='ocrx_word' id='word_1_1' title='bbox 656 451 779 516; x_wconf 69' lang='grc'><strong>836</strong></span> 
     </span>
    </p>
   </div>
   <div class='ocr_carea' id='block_1_2' title="bbox 649 580 2204 2063">
    <p class='ocr_par' dir='ltr' id='par_1_2' title="bbox 649 580 2204 2063">
     <span class='ocr_line' id='line_1_2' title="bbox 659 580 2201 666; baseline -0.001 -16"><span class='ocrx_word' id='word_1_2' title='bbox 659 601 831 650; x_wconf 86' lang='lat' dir='ltr'><strong>unus</strong></span> <span class='ocrx_word' id='word_1_3' title='bbox 861 587 978 662; x_wconf 87' lang='lat' dir='ltr'><strong>est,</strong></span> <span class='ocrx_word' id='word_1_4' title='bbox 1022 586 1098 649; x_wconf 91' lang='lat' dir='ltr'><strong>ut</strong></span> <span class='ocrx_word' id='word_1_5' title='bbox 1128 584 1350 666; x_wconf 89' lang='lat' dir='ltr'><strong>imago</strong></span> <span class='ocrx_word' id='word_1_6' title='bbox 1391 583 1457 647; x_wconf 90' lang='lat' dir='ltr'><strong>et</strong></span> <span class='ocrx_word' id='word_1_7' title='bbox 1493 580 1844 648; x_wconf 77' lang='lat' dir='ltr'><strong>similitudo</strong></span> <span class='ocrx_word' id='word_1_8' title='bbox 1886 583 2201 649; x_wconf 84' lang='lat' dir='ltr'><strong>reseratur</strong></span> 
     </span>
     <span class='ocr_line' id='line_1_3' title="bbox 659 689 2204 775; baseline -0.001 -18"><span class='ocrx_word' id='word_1_9' title='bbox 659 692 741 758; x_wconf 92' lang='lat' dir='ltr'><strong>ad</strong></span> <span class='ocrx_word' id='word_1_10' title='bbox 762 692 956 770; x_wconf 87' lang='lat' dir='ltr'><strong>idem,</strong></span> <span class='ocrx_word' id='word_1_11' title='bbox 986 690 1219 755; x_wconf 86' lang='lat' dir='ltr'><strong>scilicet</strong></span> <span class='ocrx_word' id='word_1_12' title='bbox 1245 689 1327 755; x_wconf 83' lang='lat' dir='ltr'><strong>ad</strong></span> <span class='ocrx_word' id='word_1_13' title='bbox 1356 689 1696 756; x_wconf 79' lang='lat' dir='ltr'><strong>essentiam</strong></span> <span class='ocrx_word' id='word_1_14' title='bbox 1719 690 1789 754; x_wconf 91' lang='lat' dir='ltr'><strong>in</strong></span> <span class='ocrx_word' id='word_1_15' title='bbox 1813 690 2020 756; x_wconf 87' lang='lat' dir='ltr'><strong>tribus</strong></span> <span class='ocrx_word' id='word_1_16' title='bbox 2051 710 2204 775; x_wconf 90' lang='lat' dir='ltr'><strong>per-</strong></span> 
     </span>
     <span class='ocr_line' id='line_1_4' title="bbox 660 797 2200 879; baseline -0.002 -13"><span class='ocrx_word' id='word_1_17' title='bbox 660 801 872 879; x_wconf 86' lang='lat' dir='ltr'><strong>sonis;</strong></span> <span class='ocrx_word' id='word_1_18' title='bbox 903 797 1221 863; x_wconf 84' lang='lat' dir='ltr'><strong>secundus</strong></span> <span class='ocrx_word' id='word_1_19' title='bbox 1244 798 1475 863; x_wconf 89' lang='lat' dir='ltr'><strong>modus</strong></span> <span class='ocrx_word' id='word_1_20' title='bbox 1500 799 1630 877; x_wconf 90' lang='lat' dir='ltr'><strong>est,</strong></span> <span class='ocrx_word' id='word_1_21' title='bbox 1661 801 1735 861; x_wconf 84' lang='lat' dir='ltr'><strong>ut</strong></span> <span class='ocrx_word' id='word_1_22' title='bbox 1761 797 1982 878; x_wconf 81' lang='lat' dir='ltr'><strong>imago</strong></span> <span class='ocrx_word' id='word_1_23' title='bbox 2021 802 2087 863; x_wconf 91' lang='lat' dir='ltr'><strong>et</strong></span> <span class='ocrx_word' id='word_1_24' title='bbox 2111 800 2200 863; x_wconf 90' lang='lat' dir='ltr'><strong>si-</strong></span> 
     </span>
     <span class='ocr_line' id='line_1_5' title="bbox 659 904 2201 989; baseline 0 -17"><span class='ocrx_word' id='word_1_25' title='bbox 659 906 956 973; x_wconf 87' lang='lat' dir='ltr'><strong>militudo</strong></span> <span class='ocrx_word' id='word_1_26' title='bbox 989 906 1302 970; x_wconf 78' lang='lat' dir='ltr'><strong>referatur</strong></span> <span class='ocrx_word' id='word_1_27' title='bbox 1340 905 1421 970; x_wconf 89' lang='lat' dir='ltr'><strong>ad</strong></span> <span class='ocrx_word' id='word_1_28' title='bbox 1448 905 1651 984; x_wconf 87' lang='lat' dir='ltr'><strong>idem,</strong></span> <span class='ocrx_word' id='word_1_29' title='bbox 1681 904 1915 970; x_wconf 85' lang='lat' dir='ltr'><strong>scilicet</strong></span> <span class='ocrx_word' id='word_1_30' title='bbox 1941 906 2022 970; x_wconf 91' lang='lat' dir='ltr'><strong>ad</strong></span> <span class='ocrx_word' id='word_1_31' title='bbox 2052 925 2201 989; x_wconf 90' lang='lat' dir='ltr'><strong>per-</strong></span> 
     </span>
     <span class='ocr_line' id='line_1_6' title="bbox 661 1011 2198 1099; baseline 0.001 -20"><span class='ocrx_word' id='word_1_32' title='bbox 661 1032 884 1080; x_wconf 88' lang='lat' dir='ltr'><strong>sonam</strong></span> <span class='ocrx_word' id='word_1_33' title='bbox 909 1012 1055 1078; x_wconf 86' lang='lat' dir='ltr'><strong>Filii</strong></span> <span class='ocrx_word' id='word_1_34' title='bbox 1083 1016 1190 1093; x_wconf 87' lang='grc' dir='ltr'><strong>(α).</strong></span> <span class='ocrx_word' id='word_1_35' title='bbox 1218 1011 1467 1078; x_wconf 85' lang='lat' dir='ltr'><strong>Tertius</strong></span> <span class='ocrx_word' id='word_1_36' title='bbox 1495 1013 1727 1078; x_wconf 86' lang='lat' dir='ltr'><strong>modus</strong></span> <span class='ocrx_word' id='word_1_37' title='bbox 1764 1013 2044 1096; x_wconf 88' lang='lat' dir='ltr'><strong>ponendi</strong></span> <span class='ocrx_word' id='word_1_38' title='bbox 2071 1017 2198 1099; x_wconf 89' lang='grc' dir='ltr'><strong>εει,</strong></span> 
     </span>
     <span class='ocr_line' id='line_1_7' title="bbox 649 1120 2200 1204; baseline 0.002 -17"><span class='ocrx_word' id='word_1_39' title='bbox 649 1125 739 1188; x_wconf 77' lang='lat' dir='ltr'><strong>nt</strong></span> <span class='ocrx_word' id='word_1_40' title='bbox 762 1121 983 1204; x_wconf 82' lang='lat' dir='ltr'><strong>imago</strong></span> <span class='ocrx_word' id='word_1_41' title='bbox 1009 1122 1322 1186; x_wconf 80' lang='lat' dir='ltr'><strong>referatur</strong></span> <span class='ocrx_word' id='word_1_42' title='bbox 1348 1121 1428 1186; x_wconf 89' lang='lat' dir='ltr'><strong>ad</strong></span> <span class='ocrx_word' id='word_1_43' title='bbox 1453 1120 1716 1200; x_wconf 88' lang='lat' dir='ltr'><strong>Filium,</strong></span> <span class='ocrx_word' id='word_1_44' title='bbox 1745 1123 1810 1186; x_wconf 92' lang='lat' dir='ltr'><strong>et</strong></span> <span class='ocrx_word' id='word_1_45' title='bbox 1848 1122 2200 1190; x_wconf 84' lang='lat' dir='ltr'><strong>similitudo</strong></span> 
     </span>
     <span class='ocr_line' id='line_1_8' title="bbox 661 1227 2202 1313; baseline 0.001 -18"><span class='ocrx_word' id='word_1_46' title='bbox 661 1230 742 1295; x_wconf 88' lang='lat' dir='ltr'><strong>ad</strong></span> <span class='ocrx_word' id='word_1_47' title='bbox 768 1227 1084 1313; x_wconf 87' lang='lat' dir='ltr'><strong>Spiritum</strong></span> <span class='ocrx_word' id='word_1_48' title='bbox 1107 1231 1423 1293; x_wconf 83' lang='lat' dir='ltr'><strong>sanctum.</strong></span> <span class='ocrx_word' id='word_1_49' title='bbox 1456 1227 1551 1293; x_wconf 89' lang='lat' dir='ltr'><strong>Ita</strong></span> <span class='ocrx_word' id='word_1_50' title='bbox 1582 1227 1703 1293; x_wconf 91' lang='lat' dir='ltr'><strong>hos</strong></span> <span class='ocrx_word' id='word_1_51' title='bbox 1724 1246 1949 1293; x_wconf 90' lang='lat' dir='ltr'><strong>omnes</strong></span> <span class='ocrx_word' id='word_1_52' title='bbox 1976 1231 2202 1296; x_wconf 87' lang='lat' dir='ltr'><strong>modos</strong></span> 
     </span>
     <span class='ocr_line' id='line_1_9' title="bbox 659 1336 2197 1423; baseline 0.001 -22"><span class='ocrx_word' id='word_1_53' title='bbox 659 1336 840 1423; x_wconf 87' lang='lat' dir='ltr'><strong>ponit</strong></span> <span class='ocrx_word' id='word_1_54' title='bbox 874 1336 1179 1418; x_wconf 79' lang='lat' dir='ltr'><strong>Magister</strong></span> <span class='ocrx_word' id='word_1_55' title='bbox 1195 1382 1213 1413; x_wconf 88' lang='lat'><strong>,</strong></span> <span class='ocrx_word' id='word_1_56' title='bbox 1244 1352 1408 1419; x_wconf 86' lang='lat' dir='ltr'><strong>quos</strong></span> <span class='ocrx_word' id='word_1_57' title='bbox 1441 1338 1660 1400; x_wconf 90' lang='lat' dir='ltr'><strong>tamen</strong></span> <span class='ocrx_word' id='word_1_58' title='bbox 1699 1354 1832 1401; x_wconf 92' lang='lat' dir='ltr'><strong>non</strong></span> <span class='ocrx_word' id='word_1_59' title='bbox 1859 1338 2197 1420; x_wconf 85' lang='lat' dir='ltr'><strong>approbat,</strong></span> 
     </span>
     <span class='ocr_line' id='line_1_10' title="bbox 659 1441 2204 1527; baseline 0 -18"><span class='ocrx_word' id='word_1_60' title='bbox 659 1444 809 1510; x_wconf 90' lang='lat' dir='ltr'><strong>licet</strong></span> <span class='ocrx_word' id='word_1_61' title='bbox 833 1443 1131 1509; x_wconf 87' lang='lat' dir='ltr'><strong>sustineri</strong></span> <span class='ocrx_word' id='word_1_62' title='bbox 1159 1444 1422 1526; x_wconf 85' lang='lat' dir='ltr'><strong>possint.</strong></span> <span class='ocrx_word' id='word_1_63' title='bbox 1455 1441 1754 1509; x_wconf 88' lang='lat' dir='ltr'><strong>Primum</strong></span> <span class='ocrx_word' id='word_1_64' title='bbox 1777 1444 1955 1509; x_wconf 92' lang='lat' dir='ltr'><strong>enim</strong></span> <span class='ocrx_word' id='word_1_65' title='bbox 1983 1445 2204 1527; x_wconf 79' lang='lat' dir='ltr'><strong>arg-uit</strong></span> 
     </span>
     <span class='ocr_line' id='line_1_11' title="bbox 662 1550 2200 1634; baseline 0 -18"><span class='ocrx_word' id='word_1_66' title='bbox 662 1550 741 1616; x_wconf 91' lang='lat' dir='ltr'><strong>de</strong></span> <span class='ocrx_word' id='word_1_67' title='bbox 782 1551 1292 1634; x_wconf 65' lang='lat' dir='ltr'><strong>improprietate,</strong></span> <span class='ocrx_word' id='word_1_68' title='bbox 1332 1550 1487 1633; x_wconf 86' lang='lat' dir='ltr'><strong>quia</strong></span> <span class='ocrx_word' id='word_1_69' title='bbox 1509 1550 1731 1616; x_wconf 77' lang='lat' dir='ltr'><strong>divina</strong></span> <span class='ocrx_word' id='word_1_70' title='bbox 1756 1552 2029 1616; x_wconf 82' lang='lat' dir='ltr'><strong>essentia</strong></span> <span class='ocrx_word' id='word_1_71' title='bbox 2067 1570 2200 1618; x_wconf 88' lang='lat' dir='ltr'><strong>non</strong></span> 
     </span>
     <span class='ocr_line' id='line_1_12' title="bbox 661 1656 2197 1742; baseline 0.001 -18"><span class='ocrx_word' id='word_1_72' title='bbox 661 1662 757 1724; x_wconf 87' lang='lat' dir='ltr'><strong>est</strong></span> <span class='ocrx_word' id='word_1_73' title='bbox 789 1658 1044 1742; x_wconf 86' lang='lat' dir='ltr'><strong>proprie</strong></span> <span class='ocrx_word' id='word_1_74' title='bbox 1069 1657 1311 1740; x_wconf 89' lang='lat' dir='ltr'><strong>imago.</strong></span> <span class='ocrx_word' id='word_1_75' title='bbox 1357 1656 1724 1723; x_wconf 89' lang='lat' dir='ltr'><strong>Secundum</strong></span> <span class='ocrx_word' id='word_1_76' title='bbox 1743 1707 1762 1737; x_wconf 91' lang='lat'><strong>,</strong></span> <span class='ocrx_word' id='word_1_77' title='bbox 1791 1658 1870 1724; x_wconf 88' lang='lat' dir='ltr'><strong>de</strong></span> <span class='ocrx_word' id='word_1_78' title='bbox 1897 1659 2197 1740; x_wconf 83' lang='lat' dir='ltr'><strong>falsitate,</strong></span> 
     </span>
     <span class='ocr_line' id='line_1_13' title="bbox 661 1764 2203 1851; baseline 0.003 -22"><span class='ocrx_word' id='word_1_79' title='bbox 661 1766 816 1851; x_wconf 86' lang='lat' dir='ltr'><strong>quia</strong></span> <span class='ocrx_word' id='word_1_80' title='bbox 855 1764 1055 1830; x_wconf 87' lang='lat' dir='ltr'><strong>Filius</strong></span> <span class='ocrx_word' id='word_1_81' title='bbox 1095 1784 1228 1831; x_wconf 94' lang='lat' dir='ltr'><strong>non</strong></span> <span class='ocrx_word' id='word_1_82' title='bbox 1269 1767 1364 1829; x_wconf 88' lang='lat' dir='ltr'><strong>est</strong></span> <span class='ocrx_word' id='word_1_83' title='bbox 1399 1764 1621 1846; x_wconf 89' lang='lat' dir='ltr'><strong>imago</strong></span> <span class='ocrx_word' id='word_1_84' title='bbox 1654 1769 1913 1845; x_wconf 88' lang='lat' dir='ltr'><strong>nostra;</strong></span> <span class='ocrx_word' id='word_1_85' title='bbox 1961 1767 2041 1831; x_wconf 92' lang='lat' dir='ltr'><strong>de</strong></span> <span class='ocrx_word' id='word_1_86' title='bbox 2079 1766 2203 1833; x_wconf 92' lang='lat' dir='ltr'><strong>hoc</strong></span> 
     </span>
     <span class='ocr_line' id='line_1_14' title="bbox 661 1871 2197 1957; baseline 0 -17"><span class='ocrx_word' id='word_1_87' title='bbox 661 1874 854 1940; x_wconf 89' lang='lat' dir='ltr'><strong>etiam</strong></span> <span class='ocrx_word' id='word_1_88' title='bbox 878 1873 1050 1957; x_wconf 90' lang='lat' dir='ltr'><strong>quod</strong></span> <span class='ocrx_word' id='word_1_89' title='bbox 1069 1871 1242 1954; x_wconf 88' lang='lat' dir='ltr'><strong>dicit,</strong></span> <span class='ocrx_word' id='word_1_90' title='bbox 1267 1873 1442 1956; x_wconf 90' lang='lat' dir='ltr'><strong>quod</strong></span> <span class='ocrx_word' id='word_1_91' title='bbox 1465 1873 1662 1938; x_wconf 90' lang='lat' dir='ltr'><strong>homo</strong></span> <span class='ocrx_word' id='word_1_92' title='bbox 1679 1891 1815 1938; x_wconf 93' lang='lat' dir='ltr'><strong>non</strong></span> <span class='ocrx_word' id='word_1_93' title='bbox 1837 1878 1933 1938; x_wconf 86' lang='lat' dir='ltr'><strong>est</strong></span> <span class='ocrx_word' id='word_1_94' title='bbox 1951 1875 2197 1957; x_wconf 86' lang='lat' dir='ltr'><strong>imago,</strong></span> 
     </span>
     <span class='ocr_line' id='line_1_15' title="bbox 660 1978 2204 2063; baseline -0.001 -15"><span class='ocrx_word' id='word_1_95' title='bbox 660 1980 771 2048; x_wconf 81' lang='lat' dir='ltr'><strong>sed</strong></span> <span class='ocrx_word' id='word_1_96' title='bbox 798 1982 879 2047; x_wconf 88' lang='lat' dir='ltr'><strong>ad</strong></span> <span class='ocrx_word' id='word_1_97' title='bbox 906 1981 1281 2062; x_wconf 84' lang='lat' dir='ltr'><strong>imaginem.</strong></span> <span class='ocrx_word' id='word_1_98' title='bbox 1311 1978 1600 2045; x_wconf 88' lang='lat' dir='ltr'><strong>Tertium</strong></span> <span class='ocrx_word' id='word_1_99' title='bbox 1628 1981 1847 2063; x_wconf 88' lang='lat' dir='ltr'><strong>arguit</strong></span> <span class='ocrx_word' id='word_1_100' title='bbox 1875 1981 1953 2046; x_wconf 92' lang='lat' dir='ltr'><strong>de</strong></span> <span class='ocrx_word' id='word_1_101' title='bbox 1990 1981 2204 2047; x_wconf 89' lang='lat' dir='ltr'><strong>incer-</strong></span> 
     </span>
    </p>
   </div>
   <div class='ocr_carea' id='block_1_3' title="bbox 659 2087 2232 2173">
    <p class='ocr_par' dir='ltr' id='par_1_3' title="bbox 659 2087 2232 2173">
     <span class='ocr_line' id='line_1_16' title="bbox 659 2087 2232 2173; baseline 0.001 -18"><span class='ocrx_word' id='word_1_102' title='bbox 659 2089 957 2169; x_wconf 84' lang='lat' dir='ltr'><strong>titudine,</strong></span> <span class='ocrx_word' id='word_1_103' title='bbox 982 2090 1136 2171; x_wconf 90' lang='lat' dir='ltr'><strong>quia</strong></span> <span class='ocrx_word' id='word_1_104' title='bbox 1156 2088 1598 2153; x_wconf 87' lang='lat' dir='ltr'><strong>auctoritatem</strong></span> <span class='ocrx_word' id='word_1_105' title='bbox 1614 2107 1699 2153; x_wconf 86' lang='lat' dir='ltr'><strong>ex</strong></span> <span class='ocrx_word' id='word_1_106' title='bbox 1720 2087 2050 2173; x_wconf 82' lang='lat' dir='ltr'><strong>Scriptura</strong></span> <span class='ocrx_word' id='word_1_107' title='bbox 2069 2109 2202 2157; x_wconf 92' lang='lat' dir='ltr'><strong>non</strong></span> <span class='ocrx_word' id='word_1_108' title='bbox 2226 2099 2232 2104; x_wconf 83' lang='lat'>&#39;</span> 
     </span>
    </p>
   </div>
   <div class='ocr_carea' id='block_1_4' title="bbox 629 2194 2210 4754">
    <p class='ocr_par' dir='ltr' id='par_1_4' title="bbox 629 2194 2210 4754">
     <span class='ocr_line' id='line_1_17' title="bbox 660 2194 2201 2279; baseline 0.001 -19"><span class='ocrx_word' id='word_1_109' title='bbox 660 2194 873 2260; x_wconf 86' lang='lat' dir='ltr'><strong>habet.</strong></span> <span class='ocrx_word' id='word_1_110' title='bbox 905 2194 1090 2258; x_wconf 83' lang='lat' dir='ltr'><strong>Alius</strong></span> <span class='ocrx_word' id='word_1_111' title='bbox 1127 2194 1359 2259; x_wconf 87' lang='lat' dir='ltr'><strong>modus</strong></span> <span class='ocrx_word' id='word_1_112' title='bbox 1394 2195 1757 2279; x_wconf 83' lang='lat' dir='ltr'><strong>exponendi</strong></span> <span class='ocrx_word' id='word_1_113' title='bbox 1792 2199 1889 2261; x_wconf 85' lang='lat' dir='ltr'><strong>est</strong></span> <span class='ocrx_word' id='word_1_114' title='bbox 1912 2196 1991 2262; x_wconf 92' lang='lat' dir='ltr'><strong>de</strong></span> <span class='ocrx_word' id='word_1_115' title='bbox 2030 2197 2201 2262; x_wconf 90' lang='lat' dir='ltr'><strong>ima-</strong></span> 
     </span>
     <span class='ocr_line' id='line_1_18' title="bbox 661 2304 2202 2390; baseline 0.002 -21"><span class='ocrx_word' id='word_1_116' title='bbox 661 2304 817 2388; x_wconf 87' lang='lat' dir='ltr'><strong>gine</strong></span> <span class='ocrx_word' id='word_1_117' title='bbox 843 2306 1075 2384; x_wconf 88' lang='lat' dir='ltr'><strong>creata‚</strong></span> <span class='ocrx_word' id='word_1_118' title='bbox 1101 2307 1165 2368; x_wconf 87' lang='lat' dir='ltr'><strong>et</strong></span> <span class='ocrx_word' id='word_1_119' title='bbox 1188 2304 1307 2369; x_wconf 88' lang='lat' dir='ltr'><strong>iste</strong></span> <span class='ocrx_word' id='word_1_120' title='bbox 1331 2307 1426 2369; x_wconf 89' lang='lat' dir='ltr'><strong>est</strong></span> <span class='ocrx_word' id='word_1_121' title='bbox 1446 2304 1722 2387; x_wconf 86' lang='lat' dir='ltr'><strong>triplex:</strong></span> <span class='ocrx_word' id='word_1_122' title='bbox 1743 2323 1941 2384; x_wconf 86' lang='grc' dir='ltr'><strong>111111ε,</strong></span> <span class='ocrx_word' id='word_1_123' title='bbox 1969 2306 2085 2390; x_wconf 91' lang='lat' dir='ltr'><strong>qui</strong></span> <span class='ocrx_word' id='word_1_124' title='bbox 2111 2307 2202 2372; x_wconf 90' lang='lat' dir='ltr'><strong>sic</strong></span> 
     </span>
     <span class='ocr_line' id='line_1_19' title="bbox 639 2411 2196 2497; baseline -0.001 -18"><span class='ocrx_word' id='word_1_125' title='bbox 639 2413 955 2497; x_wconf 64' lang='lat' dir='ltr'><strong>exponit,</strong></span> <span class='ocrx_word' id='word_1_126' title='bbox 987 2414 1064 2477; x_wconf 90' lang='lat' dir='ltr'><strong>ut</strong></span> <span class='ocrx_word' id='word_1_127' title='bbox 1093 2412 1314 2493; x_wconf 89' lang='lat' dir='ltr'><strong>imago</strong></span> <span class='ocrx_word' id='word_1_128' title='bbox 1340 2411 1657 2496; x_wconf 84' lang='lat' dir='ltr'><strong>praeccdat</strong></span> <span class='ocrx_word' id='word_1_129' title='bbox 1682 2411 2196 2494; x_wconf 89' lang='lat' dir='ltr'><strong>similitudinem,</strong></span> 
     </span>
     <span class='ocr_line' id='line_1_20' title="bbox 647 2518 2202 2602; baseline -0.001 -16"><span class='ocrx_word' id='word_1_130' title='bbox 647 2522 725 2586; x_wconf 74' lang='lat' dir='ltr'><strong>‘et</strong></span> <span class='ocrx_word' id='word_1_131' title='bbox 749 2519 903 2585; x_wconf 89' lang='lat' dir='ltr'><strong>dicit</strong></span> <span class='ocrx_word' id='word_1_132' title='bbox 925 2519 1098 2602; x_wconf 85' lang='lat' dir='ltr'><strong>quod</strong></span> <span class='ocrx_word' id='word_1_133' title='bbox 1121 2518 1343 2600; x_wconf 86' lang='lat' dir='ltr'><strong>imago</strong></span> <span class='ocrx_word' id='word_1_134' title='bbox 1368 2521 1463 2583; x_wconf 90' lang='lat' dir='ltr'><strong>est</strong></span> <span class='ocrx_word' id='word_1_135' title='bbox 1483 2518 1555 2582; x_wconf 92' lang='lat' dir='ltr'><strong>in</strong></span> <span class='ocrx_word' id='word_1_136' title='bbox 1574 2519 1999 2600; x_wconf 88' lang='lat' dir='ltr'><strong>naturalibus,</strong></span> <span class='ocrx_word' id='word_1_137' title='bbox 2024 2524 2091 2585; x_wconf 89' lang='lat' dir='ltr'><strong>et</strong></span> <span class='ocrx_word' id='word_1_138' title='bbox 2113 2520 2202 2584; x_wconf 87' lang='lat' dir='ltr'><strong>si-</strong></span> 
     </span>
     <span class='ocr_line' id='line_1_21' title="bbox 661 2625 2202 2711; baseline 0.001 -19"><span class='ocrx_word' id='word_1_139' title='bbox 661 2627 958 2693; x_wconf 91' lang='lat' dir='ltr'><strong>militudo</strong></span> <span class='ocrx_word' id='word_1_140' title='bbox 983 2626 1057 2691; x_wconf 85' lang='lat' dir='ltr'><strong>in</strong></span> <span class='ocrx_word' id='word_1_141' title='bbox 1083 2625 1420 2709; x_wconf 86' lang='lat' dir='ltr'><strong>gratuitis;</strong></span> <span class='ocrx_word' id='word_1_142' title='bbox 1450 2626 1789 2706; x_wconf 83' lang='lat' dir='ltr'><strong>secundus,</strong></span> <span class='ocrx_word' id='word_1_143' title='bbox 1820 2627 1935 2711; x_wconf 88' lang='lat' dir='ltr'><strong>qni</strong></span> <span class='ocrx_word' id='word_1_144' title='bbox 1963 2628 2054 2692; x_wconf 88' lang='lat' dir='ltr'><strong>sic</strong></span> <span class='ocrx_word' id='word_1_145' title='bbox 2084 2646 2202 2693; x_wconf 88' lang='lat' dir='ltr'><strong>ex-</strong></span> 
     </span>
     <span class='ocr_line' id='line_1_22' title="bbox 660 2732 2197 2822; baseline 0 -22"><span class='ocrx_word' id='word_1_146' title='bbox 660 2735 864 2822; x_wconf 85' lang='lat' dir='ltr'><strong>ponit,</strong></span> <span class='ocrx_word' id='word_1_147' title='bbox 883 2738 958 2800; x_wconf 83' lang='lat' dir='ltr'><strong>ut</strong></span> <span class='ocrx_word' id='word_1_148' title='bbox 970 2732 1319 2799; x_wconf 85' lang='lat' dir='ltr'><strong>similitudo</strong></span> <span class='ocrx_word' id='word_1_149' title='bbox 1338 2734 1800 2802; x_wconf 76' lang='lat' dir='ltr'><strong>concomitatur</strong></span> <span class='ocrx_word' id='word_1_150' title='bbox 1818 2735 2197 2817; x_wconf 88' lang='lat' dir='ltr'><strong>imaginem,</strong></span> 
     </span>
     <span class='ocr_line' id='line_1_23' title="bbox 661 2841 2202 2925; baseline -0.001 -16"><span class='ocrx_word' id='word_1_151' title='bbox 661 2847 727 2909; x_wconf 90' lang='lat' dir='ltr'><strong>et</strong></span> <span class='ocrx_word' id='word_1_152' title='bbox 763 2841 880 2908; x_wconf 87' lang='lat' dir='ltr'><strong>iste</strong></span> <span class='ocrx_word' id='word_1_153' title='bbox 918 2844 1046 2923; x_wconf 90' lang='lat' dir='ltr'><strong>est,</strong></span> <span class='ocrx_word' id='word_1_154' title='bbox 1078 2841 1251 2925; x_wconf 89' lang='lat' dir='ltr'><strong>quod</strong></span> <span class='ocrx_word' id='word_1_155' title='bbox 1291 2841 1512 2923; x_wconf 89' lang='lat' dir='ltr'><strong>imago</strong></span> <span class='ocrx_word' id='word_1_156' title='bbox 1552 2841 1633 2905; x_wconf 88' lang='lat' dir='ltr'><strong>sit</strong></span> <span class='ocrx_word' id='word_1_157' title='bbox 1670 2841 1742 2906; x_wconf 93' lang='lat' dir='ltr'><strong>in</strong></span> <span class='ocrx_word' id='word_1_158' title='bbox 1782 2842 2063 2925; x_wconf 74' lang='lat' dir='ltr'><strong>potentia</strong></span> <span class='ocrx_word' id='word_1_159' title='bbox 2094 2862 2202 2908; x_wconf 93' lang='lat' dir='ltr'><strong>co-</strong></span> 
     </span>
     <span class='ocr_line' id='line_1_24' title="bbox 661 2949 2196 3036; baseline -0.001 -20"><span class='ocrx_word' id='word_1_160' title='bbox 661 2950 1041 3036; x_wconf 89' lang='lat' dir='ltr'><strong>gnoscendi,</strong></span> <span class='ocrx_word' id='word_1_161' title='bbox 1068 2949 1416 3016; x_wconf 88' lang='lat' dir='ltr'><strong>similitudo</strong></span> <span class='ocrx_word' id='word_1_162' title='bbox 1440 2949 1509 3013; x_wconf 92' lang='lat' dir='ltr'><strong>in</strong></span> <span class='ocrx_word' id='word_1_163' title='bbox 1537 2950 1818 3032; x_wconf 86' lang='lat' dir='ltr'><strong>potentia</strong></span> <span class='ocrx_word' id='word_1_164' title='bbox 1845 2950 2151 3033; x_wconf 89' lang='lat' dir='ltr'><strong>diligendi</strong></span> <span class='ocrx_word' id='word_1_165' title='bbox 2178 2971 2196 3033; x_wconf 91' lang='lat'>;</span> 
     </span>
     <span class='ocr_line' id='line_1_25' title="bbox 660 3055 2201 3141; baseline -0.001 -15"><span class='ocrx_word' id='word_1_166' title='bbox 660 3059 887 3127; x_wconf 83' lang='lat' dir='ltr'><strong>tertius</strong></span> <span class='ocrx_word' id='word_1_167' title='bbox 911 3058 1163 3136; x_wconf 89' lang='lat' dir='ltr'><strong>modus,</strong></span> <span class='ocrx_word' id='word_1_168' title='bbox 1192 3057 1308 3141; x_wconf 91' lang='lat' dir='ltr'><strong>qui</strong></span> <span class='ocrx_word' id='word_1_169' title='bbox 1335 3056 1426 3121; x_wconf 91' lang='lat' dir='ltr'><strong>sic</strong></span> <span class='ocrx_word' id='word_1_170' title='bbox 1449 3055 1731 3140; x_wconf 83' lang='lat' dir='ltr'><strong>exponit,</strong></span> <span class='ocrx_word' id='word_1_171' title='bbox 1760 3058 1836 3122; x_wconf 91' lang='lat' dir='ltr'><strong>ut</strong></span> <span class='ocrx_word' id='word_1_172' title='bbox 1860 3056 2079 3140; x_wconf 89' lang='lat' dir='ltr'><strong>imago</strong></span> <span class='ocrx_word' id='word_1_173' title='bbox 2101 3075 2201 3124; x_wconf 88' lang='lat' dir='ltr'><strong>se-</strong></span> 
     </span>
     <span class='ocr_line' id='line_1_26' title="bbox 660 3163 2200 3252; baseline 0.001 -21"><span class='ocrx_word' id='word_1_174' title='bbox 660 3170 897 3252; x_wconf 84' lang='lat' dir='ltr'><strong>quatur</strong></span> <span class='ocrx_word' id='word_1_175' title='bbox 922 3165 1408 3231; x_wconf 84' lang='lat' dir='ltr'><strong>similitudinem</strong></span> <span class='ocrx_word' id='word_1_176' title='bbox 1432 3163 1788 3230; x_wconf 89' lang='lat' dir='ltr'><strong>secundum</strong></span> <span class='ocrx_word' id='word_1_177' title='bbox 1814 3182 1972 3246; x_wconf 85' lang='lat' dir='ltr'><strong>esse,</strong></span> <span class='ocrx_word' id='word_1_178' title='bbox 2000 3170 2066 3231; x_wconf 92' lang='lat' dir='ltr'><strong>et</strong></span> <span class='ocrx_word' id='word_1_179' title='bbox 2082 3166 2200 3233; x_wconf 87' lang='lat' dir='ltr'><strong>iste</strong></span> 
     </span>
     <span class='ocr_line' id='line_1_27' title="bbox 659 3272 2200 3358; baseline 0.001 -17"><span class='ocrx_word' id='word_1_180' title='bbox 659 3274 814 3342; x_wconf 88' lang='lat' dir='ltr'><strong>dicit</strong></span> <span class='ocrx_word' id='word_1_181' title='bbox 839 3274 1011 3358; x_wconf 92' lang='lat' dir='ltr'><strong>quod</strong></span> <span class='ocrx_word' id='word_1_182' title='bbox 1033 3272 1384 3339; x_wconf 88' lang='lat' dir='ltr'><strong>similitudo</strong></span> <span class='ocrx_word' id='word_1_183' title='bbox 1411 3272 1600 3338; x_wconf 89' lang='lat' dir='ltr'><strong>estin</strong></span> <span class='ocrx_word' id='word_1_184' title='bbox 1625 3276 1878 3354; x_wconf 89' lang='lat' dir='ltr'><strong>natura,</strong></span> <span class='ocrx_word' id='word_1_185' title='bbox 1901 3278 1965 3338; x_wconf 91' lang='lat' dir='ltr'><strong>et</strong></span> <span class='ocrx_word' id='word_1_186' title='bbox 1980 3274 2200 3358; x_wconf 85' lang='lat' dir='ltr'><strong>imago</strong></span> 
     </span>
     <span class='ocr_line' id='line_1_28' title="bbox 660 3380 2200 3466; baseline -0.001 -18"><span class='ocrx_word' id='word_1_187' title='bbox 660 3382 734 3448; x_wconf 89' lang='lat' dir='ltr'><strong>in</strong></span> <span class='ocrx_word' id='word_1_188' title='bbox 763 3381 993 3447; x_wconf 83' lang='lat' dir='ltr'><strong>forma.</strong></span> <span class='ocrx_word' id='word_1_189' title='bbox 1040 3380 1276 3447; x_wconf 87' lang='lat' dir='ltr'><strong>Omnes</strong></span> <span class='ocrx_word' id='word_1_190' title='bbox 1316 3380 1436 3444; x_wconf 90' lang='lat' dir='ltr'><strong>hos</strong></span> <span class='ocrx_word' id='word_1_191' title='bbox 1475 3380 1702 3447; x_wconf 86' lang='lat' dir='ltr'><strong>modos</strong></span> <span class='ocrx_word' id='word_1_192' title='bbox 1728 3381 2036 3466; x_wconf 89' lang='lat' dir='ltr'><strong>approbat</strong></span> <span class='ocrx_word' id='word_1_193' title='bbox 2066 3381 2200 3447; x_wconf 82' lang='lat' dir='ltr'><strong>Ma-</strong></span> 
     </span>
     <span class='ocr_line' id='line_1_29' title="bbox 660 3487 2203 3573; baseline -0.001 -17"><span class='ocrx_word' id='word_1_194' title='bbox 660 3491 881 3573; x_wconf 85' lang='lat' dir='ltr'><strong>gister,</strong></span> <span class='ocrx_word' id='word_1_195' title='bbox 913 3492 978 3553; x_wconf 92' lang='lat' dir='ltr'><strong>et</strong></span> <span class='ocrx_word' id='word_1_196' title='bbox 1000 3489 1300 3568; x_wconf 83' lang='lat' dir='ltr'><strong>sustinet3</strong></span> <span class='ocrx_word' id='word_1_197' title='bbox 1330 3490 1393 3552; x_wconf 91' lang='lat' dir='ltr'><strong>et</strong></span> <span class='ocrx_word' id='word_1_198' title='bbox 1417 3487 1569 3553; x_wconf 88' lang='lat' dir='ltr'><strong>satis</strong></span> <span class='ocrx_word' id='word_1_199' title='bbox 1597 3488 1852 3554; x_wconf 89' lang='lat' dir='ltr'><strong>videtur</strong></span> <span class='ocrx_word' id='word_1_200' title='bbox 1876 3490 2203 3573; x_wconf 88' lang='lat' dir='ltr'><strong>probabile</strong></span> 
     </span>
     <span class='ocr_line' id='line_1_30' title="bbox 659 3594 2198 3681; baseline 0 -20"><span class='ocrx_word' id='word_1_201' title='bbox 659 3596 833 3681; x_wconf 89' lang='lat' dir='ltr'><strong>quod</strong></span> <span class='ocrx_word' id='word_1_202' title='bbox 858 3594 1183 3679; x_wconf 86' lang='lat' dir='ltr'><strong>Scriptura</strong></span> <span class='ocrx_word' id='word_1_203' title='bbox 1209 3594 1287 3659; x_wconf 89' lang='lat' dir='ltr'><strong>de</strong></span> <span class='ocrx_word' id='word_1_204' title='bbox 1308 3594 1596 3677; x_wconf 88' lang='lat' dir='ltr'><strong>imagine</strong></span> <span class='ocrx_word' id='word_1_205' title='bbox 1620 3597 1831 3660; x_wconf 82' lang='lat' dir='ltr'><strong>creata</strong></span> <span class='ocrx_word' id='word_1_206' title='bbox 1861 3595 2198 3679; x_wconf 87' lang='lat' dir='ltr'><strong>intelligat,</strong></span> 
     </span>
     <span class='ocr_line' id='line_1_31' title="bbox 660 3701 2199 3789; baseline 0.002 -22"><span class='ocrx_word' id='word_1_207' title='bbox 660 3703 960 3786; x_wconf 84' lang='lat' dir='ltr'><strong>quamvis</strong></span> <span class='ocrx_word' id='word_1_208' title='bbox 995 3702 1190 3768; x_wconf 85' lang='lat' dir='ltr'><strong>etiam</strong></span> <span class='ocrx_word' id='word_1_209' title='bbox 1220 3702 1421 3789; x_wconf 88' lang='lat' dir='ltr'><strong>possit</strong></span> <span class='ocrx_word' id='word_1_210' title='bbox 1458 3701 1733 3785; x_wconf 89' lang='lat' dir='ltr'><strong>intelligi</strong></span> <span class='ocrx_word' id='word_1_211' title='bbox 1776 3702 1855 3768; x_wconf 92' lang='lat' dir='ltr'><strong>de</strong></span> <span class='ocrx_word' id='word_1_212' title='bbox 1896 3704 2199 3770; x_wconf 89' lang='lat' dir='ltr'><strong>increata.</strong></span> 
     </span>
     <span class='ocr_line' id='line_1_32' title="bbox 659 3807 2205 3894; baseline 0.001 -18"><span class='ocrx_word' id='word_1_213' title='bbox 659 3807 902 3876; x_wconf 81' lang='lat' dir='ltr'><strong>Verum</strong></span> <span class='ocrx_word' id='word_1_214' title='bbox 915 3814 1010 3875; x_wconf 92' lang='lat' dir='ltr'><strong>est</strong></span> <span class='ocrx_word' id='word_1_215' title='bbox 1022 3808 1197 3874; x_wconf 91' lang='lat' dir='ltr'><strong>enim</strong></span> <span class='ocrx_word' id='word_1_216' title='bbox 1215 3809 1388 3893; x_wconf 89' lang='lat' dir='ltr'><strong>quod</strong></span> <span class='ocrx_word' id='word_1_217' title='bbox 1400 3809 1596 3875; x_wconf 91' lang='lat' dir='ltr'><strong>homo</strong></span> <span class='ocrx_word' id='word_1_218' title='bbox 1611 3810 2096 3894; x_wconf 66' lang='lat' dir='ltr'><strong>praedestinatus</strong></span> <span class='ocrx_word' id='word_1_219' title='bbox 2111 3816 2205 3877; x_wconf 86' lang='lat' dir='ltr'><strong>est</strong></span> 
     </span>
     <span class='ocr_line' id='line_1_33' title="bbox 661 3916 2204 4000; baseline 0.001 -17"><span class='ocrx_word' id='word_1_220' title='bbox 661 3920 739 3984; x_wconf 91' lang='lat' dir='ltr'><strong>ut</strong></span> <span class='ocrx_word' id='word_1_221' title='bbox 762 3917 1194 3982; x_wconf 81' lang='lat' dir='ltr'><strong>conformetur</strong></span> <span class='ocrx_word' id='word_1_222' title='bbox 1221 3917 1495 4000; x_wconf 80' lang='lat' dir='ltr'><strong>imagini</strong></span> <span class='ocrx_word' id='word_1_223' title='bbox 1536 3916 1681 3982; x_wconf 88' lang='lat' dir='ltr'><strong>Filii</strong></span> <span class='ocrx_word' id='word_1_224' title='bbox 1717 3918 1827 3983; x_wconf 92' lang='lat' dir='ltr'><strong>Dei</strong></span> <span class='ocrx_word' id='word_1_225' title='bbox 1858 3939 1875 3984; x_wconf 75' lang='lat' dir='ltr'><em>z</em></span> <span class='ocrx_word' id='word_1_226' title='bbox 1906 3937 2025 3984; x_wconf 92' lang='lat' dir='ltr'><strong>nec</strong></span> <span class='ocrx_word' id='word_1_227' title='bbox 2059 3919 2204 3986; x_wconf 88' lang='lat' dir='ltr'><strong>ideo</strong></span> 
     </span>
     <span class='ocr_line' id='line_1_34' title="bbox 662 4023 2205 4110; baseline 0.002 -19"><span class='ocrx_word' id='word_1_228' title='bbox 662 4023 967 4108; x_wconf 85' lang='lat' dir='ltr'><strong>Magister</strong></span> <span class='ocrx_word' id='word_1_229' title='bbox 1011 4024 1188 4089; x_wconf 91' lang='lat' dir='ltr'><strong>illam</strong></span> <span class='ocrx_word' id='word_1_230' title='bbox 1226 4025 1609 4109; x_wconf 86' lang='lat' dir='ltr'><strong>positionem</strong></span> <span class='ocrx_word' id='word_1_231' title='bbox 1638 4027 2003 4109; x_wconf 88' lang='lat' dir='ltr'><strong>redarguit,</strong></span> <span class='ocrx_word' id='word_1_232' title='bbox 2033 4028 2205 4110; x_wconf 89' lang='lat' dir='ltr'><strong>quod</strong></span> 
     </span>
     <span class='ocr_line' id='line_1_35' title="bbox 663 4132 2206 4218; baseline 0.003 -22"><span class='ocrx_word' id='word_1_233' title='bbox 663 4133 788 4215; x_wconf 81' lang='grc'><strong>1100</strong></span> <span class='ocrx_word' id='word_1_234' title='bbox 813 4151 943 4197; x_wconf 83' lang='grc'><strong>11011</strong></span> <span class='ocrx_word' id='word_1_235' title='bbox 971 4132 1055 4197; x_wconf 90' lang='lat' dir='ltr'><strong>sit</strong></span> <span class='ocrx_word' id='word_1_236' title='bbox 1078 4150 1311 4198; x_wconf 84' lang='lat' dir='ltr'><strong>verum</strong></span> <span class='ocrx_word' id='word_1_237' title='bbox 1333 4153 1350 4214; x_wconf 83' lang='lat'><em>3</em></span> <span class='ocrx_word' id='word_1_238' title='bbox 1386 4133 1496 4199; x_wconf 90' lang='lat' dir='ltr'><strong>sed</strong></span> <span class='ocrx_word' id='word_1_239' title='bbox 1523 4132 1677 4218; x_wconf 89' lang='lat' dir='ltr'><strong>quia</strong></span> <span class='ocrx_word' id='word_1_240' title='bbox 1698 4134 1808 4200; x_wconf 91' lang='lat' dir='ltr'><strong>illa</strong></span> <span class='ocrx_word' id='word_1_241' title='bbox 1832 4135 2051 4218; x_wconf 90' lang='lat' dir='ltr'><strong>imago</strong></span> <span class='ocrx_word' id='word_1_242' title='bbox 2070 4155 2206 4201; x_wconf 91' lang='lat' dir='ltr'><strong>non</strong></span> 
     </span>
     <span class='ocr_line' id='line_1_36' title="bbox 665 4240 2208 4326; baseline 0.002 -21"><span class='ocrx_word' id='word_1_243' title='bbox 665 4241 921 4324; x_wconf 89' lang='lat' dir='ltr'><strong>proprie</strong></span> <span class='ocrx_word' id='word_1_244' title='bbox 967 4243 1173 4324; x_wconf 91' lang='lat' dir='ltr'><strong>potest</strong></span> <span class='ocrx_word' id='word_1_245' title='bbox 1214 4240 1339 4306; x_wconf 89' lang='lat' dir='ltr'><strong>dici</strong></span> <span class='ocrx_word' id='word_1_246' title='bbox 1376 4245 1593 4307; x_wconf 87' lang='lat' dir='ltr'><strong>nostra</strong></span> <span class='ocrx_word' id='word_1_247' title='bbox 1615 4290 1633 4321; x_wconf 88' lang='lat'><strong>,</strong></span> <span class='ocrx_word' id='word_1_248' title='bbox 1674 4242 1780 4307; x_wconf 84' lang='lat' dir='ltr'><strong>vel</strong></span> <span class='ocrx_word' id='word_1_249' title='bbox 1822 4243 2015 4308; x_wconf 90' lang='lat' dir='ltr'><strong>etiam</strong></span> <span class='ocrx_word' id='word_1_250' title='bbox 2054 4244 2208 4326; x_wconf 87' lang='lat' dir='ltr'><strong>quia</strong></span> 
     </span>
     <span class='ocr_line' id='line_1_37' title="bbox 664 4346 2209 4430; baseline 0.001 -17"><span class='ocrx_word' id='word_1_251' title='bbox 664 4365 800 4413; x_wconf 90' lang='lat' dir='ltr'><strong>non</strong></span> <span class='ocrx_word' id='word_1_252' title='bbox 824 4346 1225 4413; x_wconf 91' lang='lat' dir='ltr'><strong>solummodo</strong></span> <span class='ocrx_word' id='word_1_253' title='bbox 1249 4346 1451 4413; x_wconf 92' lang='lat' dir='ltr'><strong>Filius</strong></span> <span class='ocrx_word' id='word_1_254' title='bbox 1478 4351 1572 4414; x_wconf 88' lang='lat' dir='ltr'><strong>est</strong></span> <span class='ocrx_word' id='word_1_255' title='bbox 1591 4348 1810 4430; x_wconf 89' lang='lat' dir='ltr'><strong>imago</strong></span> <span class='ocrx_word' id='word_1_256' title='bbox 1828 4398 1848 4430; x_wconf 99' lang='lat'><strong>,</strong></span> <span class='ocrx_word' id='word_1_257' title='bbox 1873 4350 1983 4414; x_wconf 88' lang='lat' dir='ltr'><strong>sed</strong></span> <span class='ocrx_word' id='word_1_258' title='bbox 2013 4349 2209 4415; x_wconf 89' lang='lat' dir='ltr'><strong>etiam</strong></span> 
     </span>
     <span class='ocr_line' id='line_1_38' title="bbox 629 4432 2208 4538; baseline 0.001 -19"><span class='ocrx_word' id='word_1_259' title='bbox 629 4432 862 4519; x_wconf 64' lang='lat' dir='ltr'><strong>‘homo</strong></span> <span class='ocrx_word' id='word_1_260' title='bbox 904 4471 923 4517; x_wconf 72' lang='grc' dir='ltr'><strong><em>ε</em></strong></span> <span class='ocrx_word' id='word_1_261' title='bbox 955 4455 1142 4538; x_wconf 78' lang='lat' dir='ltr'><strong>cujus</strong></span> <span class='ocrx_word' id='word_1_262' title='bbox 1184 4455 1577 4521; x_wconf 86' lang='lat' dir='ltr'><strong>contrarium</strong></span> <span class='ocrx_word' id='word_1_263' title='bbox 1620 4455 1948 4522; x_wconf 86' lang='lat' dir='ltr'><strong>dicebatur</strong></span> <span class='ocrx_word' id='word_1_264' title='bbox 1988 4455 2059 4519; x_wconf 92' lang='lat' dir='ltr'><strong>in</strong></span> <span class='ocrx_word' id='word_1_265' title='bbox 2097 4455 2208 4521; x_wconf 93' lang='lat' dir='ltr'><strong>illo</strong></span> 
     </span>
     <span class='ocr_line' id='line_1_39' title="bbox 635 4561 2205 4645; baseline -0.001 -17"><span class='ocrx_word' id='word_1_266' title='bbox 635 4572 650 4588; x_wconf 80' lang='grc'><em>·</em></span> <span class='ocrx_word' id='word_1_267' title='bbox 667 4561 858 4628; x_wconf 90' lang='lat' dir='ltr'><strong>modo</strong></span> <span class='ocrx_word' id='word_1_268' title='bbox 884 4562 1267 4645; x_wconf 85' lang='lat' dir='ltr'><strong>exponendi.</strong></span> <span class='ocrx_word' id='word_1_269' title='bbox 1289 4561 1388 4627; x_wconf 88' lang='lat' dir='ltr'><strong>Ad</strong></span> <span class='ocrx_word' id='word_1_270' title='bbox 1411 4562 1572 4628; x_wconf 91' lang='lat' dir='ltr'><strong>illud</strong></span> <span class='ocrx_word' id='word_1_271' title='bbox 1599 4580 1755 4629; x_wconf 84' lang='lat' dir='ltr'><strong>vero</strong></span> <span class='ocrx_word' id='word_1_272' title='bbox 1781 4561 1954 4645; x_wconf 87' lang='lat' dir='ltr'><strong>quod</strong></span> <span class='ocrx_word' id='word_1_273' title='bbox 1979 4562 2205 4645; x_wconf 89' lang='lat' dir='ltr'><strong>objici-</strong></span> 
     </span>
     <span class='ocr_line' id='line_1_40' title="bbox 669 4669 2210 4754; baseline 0.001 -18"><span class='ocrx_word' id='word_1_274' title='bbox 669 4673 802 4747; x_wconf 86' lang='lat' dir='ltr'><strong>tur,</strong></span> <span class='ocrx_word' id='word_1_275' title='bbox 831 4669 1006 4753; x_wconf 91' lang='lat' dir='ltr'><strong>quod</strong></span> <span class='ocrx_word' id='word_1_276' title='bbox 1031 4669 1251 4753; x_wconf 88' lang='lat' dir='ltr'><strong>imago</strong></span> <span class='ocrx_word' id='word_1_277' title='bbox 1271 4688 1404 4735; x_wconf 90' lang='lat' dir='ltr'><strong>non</strong></span> <span class='ocrx_word' id='word_1_278' title='bbox 1430 4672 1635 4753; x_wconf 86' lang='lat' dir='ltr'><strong>potest</strong></span> <span class='ocrx_word' id='word_1_279' title='bbox 1655 4673 1821 4736; x_wconf 87' lang='lat' dir='ltr'><strong>stare</strong></span> <span class='ocrx_word' id='word_1_280' title='bbox 1845 4688 1963 4754; x_wconf 92' lang='lat' dir='ltr'><strong>pro</strong></span> <span class='ocrx_word' id='word_1_281' title='bbox 1998 4670 2210 4737; x_wconf 83' lang='lat' dir='ltr'><strong>creata</strong></span> 
     </span>
    </p>
   </div>
   <div class='ocr_carea' id='block_1_5' title="bbox 549 4776 2211 4861">
    <p class='ocr_par' dir='ltr' id='par_1_5' title="bbox 549 4776 2211 4861">
     <span class='ocr_line' id='line_1_41' title="bbox 549 4776 2211 4861; baseline 0.001 -17"><span class='ocrx_word' id='word_1_282' title='bbox 549 4821 553 4825; x_wconf 56' lang='lat'>&lt;</span> <span class='ocrx_word' id='word_1_283' title='bbox 669 4778 988 4861; x_wconf 82' lang='lat' dir='ltr'><strong>imagine3</strong></span> <span class='ocrx_word' id='word_1_284' title='bbox 1012 4776 1353 4844; x_wconf 87' lang='lat' dir='ltr'><strong>dicendum</strong></span> <span class='ocrx_word' id='word_1_285' title='bbox 1366 4777 1539 4860; x_wconf 92' lang='lat' dir='ltr'><strong>quod</strong></span> <span class='ocrx_word' id='word_1_286' title='bbox 1563 4777 1787 4859; x_wconf 91' lang='lat' dir='ltr'><strong>immo,</strong></span> <span class='ocrx_word' id='word_1_287' title='bbox 1811 4778 1965 4861; x_wconf 91' lang='lat' dir='ltr'><strong>quia</strong></span> <span class='ocrx_word' id='word_1_288' title='bbox 1988 4778 2211 4861; x_wconf 90' lang='lat' dir='ltr'><strong>imago</strong></span> 
     </span>
    </p>
   </div>
   <div class='ocr_carea' id='block_1_6' title="bbox 624 4886 2215 5513">
    <p class='ocr_par' dir='ltr' id='par_1_6' title="bbox 624 4886 2215 5513">
     <span class='ocr_line' id='line_1_42' title="bbox 673 4886 2211 4971; baseline -0.001 -17"><span class='ocrx_word' id='word_1_289' title='bbox 673 4887 984 4971; x_wconf 87' lang='lat' dir='ltr'><strong>accipitur</strong></span> <span class='ocrx_word' id='word_1_290' title='bbox 1015 4887 1086 4952; x_wconf 91' lang='lat' dir='ltr'><strong>in</strong></span> <span class='ocrx_word' id='word_1_291' title='bbox 1121 4887 1539 4951; x_wconf 89' lang='lat' dir='ltr'><strong>abstractione</strong></span> <span class='ocrx_word' id='word_1_292' title='bbox 1571 4909 1586 4951; x_wconf 75' lang='grc' dir='ltr'><strong><em>ε</em></strong></span> <span class='ocrx_word' id='word_1_293' title='bbox 1634 4890 1696 4950; x_wconf 82' lang='grc' dir='ltr'><strong>ει</strong></span> <span class='ocrx_word' id='word_1_294' title='bbox 1729 4886 1819 4959; x_wconf 87' lang='lat' dir='ltr'><strong>sic</strong></span> <span class='ocrx_word' id='word_1_295' title='bbox 1855 4891 2061 4970; x_wconf 88' lang='lat' dir='ltr'><strong>potest</strong></span> <span class='ocrx_word' id='word_1_296' title='bbox 2086 4887 2211 4953; x_wconf 91' lang='lat' dir='ltr'><strong>dici</strong></span> 
     </span>
     <span class='ocr_line' id='line_1_43' title="bbox 672 4993 2211 5078; baseline 0 -17"><span class='ocrx_word' id='word_1_297' title='bbox 672 4996 869 5062; x_wconf 89' lang='lat' dir='ltr'><strong>homo</strong></span> <span class='ocrx_word' id='word_1_298' title='bbox 894 4996 1036 5061; x_wconf 89' lang='lat' dir='ltr'><strong>fleri</strong></span> <span class='ocrx_word' id='word_1_299' title='bbox 1074 4995 1155 5061; x_wconf 90' lang='lat' dir='ltr'><strong>ad</strong></span> <span class='ocrx_word' id='word_1_300' title='bbox 1188 4995 1542 5078; x_wconf 88' lang='lat' dir='ltr'><strong>imaginem</strong></span> <span class='ocrx_word' id='word_1_301' title='bbox 1557 5043 1575 5075; x_wconf 90' lang='lat'><strong>,</strong></span> <span class='ocrx_word' id='word_1_302' title='bbox 1604 4993 1767 5059; x_wconf 88' lang='lat' dir='ltr'><strong>sicut</strong></span> <span class='ocrx_word' id='word_1_303' title='bbox 1805 4995 2024 5061; x_wconf 90' lang='lat' dir='ltr'><strong>tabula</strong></span> <span class='ocrx_word' id='word_1_304' title='bbox 2050 4996 2211 5061; x_wconf 90' lang='lat' dir='ltr'><strong>dici-</strong></span> 
     </span>
     <span class='ocr_line' id='line_1_44' title="bbox 672 5102 2215 5190; baseline 0.001 -22"><span class='ocrx_word' id='word_1_305' title='bbox 672 5106 781 5169; x_wconf 89' lang='lat' dir='ltr'><strong>tur</strong></span> <span class='ocrx_word' id='word_1_306' title='bbox 804 5104 948 5169; x_wconf 87' lang='lat' dir='ltr'><strong>fieri</strong></span> <span class='ocrx_word' id='word_1_307' title='bbox 970 5104 1050 5169; x_wconf 90' lang='lat' dir='ltr'><strong>ad</strong></span> <span class='ocrx_word' id='word_1_308' title='bbox 1074 5102 1450 5187; x_wconf 88' lang='lat' dir='ltr'><strong>imaginem,</strong></span> <span class='ocrx_word' id='word_1_309' title='bbox 1471 5103 1728 5187; x_wconf 88' lang='lat' dir='ltr'><strong>quando</strong></span> <span class='ocrx_word' id='word_1_310' title='bbox 1754 5104 1874 5169; x_wconf 90' lang='lat' dir='ltr'><strong>sibi</strong></span> <span class='ocrx_word' id='word_1_311' title='bbox 1900 5105 2215 5190; x_wconf 89' lang='lat' dir='ltr'><strong>imprimi-</strong></span> 
     </span>
     <span class='ocr_line' id='line_1_45' title="bbox 624 5206 2212 5296; baseline 0.001 -18"><span class='ocrx_word' id='word_1_312' title='bbox 624 5206 646 5217; x_wconf 81' lang='grc'><strong><em>”</em></strong></span> <span class='ocrx_word' id='word_1_313' title='bbox 671 5214 780 5278; x_wconf 86' lang='lat' dir='ltr'><strong>tur</strong></span> <span class='ocrx_word' id='word_1_314' title='bbox 817 5212 1037 5293; x_wconf 87' lang='lat' dir='ltr'><strong>imago</strong></span> <span class='ocrx_word' id='word_1_315' title='bbox 1065 5210 1356 5278; x_wconf 87' lang='lat' dir='ltr'><strong>Herculis</strong></span> <span class='ocrx_word' id='word_1_316' title='bbox 1399 5234 1414 5279; x_wconf 74' lang='lat' dir='ltr'><em>z</em></span> <span class='ocrx_word' id='word_1_317' title='bbox 1452 5212 1605 5277; x_wconf 89' lang='lat' dir='ltr'><strong>hinc</strong></span> <span class='ocrx_word' id='word_1_318' title='bbox 1645 5215 1767 5293; x_wconf 89' lang='lat' dir='ltr'><strong>est,</strong></span> <span class='ocrx_word' id='word_1_319' title='bbox 1797 5213 1971 5296; x_wconf 88' lang='lat' dir='ltr'><strong>quod</strong></span> <span class='ocrx_word' id='word_1_320' title='bbox 2015 5214 2212 5279; x_wconf 90' lang='lat' dir='ltr'><strong>homo</strong></span> 
     </span>
     <span class='ocr_line' id='line_1_46' title="bbox 628 5318 2213 5419; baseline 0.001 -35"><span class='ocrx_word' id='word_1_321' title='bbox 628 5401 646 5419; x_wconf 48' lang='lat'><strong>·</strong></span> <span class='ocrx_word' id='word_1_322' title='bbox 672 5336 805 5385; x_wconf 93' lang='lat' dir='ltr'><strong>non</strong></span> <span class='ocrx_word' id='word_1_323' title='bbox 831 5323 1086 5385; x_wconf 85' lang='lat' dir='ltr'><strong>tantum</strong></span> <span class='ocrx_word' id='word_1_324' title='bbox 1109 5324 1211 5386; x_wconf 85' lang='lat' dir='ltr'><strong>est</strong></span> <span class='ocrx_word' id='word_1_325' title='bbox 1229 5321 1479 5403; x_wconf 80' lang='lat' dir='ltr'><strong>imago,</strong></span> <span class='ocrx_word' id='word_1_326' title='bbox 1505 5318 1616 5387; x_wconf 87' lang='lat' dir='ltr'><strong>sed</strong></span> <span class='ocrx_word' id='word_1_327' title='bbox 1638 5321 1834 5389; x_wconf 88' lang='lat' dir='ltr'><strong>etiam</strong></span> <span class='ocrx_word' id='word_1_328' title='bbox 1863 5321 1946 5389; x_wconf 87' lang='lat' dir='ltr'><strong>ad</strong></span> <span class='ocrx_word' id='word_1_329' title='bbox 1969 5321 2213 5404; x_wconf 87' lang='lat' dir='ltr'><strong>imagi-</strong></span> 
     </span>
     <span class='ocr_line' id='line_1_47' title="bbox 626 5426 1722 5513; baseline 0.002 -22"><span class='ocrx_word' id='word_1_330' title='bbox 626 5426 646 5447; x_wconf 74' lang='lat'>⁸</span> <span class='ocrx_word' id='word_1_331' title='bbox 739 5443 808 5513; x_wconf 73' lang='lat' dir='ltr'><strong>(a)</strong></span> <span class='ocrx_word' id='word_1_332' title='bbox 836 5443 957 5495; x_wconf 78' lang='lat' dir='ltr'><strong>cat.</strong></span> <span class='ocrx_word' id='word_1_333' title='bbox 980 5441 1103 5495; x_wconf 77' lang='lat' dir='ltr'><strong>edit.</strong></span> <span class='ocrx_word' id='word_1_334' title='bbox 1126 5444 1244 5497; x_wconf 80' lang='lat' dir='ltr'><strong>sibi.</strong></span> <span class='ocrx_word' id='word_1_335' title='bbox 1715 5458 1722 5463; x_wconf 89' lang='lat'><strong>·</strong></span> 
     </span>
    </p>
   </div>
   <div class='ocr_carea' id='block_1_7' title="bbox 1786 445 2717 516">
    <p class='ocr_par' dir='ltr' id='par_1_7' title="bbox 1786 445 2717 516">
     <span class='ocr_line' id='line_1_48' title="bbox 1786 445 2717 516; baseline 0 -1"><span class='ocrx_word' id='word_1_336' title='bbox 1786 445 2409 515; x_wconf 75' lang='lat' dir='ltr'>SENTENTIARUM</span> <span class='ocrx_word' id='word_1_337' title='bbox 2443 448 2593 515; x_wconf 82' lang='lat' dir='ltr'><strong>LIB.</strong></span> <span class='ocrx_word' id='word_1_338' title='bbox 2639 449 2717 516; x_wconf 89' lang='lat'><strong>11.</strong></span> 
     </span>
    </p>
   </div>
   <div class='ocr_carea' id='block_1_8' title="bbox 2304 585 3855 993">
    <p class='ocr_par' dir='ltr' id='par_1_8' title="bbox 2304 585 3855 993">
     <span class='ocr_line' id='line_1_49' title="bbox 2304 585 3855 671; baseline 0.004 -21"><span class='ocrx_word' id='word_1_339' title='bbox 2304 602 2481 665; x_wconf 90' lang='lat' dir='ltr'><strong>nem,</strong></span> <span class='ocrx_word' id='word_1_340' title='bbox 2524 585 2676 670; x_wconf 82' lang='lat' dir='ltr'><strong>quia</strong></span> <span class='ocrx_word' id='word_1_341' title='bbox 2714 599 2853 650; x_wconf 91' lang='lat' dir='ltr'><strong>non</strong></span> <span class='ocrx_word' id='word_1_342' title='bbox 2888 585 3240 652; x_wconf 76' lang='grc' dir='ltr'><strong>εο01111ᾱιιι11</strong></span> <span class='ocrx_word' id='word_1_343' title='bbox 3278 602 3504 668; x_wconf 85' lang='lat' dir='ltr'><strong>omne,</strong></span> <span class='ocrx_word' id='word_1_344' title='bbox 3544 589 3711 671; x_wconf 83' lang='lat' dir='ltr'><strong>quod</strong></span> <span class='ocrx_word' id='word_1_345' title='bbox 3747 592 3855 656; x_wconf 79' lang='lat' dir='ltr'><strong>est</strong></span> 
     </span>
     <span class='ocr_line' id='line_1_50' title="bbox 2304 692 3851 777; baseline 0.004 -20"><span class='ocrx_word' id='word_1_346' title='bbox 2304 692 2547 776; x_wconf 89' lang='lat' dir='ltr'><strong>imago,</strong></span> <span class='ocrx_word' id='word_1_347' title='bbox 2577 693 2780 758; x_wconf 89' lang='lat' dir='ltr'><strong>immo</strong></span> <span class='ocrx_word' id='word_1_348' title='bbox 2797 692 3007 758; x_wconf 83' lang='lat' dir='ltr'><strong>differt</strong></span> <span class='ocrx_word' id='word_1_349' title='bbox 3023 693 3104 758; x_wconf 91' lang='lat' dir='ltr'><strong>ab</strong></span> <span class='ocrx_word' id='word_1_350' title='bbox 3130 693 3448 777; x_wconf 81' lang='lat' dir='ltr'><strong>imagine3</strong></span> <span class='ocrx_word' id='word_1_351' title='bbox 3470 694 3669 762; x_wconf 83' lang='lat' dir='ltr'><strong>Filius</strong></span> <span class='ocrx_word' id='word_1_352' title='bbox 3683 699 3851 763; x_wconf 75' lang='lat' dir='ltr'><strong>&#39;vero</strong></span> 
     </span>
     <span class='ocr_line' id='line_1_51' title="bbox 2306 801 3855 886; baseline 0.002 -19"><span class='ocrx_word' id='word_1_353' title='bbox 2306 801 2660 867; x_wconf 88' lang='lat' dir='ltr'><strong>secundum</strong></span> <span class='ocrx_word' id='word_1_354' title='bbox 2703 819 2896 866; x_wconf 90' lang='lat' dir='ltr'><strong>omne</strong></span> <span class='ocrx_word' id='word_1_355' title='bbox 2936 802 3111 884; x_wconf 90' lang='lat' dir='ltr'><strong>quod</strong></span> <span class='ocrx_word' id='word_1_356' title='bbox 3155 806 3279 882; x_wconf 86' lang='lat' dir='ltr'><strong>est,</strong></span> <span class='ocrx_word' id='word_1_357' title='bbox 3321 806 3417 868; x_wconf 88' lang='lat' dir='ltr'><strong>est</strong></span> <span class='ocrx_word' id='word_1_358' title='bbox 3465 804 3685 886; x_wconf 90' lang='lat' dir='ltr'><strong>imago</strong></span> <span class='ocrx_word' id='word_1_359' title='bbox 3730 805 3855 870; x_wconf 84' lang='lat' dir='ltr'><strong>Pa-</strong></span> 
     </span>
     <span class='ocr_line' id='line_1_52' title="bbox 2305 908 3851 993; baseline 0.002 -19"><span class='ocrx_word' id='word_1_360' title='bbox 2305 909 2424 974; x_wconf 88' lang='lat' dir='ltr'><strong>tris</strong></span> <span class='ocrx_word' id='word_1_361' title='bbox 2455 930 2470 973; x_wconf 89' lang='lat'>:</span> <span class='ocrx_word' id='word_1_362' title='bbox 2498 913 2563 974; x_wconf 85' lang='lat' dir='ltr'><strong>et</strong></span> <span class='ocrx_word' id='word_1_363' title='bbox 2599 908 2744 974; x_wconf 89' lang='lat' dir='ltr'><strong>ideo</strong></span> <span class='ocrx_word' id='word_1_364' title='bbox 2770 909 2980 974; x_wconf 90' lang='lat' dir='ltr'><strong>solum</strong></span> <span class='ocrx_word' id='word_1_365' title='bbox 3006 912 3103 974; x_wconf 87' lang='lat' dir='ltr'><strong>est</strong></span> <span class='ocrx_word' id='word_1_366' title='bbox 3126 909 3369 993; x_wconf 90' lang='lat' dir='ltr'><strong>imago,</strong></span> <span class='ocrx_word' id='word_1_367' title='bbox 3399 929 3532 977; x_wconf 91' lang='lat' dir='ltr'><strong>non</strong></span> <span class='ocrx_word' id='word_1_368' title='bbox 3556 911 3641 977; x_wconf 87' lang='lat' dir='ltr'><strong>ad</strong></span> <span class='ocrx_word' id='word_1_369' title='bbox 3674 912 3851 977; x_wconf 86' lang='lat' dir='ltr'><strong>ima-</strong></span> 
     </span>
    </p>
   </div>
   <div class='ocr_carea' id='block_1_9' title="bbox 2309 1019 3221 1167">
    <p class='ocr_par' dir='ltr' id='par_1_9' title="bbox 2309 1019 3221 1167">
     <span class='ocr_line' id='line_1_53' title="bbox 2309 1019 2553 1102; baseline 0 -19"><span class='ocrx_word' id='word_1_370' title='bbox 2309 1019 2553 1102; x_wconf 83' lang='lat' dir='ltr'><strong>ginem.</strong></span> 
     </span>
     <span class='ocr_line' id='line_1_54' title="bbox 2939 1118 3221 1167; baseline 0.007 -2"><span class='ocrx_word' id='word_1_371' title='bbox 2939 1118 3081 1166; x_wconf 77' lang='lat' dir='ltr'><strong>nun.</strong></span> <span class='ocrx_word' id='word_1_372' title='bbox 3128 1118 3221 1167; x_wconf 77' lang='grc' dir='ltr'><strong>Ν.</strong></span> 
     </span>
    </p>
   </div>
   <div class='ocr_carea' id='block_1_10' title="bbox 2613 1224 3529 1291">
    <p class='ocr_par' dir='ltr' id='par_1_10' title="bbox 2613 1224 3529 1291">
     <span class='ocr_line' id='line_1_55' title="bbox 2613 1224 3529 1291; baseline 0.001 -13"><span class='ocrx_word' id='word_1_373' title='bbox 2613 1227 2732 1278; x_wconf 77' lang='lat' dir='ltr'><strong>Non</strong></span> <span class='ocrx_word' id='word_1_374' title='bbox 2757 1224 2968 1278; x_wconf 85' lang='lat' dir='ltr'><strong>omnino</strong></span> <span class='ocrx_word' id='word_1_375' title='bbox 2992 1226 3202 1291; x_wconf 80' lang='lat' dir='ltr'><strong>aequalis</strong></span> <span class='ocrx_word' id='word_1_376' title='bbox 3224 1226 3395 1289; x_wconf 77' lang='lat' dir='ltr'><strong>fiebat,</strong></span> <span class='ocrx_word' id='word_1_377' title='bbox 3426 1229 3529 1279; x_wconf 84' lang='lat' dir='ltr'><strong>ete.</strong></span> 
     </span>
    </p>
   </div>
   <div class='ocr_carea' id='block_1_11' title="bbox 2306 1340 3860 4416">
    <p class='ocr_par' dir='ltr' id='par_1_11' title="bbox 2307 1340 3853 1853">
     <span class='ocr_line' id='line_1_56' title="bbox 2388 1340 3853 1427; baseline 0.003 -20"><span class='ocrx_word' id='word_1_378' title='bbox 2388 1341 2622 1407; x_wconf 85' lang='lat' dir='ltr'><strong>Contra</strong></span> <span class='ocrx_word' id='word_1_379' title='bbox 2664 1362 2682 1406; x_wconf 79' lang='lat' dir='ltr'><strong>t</strong></span> <span class='ocrx_word' id='word_1_380' title='bbox 2716 1340 2898 1420; x_wconf 85' lang='lat' dir='ltr'><strong>Quod</strong></span> <span class='ocrx_word' id='word_1_381' title='bbox 2923 1344 3177 1407; x_wconf 87' lang='lat' dir='ltr'><strong>creatur</strong></span> <span class='ocrx_word' id='word_1_382' title='bbox 3215 1361 3349 1407; x_wconf 90' lang='lat' dir='ltr'><strong>non</strong></span> <span class='ocrx_word' id='word_1_383' title='bbox 3374 1346 3469 1408; x_wconf 90' lang='lat' dir='ltr'><strong>est</strong></span> <span class='ocrx_word' id='word_1_384' title='bbox 3502 1362 3619 1427; x_wconf 90' lang='lat' dir='ltr'><strong>per</strong></span> <span class='ocrx_word' id='word_1_385' title='bbox 3655 1349 3853 1412; x_wconf 87' lang='lat' dir='ltr'><strong>natu-</strong></span> 
     </span>
     <span class='ocr_line' id='line_1_57' title="bbox 2308 1448 3847 1536; baseline 0.001 -21"><span class='ocrx_word' id='word_1_386' title='bbox 2308 1468 2473 1531; x_wconf 88' lang='lat' dir='ltr'><strong>ram,</strong></span> <span class='ocrx_word' id='word_1_387' title='bbox 2494 1449 2604 1514; x_wconf 89' lang='lat' dir='ltr'><strong>sed</strong></span> <span class='ocrx_word' id='word_1_388' title='bbox 2625 1468 2741 1533; x_wconf 92' lang='lat' dir='ltr'><strong>per</strong></span> <span class='ocrx_word' id='word_1_389' title='bbox 2762 1452 3003 1514; x_wconf 85' lang='lat' dir='ltr'><strong>artem:</strong></span> <span class='ocrx_word' id='word_1_390' title='bbox 3028 1448 3138 1513; x_wconf 91' lang='lat' dir='ltr'><strong>sed</strong></span> <span class='ocrx_word' id='word_1_391' title='bbox 3159 1450 3330 1532; x_wconf 89' lang='lat' dir='ltr'><strong>quod</strong></span> <span class='ocrx_word' id='word_1_392' title='bbox 3354 1455 3449 1515; x_wconf 84' lang='lat' dir='ltr'><strong>est</strong></span> <span class='ocrx_word' id='word_1_393' title='bbox 3474 1470 3589 1535; x_wconf 90' lang='lat' dir='ltr'><strong>per</strong></span> <span class='ocrx_word' id='word_1_394' title='bbox 3615 1457 3847 1536; x_wconf 84' lang='lat' dir='ltr'><strong>artem,</strong></span> 
     </span>
     <span class='ocr_line' id='line_1_58' title="bbox 2309 1557 3852 1642; baseline 0.003 -20"><span class='ocrx_word' id='word_1_395' title='bbox 2309 1576 2441 1622; x_wconf 94' lang='lat' dir='ltr'><strong>non</strong></span> <span class='ocrx_word' id='word_1_396' title='bbox 2470 1557 2854 1623; x_wconf 84' lang='lat' dir='ltr'><strong>univocatur</strong></span> <span class='ocrx_word' id='word_1_397' title='bbox 2888 1575 3037 1621; x_wconf 90' lang='lat' dir='ltr'><strong>cum</strong></span> <span class='ocrx_word' id='word_1_398' title='bbox 3072 1574 3149 1621; x_wconf 91' lang='lat' dir='ltr'><strong>eo</strong></span> <span class='ocrx_word' id='word_1_399' title='bbox 3175 1558 3345 1640; x_wconf 86' lang='lat' dir='ltr'><strong>quod</strong></span> <span class='ocrx_word' id='word_1_400' title='bbox 3376 1563 3471 1623; x_wconf 88' lang='lat' dir='ltr'><strong>est</strong></span> <span class='ocrx_word' id='word_1_401' title='bbox 3504 1577 3621 1642; x_wconf 90' lang='lat' dir='ltr'><strong>per</strong></span> <span class='ocrx_word' id='word_1_402' title='bbox 3650 1566 3852 1626; x_wconf 90' lang='lat' dir='ltr'><strong>natu-</strong></span> 
     </span>
     <span class='ocr_line' id='line_1_59' title="bbox 2307 1663 3852 1750; baseline 0.004 -21"><span class='ocrx_word' id='word_1_403' title='bbox 2307 1683 2450 1730; x_wconf 88' lang='lat' dir='ltr'><strong>ram</strong></span> <span class='ocrx_word' id='word_1_404' title='bbox 2468 1713 2485 1743; x_wconf 92' lang='lat'>‚</span> <span class='ocrx_word' id='word_1_405' title='bbox 2532 1666 2734 1729; x_wconf 90' lang='lat' dir='ltr'><strong>immo</strong></span> <span class='ocrx_word' id='word_1_406' title='bbox 2776 1663 3214 1747; x_wconf 61' lang='lat' dir='ltr'><strong>aequivocatur</strong></span> <span class='ocrx_word' id='word_1_407' title='bbox 3253 1685 3269 1731; x_wconf 89' lang='lat'><strong>:</strong></span> <span class='ocrx_word' id='word_1_408' title='bbox 3318 1684 3475 1748; x_wconf 90' lang='lat' dir='ltr'><strong>ergo</strong></span> <span class='ocrx_word' id='word_1_409' title='bbox 3519 1668 3852 1750; x_wconf 60' lang='lat' dir='ltr'><strong>aequivoce</strong></span> 
     </span>
     <span class='ocr_line' id='line_1_60' title="bbox 2308 1769 3643 1853; baseline 0.001 -16"><span class='ocrx_word' id='word_1_410' title='bbox 2308 1771 2542 1837; x_wconf 88' lang='lat' dir='ltr'><strong>dicitur</strong></span> <span class='ocrx_word' id='word_1_411' title='bbox 2564 1772 2784 1853; x_wconf 91' lang='lat' dir='ltr'><strong>imago</strong></span> <span class='ocrx_word' id='word_1_412' title='bbox 2810 1770 2891 1836; x_wconf 89' lang='lat' dir='ltr'><strong>de</strong></span> <span class='ocrx_word' id='word_1_413' title='bbox 2916 1769 3075 1835; x_wconf 89' lang='lat' dir='ltr'><strong>Filio</strong></span> <span class='ocrx_word' id='word_1_414' title='bbox 3101 1770 3243 1848; x_wconf 90' lang='lat' dir='ltr'><strong>Dei,</strong></span> <span class='ocrx_word' id='word_1_415' title='bbox 3272 1777 3337 1836; x_wconf 90' lang='lat' dir='ltr'><strong>et</strong></span> <span class='ocrx_word' id='word_1_416' title='bbox 3361 1772 3643 1838; x_wconf 90' lang='lat' dir='ltr'><strong>homine.</strong></span> 
     </span>
    </p>

    <p class='ocr_par' dir='ltr' id='par_1_12' title="bbox 2306 1879 3860 4416">
     <span class='ocr_line' id='line_1_61' title="bbox 2388 1879 3852 1963; baseline 0.002 -19"><span class='ocrx_word' id='word_1_417' title='bbox 2388 1879 2572 1963; x_wconf 86' lang='lat' dir='ltr'><strong>Resp.</strong></span> <span class='ocrx_word' id='word_1_418' title='bbox 2620 1879 2970 1944; x_wconf 87' lang='lat' dir='ltr'><strong>Dicendum</strong></span> <span class='ocrx_word' id='word_1_419' title='bbox 2996 1882 3120 1958; x_wconf 89' lang='lat' dir='ltr'><strong>est,</strong></span> <span class='ocrx_word' id='word_1_420' title='bbox 3151 1879 3323 1962; x_wconf 90' lang='lat' dir='ltr'><strong>quod</strong></span> <span class='ocrx_word' id='word_1_421' title='bbox 3347 1880 3565 1963; x_wconf 88' lang='lat' dir='ltr'><strong>imago</strong></span> <span class='ocrx_word' id='word_1_422' title='bbox 3591 1881 3670 1946; x_wconf 92' lang='lat' dir='ltr'><strong>de</strong></span> <span class='ocrx_word' id='word_1_423' title='bbox 3688 1880 3852 1948; x_wconf 89' lang='lat' dir='ltr'><strong>Filio</strong></span> 
     </span>
     <span class='ocr_line' id='line_1_62' title="bbox 2308 1985 3854 2070; baseline 0.002 -20"><span class='ocrx_word' id='word_1_424' title='bbox 2308 1986 2456 2067; x_wconf 89' lang='lat' dir='ltr'><strong>Dei,</strong></span> <span class='ocrx_word' id='word_1_425' title='bbox 2482 1990 2545 2050; x_wconf 90' lang='lat' dir='ltr'><strong>et</strong></span> <span class='ocrx_word' id='word_1_426' title='bbox 2569 1985 2855 2063; x_wconf 91' lang='lat' dir='ltr'><strong>homine,</strong></span> <span class='ocrx_word' id='word_1_427' title='bbox 2902 2003 3025 2050; x_wconf 87' lang='lat' dir='ltr'><strong>nec</strong></span> <span class='ocrx_word' id='word_1_428' title='bbox 3066 1985 3299 2050; x_wconf 89' lang='lat' dir='ltr'><strong>dicitur</strong></span> <span class='ocrx_word' id='word_1_429' title='bbox 3337 1987 3685 2070; x_wconf 78' lang='lat' dir='ltr'><strong>aequivoce,</strong></span> <span class='ocrx_word' id='word_1_430' title='bbox 3729 2006 3854 2053; x_wconf 86' lang='lat' dir='ltr'><strong>nec</strong></span> 
     </span>
     <span class='ocr_line' id='line_1_63' title="bbox 2308 2091 3852 2173; baseline 0.001 -17"><span class='ocrx_word' id='word_1_431' title='bbox 2308 2092 2542 2158; x_wconf 91' lang='lat' dir='ltr'><strong>dicitur</strong></span> <span class='ocrx_word' id='word_1_432' title='bbox 2581 2092 2892 2170; x_wconf 86' lang='lat' dir='ltr'><strong>univoce;</strong></span> <span class='ocrx_word' id='word_1_433' title='bbox 2927 2091 3038 2155; x_wconf 83' lang='lat' dir='ltr'><strong>sed</strong></span> <span class='ocrx_word' id='word_1_434' title='bbox 3080 2091 3411 2173; x_wconf 84' lang='lat' dir='ltr'><strong>analogice</strong></span> <span class='ocrx_word' id='word_1_435' title='bbox 3428 2141 3446 2170; x_wconf 93' lang='lat'><strong>,</strong></span> <span class='ocrx_word' id='word_1_436' title='bbox 3494 2092 3852 2158; x_wconf 87' lang='lat' dir='ltr'><strong>secundum</strong></span> 
     </span>
     <span class='ocr_line' id='line_1_64' title="bbox 2306 2199 3848 2286; baseline -0.002 -20"><span class='ocrx_word' id='word_1_437' title='bbox 2306 2202 2486 2286; x_wconf 89' lang='lat' dir='ltr'><strong>prins</strong></span> <span class='ocrx_word' id='word_1_438' title='bbox 2510 2204 2575 2266; x_wconf 92' lang='lat' dir='ltr'><strong>et</strong></span> <span class='ocrx_word' id='word_1_439' title='bbox 2597 2200 2933 2285; x_wconf 87' lang='lat' dir='ltr'><strong>posterius.</strong></span> <span class='ocrx_word' id='word_1_440' title='bbox 2955 2200 3137 2278; x_wconf 86' lang='lat' dir='ltr'><strong>Quod</strong></span> <span class='ocrx_word' id='word_1_441' title='bbox 3162 2218 3318 2282; x_wconf 89' lang='lat' dir='ltr'><strong>ergo</strong></span> <span class='ocrx_word' id='word_1_442' title='bbox 3338 2201 3439 2282; x_wconf 87' lang='lat' dir='ltr'><strong>obj</strong></span> <span class='ocrx_word' id='word_1_443' title='bbox 3448 2199 3657 2279; x_wconf 88' lang='lat' dir='ltr'><strong>icitur,</strong></span> <span class='ocrx_word' id='word_1_444' title='bbox 3672 2200 3848 2282; x_wconf 91' lang='lat' dir='ltr'><strong>quod</strong></span> 
     </span>
     <span class='ocr_line' id='line_1_65' title="bbox 2307 2305 3851 2392; baseline -0.002 -17"><span class='ocrx_word' id='word_1_445' title='bbox 2307 2309 2493 2389; x_wconf 88' lang='lat' dir='ltr'><strong>illud,</strong></span> <span class='ocrx_word' id='word_1_446' title='bbox 2538 2309 2715 2392; x_wconf 91' lang='lat' dir='ltr'><strong>quod</strong></span> <span class='ocrx_word' id='word_1_447' title='bbox 2743 2313 3016 2389; x_wconf 85' lang='lat' dir='ltr'><strong>creatur,</strong></span> <span class='ocrx_word' id='word_1_448' title='bbox 3048 2313 3143 2372; x_wconf 90' lang='lat' dir='ltr'><strong>est</strong></span> <span class='ocrx_word' id='word_1_449' title='bbox 3166 2308 3249 2372; x_wconf 92' lang='lat' dir='ltr'><strong>ab</strong></span> <span class='ocrx_word' id='word_1_450' title='bbox 3276 2311 3462 2386; x_wconf 82' lang='lat' dir='ltr'><strong>ante;</strong></span> <span class='ocrx_word' id='word_1_451' title='bbox 3504 2305 3851 2372; x_wconf 89' lang='lat' dir='ltr'><strong>dicendum</strong></span> 
     </span>
     <span class='ocr_line' id='line_1_66' title="bbox 2308 2414 3850 2501; baseline -0.001 -19"><span class='ocrx_word' id='word_1_452' title='bbox 2308 2417 2477 2501; x_wconf 89' lang='lat' dir='ltr'><strong>quod</strong></span> <span class='ocrx_word' id='word_1_453' title='bbox 2504 2417 2803 2500; x_wconf 81' lang='lat' dir='ltr'><strong>quaedam</strong></span> <span class='ocrx_word' id='word_1_454' title='bbox 2831 2421 2926 2481; x_wconf 91' lang='lat' dir='ltr'><strong>est</strong></span> <span class='ocrx_word' id='word_1_455' title='bbox 2950 2434 3077 2496; x_wconf 77' lang='lat' dir='ltr'><strong>arS,</strong></span> <span class='ocrx_word' id='word_1_456' title='bbox 3105 2416 3206 2497; x_wconf 90' lang='lat' dir='ltr'><strong>cuj</strong></span> <span class='ocrx_word' id='word_1_457' title='bbox 3214 2433 3293 2479; x_wconf 92' lang='lat' dir='ltr'><strong>us</strong></span> <span class='ocrx_word' id='word_1_458' title='bbox 3316 2414 3601 2496; x_wconf 87' lang='lat' dir='ltr'><strong>operatio</strong></span> <span class='ocrx_word' id='word_1_459' title='bbox 3626 2431 3850 2480; x_wconf 84' lang='lat' dir='ltr'><strong>conse·</strong></span> 
     </span>
     <span class='ocr_line' id='line_1_67' title="bbox 2307 2521 3853 2607; baseline 0 -20"><span class='ocrx_word' id='word_1_460' title='bbox 2307 2524 2530 2607; x_wconf 86' lang='lat' dir='ltr'><strong>quitur</strong></span> <span class='ocrx_word' id='word_1_461' title='bbox 2554 2526 2852 2588; x_wconf 91' lang='lat' dir='ltr'><strong>naturam</strong></span> <span class='ocrx_word' id='word_1_462' title='bbox 2876 2542 2894 2604; x_wconf 89' lang='lat'>;</span> <span class='ocrx_word' id='word_1_463' title='bbox 2922 2526 2986 2587; x_wconf 84' lang='lat' dir='ltr'><strong>et</strong></span> <span class='ocrx_word' id='word_1_464' title='bbox 3027 2539 3193 2606; x_wconf 88' lang='lat' dir='ltr'><strong>opus</strong></span> <span class='ocrx_word' id='word_1_465' title='bbox 3225 2521 3409 2586; x_wconf 86' lang='lat' dir='ltr'><strong>istius</strong></span> <span class='ocrx_word' id='word_1_466' title='bbox 3448 2522 3600 2585; x_wconf 86' lang='lat' dir='ltr'><strong>artis</strong></span> <span class='ocrx_word' id='word_1_467' title='bbox 3627 2522 3717 2586; x_wconf 87' lang='lat' dir='ltr'><strong>sic</strong></span> <span class='ocrx_word' id='word_1_468' title='bbox 3752 2526 3853 2587; x_wconf 88' lang='lat' dir='ltr'><strong>est</strong></span> 
     </span>
     <span class='ocr_line' id='line_1_68' title="bbox 2307 2627 3851 2711; baseline -0.001 -18"><span class='ocrx_word' id='word_1_469' title='bbox 2307 2628 2655 2709; x_wconf 80' lang='lat' dir='ltr'><strong>artificiale,</strong></span> <span class='ocrx_word' id='word_1_470' title='bbox 2701 2629 2873 2711; x_wconf 89' lang='lat' dir='ltr'><strong>quod</strong></span> <span class='ocrx_word' id='word_1_471' title='bbox 2914 2647 3047 2698; x_wconf 93' lang='lat' dir='ltr'><strong>non</strong></span> <span class='ocrx_word' id='word_1_472' title='bbox 3090 2632 3185 2693; x_wconf 89' lang='lat' dir='ltr'><strong>est</strong></span> <span class='ocrx_word' id='word_1_473' title='bbox 3224 2627 3553 2707; x_wconf 90' lang='lat' dir='ltr'><strong>naturale;</strong></span> <span class='ocrx_word' id='word_1_474' title='bbox 3599 2632 3662 2691; x_wconf 91' lang='lat' dir='ltr'><strong>et</strong></span> <span class='ocrx_word' id='word_1_475' title='bbox 3702 2628 3851 2692; x_wconf 90' lang='lat' dir='ltr'><strong>ideo</strong></span> 
     </span>
     <span class='ocr_line' id='line_1_69' title="bbox 2308 2734 3850 2820; baseline -0.003 -18"><span class='ocrx_word' id='word_1_476' title='bbox 2308 2754 2471 2820; x_wconf 89' lang='lat' dir='ltr'><strong>opus</strong></span> <span class='ocrx_word' id='word_1_477' title='bbox 2491 2736 2674 2801; x_wconf 86' lang='lat' dir='ltr'><strong>istius</strong></span> <span class='ocrx_word' id='word_1_478' title='bbox 2696 2736 2851 2800; x_wconf 85' lang='lat' dir='ltr'><strong>artis</strong></span> <span class='ocrx_word' id='word_1_479' title='bbox 2877 2754 3028 2800; x_wconf 92' lang='lat' dir='ltr'><strong>cum</strong></span> <span class='ocrx_word' id='word_1_480' title='bbox 3045 2753 3237 2818; x_wconf 85' lang='lat' dir='ltr'><strong>opere</strong></span> <span class='ocrx_word' id='word_1_481' title='bbox 3254 2739 3506 2799; x_wconf 83' lang='lat' dir='ltr'><strong>naturae</strong></span> <span class='ocrx_word' id='word_1_482' title='bbox 3533 2735 3601 2798; x_wconf 89' lang='lat' dir='ltr'><strong>in</strong></span> <span class='ocrx_word' id='word_1_483' title='bbox 3624 2734 3850 2799; x_wconf 88' lang='lat' dir='ltr'><strong>eodem</strong></span> 
     </span>
     <span class='ocr_line' id='line_1_70' title="bbox 2306 2842 3850 2926; baseline -0.001 -18"><span class='ocrx_word' id='word_1_484' title='bbox 2306 2844 2570 2908; x_wconf 91' lang='lat' dir='ltr'><strong>nomine</strong></span> <span class='ocrx_word' id='word_1_485' title='bbox 2592 2843 2832 2908; x_wconf 78' lang='lat' dir='ltr'><strong>faciunt</strong></span> <span class='ocrx_word' id='word_1_486' title='bbox 2845 2843 3442 2926; x_wconf 60' lang='lat' dir='ltr'><strong>aequivocationem,</strong></span> <span class='ocrx_word' id='word_1_487' title='bbox 3460 2842 3627 2907; x_wconf 89' lang='lat' dir='ltr'><strong>sicut</strong></span> <span class='ocrx_word' id='word_1_488' title='bbox 3649 2842 3850 2907; x_wconf 89' lang='lat' dir='ltr'><strong>homo</strong></span> 
     </span>
     <span class='ocr_line' id='line_1_71' title="bbox 2306 2948 3846 3034; baseline 0 -19"><span class='ocrx_word' id='word_1_489' title='bbox 2306 2950 2516 3034; x_wconf 89' lang='lat' dir='ltr'><strong>pictus</strong></span> <span class='ocrx_word' id='word_1_490' title='bbox 2541 2952 2605 3014; x_wconf 92' lang='lat' dir='ltr'><strong>et</strong></span> <span class='ocrx_word' id='word_1_491' title='bbox 2631 2950 2826 3014; x_wconf 90' lang='lat' dir='ltr'><strong>homo</strong></span> <span class='ocrx_word' id='word_1_492' title='bbox 2853 2965 3070 3016; x_wconf 87' lang='lat' dir='ltr'><strong>verus.</strong></span> <span class='ocrx_word' id='word_1_493' title='bbox 3090 2948 3397 3027; x_wconf 82' lang='lat' dir='ltr'><strong>Quaedam</strong></span> <span class='ocrx_word' id='word_1_494' title='bbox 3422 2953 3515 3014; x_wconf 89' lang='lat' dir='ltr'><strong>est</strong></span> <span class='ocrx_word' id='word_1_495' title='bbox 3541 2967 3666 3031; x_wconf 78' lang='lat' dir='ltr'><strong>arS,</strong></span> <span class='ocrx_word' id='word_1_496' title='bbox 3690 2968 3846 3033; x_wconf 82' lang='lat' dir='ltr'><strong>quae</strong></span> 
     </span>
     <span class='ocr_line' id='line_1_72' title="bbox 2308 3056 3848 3140; baseline 0 -18"><span class='ocrx_word' id='word_1_497' title='bbox 2308 3060 2403 3122; x_wconf 91' lang='lat' dir='ltr'><strong>est</strong></span> <span class='ocrx_word' id='word_1_498' title='bbox 2442 3056 2936 3122; x_wconf 84' lang='lat' dir='ltr'><strong>fundamentum</strong></span> <span class='ocrx_word' id='word_1_499' title='bbox 2995 3063 3285 3137; x_wconf 77' lang='lat' dir='ltr'><strong>naturae3</strong></span> <span class='ocrx_word' id='word_1_500' title='bbox 3349 3060 3413 3121; x_wconf 90' lang='lat' dir='ltr'><strong>et</strong></span> <span class='ocrx_word' id='word_1_501' title='bbox 3467 3075 3631 3140; x_wconf 87' lang='lat' dir='ltr'><strong>opus</strong></span> <span class='ocrx_word' id='word_1_502' title='bbox 3673 3057 3848 3123; x_wconf 88' lang='lat' dir='ltr'><strong>illius</strong></span> 
     </span>
     <span class='ocr_line' id='line_1_73' title="bbox 2307 3163 3854 3248; baseline 0.001 -19"><span class='ocrx_word' id='word_1_503' title='bbox 2307 3164 2460 3229; x_wconf 88' lang='lat' dir='ltr'><strong>artis</strong></span> <span class='ocrx_word' id='word_1_504' title='bbox 2484 3164 2647 3229; x_wconf 91' lang='lat' dir='ltr'><strong>bene</strong></span> <span class='ocrx_word' id='word_1_505' title='bbox 2677 3166 2773 3228; x_wconf 90' lang='grc' dir='ltr'><strong>εει</strong></span> <span class='ocrx_word' id='word_1_506' title='bbox 2796 3163 3088 3228; x_wconf 86' lang='lat' dir='ltr'><strong>naturale</strong></span> <span class='ocrx_word' id='word_1_507' title='bbox 3104 3213 3123 3243; x_wconf 91' lang='lat'><strong>,</strong></span> <span class='ocrx_word' id='word_1_508' title='bbox 3166 3164 3321 3247; x_wconf 89' lang='lat' dir='ltr'><strong>quia</strong></span> <span class='ocrx_word' id='word_1_509' title='bbox 3349 3164 3613 3229; x_wconf 85' lang='lat' dir='ltr'><strong>fabricat</strong></span> <span class='ocrx_word' id='word_1_510' title='bbox 3638 3166 3854 3248; x_wconf 90' lang='lat' dir='ltr'><strong>ipsum</strong></span> 
     </span>
     <span class='ocr_line' id='line_1_74' title="bbox 2307 3271 3854 3355; baseline 0.001 -19"><span class='ocrx_word' id='word_1_511' title='bbox 2307 3276 2539 3338; x_wconf 88' lang='lat' dir='ltr'><strong>natura</strong></span> <span class='ocrx_word' id='word_1_512' title='bbox 2591 3291 2609 3337; x_wconf 76' lang='grc' dir='ltr'><strong><em>ε</em></strong></span> <span class='ocrx_word' id='word_1_513' title='bbox 2658 3274 2723 3337; x_wconf 88' lang='grc' dir='ltr'><strong>ει</strong></span> <span class='ocrx_word' id='word_1_514' title='bbox 2769 3271 2914 3336; x_wconf 78' lang='lat' dir='ltr'><strong>talis</strong></span> <span class='ocrx_word' id='word_1_515' title='bbox 2972 3275 3067 3336; x_wconf 91' lang='lat' dir='ltr'><strong>est</strong></span> <span class='ocrx_word' id='word_1_516' title='bbox 3109 3288 3213 3337; x_wconf 90' lang='lat' dir='ltr'><strong>ars</strong></span> <span class='ocrx_word' id='word_1_517' title='bbox 3229 3319 3247 3349; x_wconf 98' lang='lat'><strong>,</strong></span> <span class='ocrx_word' id='word_1_518' title='bbox 3302 3274 3491 3355; x_wconf 79' lang='lat' dir='ltr'><strong>qu’us</strong></span> <span class='ocrx_word' id='word_1_519' title='bbox 3540 3291 3703 3355; x_wconf 89' lang='lat' dir='ltr'><strong>opus</strong></span> <span class='ocrx_word' id='word_1_520' title='bbox 3756 3276 3854 3337; x_wconf 85' lang='lat' dir='ltr'><strong>est</strong></span> 
     </span>
     <span class='ocr_line' id='line_1_75' title="bbox 2309 3379 3854 3462; baseline 0.001 -17"><span class='ocrx_word' id='word_1_521' title='bbox 2309 3396 2567 3445; x_wconf 82' lang='lat' dir='ltr'><strong>creare:</strong></span> <span class='ocrx_word' id='word_1_522' title='bbox 2611 3383 2675 3444; x_wconf 91' lang='lat' dir='ltr'><strong>et</strong></span> <span class='ocrx_word' id='word_1_523' title='bbox 2699 3379 2843 3444; x_wconf 89' lang='lat' dir='ltr'><strong>ideo</strong></span> <span class='ocrx_word' id='word_1_524' title='bbox 2868 3397 3003 3444; x_wconf 93' lang='lat' dir='ltr'><strong>non</strong></span> <span class='ocrx_word' id='word_1_525' title='bbox 3041 3379 3361 3462; x_wconf 86' lang='lat' dir='ltr'><strong>oportebit</strong></span> <span class='ocrx_word' id='word_1_526' title='bbox 3386 3398 3522 3444; x_wconf 89' lang='lat' dir='ltr'><strong>esse</strong></span> <span class='ocrx_word' id='word_1_527' title='bbox 3552 3380 3854 3462; x_wconf 85' lang='lat' dir='ltr'><strong>aequivo-</strong></span> 
     </span>
     <span class='ocr_line' id='line_1_76' title="bbox 2310 3486 3856 3571; baseline -0.001 -18"><span class='ocrx_word' id='word_1_528' title='bbox 2310 3489 2645 3554; x_wconf 89' lang='lat' dir='ltr'><strong>cationem.</strong></span> <span class='ocrx_word' id='word_1_529' title='bbox 2665 3486 2781 3554; x_wconf 76' lang='lat' dir='ltr'><strong>Vel</strong></span> <span class='ocrx_word' id='word_1_530' title='bbox 2799 3487 3137 3553; x_wconf 90' lang='lat' dir='ltr'><strong>dicendum</strong></span> <span class='ocrx_word' id='word_1_531' title='bbox 3166 3488 3336 3570; x_wconf 86' lang='lat' dir='ltr'><strong>quod</strong></span> <span class='ocrx_word' id='word_1_532' title='bbox 3359 3488 3500 3553; x_wconf 90' lang='lat' dir='ltr'><strong>ideo</strong></span> <span class='ocrx_word' id='word_1_533' title='bbox 3524 3492 3622 3552; x_wconf 86' lang='lat' dir='ltr'><strong>est</strong></span> <span class='ocrx_word' id='word_1_534' title='bbox 3645 3489 3856 3571; x_wconf 79' lang='lat' dir='ltr'><strong>aequi-</strong></span> 
     </span>
     <span class='ocr_line' id='line_1_77' title="bbox 2309 3595 3858 3679; baseline 0.001 -17"><span class='ocrx_word' id='word_1_535' title='bbox 2309 3595 2557 3662; x_wconf 86' lang='lat' dir='ltr'><strong>vocatio</strong></span> <span class='ocrx_word' id='word_1_536' title='bbox 2579 3644 2597 3674; x_wconf 98' lang='lat'><strong>,</strong></span> <span class='ocrx_word' id='word_1_537' title='bbox 2645 3595 2902 3679; x_wconf 89' lang='lat' dir='ltr'><strong>quando</strong></span> <span class='ocrx_word' id='word_1_538' title='bbox 2951 3595 3186 3660; x_wconf 87' lang='lat' dir='ltr'><strong>dicitur</strong></span> <span class='ocrx_word' id='word_1_539' title='bbox 3234 3596 3415 3664; x_wconf 75' lang='lat' dir='ltr'><strong>homo</strong></span> <span class='ocrx_word' id='word_1_540' title='bbox 3468 3598 3685 3678; x_wconf 74' lang='lat' dir='ltr'><strong>pictus</strong></span> <span class='ocrx_word' id='word_1_541' title='bbox 3701 3643 3725 3676; x_wconf 90' lang='lat'>‚</span> <span class='ocrx_word' id='word_1_542' title='bbox 3790 3602 3858 3663; x_wconf 85' lang='lat' dir='ltr'><strong>et</strong></span> 
     </span>
     <span class='ocr_line' id='line_1_78' title="bbox 2311 3703 3857 3788; baseline -0.001 -15"><span class='ocrx_word' id='word_1_543' title='bbox 2311 3706 2493 3773; x_wconf 81' lang='lat' dir='ltr'><strong>homo</strong></span> <span class='ocrx_word' id='word_1_544' title='bbox 2518 3720 2743 3784; x_wconf 64' lang='lat' dir='ltr'><strong>vem,</strong></span> <span class='ocrx_word' id='word_1_545' title='bbox 2766 3704 2919 3788; x_wconf 89' lang='lat' dir='ltr'><strong>quia</strong></span> <span class='ocrx_word' id='word_1_546' title='bbox 2942 3704 3066 3768; x_wconf 90' lang='lat' dir='ltr'><strong>hoc</strong></span> <span class='ocrx_word' id='word_1_547' title='bbox 3092 3721 3332 3768; x_wconf 90' lang='lat' dir='ltr'><strong>nomen</strong></span> <span class='ocrx_word' id='word_1_548' title='bbox 3351 3751 3369 3783; x_wconf 93' lang='lat'><strong>,</strong></span> <span class='ocrx_word' id='word_1_549' title='bbox 3397 3703 3612 3784; x_wconf 79' lang='lat' dir='ltr'><strong>homo,</strong></span> <span class='ocrx_word' id='word_1_550' title='bbox 3641 3704 3857 3787; x_wconf 91' lang='lat' dir='ltr'><strong>primo</strong></span> 
     </span>
     <span class='ocr_line' id='line_1_79' title="bbox 2310 3812 3860 3898; baseline -0.001 -17"><span class='ocrx_word' id='word_1_551' title='bbox 2310 3818 2375 3881; x_wconf 92' lang='lat' dir='ltr'><strong>et</strong></span> <span class='ocrx_word' id='word_1_552' title='bbox 2409 3814 2837 3898; x_wconf 86' lang='lat' dir='ltr'><strong>principaliter</strong></span> <span class='ocrx_word' id='word_1_553' title='bbox 2874 3812 3229 3895; x_wconf 89' lang='lat' dir='ltr'><strong>imponitur</strong></span> <span class='ocrx_word' id='word_1_554' title='bbox 3259 3813 3508 3878; x_wconf 90' lang='lat' dir='ltr'><strong>homini</strong></span> <span class='ocrx_word' id='word_1_555' title='bbox 3553 3828 3707 3878; x_wconf 82' lang='lat' dir='ltr'><strong>vero</strong></span> <span class='ocrx_word' id='word_1_556' title='bbox 3740 3836 3755 3878; x_wconf 91' lang='lat'>:</span> <span class='ocrx_word' id='word_1_557' title='bbox 3790 3818 3860 3879; x_wconf 87' lang='grc' dir='ltr'><strong>ει</strong></span> 
     </span>
     <span class='ocr_line' id='line_1_80' title="bbox 2311 3918 3859 4002; baseline 0.001 -17"><span class='ocrx_word' id='word_1_558' title='bbox 2311 3921 2453 3987; x_wconf 91' lang='lat' dir='ltr'><strong>ideo</strong></span> <span class='ocrx_word' id='word_1_559' title='bbox 2490 3939 2640 3987; x_wconf 90' lang='lat' dir='ltr'><strong>cum</strong></span> <span class='ocrx_word' id='word_1_560' title='bbox 2680 3920 2911 3986; x_wconf 88' lang='lat' dir='ltr'><strong>dicitur</strong></span> <span class='ocrx_word' id='word_1_561' title='bbox 2937 3919 3016 3984; x_wconf 90' lang='lat' dir='ltr'><strong>de</strong></span> <span class='ocrx_word' id='word_1_562' title='bbox 3053 3918 3318 3984; x_wconf 91' lang='lat' dir='ltr'><strong>homine</strong></span> <span class='ocrx_word' id='word_1_563' title='bbox 3352 3919 3549 4002; x_wconf 89' lang='lat' dir='ltr'><strong>picto,</strong></span> <span class='ocrx_word' id='word_1_564' title='bbox 3593 3920 3721 3985; x_wconf 90' lang='lat' dir='ltr'><strong>alia</strong></span> <span class='ocrx_word' id='word_1_565' title='bbox 3759 3925 3859 3986; x_wconf 86' lang='lat' dir='ltr'><strong>est</strong></span> 
     </span>
     <span class='ocr_line' id='line_1_81' title="bbox 2314 4025 3856 4113; baseline -0.003 -18"><span class='ocrx_word' id='word_1_566' title='bbox 2314 4030 2614 4113; x_wconf 89' lang='lat' dir='ltr'><strong>acceptio,</strong></span> <span class='ocrx_word' id='word_1_567' title='bbox 2662 4032 2725 4093; x_wconf 88' lang='lat' dir='ltr'><strong>et</strong></span> <span class='ocrx_word' id='word_1_568' title='bbox 2766 4027 2890 4091; x_wconf 91' lang='lat' dir='ltr'><strong>alia</strong></span> <span class='ocrx_word' id='word_1_569' title='bbox 2934 4025 3214 4108; x_wconf 88' lang='lat' dir='ltr'><strong>signatio</strong></span> <span class='ocrx_word' id='word_1_570' title='bbox 3259 4047 3276 4090; x_wconf 73' lang='grc' dir='ltr'><strong>ε</strong></span> <span class='ocrx_word' id='word_1_571' title='bbox 3322 4043 3454 4090; x_wconf 84' lang='grc'><strong>11011</strong></span> <span class='ocrx_word' id='word_1_572' title='bbox 3497 4026 3588 4090; x_wconf 83' lang='lat' dir='ltr'><strong>sic</strong></span> <span class='ocrx_word' id='word_1_573' title='bbox 3631 4026 3856 4109; x_wconf 89' lang='lat' dir='ltr'><strong>imago</strong></span> 
     </span>
     <span class='ocr_line' id='line_1_82' title="bbox 2314 4132 3851 4220; baseline 0 -19"><span class='ocrx_word' id='word_1_574' title='bbox 2314 4136 2523 4220; x_wconf 89' lang='lat' dir='ltr'><strong>primo</strong></span> <span class='ocrx_word' id='word_1_575' title='bbox 2558 4140 2621 4202; x_wconf 88' lang='lat' dir='ltr'><strong>et</strong></span> <span class='ocrx_word' id='word_1_576' title='bbox 2665 4132 3095 4218; x_wconf 84' lang='lat' dir='ltr'><strong>principaliter</strong></span> <span class='ocrx_word' id='word_1_577' title='bbox 3126 4133 3478 4216; x_wconf 91' lang='lat' dir='ltr'><strong>imponitur</strong></span> <span class='ocrx_word' id='word_1_578' title='bbox 3518 4133 3626 4199; x_wconf 91' lang='lat' dir='ltr'><strong>Dei</strong></span> <span class='ocrx_word' id='word_1_579' title='bbox 3664 4134 3851 4215; x_wconf 87' lang='lat' dir='ltr'><strong>Filio,</strong></span> 
     </span>
     <span class='ocr_line' id='line_1_83' title="bbox 2315 4239 3855 4327; baseline -0.003 -17"><span class='ocrx_word' id='word_1_580' title='bbox 2315 4244 2426 4310; x_wconf 86' lang='lat' dir='ltr'><strong>sed</strong></span> <span class='ocrx_word' id='word_1_581' title='bbox 2465 4242 2642 4307; x_wconf 91' lang='lat' dir='ltr'><strong>omni</strong></span> <span class='ocrx_word' id='word_1_582' title='bbox 2668 4242 2750 4323; x_wconf 92' lang='lat' dir='ltr'><strong>ei,</strong></span> <span class='ocrx_word' id='word_1_583' title='bbox 2779 4239 2953 4324; x_wconf 90' lang='lat' dir='ltr'><strong>quod</strong></span> <span class='ocrx_word' id='word_1_584' title='bbox 2987 4257 3281 4327; x_wconf 81' lang='lat' dir='ltr'><strong>expresse</strong></span> <span class='ocrx_word' id='word_1_585' title='bbox 3310 4245 3726 4324; x_wconf 78' lang='lat' dir='ltr'><strong>repraesentat</strong></span> <span class='ocrx_word' id='word_1_586' title='bbox 3749 4243 3855 4306; x_wconf 89' lang='lat' dir='ltr'><strong>al-</strong></span> 
     </span>
     <span class='ocr_line' id='line_1_84' title="bbox 2314 4354 2550 4416; baseline -0.004 0"><span class='ocrx_word' id='word_1_587' title='bbox 2314 4354 2550 4416; x_wconf 87' lang='lat' dir='ltr'><strong>terum.</strong></span> 
     </span>
    </p>
   </div>
   <div class='ocr_carea' id='block_1_12' title="bbox 2792 4556 3377 4629">
    <p class='ocr_par' dir='ltr' id='par_1_13' title="bbox 2792 4556 3377 4629">
     <span class='ocr_line' id='line_1_85' title="bbox 2792 4556 3377 4629; baseline 0.002 -2"><span class='ocrx_word' id='word_1_588' title='bbox 2792 4556 3277 4629; x_wconf 85' lang='lat' dir='ltr'><strong>ARTICULUS</strong></span> <span class='ocrx_word' id='word_1_589' title='bbox 3322 4558 3377 4629; x_wconf 90' lang='lat'><strong>1.</strong></span> 
     </span>
    </p>
   </div>
   <div class='ocr_carea' id='block_1_13' title="bbox 2318 4777 3864 5507">
    <p class='ocr_par' dir='ltr' id='par_1_14' title="bbox 2318 4777 3864 5507">
     <span class='ocr_line' id='line_1_86' title="bbox 2400 4777 3862 4862; baseline -0.001 -16"><span class='ocrx_word' id='word_1_590' title='bbox 2400 4778 2501 4846; x_wconf 82' lang='lat' dir='ltr'><strong>Ad</strong></span> <span class='ocrx_word' id='word_1_591' title='bbox 2531 4778 3019 4860; x_wconf 86' lang='lat' dir='ltr'><strong>intelligentiam</strong></span> <span class='ocrx_word' id='word_1_592' title='bbox 3058 4777 3255 4862; x_wconf 83' lang='lat' dir='ltr'><strong>hujus</strong></span> <span class='ocrx_word' id='word_1_593' title='bbox 3280 4778 3506 4862; x_wconf 88' lang='lat' dir='ltr'><strong>partis,</strong></span> <span class='ocrx_word' id='word_1_594' title='bbox 3536 4778 3703 4844; x_wconf 89' lang='lat' dir='ltr'><strong>circa</strong></span> <span class='ocrx_word' id='word_1_595' title='bbox 3727 4778 3862 4846; x_wconf 90' lang='lat' dir='ltr'><strong>duo</strong></span> 
     </span>
     <span class='ocr_line' id='line_1_87' title="bbox 2318 4885 3859 4971; baseline -0.001 -18"><span class='ocrx_word' id='word_1_596' title='bbox 2318 4887 2538 4953; x_wconf 87' lang='lat' dir='ltr'><strong>incidit</strong></span> <span class='ocrx_word' id='word_1_597' title='bbox 2563 4885 2668 4950; x_wconf 90' lang='lat' dir='ltr'><strong>hic</strong></span> <span class='ocrx_word' id='word_1_598' title='bbox 2698 4887 2970 4969; x_wconf 83' lang='lat' dir='ltr'><strong>quaestio</strong></span> <span class='ocrx_word' id='word_1_599' title='bbox 3003 4908 3017 4951; x_wconf 77' lang='grc' dir='ltr'>ε</span> <span class='ocrx_word' id='word_1_600' title='bbox 3047 4887 3256 4970; x_wconf 89' lang='lat' dir='ltr'><strong>primo</strong></span> <span class='ocrx_word' id='word_1_601' title='bbox 3290 4888 3607 4971; x_wconf 84' lang='lat' dir='ltr'><strong>quaeritur</strong></span> <span class='ocrx_word' id='word_1_602' title='bbox 3646 4888 3859 4970; x_wconf 89' lang='lat' dir='ltr'><strong>quali-</strong></span> 
     </span>
     <span class='ocr_line' id='line_1_88' title="bbox 2319 4993 3864 5076; baseline 0 -16"><span class='ocrx_word' id='word_1_603' title='bbox 2319 4998 2418 5061; x_wconf 91' lang='lat' dir='ltr'><strong>ter</strong></span> <span class='ocrx_word' id='word_1_604' title='bbox 2442 4995 2636 5059; x_wconf 91' lang='lat' dir='ltr'><strong>homo</strong></span> <span class='ocrx_word' id='word_1_605' title='bbox 2661 4993 2740 5058; x_wconf 87' lang='lat' dir='ltr'><strong>sit</strong></span> <span class='ocrx_word' id='word_1_606' title='bbox 2765 4994 2981 5076; x_wconf 90' lang='lat' dir='ltr'><strong>imago</strong></span> <span class='ocrx_word' id='word_1_607' title='bbox 3011 4993 3362 5058; x_wconf 86' lang='lat' dir='ltr'><strong>secundum</strong></span> <span class='ocrx_word' id='word_1_608' title='bbox 3404 4994 3864 5060; x_wconf 88' lang='lat' dir='ltr'><strong>consideratio—</strong></span> 
     </span>
     <span class='ocr_line' id='line_1_89' title="bbox 2320 5100 3863 5186; baseline -0.002 -16"><span class='ocrx_word' id='word_1_609' title='bbox 2320 5123 2472 5170; x_wconf 90' lang='lat' dir='ltr'><strong>nem</strong></span> <span class='ocrx_word' id='word_1_610' title='bbox 2496 5103 2883 5184; x_wconf 88' lang='lat' dir='ltr'><strong>absolutam;</strong></span> <span class='ocrx_word' id='word_1_611' title='bbox 2906 5102 3205 5183; x_wconf 88' lang='lat' dir='ltr'><strong>secundo,</strong></span> <span class='ocrx_word' id='word_1_612' title='bbox 3238 5100 3511 5185; x_wconf 82' lang='lat' dir='ltr'><strong>qualiter</strong></span> <span class='ocrx_word' id='word_1_613' title='bbox 3532 5103 3614 5169; x_wconf 87' lang='lat' dir='ltr'><strong>sit</strong></span> <span class='ocrx_word' id='word_1_614' title='bbox 3638 5104 3863 5186; x_wconf 86' lang='lat' dir='ltr'><strong>imago</strong></span> 
     </span>
     <span class='ocr_line' id='line_1_90' title="bbox 2320 5209 3862 5277; baseline -0.001 0"><span class='ocrx_word' id='word_1_615' title='bbox 2320 5211 2676 5277; x_wconf 89' lang='lat' dir='ltr'><strong>secundum</strong></span> <span class='ocrx_word' id='word_1_616' title='bbox 2726 5209 3292 5275; x_wconf 88' lang='lat' dir='ltr'><strong>considerationem</strong></span> <span class='ocrx_word' id='word_1_617' title='bbox 3342 5210 3632 5276; x_wconf 81' lang='lat' dir='ltr'><strong>relatam.</strong></span> <span class='ocrx_word' id='word_1_618' title='bbox 3680 5210 3862 5276; x_wconf 86' lang='lat' dir='ltr'><strong>Circa</strong></span> 
     </span>
     <span class='ocr_line' id='line_1_91' title="bbox 2321 5317 3863 5403; baseline -0.002 -19"><span class='ocrx_word' id='word_1_619' title='bbox 2321 5319 2606 5403; x_wconf 89' lang='lat' dir='ltr'><strong>primum</strong></span> <span class='ocrx_word' id='word_1_620' title='bbox 2646 5320 3027 5401; x_wconf 64' lang='lat' dir='ltr'><strong>quaeruntur</strong></span> <span class='ocrx_word' id='word_1_621' title='bbox 3065 5317 3189 5382; x_wconf 89' lang='lat' dir='ltr'><strong>tria</strong></span> <span class='ocrx_word' id='word_1_622' title='bbox 3230 5336 3250 5381; x_wconf 88' lang='lat'><strong>:</strong></span> <span class='ocrx_word' id='word_1_623' title='bbox 3296 5317 3507 5401; x_wconf 92' lang='lat' dir='ltr'><strong>primo</strong></span> <span class='ocrx_word' id='word_1_624' title='bbox 3544 5317 3863 5401; x_wconf 65' lang='lat' dir='ltr'><strong>quaeritur</strong></span> 
     </span>
     <span class='ocr_line' id='line_1_92' title="bbox 2323 5423 3862 5507; baseline -0.002 -13"><span class='ocrx_word' id='word_1_625' title='bbox 2323 5430 2548 5494; x_wconf 87' lang='lat' dir='ltr'><strong>utrum</strong></span> <span class='ocrx_word' id='word_1_626' title='bbox 2587 5425 2671 5492; x_wconf 88' lang='lat' dir='ltr'><strong>sit</strong></span> <span class='ocrx_word' id='word_1_627' title='bbox 2694 5426 2914 5507; x_wconf 89' lang='lat' dir='ltr'><strong>imago</strong></span> <span class='ocrx_word' id='word_1_628' title='bbox 2943 5423 3055 5490; x_wconf 89' lang='lat' dir='ltr'><strong>Dei</strong></span> <span class='ocrx_word' id='word_1_629' title='bbox 3076 5442 3266 5505; x_wconf 89' lang='lat' dir='ltr'><strong>vere;</strong></span> <span class='ocrx_word' id='word_1_630' title='bbox 3296 5423 3605 5503; x_wconf 87' lang='lat' dir='ltr'><strong>secundo,</strong></span> <span class='ocrx_word' id='word_1_631' title='bbox 3631 5428 3862 5491; x_wconf 85' lang='lat' dir='ltr'><strong>utrum</strong></span> 
     </span>
    </p>
   </div>
  </div>
 </body>
</html>
