4125 6225
1099 396 1297 464 DIST.
1342 400 1473 466 VII.
1516 397 1746 464 PART.
1793 396 1872 461 11.
1913 394 2096 460 ART.
2139 395 2189 459 Ι.
2234 396 2534 474 QUAEST.
2582 397 2632 462 1.

288 528 456 594 fusae
474 578 492 608 ‚
539 531 676 598 sive
710 531 877 596 dona
914 532 1124 597 infusa
1169 558 1183 598 ε
1226 538 1289 599 et
1323 534 1463 599 talis
1499 538 1592 599 est
1629 532 1837 615 gratia

293 642 561 719 gratum
590 641 822 704 faciens
841 688 858 718 ‚
883 641 988 705 vel
1028 641 1107 705 ad
1134 661 1276 706 eam
1303 641 1661 706 habilitanS.
1693 641 1836 704 Alio

292 747 489 811 modo
518 748 749 811 dicitur
776 748 1016 813 donum
1042 796 1059 825 ,
1098 750 1269 832 quod
1309 754 1404 813 est
1436 768 1549 832 per
1582 750 1839 832 adjuto-

292 853 470 917 rium
507 855 830 934 divinum,
870 856 1289 921 nihilominus
1323 862 1535 922 tamen
1581 876 1693 941 per
1725 875 1835 920 ac-

293 962 709 1043 quisitionem
757 966 1041 1028 nostram
1078 984 1095 1028 :
1146 970 1208 1029 et
1245 966 1403 1030 illud
1438 984 1571 1030 non
1605 964 1839 1028 dicitur

293 1069 552 1151 proprie
582 1070 823 1134 donum
838 1118 855 1145 ‚
885 1071 996 1135 sed
1021 1071 1238 1135 habito
1265 1077 1555 1155 respectu
1576 1071 1655 1135 ad
1678 1072 1799 1134 hoc
1816 1118 1833 1148 ,

295 1177 471 1258 quod
514 1195 645 1241 non
685 1179 1038 1261 acquiritur
1071 1180 1207 1243 sine
1238 1180 1346 1244 Dei
1382 1180 1700 1262 adjutorio
1733 1201 1747 1243 t
1779 1182 1841 1244 et

294 1283 422 1348 hoc
451 1285 642 1349 modo
660 1286 825 1350 Deus
851 1286 959 1351 dat
975 1287 1143 1351 dona
1158 1288 1345 1351 bonis
1362 1292 1425 1351 et
1446 1288 1651 1350 maliS.
1679 1286 1840 1362 Quia

296 1392 471 1456 enim
502 1392 668 1457 Deus
692 1395 860 1459 dedit
875 1395 1099 1459 lumen
1126 1396 1513 1477 cognitionis
1530 1396 1611 1459 ab
1632 1394 1834 1469 initio,

298 1496 472 1578 quod
502 1500 744 1579 poterat
760 1498 829 1561 in
855 1499 1334 1581 acquisitionem
1352 1500 1705 1564 multorum
1725 1498 1841 1561 sci-

299 1603 550 1681 bilium,
578 1607 800 1688 etipse
818 1625 952 1671 non
969 1607 1292 1671 subtrahit
1317 1608 1484 1690 quod
1510 1607 1699 1685 dedit,
1721 1624 1841 1670 nec

302 1711 495 1774 etiam
549 1715 1093 1778 conservationem
1116 1763 1134 1793 ,
1196 1733 1345 1778 cum
1402 1714 1553 1777 talia
1604 1713 1842 1795 possint

302 1821 468 1883 stare
496 1839 644 1884 cum
673 1826 925 1904 peccato
948 1822 1201 1888 mortali
1227 1842 1243 1886 :
1274 1827 1337 1886 et
1357 1823 1499 1887 ideo
1520 1821 1632 1904 qui
1655 1820 1841 1887 habet

303 1929 591 2010 primum
630 1930 872 1994 donum
915 1935 1119 2013 potest
1160 1931 1578 2013 multiplicare
1597 1979 1614 2009 ,
1650 1930 1842 1994 etiam

302 2037 614 2117 reprobus
639 2037 934 2115 existenS,
956 2041 1021 2101 et
1038 2037 1202 2101 Deus
1218 2037 1447 2101 dicitur
1469 2038 1690 2101 docere
1709 2057 1842 2102 non

305 2142 693 2226 inspirando,
724 2144 859 2211 sive
876 2145 1295 2226 infundendo,
1318 2145 1426 2210 sed
1446 2147 1840 2227 cooperando

303 2251 539 2315 lumini
552 2253 719 2333 dato,
736 2257 800 2317 et
812 2254 1245 2319 conservando
1264 2254 1439 2318 illud.
1460 2253 1842 2336 Exemplum

303 2359 503 2442 huJus
527 2365 619 2424 est
654 2383 668 2425 :
700 2360 865 2426 Deus
890 2362 1061 2426 dedit
1087 2364 1484 2426 frumentum
1522 2381 1748 2443 avar0,
1781 2366 1844 2426 et

305 2468 476 2561 dedit
498 2474 735 2535 terram
763 2476 1085 2555 potentem
1110 2473 1488 2536 fructificare
1520 2495 1535 2535 t
1571 2490 1719 2536 cum
1746 2490 1844 2536 re·

305 2577 551 2659 colligit
570 2579 848 2644 multum
876 2580 952 2644 de
969 2579 1154 2645 blado
1174 2581 1252 2644 de
1277 2581 1444 2644 bona
1468 2584 1658 2659 terra,
1679 2579 1846 2643 Dens

304 2683 434 2760 dat,
465 2685 576 2749 sed
601 2704 733 2750 non
759 2687 849 2751 ita
873 2686 1037 2751 sicut
1062 2688 1116 2750 si
1140 2687 1275 2770 ipse
1301 2686 1579 2751 sterilem
1606 2690 1844 2750 terram

303 2790 441 2856 sine
465 2794 646 2873 jactu
684 2794 943 2859 seminis
987 2795 1217 2858 faceret
1247 2795 1624 2857 fructificare
1661 2816 1676 2857 :
1723 2793 1846 2857 hoc

305 2899 483 2962 enim
513 2901 765 2983 proprie
793 2907 955 2966 esset
980 2903 1245 2967 donum.
1279 2900 1494 2965 Primo
1522 2901 1709 2965 modo
1737 2921 1847 2964 so-

303 3005 447 3070 lum
472 3007 650 3089 large
665 3056 682 3086 ,
713 3009 803 3072 sic
830 3008 996 3073 Deus
1017 3010 1125 3074 dat
1145 3010 1312 3074 dona
1337 3009 1519 3073 honis
1541 3013 1604 3072 et
1631 3009 1842 3090 maliS,

304 3119 374 3179 et
398 3115 826 3196 daemonibuS,
860 3132 923 3182 et
943 3117 1345 3198 hominibus,
1375 3118 1671 3201 quamvis
1696 3118 1848 3200 ipsis

303 3221 450 3287 haec
475 3225 611 3307 ipsa
635 3225 806 3290 bona
827 3226 896 3288 in
922 3226 1092 3290 mala
1117 3229 1592 3292 convertantur.

390 3333 451 3393 8.
481 3331 579 3395 Ad
604 3350 680 3395 ea
713 3335 931 3397 autem
951 3381 969 3411 ‚
1003 3350 1151 3415 quae
1184 3333 1573 3415 objiciuntur
1611 3331 1690 3396 ad
1725 3350 1848 3417 op-

300 3438 616 3520 positnm;
673 3430 1010 3506 dicendum
1059 3441 1229 3524 quod
1260 3441 1719 3523 >intelliguntur
1769 3443 1848 3507 de

295 3544 546 3626 judicio
572 3548 963 3629 speculativo
1004 3565 1022 3610 :
1064 3553 1280 3612 tamen
1318 3549 1396 3613 de
1442 3549 1548 3613 illo
1582 3568 1713 3614 non
1753 3554 1861 3631 est,

300 3652 818 3735 intelligendum,
848 3655 1019 3738 quod
1049 3656 1258 3737 magis
1293 3656 1510 3737 vigeat
1539 3657 1608 3720 in
1638 3657 1842 3738 malis,

302 3778 506 3841 quam
532 3760 599 3824 in
627 3761 841 3839 boniS,
870 3761 975 3825 vel
1001 3762 1195 3826 etiam
1219 3767 1471 3827 tantum
1499 3762 1665 3828 sicut
1699 3769 1845 3830 ante

302 3865 556 3949 lapsum
589 3886 607 3931 z
637 3870 791 3951 quia
819 3887 1043 3935 revera
1059 3919 1077 3950 ,
1120 3870 1416 3953 quamvis
1453 3871 1656 3935 multa
1679 3872 1846 3935 clare

305 3981 726 4057 cognoscant,
771 3978 1052 4041 maxime
1084 3978 1190 4042 illa
1237 3996 1517 4061 quorum
1566 3980 1844 4061 cognitio

304 4087 405 4146 est
442 4083 532 4147 eis
559 4085 798 4165 innata,
840 4086 1083 4151 ratione
1127 4104 1405 4169 quorum
1431 4087 1582 4151 dicit
1606 4087 1845 4171 Diony—

304 4190 470 4270 siUS,
503 4192 674 4273 quod
708 4192 946 4256 habent
973 4193 1091 4257 sibi
1117 4194 1262 4281 data
1296 4195 1585 4275 integra3
1628 4199 1846 4259 tamen

305 4297 376 4360 in
397 4299 617 4362 multis
633 4303 870 4380 errant,
905 4304 971 4363 et
995 4299 1305 4364 falluntur
1327 4301 1420 4364 illi
1442 4301 1696 4366 nefandi
1722 4302 1847 4385 spi-

303 4406 492 4485 ritus,
522 4408 674 4489 quia
701 4409 1192 4490 praesumptuosi
1219 4413 1281 4472 et
1306 4409 1540 4474 curiosi
1559 4413 1710 4473 sunt
1738 4431 1754 4472 t
1786 4414 1849 4474 et

305 4512 448 4577 ideo
484 4515 848 4596 frequenter
868 4514 1157 4597 judicant
1182 4516 1260 4579 de
1295 4515 1397 4578 his
1430 4526 1575 4599 quae
1620 4534 1847 4581 eorum

300 4618 544 4700 judicio
566 4638 699 4683 non
726 4620 1000 4685 subsunt
1030 4638 1047 4684 z
1077 4624 1142 4684 et
1166 4620 1309 4686 ideo
1336 4641 1376 4685 a
1403 4622 1684 4687 veritatis
1708 4627 1850 4687 tra-

306 4726 463 4789 mite
487 4726 558 4789 in
580 4745 861 4792 errorem
879 4727 1184 4793 labuntur
1215 4748 1233 4791 z
1258 4729 1431 4793 etsie
1461 4733 1675 4813 patent
1703 4749 1849 4795 om-

306 4834 417 4899 nia
440 4836 705 4918 objecta.

839 4959 1196 5039 QUAESTIO
1229 4960 1307 5026 11.
1498 5031 1503 5038 ,

569 5112 663 5169 An
689 5116 753 5170 in
778 5112 1099 5171 daemonibus
1126 5113 1289 5170 cadat
1313 5113 1521 5170 oblivio
1543 5115 1583 5171 ¹.

34 5285 282 5331 ranam
392 5261 619 5329 Utrum
655 5266 725 5329 in
770 5266 1168 5330 daemonibus
1199 5266 1378 5330 cadat
1412 5267 1648 5332 oblivio
1686 5268 1854 5331 circa

310 5373 666 5456 praeterita3
706 5377 770 5438 et
804 5373 974 5457 quod
1015 5374 1108 5438 sic
1125 5422 1143 5452 ,
1186 5374 1459 5441 videtur.
1510 5374 1741 5442 Nullus
1776 5378 1855 5442 de

3371 402 3490 460 413

1945 529 2225 613 sapiente
2247 533 2322 596 fit
2347 533 2598 612 stultus,
2621 531 2746 595 nisi
2764 531 3004 613 aliquid
3028 530 3440 595 obliviscatur
3470 552 3485 594 ε

1947 636 2268 702 daemones
2313 642 2529 703 autem
2588 640 2666 703 de
2714 638 3101 721 sapientibus
3147 638 3291 701 facti
3342 641 3492 707 sunt

1947 745 2164 826 stulti,
2196 747 2476 810 maxime
2498 746 2748 811 Lucifer
2768 794 2784 823 ,
2819 747 2895 810 de
2925 765 3056 829 quo
3085 744 3370 810 Ezechiel
3399 750 3424 783 ²
3469 763 3486 807 ε

1959 855 2052 917 Tu
2095 856 2324 935 plenus
2367 856 2735 937 sapienti&
2763 857 2826 917 et
2866 853 2943 917 de
2974 872 3102 935 quo
3148 852 3493 917 Ecclesias-

1948 963 2041 1024 tes
2068 961 2090 995 ⁸
2121 981 2137 1023 ε
2187 962 2414 1027 Melior
2455 968 2548 1027 est
2587 977 2747 1043 puer
2785 962 3042 1042 sapiens
3078 977 3219 1042 reqe
3263 976 3406 1025 sene
3434 963 3494 1023 et

1948 1066 2139 1133 stulto
2163 1089 2187 1131 .·
2216 1067 2432 1132 Glossa
2458 1070 2720 1151 exponit
2748 1069 2826 1133 de
2848 1067 3156 1147 Lucifero,
3189 1067 3323 1133 sive
3351 1066 3493 1131 dia-

1947 1175 2094 1240 bolo
2128 1198 2142 1240 :
2176 1195 2354 1257 erge,
2391 1181 2511 1241 etc.

2028 1287 2091 1346 2.
2137 1283 2295 1347 Item
2333 1284 2542 1364 gratia
2580 1286 2871 1365 reparat,
2913 1286 2974 1346 et
3014 1282 3244 1346 format
3295 1284 3494 1346 totam

1947 1390 2301 1472 imaginem
2335 1413 2350 1455 ε
2379 1411 2538 1473 ergo
2564 1395 2627 1456 et
2649 1396 2982 1474 peccatum
3009 1391 3357 1454 deformat:
3385 1391 3496 1456 sed

1949 1498 2321 1562 deformatio
2377 1498 2706 1563 memoriae
2755 1503 2817 1562 et
2867 1498 3189 1580 corruptio
3241 1501 3335 1561 est
3382 1516 3496 1581 per

1950 1606 2380 1669 oblivionem:
2407 1625 2563 1687 ergo
2591 1606 2845 1670 videtur
2871 1606 3042 1688 quod
3067 1607 3399 1688 peccatum
3427 1605 3496 1667 in

1950 1713 2086 1778 vim
2126 1714 2613 1781 memorativam
2651 1712 2913 1777 inducat
2949 1713 3019 1777 in
3050 1713 3295 1795 angelis
3330 1713 3496 1777 ohli-

1949 1816 2234 1884 vionem.

2031 1929 2092 1989 3.
2142 1925 2298 1989 Item
2336 1926 2689 2007 intelligere
2727 1928 2791 1988 et
2827 1926 3170 1990 memorari
3208 1926 3497 2009 ipsorum

1950 2033 2322 2099 daemonum
2340 2039 2435 2099 est
2461 2054 2610 2098 cum
2636 2034 2991 2100 variatione
3018 2054 3213 2116 :ergo
3241 2036 3498 2099 intem-

1949 2161 2104 2225 pore
2135 2162 2152 2206 :
2197 2144 2306 2208 sed
2357 2161 2548 2207 omne
2590 2142 2759 2225 quod
2809 2146 3218 2209 mensuratur
3257 2163 3296 2207 a
3333 2148 3499 2207 tem-

1949 2252 2141 2337 pore’‚
2178 2254 2445 2317 senescit
2466 2301 2482 2330 ,
2530 2256 2593 2316 et
2628 2252 2828 2316 tendit
2867 2253 2944 2316 ad
2994 2252 3495 2335 corruptionem,

1950 2364 2104 2445 quia
2128 2368 2383 2444 tempus
2424 2362 2569 2426 facit
2601 2362 2833 2425 distare
2866 2363 3036 2444 quod
3077 2367 3205 2442 est,
3239 2366 3315 2426 ut
3354 2363 3499 2427 dicit

1951 2466 2375 2551 Philosophus
2404 2473 2461 2546 ⁸3
2505 2469 2677 2532 unde
2709 2471 2801 2532 est
2828 2467 3214 2551 principium
3242 2488 3501 2553 corrup-

1949 2573 2141 2639 tionis
2161 2592 2275 2657 per
2297 2593 2363 2638 se
2388 2593 2405 2638 z
2429 2592 2610 2656 ergo,
2642 2593 2793 2639 cum
2823 2577 3149 2657 corruptio
3173 2576 3339 2641 circa
3365 2577 3501 2642 vim

1893 2769 1907 2782 ⁶
1954 2682 2440 2747 memorativam
2491 2682 2572 2745 sit
2621 2684 2876 2746 tantum
2917 2701 3032 2766 per
3070 2683 3457 2749 oblivionem
3475 2732 3495 2765 ,

1951 2793 2144 2872 patet,
2172 2794 2292 2853 etc.

2031 2902 2095 2961 4.
2124 2895 2304 2976 Item,
2330 2896 2495 2960 sicut
2521 2915 2589 2961 se
2615 2897 2810 2960 habet
2835 2895 3253 2978 intelligentia
3282 2899 3364 2964 ad
3390 2919 3500 2964 er-

1954 3023 2166 3069 rorem
2186 3053 2204 3084 ,
2233 3006 2323 3069 ita
2352 3005 2664 3069 memoria
2705 3005 2785 3068 ad
2825 3005 3213 3071 oblivionem
3248 3030 3263 3070 :
3296 3007 3516 3071 sedin·

1954 3112 2372 3197 intelligentia
2395 3115 2607 3196 angeli
2636 3116 2800 3180 cadit
2830 3116 3148 3199 deceptiO,
3178 3121 3241 3181 et
3272 3117 3344 3181 in
3385 3135 3502 3183 vo-

1951 3221 2195 3287 luntate
2235 3223 2584 3307 obliquatio
2635 3246 2651 3289 t
2681 3242 2838 3307 ergo
2885 3226 2954 3289 in
2992 3225 3302 3291 memoria
3335 3226 3502 3291 cadit

1956 3330 2222 3394 oblivio.

2034 3439 2096 3500 5.
2118 3437 2278 3501 Item
2297 3437 2583 3521 opposita
2600 3442 2750 3503 nata
2771 3442 2921 3504 sunt
2937 3439 3076 3504 fieri
3099 3439 3266 3504 circa
3282 3441 3450 3506 idem
3480 3459 3497 3504 ε

1952 3544 2062 3608 sed
2102 3545 2412 3609 memoria
2455 3546 2671 3628 angeli
2705 3550 2908 3630 potest
2948 3549 3252 3631 proficere
3291 3548 3501 3614 addis-

1955 3653 2155 3717 cendo
2192 3672 2210 3717 ε
2258 3672 2415 3737 ergo
2458 3655 2594 3736 pari
2640 3656 2886 3720 ratione
2931 3657 3197 3722 deficere
3235 3657 3499 3723 oblivis-

1952 3760 2151 3825 cendo
2175 3809 2193 3840 ,
2235 3779 2384 3827 cum
2432 3765 2633 3827 status
2671 3763 2778 3827 ille
2819 3764 2899 3827 sit
2938 3765 3146 3846 magis
3186 3770 3374 3849 aptus
3421 3767 3503 3833 ad

1953 3871 2294 3952 defectum,
2329 3890 2528 3954 quam
2556 3872 2636 3936 ad
2662 3874 3037 3954 profectum.

2032 3984 2094 4041 6.
2125 3977 2286 4042 Item
2331 3984 2545 4043 mente
2582 3979 2869 4044 humana
2895 3981 3068 4046 solus
3107 3980 3274 4047 Deus
3310 4002 3503 4066 supe-

1951 4086 2087 4151 rior
2115 4090 2241 4167 est,
2277 4087 2438 4152 sicut
2469 4089 2611 4153 vult
2638 4089 3042 4170 Augustinus
3082 4097 3104 4132 ⁸
3149 4108 3166 4154 ε
3200 4091 3311 4155 sed
3349 4110 3501 4156 con-

1952 4195 2148 4276 tingit
2184 4194 2257 4259 in
2300 4199 2584 4261 mentem
2634 4201 2920 4261 nostram
2965 4197 3186 4262 cadere
3230 4199 3504 4265 oblivio-

1953 4320 2103 4366 nem
2129 4318 2145 4363 :
2169 4321 2350 4384 ergo,
2373 4303 2425 4366 si
2448 4322 2564 4386 par
2585 4307 2680 4368 est
2702 4303 3034 4386 angelicae,
3056 4306 3263 4370 multo
3278 4307 3506 4371 fortius

1952 4408 2023 4472 in
2068 4414 2347 4475 mentem
2393 4411 2473 4494 (a)
2517 4412 2910 4478 daemonum.
2962 4413 3141 4491 Quod
3180 4419 3395 4479 autem
3438 4415 3507 4480 in

1956 4521 2171 4581 mente
2197 4522 2412 4582 nostra
2437 4519 2621 4584 cadat
2654 4520 2890 4586 oblivio
2929 4525 3247 4603 quantum
3287 4522 3367 4586 ad
3394 4540 3507 4586 su-

1953 4625 2270 4706 periorem
2329 4629 2601 4709 partem,
2660 4632 2852 4711 patet,
2903 4630 3058 4712 quia
3106 4630 3509 4711 Augustinus

1957 4731 2306 4815 dicitquod
2335 4752 2561 4799 eorum
2592 4736 2906 4817 cognitio,
2940 4755 3086 4819 quae
3123 4742 3402 4821 spectant
3426 4739 3507 4803 ad

1957 4838 2360 4905 divinitatem
2385 4890 2401 4919 ,
2431 4846 2525 4906 est
2569 4843 2915 4925 superioris
2941 4844 3139 4926 partis
3169 4867 3185 4909 ε
3232 4846 3342 4910 sed
3379 4847 3532 4910 fre-'

2022 4957 2041 4991 ¹
2069 4956 2150 5020 Cf.
2175 4953 2436 5022 Richard„
2466 4960 2508 5010 ll
2540 4959 2702 5022 Seni„
2731 4960 2848 5010 dist.
2870 4971 2960 5025 vn,
2986 4965 3086 5011 art.
3105 4963 3155 5024 3,
3180 4977 3232 5026 q.
3251 4975 3297 5029 15
3327 4965 3504 5028 Steph.

1960 5028 2170 5094 Brulef„
2205 5032 2242 5079 ll
2271 5030 2431 5091 Seni„
2460 5031 2579 5083 dist.
2606 5043 2716 5095 vn,
2742 5046 2794 5096 q.
2814 5043 2928 5083 vm.
2949 5059 3014 5070 —
3035 5033 3057 5067 ²
3075 5034 3272 5099 Ezech„
3301 5047 3468 5087 xxvm
3489 5076 3508 5102 ,

1830 5121 1837 5128 ·
1960 5103 2106 5149 12.—
2122 5102 2144 5135 ⁸
2160 5101 2317 5164 Eccl.,
2347 5114 2402 5153 1v
2412 5138 2430 5166 ‚
2458 5104 2601 5153 13.—
2619 5103 2641 5138 δ
2658 5103 2832 5168 Arist„
2861 5103 3028 5155 Etlu’c.
3058 5104 3147 5154 lib.
3172 5106 3272 5168 1v;
3299 5107 3360 5156 de
3380 5109 3509 5158 Coelo

1959 5174 2009 5220 et
2033 5173 2252 5235 Mundo,
2280 5173 2367 5224 lib.
2398 5175 2449 5236 Ι,
2479 5178 2615 5224 cont.
2643 5177 2750 5225 100.
2775 5202 2838 5212 —
2868 5175 2889 5209 ⁸
2914 5178 3067 5241 Aug„
3103 5176 3165 5225 de
3194 5177 3348 5228 civit.
3383 5180 3507 5243 Dei,

1959 5242 2049 5293 lib.
2076 5244 2176 5307 XI,
2206 5260 2251 5297 c.
2275 5257 2348 5310 11;
2393 5245 2454 5295 de
2485 5246 2688 5308 Trinit„
2728 5246 2819 5298 lib.
2844 5247 2964 5312 XV,
3010 5262 3055 5297 c.
3088 5260 3138 5312 1,
3167 5253 3220 5299 et
3254 5249 3343 5301 lib.
3365 5252 3508 5316 XIV,

1962 5329 2009 5366 c.
2029 5327 2142 5365 m.

2025 5395 2093 5461 (a)
2123 5397 2246 5449 Goet.
2267 5397 2391 5448 edit.
2420 5401 2616 5450 mente.
