4125 6225
726 415 841 476 184

721 545 1299 629 appropriationem
1325 563 1342 609 t
1368 549 1430 608 et
1447 544 1573 608 hoc
1585 593 1602 623 ,
1635 543 1789 627 quia
1803 543 1940 626 ipsa
1959 544 2253 609 voluntas

721 653 1036 735 significat
1068 651 1269 716 Deum
1307 656 1383 716 ut
1409 669 1664 717 causam
1694 650 2028 715 actualem.
2074 650 2251 715 Unde

720 761 791 824 in
819 760 1143 826 voluntate
1159 760 1370 842 primo
1398 760 1723 823 invenitur
1745 759 1905 822 ratio
1932 760 2253 823 actualita-

719 868 823 931 tis.
866 867 1152 932 Potentia
1193 868 1364 930 enim
1397 871 1460 930 et
1498 866 1792 944 scientia,
1825 865 1941 929 etsi
1978 866 2254 929 habeant

643 1042 652 1051 ,
721 977 1032 1039 rationem
1052 992 1261 1039 causae
1278 974 1642 1048 habitualis,
1662 991 1794 1037 non
1815 977 2026 1036 tamen
2042 977 2253 1036 actua·

720 1081 828 1161 lis,
860 1082 985 1145 nisi
1011 1100 1124 1164 per
1152 1083 1543 1147 voluntatem
1568 1105 1582 1145 2
1606 1081 1778 1146 unde
1796 1082 2090 1146 voluntas
2108 1082 2253 1145 facit

718 1187 796 1252 de
825 1188 1087 1253 scientia
1126 1188 1636 1271 dispositionem,
1685 1189 1820 1252 sive
1856 1188 2004 1251 facit
2043 1188 2248 1251 scien-

718 1294 875 1357 tiam
906 1313 1041 1360 esse
1087 1296 1522 1378 disponentem
1538 1343 1555 1372 ,
1600 1300 1663 1358 et
1706 1295 2052 1378 potentiam
2097 1312 2251 1358 exe-

718 1407 1020 1482 quentem
1055 1426 1069 1468 :
1101 1404 1271 1467 idem
1310 1403 1484 1467 enim
1527 1402 1830 1485 disponit,
1858 1402 2011 1484 quia
2054 1400 2195 1465 vult
2231 1423 2245 1464 :

719 1513 783 1572 et
809 1508 900 1572 sic
926 1513 1095 1591 patet
1119 1509 1298 1573 illud.

800 1620 858 1680 3.
890 1616 990 1682 Ad
1018 1617 1175 1682 illud
1213 1616 1381 1699 quod
1410 1617 1743 1699 quaeritur,
1788 1632 1983 1697 quare
2012 1614 2251 1679 volun-

718 1727 814 1786 tas
857 1724 1087 1787 dicitur
1131 1743 1354 1803 causa,
1395 1726 1616 1787 utrum
1657 1725 1912 1804 propter
1943 1722 2251 1785 virtutem

718 1834 985 1916 agendi,
1029 1839 1142 1900 aut
1181 1838 1435 1916 propter
1486 1835 1749 1898 modum
1794 1833 2058 1914 agendi;
2110 1833 2249 1897 dico

715 1943 888 2024 quod
915 1945 1172 2025 propter
1199 1947 1574 2024 utrumque,
1608 1941 1732 2005 Deo
1759 1941 1936 2004 enim
1962 1940 2125 2003 velle
2154 1946 2251 2004 est

716 2066 926 2130 posse3
1004 2048 1416 2130 principalius
1479 2053 1694 2112 tamen
1760 2048 2005 2111 ratione
2075 2048 2247 2113 modi

715 2155 949 2235 agendi
988 2177 1002 2219 :
1030 2155 1357 2237 productio
1392 2155 1564 2219 enim
1588 2155 1825 2221 diversi
1851 2155 1918 2219 in
1953 2156 2159 2219 forma
2182 2160 2247 2219 et

713 2266 943 2326 natura
961 2281 1042 2325 ex
1065 2262 1195 2326 sola
1211 2261 1579 2326 liberalitate
1596 2264 1848 2344 agentis
1861 2310 1878 2342 ,
1906 2267 2144 2346 spectat
2166 2263 2244 2326 ad

713 2373 1011 2451 agentem
1065 2388 1179 2452 per
1232 2369 1649 2435 voluntatem.
1714 2370 1894 2448 Quod
1945 2372 2245 2454 objicitur

713 2477 882 2559 quod
921 2477 1149 2541 modus
1185 2478 1435 2557 agentis
1479 2478 1783 2541 naturalis
1809 2483 1902 2542 est
1945 2478 2241 2555 nobilior,

712 2600 941 2646 verum
964 2587 1059 2646 est
1071 2584 1183 2646 ubi
1211 2583 1508 2647 voluntas
1531 2602 1661 2647 non
1689 2589 1782 2648 est
1804 2586 2239 2668 omnipotens;

712 2691 817 2755 sed
837 2691 890 2753 si
907 2709 1009 2754 ars
1026 2694 1235 2772 posset
1256 2692 1460 2756 facere
1478 2710 1668 2756 omne
1682 2692 1853 2774 quod
1874 2692 2082 2768 vellet,
2110 2712 2240 2757 non

712 2798 929 2862 minus
964 2798 1243 2863 nobilius
1278 2803 1497 2880 ageret
1522 2818 1717 2882 quam
1743 2805 1996 2864 natura.
2035 2799 2246 2865 Potest

708 2909 922 2969 tamen
946 2906 1070 2970 dici
1089 2907 1261 2989 quod
1279 2906 1508 2972 modus
1524 2907 1910 2989 producendi
1930 2908 2244 2973 naturalis

708 3013 1009 3094 competit
1056 3031 1346 3095 personae
1395 3018 1683 3096 respectu
1731 3032 2052 3095 personae,
2110 3033 2243 3079 non

708 3124 924 3184 autem
967 3120 1256 3184 essentiae
1303 3120 1538 3185 divinae
1578 3127 1867 3204 respectu
1918 3127 2244 3187 creatura-

708 3245 892 3307 rum,
920 3228 1074 3310 quia
1102 3246 1234 3292 non
1261 3231 1524 3309 possunt
1549 3229 1886 3293 convenire
1914 3230 1981 3293 in
2008 3232 2236 3296 forma.

788 3337 849 3397 4.
879 3332 977 3397 Ad
1002 3333 1158 3397 illud
1188 3332 1360 3414 quod
1384 3333 1686 3415 objicitur
1705 3336 1874 3416 quod
1899 3336 2064 3401 Deus
2092 3357 2240 3421 pro-

706 3440 882 3504 ducit
908 3440 1112 3504 simile
1153 3440 1504 3503 secundum
1541 3443 1980 3523 proprietateS,
2017 3445 2240 3509 dicen-

706 3547 864 3611 dum
882 3547 1052 3629 quod
1072 3552 1305 3610 natura
1323 3547 1612 3628 producit
1640 3547 1843 3613 simile
1868 3549 1934 3612 in
1953 3552 2238 3633 proprie-

704 3632 941 3717 tatibus
965 3653 1368 3736 specialibuS,
1398 3654 1451 3716 si
1474 3658 1568 3717 est
1593 3672 1794 3735 agens
1826 3656 2235 3737 particulare3

705 3761 807 3824 vel
836 3760 889 3822 si
921 3766 1015 3824 est
1050 3780 1249 3841 agens
1281 3761 1665 3840 universale,
1699 3763 1990 3843 producit
2014 3783 2238 3829 neces-

703 3868 905 3945 sario,
934 3884 1068 3930 non
1092 3885 1175 3931 ex
1217 3886 1335 3931 sua
1373 3867 1743 3933 liberalitate
1774 3888 1791 3932 ε
1821 3869 1985 3934 Deus
2022 3878 2239 3937 autem

702 3980 931 4038 neutro
956 3973 1166 4038 mod0.

783 4087 843 4147 5.
874 4084 972 4148 Ad
1004 4083 1161 4147 illud
1197 4085 1368 4167 quod
1397 4085 1695 4169 objicitur
1719 4086 1889 4169 quod
1915 4086 2078 4152 Deus
2104 4107 2237 4154 non

701 4194 798 4254 est
850 4209 1052 4272 agens
1096 4192 1614 4275 praeconcipienS,
1668 4193 2007 4258 dicendum
2064 4197 2237 4276 quod

701 4292 823 4357 hoc
846 4312 1072 4358 verum
1094 4296 1189 4357 est
1215 4293 1291 4357 de
1316 4297 1862 4379 praeconceptione
1889 4316 2034 4379 quae
2064 4316 2236 4381 prae-

700 4395 862 4459 cedit
875 4396 1291 4474 voluntatem,
1316 4397 1422 4460 sed
1441 4416 1575 4462 non
1591 4404 1684 4462 est
1702 4419 1927 4465 verum
1960 4403 2039 4466 de
2066 4420 2235 4483 prae-

700 4502 1105 4584 conceptione
1151 4507 1440 4585 respectu
1483 4504 1714 4586 operis..
1782 4505 1995 4572 Primo
2044 4498 2234 4575 modo

697 4609 984 4691 loquitur
1022 4609 1388 4691 Dionysius;
1432 4611 1565 4692 ipse
1614 4631 1769 4677 vero
1825 4616 2088 4696 opponit
2133 4636 2233 4683 se-

697 4717 906 4781 cundo
928 4717 1140 4782 modo.

1223 4913 1577 4992 QUAESTIO
1610 4915 1687 4979 ΙΙ.

774 5082 864 5136 An
890 5083 1141 5140 voluntas
1167 5084 1270 5140 Dei
1294 5086 1370 5140 sit
1392 5084 1709 5141 immediata
1732 5101 1893 5141 causa
1916 5101 2094 5144 rerum
2114 5091 2154 5144 ¹.

455 5269 665 5316 ranam.
772 5250 999 5317 Utrum
1030 5255 1327 5321 voluntas
1355 5256 1571 5322 divina
1595 5258 1675 5321 sit
1707 5277 1899 5324 causa
1928 5263 2139 5344 prima
2166 5268 2230 5328 et

692 5356 1092 5441 immediata3
1116 5371 1178 5427 et
1201 5365 1371 5446 quod
1397 5366 1487 5430 sic
1503 5414 1520 5446 ,
1554 5367 1804 5432 videtur
1825 5388 1938 5451 per
1964 5371 2227 5451 Augus-

1856 407 2477 474 SENTENTIARUM
2515 408 2665 474 LlB.
2711 411 2759 475 l.

2365 545 2576 609 tinum
2599 546 2670 608 in
2695 544 2779 609 111
2807 545 2886 612 de
2927 545 3242 612 Tn’nitate
3280 548 3344 611 ¹:
3381 569 3410 608 (1
3435 546 3744 613 Voluntas
3782 546 3892 611 Dei

2361 655 2455 714 est
2487 653 2692 734 prima
2717 658 2779 717 et
2813 671 3068 717 summa
3096 672 3286 719 causa
3310 653 3604 719 omnium
3648 654 3891 736 specie-

2362 776 2509 822 rum
2537 765 2600 823 et
2634 760 3013 824 motionum.
3045 782 3076 818 υ

2447 865 2631 946 11313,
2664 868 2873 931 omnis
2909 885 3096 930 33353
3131 869 3317 950 cujus
3345 871 3524 932 actus
3550 868 3803 950 primus
3833 873 3894 932 et

2360 974 2655 1055 proprius
2680 978 2775 1037 est
2812 975 2907 1037 rei
2937 974 3300 1055 productiO,
3337 979 3430 1039 est
3464 994 3660 1038 causa
3688 974 3892 1056 prima

2360 1086 2423 1145 et
2447 1081 2812 1146 immediata
2834 1102 2850 1146 ε
2871 1082 2980 1146 sed
3006 1081 3296 1146 voluntas
3317 1082 3536 1146 divina
3556 1087 3653 1146 est
3671 1083 3893 1165 hujus-

2360 1189 2533 1253 modi
2556 1211 2571 1252 :
2591 1208 2769 1271 ergo,
2795 1194 2913 1253 etc.
2940 1187 3230 1252 Probatio
3245 1189 3491 1253 mediae.
3517 1188 3719 1271 Super
3738 1189 3894 1255 illud

2360 1295 2590 1359 Psalmi
2612 1297 2634 1333 ³
2669 1317 2685 1360 t
2716 1299 2938 1363 Justus
2972 1297 3277 1363 Dominus
3318 1299 3391 1363 in
3430 1298 3728 1364 omnibus
3762 1300 3893 1364 viis

2358 1405 2520 1481 5313,
2545 1402 2794 1468 Glossa:
2830 1427 2860 1464 α
2889 1403 3007 1467 Deo
3032 1403 3154 1467 hoc
3173 1408 3267 1467 est
3284 1404 3443 1467 velle
3462 1404 3637 1485 quod
3661 1404 3888 1483 facere,

2359 1510 2511 1592 quia
2536 1528 2619 1573 ex
2642 1513 2781 1593 ejus
2811 1510 3130 1574 voluntate
3149 1529 3250 1574 res
3279 1511 3517 1575 habent
3545 1528 3706 1574 esse.
3738 1531 3767 1568 υ

2440 1614 2596 1679 Item
2622 1617 2865 1681 ratione
2885 1616 3156 1693 videtur,
3180 1617 3330 1697 quia
3356 1615 3569 1679 omnis
3587 1635 3780 1680 causa
3802 1621 3892 1679 est

2358 1721 2564 1802 prima
2612 1728 2675 1787 et
2725 1723 3121 1802 immediata,
3180 1742 3308 1805 qua
3366 1741 3497 1786 non
3552 1727 3649 1786 est
3700 1723 3893 1787 altera

2358 1830 2531 1910 prior
2559 1831 2582 1867 ⁸
2615 1854 2629 1895 ε
2672 1832 2777 1895 sed
2819 1831 3034 1895 divina
3064 1830 3362 1894 voluntas
3399 1833 3494 1893 est
3534 1848 3728 1893 causa
3767 1850 3894 1913 qua

2357 1953 2488 1999 non
2506 1942 2598 2000 est
2615 1938 2810 2001 altera
2827 1938 3022 2019 prior,
3042 1956 3190 2000 31113
3211 1938 3291 2000 sit
3306 1936 3477 1999 idem
3495 1935 3666 2018 quod
3687 1935 3849 1999 Deus
3870 1959 3885 2000 ε

2358 2060 2513 2122 ergo
2538 2043 2831 2107 voluntas
2854 2048 2948 2108 est
2969 2062 3159 2107 causa
3183 2043 3388 2125 prima
3406 2046 3470 2105 31
3496 2042 3885 2106 immediata.

2435 2148 2615 2228 Item,
2637 2150 2846 2213 omnis
2866 2169 3055 2213 causa
3073 2155 3164 2213 est
3182 2150 3387 2231 prima
3410 2152 3474 2211 31
3497 2148 3883 2229 immediata,

2353 2274 2500 2339 quae
2554 2261 2647 2321 est
2698 2258 2768 2321 in
2813 2262 3017 2322 totum
3067 2258 3361 2322 effectum
3408 2276 3526 2340 per
3575 2256 3887 2322 actionem

2354 2381 2538 2426 suam
2568 2386 2583 2428 ε
2614 2364 2721 2428 53(1
2748 2383 2937 2428 03133
2965 2364 3136 2447 quod
3156 2365 3250 2443 fit,
3272 2370 3366 2428 est
3391 2383 3431 2427 a
3460 2363 3613 2439 De0,
3640 2367 3703 2426 et
3728 2362 3885 2428 nihil

2352 2475 2555 2554 potest
2579 2474 2828 2554 operari
2854 2475 2993 2537 sine
3018 2473 3184 2556 ipso,
3227 2492 3379 2538 cum
3417 2490 3554 2536 non
3585 2472 3785 2556 possit
3819 2472 3884 2534 in

2352 2599 2488 2644 esse
2521 2580 2598 2664 (a)
2631 2582 2893 2661 salvari,
2929 2589 2992 2647 31
3017 2583 3183 2647 Deus
3222 2584 3336 2647 toti
3381 2585 3783 2666 cooperatur,
3824 2584 3887 2643 et

2351 2686 2422 2749 in
2447 2691 2652 2752 totum
2684 2707 2700 2752 ε
2734 2708 2922 2772 ergo,
2949 2695 3067 2755 etc.

2432 2793 2619 2874 Item,
2653 2797 2861 2858 omnis
2889 2798 3000 2878 qui
3025 2797 3346 2878 cognoscit
3371 2815 3508 2860 rem
3538 2794 3882 2860 certissime

2351 2905 2413 2965 et
2438 2902 2857 2983 nobilissime,
2890 2905 3213 2986 cognoscit
3234 2923 3346 2986 per
3371 2923 3630 2968 causam
3662 2900 3877 2984 proxi-

2351 3027 2524 3073 mam
2543 3013 2607 3073 et
2628 3009 3060 3075 immediatam
3088 3030 3105 3074 t
3136 3012 3243 3075 sed
3261 3029 3660 3092 cognoscens
3686 3009 3880 3073 Deum

2349 3120 2412 3181 et
2454 3118 2676 3182 videns
2713 3121 3037 3201 cognoscit
3076 3120 3144 3183 in
3184 3138 3259 3184 eo
3296 3137 3396 3182 res
3437 3117 3784 3182 certissime
3821 3119 3883 3179 et

2348 3224 2734 3289 nobilissime
2757 3229 3062 3307 tanquam
3097 3226 3164 3288 in
3192 3225 3397 3289 causis
3423 3223 3781 3306 prioribus»,
3812 3228 3883 3286 ut

2346 3335 2496 3399 dicit
2543 3336 2946 3417 Augustinus
2995 3359 3010 3399 ε
3057 3354 3215 3417 ergo
3269 3336 3336 3399 in
3390 3334 3514 3399 Deo
3562 3339 3656 3399 est
3694 3351 3879 3398 causa

2346 3442 2637 3522 proxima
2666 3447 2728 3505 et
2753 3443 3118 3506 immediata
3148 3465 3161 3507 ε
3200 3443 3307 3507 sed
3336 3461 3465 3506 non
3495 3442 3622 3505 nisi
3646 3442 3877 3505 volun-

2345 3550 2440 3610 tas
2474 3571 2488 3612 z
2522 3566 2678 3629 ergo
2698 3595 2714 3625 ,
2745 3553 2863 3612 etc.
3579 3564 3586 3575 ·

2428 3654 2582 3720 Item
2599 3705 2617 3735 ,
2643 3656 2814 3739 quod
2840 3656 2966 3720 Deo
2993 3656 3384 3733 attribuitur,
3412 3658 3598 3722 debet
3624 3653 3873 3721 attribui

2345 3762 2402 3825 ei
2425 3762 2492 3825 in
2517 3763 2643 3827 fine
2669 3763 2865 3827 totius
2883 3764 3276 3828 nobilitatis-t
3301 3767 3349 3827 si
3371 3784 3527 3847 ergo
3545 3766 3707 3830 ratio
3734 3782 3874 3827 cau-

2344 3868 2603 3933 salilatis
2638 3871 2936 3934 convenit
2972 3871 3069 3948 ei,
3114 3872 3503 3936 nobilissima
3544 3871 3872 3936 causalitas

2343 3974 2525 4039 debet
2567 3976 2627 4040 ei
2669 3978 2923 4043 attribui
2966 3998 2982 4038 t
3015 3979 3124 4043 sed
3172 3978 3311 4042 haec
3339 3983 3435 4042 est
3469 3981 3632 4043 ratio
3667 3994 3871 4042 causae

2343 4083 2568 4165 primae
2593 4087 2656 4148 et
2683 4085 3068 4148 immediatae
3102 4108 3116 4148 ε
3164 4103 3354 4166 ergO,
3386 4089 3505 4150 etc.

2422 4190 2684 4257 Contra:
2710 4198 2739 4256 1
2754 4241 2769 4256 .
2787 4192 2987 4257 Unius
3002 4198 3096 4257 est
3114 4213 3243 4258 una
3263 4213 3453 4258 causa
3469 4195 3863 4259 immediata:
3896 4212 3958 4257 Aa
3986 4220 4070 4264 opp-

2341 4316 2498 4379 ergo
2522 4299 2578 4361 si
2611 4298 2780 4363 Deus
2814 4305 2907 4363 est
2942 4318 3132 4364 causa
3164 4302 3456 4365 omnium
3483 4302 3861 4375 immediata,

2340 4409 2502 4472 nihil
2526 4409 2717 4475 habet
2738 4412 2930 4475 aliam
2956 4430 3212 4476 causam
3242 4432 3436 4496 quam
3464 4413 3662 4478 Deum
3689 4435 3703 4476 :
3731 4409 3866 4475 etsi

2339 4514 2495 4595 hoc,
2535 4522 2736 4582 cessat
2774 4521 2984 4583 omnis
3021 4522 3335 4604 operati0,
3378 4526 3441 4585 et
3476 4523 3566 4586 ita
3593 4518 3864 4605 potentia

2339 4629 2557 4697 cessat,
2580 4630 2778 4689 cessat
2795 4633 2858 4690 et
2877 4627 3146 4707 bonita5‚
3170 4633 3233 4692 et
3249 4632 3455 4692 cetera
3475 4634 3627 4693 sunt
3647 4628 3857 4692 otiosa.

2419 4733 2479 4793 2.
2527 4731 2716 4810 Item,
2763 4734 2817 4796 si
2858 4734 3076 4798 divina
3115 4735 3409 4799 voluntas
3444 4741 3539 4799 351
3580 4733 3862 4799 03131331

2337 4855 2530 4901 331153
2572 4839 2865 4919 proxima
2903 4845 2966 4903 et
3005 4840 3391 4919 immediata,
3437 4841 3638 4923 posita
3681 4854 3859 4903 causa

2408 4955 2521 5019 ¹Cs.
2549 4955 2691 5005 Alex.
2722 4957 2949 5017 Alensis‚
2978 4972 3031 5021 p.
3062 4960 3114 5019 l,
3156 4972 3207 5021 q.
3237 4969 3403 5021 xxxV,
3442 4958 3631 5008 memb.
3657 4960 3714 5016 2,
3743 4954 3773 5018 ἓ
3801 4959 3820 5002 1
3838 4967 3853 5014 ;

2336 5025 2644 5090 Richardus,
2684 5029 2702 5077 1
2743 5028 2901 5091 Sent„
2942 5029 3060 5079 dist.
3085 5041 3214 5093 ην,
3242 5033 3337 5080 art.
3364 5033 3429 5091 2,
3468 5044 3522 5094 q.
3548 5043 3645 5093 1113
3689 5024 3854 5089 Steph-

2338 5097 2547 5161 Bruler„
2576 5102 2593 5148 1
2626 5099 2783 5162 Sem„
2812 5101 2927 5151 dist.
2951 5112 3078 5162 ην,
3121 5115 3171 5165 q.
3203 5113 3253 5152 xv
3270 5116 3287 5165 3
3334 5102 3513 5151 Petrus
3546 5102 3608 5151 de
3643 5100 3856 5157 Taraut.,

2335 5170 2356 5220 1
2385 5170 2541 5229 Sent„
2571 5170 2689 5220 dist.
2709 5182 2828 5234 XLV,
2858 5187 2907 5237 q.
2934 5184 2993 5235 v;
3024 5172 3177 5223 Gabr.
3203 5173 3340 5234 niel,
3373 5174 3389 5222 1
3421 5174 3577 5236 Sent„
3607 5172 3718 5223 dist.
3740 5178 3852 5227 XLV,

2335 5256 2386 5306 q.
2412 5241 2547 5291 unic.
2569 5268 2633 5278 -
2659 5242 2682 5276 ¹
2703 5244 2853 5307 Aug„
2879 5242 2937 5293 dc
2977 5244 3178 5307 Trinit„
3219 5245 3306 5295 lib.
3339 5245 3403 5294 ΙΙΙ
3422 5282 3436 5305 ,
3474 5259 3521 5294 3.
3554 5256 3630 5306 lv,
3656 5256 3708 5292 n.
3730 5243 3774 5290 9.
3795 5261 3854 5274 -

2334 5313 2356 5347 ⁸
2374 5314 2454 5362 Ps.
2478 5325 2652 5377 cxnw,
2677 5316 2752 5363 17.
2774 5339 2837 5351 —
2861 5314 2876 5342 ⁸
2899 5315 3075 5378 Arist„
3103 5317 3287 5367 Foster.
3314 5314 3400 5365 lib.
3425 5317 3473 5378 1,
3504 5330 3547 5367 3.
3572 5327 3628 5378 11,
3653 5313 3784 5364 cont.
3805 5308 3849 5357 6-

2399 5390 2467 5455 (a)
2498 5390 2619 5441 Goet.
2641 5390 2763 5442 edit.
2791 5389 2979 5442 inesse.
