4125 6225
38 2113 226 2172 propria.

1239 409 1432 490 ms‘r.
1474 408 1633 477 XVI.
1675 404 1860 474 ΛΒΤ.
1904 405 1984 472 11.
2027 407 2327 487 QUAEST.
2373 412 2423 476 1.

244 549 317 615 in
340 548 603 614 homine
632 547 963 613 extensive
979 594 996 624 ‚
1026 563 1225 629 quam
1251 546 1323 611 in
1347 545 1592 629 angelis
1613 591 1632 626 ‚
1661 544 1784 609 hoc

207 688 212 694 ·
245 657 459 736 verbis
502 654 853 738 Augustini
886 673 1020 720 non
1065 659 1390 733 consonat,
1431 653 1547 737 qui
1591 651 1784 717 ratio·

248 785 399 836 nem
441 765 745 847 imaginis
788 763 937 828 dicit
981 781 1115 827 esse
1162 763 1233 827 in
1274 764 1492 827 anima
1525 760 1787 845 praecise

250 875 603 939 secundum
630 876 876 955 partem
901 889 1293 954 supremam,
1326 871 1490 935 sicut
1521 874 1693 954 patet
1716 868 1789 932 in

249 980 427 1045 libris
456 979 533 1046 de
559 979 878 1046 Trinitate
899 979 941 1042 ¹.
974 976 1278 1043 Similiter
1293 1027 1311 1057 ,
1340 978 1514 1060 quod
1540 976 1788 1041 dicatur

229 1088 695 1172 ,universaliter
733 1086 1088 1168 expressior
1126 1103 1261 1149 aese
1297 1085 1516 1166 imago
1561 1084 1670 1149 Dei
1719 1084 1791 1148 in

252 1182 485 1276 angel'o
502 1242 518 1272 ,
553 1212 751 1277 quam
792 1194 862 1256 in
895 1192 1110 1256 anima
1127 1241 1146 1271 ,
1177 1195 1434 1274 propter
1480 1194 1790 1274 majorem

254 1302 634 1383 dignitatem
658 1304 941 1378 naturae3
968 1299 1091 1364 hoc
1117 1318 1250 1363 non
1284 1299 1536 1365 videtur
1561 1317 1789 1365 conso-

256 1428 411 1477 nare
456 1409 690 1474 Glossae
703 1457 721 1489 ,
760 1425 909 1490 quae
950 1407 1098 1471 dicit
1128 1425 1320 1490 super
1347 1406 1505 1471 illud
1544 1407 1635 1473 ad
1674 1408 1796 1473 He-

258 1516 452 1584 braeos
472 1524 494 1557 ²
521 1540 546 1582 .·
582 1519 755 1582 Eum
789 1516 904 1598 qui
938 1513 1259 1580 modicum
1297 1516 1658 1582 minoratus
1703 1520 1798 1580 esc

259 1626 338 1690 ab
379 1625 664 1706 anqeli3‚·
694 1623 785 1687 ibi
829 1622 979 1686 dicit
1019 1620 1232 1685 Glossa
1281 1621 1453 1703 quod
1487 1646 1518 1682 α
1562 1625 1797 1686 natura

263 1733 495 1796 mentis
534 1732 860 1809 humanae,
902 1728 1158 1812 qualem
1185 1727 1472 1793 Christus
1501 1748 1796 1811 assump-

261 1841 371 1920 sit,
406 1839 579 1904 solus
606 1838 771 1903 Deus
810 1840 1014 1919 major
1057 1839 1171 1900 est.
1211 1857 1243 1895 n
1280 1835 1358 1900 Et
1395 1836 1800 1918 Augustinus

261 1947 385 2012 hoc
407 1946 618 2010 innuit
644 1946 713 2008 in
740 1943 1031 2028 pluribus
1054 1942 1208 2007 locis
1233 1962 1249 2003 t
1277 1946 1341 2007 et
1368 1943 1471 2024 pie
1494 1943 1796 2023 creditur,

167 2048 176 2059 '
264 2058 327 2119 et
355 2053 780 2120 communiter
819 2051 1124 2128 sentitur,
1157 2051 1331 2132 quod
1375 2051 1563 2131 virgo
1603 2048 1803 2114 Maria

267 2159 475 2240 magis
498 2159 660 2223 inter
687 2175 913 2222 omnes
933 2156 1197 2237 angelos
1219 2156 1455 2221 accedit
1472 2156 1550 2219 ad
1575 2156 1799 2221 Deum.

266 2266 605 2350 Propterea
652 2269 749 2331 est
797 2264 964 2329 alius
1008 2263 1239 2328 modus
1286 2263 1573 2342 dicendi,
1629 2263 1802 2346 quod

267 2392 417 2438 cum
451 2373 772 2456 expressio
812 2371 1116 2453 imaginis
1142 2371 1441 2436 consistat
1478 2372 1548 2434 in
1573 2390 1806 2436 conve-

268 2480 513 2545 nientia
536 2478 776 2544 ordinis
802 2481 866 2541 et
887 2476 1337 2560 proportionis,
1369 2477 1641 2540 intensio
1667 2478 1809 2559 dig-

270 2589 489 2654 nitatis
530 2586 833 2670 imaginis
872 2585 1156 2650 consistit
1197 2586 1549 2665 secundum
1593 2586 1810 2650 inten-

271 2695 520 2760 sionem
555 2691 1017 2759 convenientiae
1057 2696 1372 2774 quantum
1417 2692 1498 2756 ad
1540 2709 1811 2775 propor-

271 2803 537 2879 tionem,
579 2801 683 2868 vel
724 2802 1038 2866 ordinem.
1078 2798 1552 2864 Attendendum
1593 2805 1810 2864 autem

274 2916 447 2998 quod
493 2913 933 2979 convenientia
978 2914 1289 2976 creaturae
1355 2910 1685 2974 rationalis
1733 2910 1813 2974 ad

277 3023 480 3086 Deum
519 3021 873 3086 secundum
908 3019 1198 3083 ordinem
1213 3066 1231 3096 ,
1261 3017 1559 3099 quaedam
1601 3023 1696 3081 est
1736 3019 1815 3082 de

276 3147 412 3194 esse
436 3130 763 3211 imaginis,
794 3132 858 3192 et
882 3127 1180 3210 quaedam
1224 3126 1301 3191 de
1332 3125 1493 3189 bene
1520 3143 1657 3189 esse
1690 3147 1706 3189 ε
1736 3125 1816 3190 de

280 3254 416 3301 aese
454 3237 759 3318 imaginis
784 3240 901 3314 est,
929 3234 1104 3317 quod
1127 3239 1421 3299 creatura
1449 3233 1815 3297 immediate

282 3343 615 3408 ordinetur
639 3344 718 3407 ad
746 3341 987 3419 Deum3
1031 3341 1111 3405 de
1139 3341 1300 3408 bene
1328 3359 1464 3405 6556
1493 3358 1649 3406 vero
1690 3343 1814 3421 est,

282 3453 458 3534 quod
517 3456 807 3516 creatura
848 3468 997 3533 quse
1042 3454 1138 3514 est
1190 3450 1432 3530 imago,
1484 3466 1823 3532 praepona-

284 3560 394 3624 tur
423 3558 563 3623 aliis
599 3576 749 3640 quae
792 3560 1012 3623 tenent
1048 3558 1366 3622 rationem
1411 3556 1670 3639 vestigii
1691 3605 1710 3637 ‚
1761 3560 1824 3621 et

286 3667 460 3749 quod
520 3665 662 3731 aliae
712 3665 791 3749 (a)
850 3665 1227 3730 ordinentur
1281 3664 1353 3730 in
1407 3665 1612 3747 ipsam
1672 3668 1824 3729 tan-

287 3793 486 3858 quam
512 3774 583 3837 in
616 3775 835 3841 finem.
878 3771 957 3837 Et
998 3772 1089 3837 sic
1132 3772 1368 3856 triplex
1416 3777 1512 3837 est
1556 3773 1713 3838 ordo
1755 3773 1827 3837 in

290 3886 581 3947 creatura
635 3880 928 3945 rationali
943 3927 960 3957 ,
1017 3879 1371 3944 secundum
1426 3898 1623 3963 quem
1674 3896 1829 3943 con-

288 3987 605 4053 formatur
670 3988 818 4053 Deo.
881 3984 1135 4050 Primus
1190 3987 1266 4068 (b)
1295 4035 1312 4068 ,
1375 3987 1546 4069 quod
1596 3987 1830 4050 imme-

294 4095 459 4160 diate
496 4099 649 4159 nata
674 4097 769 4160 est
810 4094 934 4159 Deo
976 4094 1326 4175 conjungi,
1360 4098 1424 4158 et
1448 4094 1569 4158 hoc
1593 4097 1689 4157 est
1727 4111 1831 4157 es-

295 4204 557 4269 sentiale
575 4202 879 4285 imagini:
909 4206 973 4267 et
996 4202 1065 4265 in
1091 4202 1212 4265 hoc
1232 4202 1501 4284 angelus
1530 4206 1594 4266 et
1615 4202 1833 4267 anima

297 4312 801 4394 aequipar'antur,
840 4310 995 4393 quia
1025 4310 1360 4392 utriusque
1386 4327 1571 4373 mens
1594 4310 1831 4374 imme-

296 4419 462 4484 diate
501 4418 582 4483 ab
615 4419 753 4501 ipsa
782 4417 990 4501 prima
1032 4417 1297 4482 veritate
1337 4417 1670 4482 formatur.
1718 4416 1833 4482 Se-

297 4525 549 4591 cundus
578 4529 703 4604 est,
746 4543 877 4608 quo
901 4524 1297 4607 praeponitur
1323 4527 1645 4606 creatura,
1686 4542 1836 4608 quae

299 4638 395 4698 est
428 4634 672 4714 imago,
712 4632 854 4697 61115
871 4631 1177 4697 creaturis
1223 4653 1240 4695 :
1278 4632 1439 4696 etin
1471 4633 1595 4697 hoc
1623 4632 1840 4715 angeli

298 4742 677 4825 praecellunt
694 4788 713 4820 ,
763 4740 915 4823 quia
969 4758 1101 4804 non
1152 4739 1361 4804 solum
1416 4740 1636 4804 bestiis
1655 4788 1674 4817 ,
1728 4740 1839 4804 sed

300 4850 494 4913 etiam
520 4847 890 4912 hominibus
912 4851 1187 4912 rectores
1211 4851 1364 4911 sunt
1397 4846 1678 4931 deputati
1691 4894 1709 4925 ,
1738 4865 1842 4911 se-

302 4957 587 5023 cundum
621 4956 784 5021 illud
824 4956 1267 5022 Ecclesiasticz'
1288 4959 1312 4996 ⁸
1356 4975 1380 5017 .·
1415 4956 1498 5020 1η
1537 4971 1842 5039 unaqua-

302 5083 423 5151 que
465 5070 644 5151 qente
678 5067 1033 5149 proeposuic
1071 5071 1334 5133 rectores
1348 5084 1372 5147 3
1409 5062 1627 5130 Glossa
1663 5083 1683 5130 ε
1721 5088 1754 5128 α
1778 5065 1844 5129 id

304 5178 402 5241 est
424 5174 727 5256 angelos3
756 5194 790 5236 n
821 5177 885 5239 et
909 5174 1028 5238 iste
1053 5178 1150 5239 est
1183 5174 1365 5255 ordo,
1393 5190 1526 5256 quo
1553 5175 1844 5240 creatura

371 5337 555 5400 ¹Aug.,
591 5334 652 5385 de
689 5334 850 5397 Trin„
889 5335 981 5386 lib.
1009 5337 1081 5396 V,
1109 5350 1156 5386 c.
1182 5348 1266 5400 vs3
1305 5335 1393 5386 lib.
1419 5335 1565 5397 xlv,
1594 5349 1642 5385 c.
1665 5346 1758 5386 vu.
1781 5363 1845 5375 -

307 5407 331 5442 ¹
346 5406 517 5469 Hebr„
542 5419 606 5471 11,
632 5410 680 5456 9.
699 5433 759 5444 —
776 5407 799 5441 ⁸
816 5406 997 5472 Bauli„
1019 5418 1151 5471 xvir,
1178 5410 1254 5456 14.

3308 421 3428 485 639

1885 541 2269 610 irrationalis
2305 549 2573 630 regitur·
2593 568 2634 614 a
2672 549 2823 631 Deo,
2866 551 3184 618 mediante
3227 554 3430 619 ratio-

1889 653 2044 716 nali.
2074 653 2324 719 Tertius
2349 661 2444 721 est
2467 658 2646 738 ordo,
2671 677 2801 741 quo
2833 663 3143 725 creaturae
3169 662 3429 727 irratio-

1890 761 2067 827 nales
2105 765 2185 828 ad
2210 765 2585 830 rationalem
2625 768 3002 833 ordinantur
3029 773 3336 852 tanquam
3363 771 3433 835 in

1893 870 2090 933 finem
2116 876 2372 955 propter
2394 892 2590 955 quem
2617 878 2767 939 sunt
2792 876 2996 954 factae,
3034 880 3097 939 et
3115 877 3433 942 mediante

1890 975 2002 1040 illo
2040 977 2111 1040 in
2137 978 2440 1043 ultimum
2473 981 2670 1045 finem
2710 982 3127 1066 principalem
3161 1006 3175 1047 :
3208 987 3273 1047 et
3329 1002 3435 1048 se-

1897 1082 2181 1147 cundum
2248 1083 2424 1150 hunc
2500 1086 2791 1151 ordinem
2859 1107 3015 1170 mag
3035 1089 3099 1152 is
3137 1091 3439 1154 convenit

1895 1191 2094 1256 homo
2120 1211 2273 1256 cum
2296 1193 2445 1273 Dec,
2476 1214 2675 1277 quam
2698 1196 2998 1278 angelus;
3030 1197 3240 1279 magis
3262 1198 3438 1263 enim

1896 1299 2061 1363 facta
2086 1305 2239 1366 sunt
2265 1304 2329 1364 et
2364 1302 2715 1384 corporalia
2748 1308 2811 1367 et
2836 1302 3155 1367 sensibilia
3180 1307 3441 1386 propter

1897 1406 2213 1487 homineS,
2239 1426 2438 1491 quam
2463 1413 2721 1492 propter
2738 1411 3000 1493 angelos
3025 1429 3043 1474 t
3070 1410 3245 1475 etsie
3272 1415 3444 1493 patet

1900 1515 2077 1598 quod
2122 1516 2284 1580 ratio
2334 1518 2640 1600 imaginis
2661 1567 2679 1599 ,
2736 1522 2931 1602 prout
2977 1519 3324 1584 attenditur
3374 1521 3444 1583 in

1902 1624 2343 1690 convenientia
2386 1626 2660 1705 ordinis,
2690 1632 3007 1710 quantum
3046 1628 3126 1691 ad
3170 1627 3236 1691 id
3273 1625 3446 1709 quod

1904 1735 1999 1795 est
2018 1731 2098 1795 de
2136 1750 2272 1796 esse
2296 1780 2314 1810 ,
2356 1733 2428 1796 in
2460 1733 2723 1797 homine
2763 1738 2826 1798 et
2859 1734 3088 1815 angelo
3133 1733 3446 1816 reperitur

1906 1839 2255 1921 aequaliter,
2289 1840 2443 1923 quia
2467 1846 2739 1923 uterque
2767 1840 3098 1905 ordinatur
3135 1842 3204 1904 in
3245 1841 3447 1905 Deum

1906 1947 2300 2026 immediate;
2330 1952 2648 2031 quantum
2676 1967 2828 2014 vero
2861 1949 2941 2013 ad
2968 1948 3128 2013 illud
3154 1949 3326 2031 quod
3355 1953 3450 2014 est

1908 2055 1987 2119 (16
2013 2055 2175 2118 bene
2210 2073 2344 2118 esse
2361 2103 2378 2134 ,
2409 2055 2642 2119 scilicet
2686 2042 3005 2138 duantum
3042 2058 3121 2121 ad
3160 2056 3449 2121 ordinem

1909 2166 2203 2246 respectu
2219 2166 2679 2244 creaturarum,
2703 2182 2769 2227 se
2788 2163 3027 2228 habent
3048 2183 3163 2247 per
3185 2163 3451 2228 modum

1912 2271 2293 2350 excedentis,
2322 2274 2387 2334 e't
2412 2270 2670 2334 excessi.
2699 2269 2990 2352 Angelus
3023 2272 3198 2335 enim
3236 2272 3447 2353 magis

1913 2379 2211 2443 convenit
2237 2381 2550 2461 quantum
2585 2378 2666 2442 ad
2707 2378 3001 2442 ordinem
3044 2378 3168 2442 sub
3205 2379 3454 2444 ratione

1915 2485 2291 2567 regiminis;
2329 2485 2526 2549 homo
2560 2502 2715 2551 vero
2759 2485 2972 2566 magis
3013 2490 3329 2568 quantum
3374 2487 3454 2551 ad

1917 2593 2208 2657 ordinem
2234 2593 2348 2675 qui
2373 2592 2715 2657 attenditur
2741 2592 2805 2656 in
2833 2592 3081 2657 ratione
3109 2594 3279 2659 finis.
3302 2594 3457 2659 Con-

1917 2699 2111 2763 simili
2168 2700 2357 2764 modo
2408 2700 2762 2781 reperimus
2788 2748 2807 2778 ,
2867 2704 2932 2764 et
2987 2700 3417 2783 aequalitatem
3435 2749 3454 2780 ,

1918 2811 1983 2871 et
2007 2809 2315 2871 mutuum
2351 2823 2683 2870 excessum
2735 2806 2803 2868 in
2842 2807 3247 2887 expressione
3286 2809 3457 2872 ima-

1920 2915 2094 2997 ginis
2124 2933 2272 2997 quae
2308 2914 2657 2978 attenditur
2688 2912 3044 2977 secundum
3072 2916 3461 2980 convenien-

1921 3020 2080 3082 tiam
2119 3017 2540 3101 proportionis
2562 3064 2579 3094 ,
2619 3017 2773 3099 quia
2819 3016 3117 3099 quaedam
3164 3023 3258 3082 est
3299 3037 3457 3083 con-

1923 3126 2248 3192 venientia
2320 3125 2713 3189 habitudinis
2804 3142 2953 3208 quae
3015 3130 3110 3190 est
3184 3127 3262 3191 (16
3327 3145 3464 3191 6556

1925 3234 2228 3316 imaginis
2245 3281 2263 3311 ,
2299 3233 2595 3316 quaedam
2646 3234 2725 3297 de
2765 3233 2928 3297 bene
2976 3251 3112 3297 esse
3160 3254 3178 3297 :
3222 3235 3329 3298 illa
3370 3238 3468 3299 est

1929 3341 2006 3406 de
2072 3358 2206 3405 esse
2226 3388 2244 3420 ,
2310 3357 2460 3423 quae
2517 3340 2796 3405 consistit
2861 3339 2935 3404 in
2994 3342 3468 3423 comparatione

1928 3447 2010 3513 ad
2051 3448 2396 3512 intrinseca
2419 3496 2438 3528 ,
2486 3448 2652 3512 sicut
2713 3448 2795 3513 ad
2839 3449 3153 3531 potentias
3204 3467 3222 3511 z
3285 3453 3350 3513 et
3400 3449 3469 3512 in

1931 3557 2052 3621 hac
2076 3557 2271 3621 homo
2316 3559 2381 3619 et
2406 3555 2678 3637 angelus
2717 3555 3160 3637 adaequantur,
3197 3555 3351 3637 quia
3382 3556 3472 3619 ita

1931 3664 2097 3729 bene
2122 3667 2215 3727 est
2254 3661 2588 3740 distinctiO,
2615 3664 2681 3725 et
2704 3661 2912 3742 orig0,
2942 3664 3007 3725 et
3027 3661 3375 3744 aequalitaS,
3409 3667 3475 3727 et

1934 3768 2549 3835 consubstantialitas
2566 3768 2637 3831 in
2658 3768 2952 3850 potentiis
2967 3770 3228 3846 animae,
3253 3769 3320 3833 in
3343 3787 3476 3834 me-

1935 3876 2145 3940 moria
2172 3875 2427 3952 scilicet,
2459 3874 2880 3956 intelligentia
2904 3877 2970 3939 et
2997 3876 3324 3941 voluntate
3339 3926 3357 3957 ,
3383 3877 3477 3940 si-

1936 3988 2048 4049 cut
2061 3984 2131 4047 in
2148 3982 2443 4065 potentiis
2468 3983 2707 4064 angeli.
2732 3982 2845 4048 llla
2862 4000 3019 4049 vero
3037 3984 3478 4049 convenientia

1936 4090 2332 4157 habitudinis
2355 4095 2449 4153 est
2471 4089 2547 4155 de
2574 4091 2737 4154 bene
2763 4108 2920 4172 esse,
2952 4108 3100 4173 quae
3131 4093 3480 4159 attenditur

1937 4200 2010 4264 in
2036 4197 2505 4282 comparatione
2539 4200 2847 4262 creaturae
2874 4198 3199 4263 rationalis
3239 4200 3321 4265 ad
3360 4200 3478 4263 ali-

1940 4307 2114 4389 quod
2141 4306 2571 4371 extrinsecum
2586 4353 2605 4385 ,
2638 4309 2858 4388 utpote
2899 4305 2981 4370 ad
3008 4324 3239 4389 corpus
3260 4355 3279 4387 ‚
3309 4307 3482 4390 quod

1942 4418 2036 4478 est
2058 4416 2198 4497 ipsa
2211 4413 2498 4478 inferiuS.
2522 4411 2676 4475 Haec
2692 4417 2910 4477 autem
2930 4412 3264 4495 dupliciter
3279 4417 3485 4497 potest

1942 4538 2080 4586 esse
2105 4521 2495 4603 expressior:
2530 4519 2637 4586 vel
2662 4520 2999 4603 privative,
3029 4519 3133 4586 vel
3158 4521 3429 4603 positive
3462 4540 3483 4587 ι

1943 4630 1998 4694 si
2025 4629 2322 4711 positive,
2351 4628 2443 4693 sic
2468 4628 2684 4692 anima
2723 4631 2818 4691 est
2859 4628 3077 4709 imago
3104 4629 3482 4712 expressior,

1945 4756 2095 4821 quae
2136 4739 2206 4803 in
2247 4737 2368 4801 hoc
2405 4737 2580 4819 quod
2621 4737 3044 4819 conjungitur
3082 4737 3369 4821 corpori,
3398 4738 3488 4803 ita

1945 4846 2121 4929 quod
2159 4864 2272 4929 per
2310 4845 2471 4911 illud
2517 4849 2613 4909 est
2645 4844 3034 4927 principium
3075 4845 3382 4926 aliorum,
3424 4851 3489 4912 et

1947 4974 2064 5039 per
2088 4954 2245 5019 illud
2272 4957 2479 5018 totum
2523 4952 2868 5029 inhabitat,
2897 4951 3105 5033 magis
3135 4971 3490 5036 repraesen·

1948 5068 2041 5130 tat
2074 5064 2278 5128 Deum
2298 5110 2316 5141 ,
2351 5062 2469 5145 qui
2510 5066 2605 5125 est
2639 5061 3025 5144 principium
3065 5062 3357 5126 omnium
3378 5111 3397 5144 ,
3427 5067 3494 5129 et

1948 5170 2066 5257 qui
2091 5189 2265 5236 unus
2282 5174 2377 5235 est
2396 5169 2467 5233 in
2479 5169 2811 5248 omnibus;
2840 5167 2894 5231 si
2910 5172 3129 5234 autem
3146 5171 3486 5253 privative,

1945 5280 2040 5344 sic
2058 5278 2330 5361 angelus
2366 5275 2577 5357 magis
2607 5279 3023 5359 repraesentat
3058 5275 3263 5343 Deum
3291 5326 3312 5358 ,
3338 5280 3494 5362 quia

2015 5404 2083 5472 ((1)
2111 5405 2235 5457 Coet.
2252 5402 2375 5454 edit.
2402 5402 2598 5453 alim—
2619 5400 2689 5468 (b)
2722 5402 2846 5454 Coet.
2867 5402 2990 5455 edit.
3016 5404 3182 5456 Prius.
