4125 6225
788 424 904 483 116

739 553 746 558 ’
786 552 995 617 cundo
1044 551 1122 616 de
1169 551 1404 616 divinae
1452 551 1729 616 scientiae
1783 549 2313 632 sempiternitate,

787 662 922 727 sive
948 660 1553 725 interminabilitate.
1587 658 1908 737 Quantum
1927 660 2008 723 ad
2035 658 2317 741 primum

786 772 1167 853 quaeruntur
1220 768 1347 833 duo
1401 788 1416 829 :
1473 768 1685 834 Primo
1732 768 2047 851 quaeritur
2095 772 2317 830 utrum

784 878 1251 960 praedestinatio
1277 878 1383 941 vel
1409 877 1765 960 reprobatio
1791 876 1862 939 in
1883 874 2066 938 nobis
2090 872 2319 937 habeat

785 1002 1039 1048 causam
1077 984 1501 1063 meritoriam3
1532 984 1808 1048 secundo
1835 985 2059 1047 utrum
2090 979 2319 1044 habeat

783 1090 850 1154 in
878 1090 1005 1156 Deo
1030 1092 1343 1157 rationem
1369 1093 1700 1157 motivam.

1298 1331 1706 1411 QUAESTIO
1747 1332 1798 1396 1.

782 1485 876 1542 An
896 1486 1325 1560 praedoetinatio,
1356 1488 1443 1544 vel
1460 1486 1787 1561 reprobatae,
1815 1484 2049 1541 habeant
2069 1486 2129 1541 in
2157 1482 2311 1540 nobis

1237 1594 1450 1635 causam
1487 1579 1820 1635 meritoriam
1844 1575 1883 1630 ¹.

546 1741 617 1785 Ad
648 1754 750 1798 opv-
859 1735 1039 1814 Quod
1095 1741 1311 1802 autem
1363 1739 1638 1803 habeant
1695 1738 1765 1801 in
1815 1736 2000 1800 nobis
2051 1752 2309 1800 causam

777 1847 1167 1911 meritoriam
1184 1897 1201 1925 ‚
1228 1849 1584 1913 ostenditur
1609 1848 1717 1911 sic.
1752 1846 1965 1910 Primo
1989 1844 2068 1909 de
2090 1863 2310 1927 repro-

775 1954 1049 2019 batione.
1101 1954 1308 2039 Super
1349 1955 1510 2021 illud
1535 1957 1605 2019 ²:
1662 1955 1839 2020 Esau
1885 1954 2035 2022 odio
2078 1953 2309 2031 habui,

775 2058 990 2125 Glossa
1034 2084 1049 2126 ε
1099 2085 1130 2123 (ι
1159 2063 1357 2144 Esau,
1407 2064 1724 2129 subtracta
1754 2063 1991 2144 gratia,
2030 2080 2144 2145 per
2171 2066 2314 2143 jus·
2362 2134 2367 2143 p

772 2166 977 2230 titiam
1016 2173 1111 2232 est
1133 2171 1528 2252 reprobatus».
1563 2192 1592 2229 ι)
1631 2170 1751 2235 Sed
1770 2171 2022 2252 justitia
2054 2170 2310 2252 respicit

773 2276 998 2339 merita
1029 2299 1043 2340 ε
1070 2295 1228 2357 ergo
1251 2278 1608 2359 reprobatio
1634 2282 1728 2342 est
1753 2296 1835 2341 ex
1859 2276 2122 2340 meritis,

852 2382 911 2442 2.
941 2379 1130 2460 Item,
1165 2399 1279 2464 per
1309 2381 1816 2463 reprobationem
1851 2400 1979 2445 non
2009 2380 2307 2445 dicuntur

770 2485 896 2549 nisi
913 2487 1033 2551 ista
1055 2489 1178 2552 tria
1197 2536 1214 2565 ‚
1243 2488 1478 2552 scilicet
1496 2489 1716 2553 odium
1742 2494 2082 2568 aeternum,
2108 2489 2306 2553 obdu-

769 2593 929 2657 ratio
972 2595 1336 2678 temporalis
1353 2643 1369 2672 ‚
1423 2600 1486 2660 et
1518 2597 1840 2661 damnatio
1883 2597 2090 2660 finalis
2132 2620 2146 2661 ε
2199 2596 2309 2661 sed

768 2700 984 2764 omnia
1017 2703 1136 2765 ista
1175 2702 1412 2767 habent
1450 2703 1521 2767 in
1561 2704 1744 2767 nobis
1783 2703 2090 2767 meritum
2109 2751 2125 2780 ‚
2157 2702 2307 2785 quia

767 2805 934 2872 Deus
961 2809 1286 2875 neminem
1316 2810 1476 2890 odit,
1509 2811 1631 2873 nisi
1672 2816 1927 2894 propter
1956 2812 2301 2890 demerita,

767 2933 886 2980 nec
910 2916 1217 2999 obdurat,
1246 2937 1365 2983 nec
1386 2919 1648 2983 damnat
1679 2940 1694 2983 z
1724 2937 1910 3001 erg0,
1944 2924 2062 2984 etc.

848 3026 909 3088 3.
945 3024 1103 3088 Item
1121 3073 1139 3104 ‚
1170 3026 1498 3092 voluntate
1531 3027 1938 3091 antecedente
1962 3027 2106 3093 vult
2137 3025 2303 3091 Deus

767 3148 990 3196 omnes
1009 3134 1302 3199 homines
1321 3135 1533 3202 salvos
1549 3137 1690 3199 fleri
1715 3158 1729 3200 ε
1758 3137 1814 3199 si
1839 3154 1997 3217 ergo
2022 3135 2302 3218 aliquem

768 3240 1099 3322 reprobat,
1150 3242 1274 3305 hoc
1326 3246 1421 3307 est
1470 3241 1798 3307 voluntate
1849 3247 2270 3325 consequente
2283 3290 2302 3323 ,

768 3348 1094 3413 neminem
1120 3350 1293 3414 enim
1339 3350 1419 3414 de
1449 3367 1518 3414 se
1546 3354 1718 3414 creat
1750 3351 1829 3414 ad
1863 3352 2249 3433 supplicium
2283 3368 2300 3411 ε

768 3454 881 3519 sed
909 3455 1206 3520 voluntas
1247 3474 1641 3539 consequens
1674 3461 1769 3521 est
1797 3476 2188 3541 consequens
2223 3477 2306 3522 ex

768 3565 987 3626 nostra
1023 3581 1211 3628 causa
1243 3585 1258 3629 :
1289 3564 1400 3628 sed
1440 3582 1570 3629 non
1598 3583 1681 3629 cx
1714 3563 1838 3630 alia
1882 3584 2074 3631 causa
2107 3583 2304 3649 quam

767 3669 979 3732 meriti
1012 3693 1028 3735 ε
1058 3689 1216 3753 ergo
1233 3719 1250 3749 ,
1282 3675 1399 3738 etc.
1673 3672 1680 3679 '

849 3781 910 3840 4.
934 3776 1092 3841 Item
1114 3777 1192 3843 de
1211 3778 1760 3862 praedestinatione
1779 3776 2069 3845 similiter
2092 3784 2303 3846 osten·

769 3881 962 3949 ditur.
995 3883 1339 3967 Gregorius
1365 3886 1550 3968 dicit,
1580 3894 1643 3952 et
1665 3888 2068 3971 Augustinus
2086 3938 2103 3969 ‚
2130 3888 2302 3972 quod

765 3991 1237 4072 praedestinatio
1273 3997 1544 4077 juvatur
1585 4002 1951 4061 sanctorum
1998 3997 2304 4062 orationi-

766 4096 891 4164 bus
946 4118 963 4165 ι
1017 4101 1125 4165 sed
1168 4102 1314 4186 plus
1356 4103 1525 4169 valet
1563 4105 1909 4188 unicuique
1949 4106 2107 4169 fides
2148 4125 2266 4170 sua
2283 4154 2302 4185 ,

766 4223 964 4288 quam
1020 4209 1177 4273 fides
1220 4210 1425 4273 aliena
1480 4232 1496 4274 ε
1545 4229 1701 4292 crgo
1755 4213 1984 4278 merito
2034 4231 2154 4277 suo
2171 4261 2189 4292 ‚
2242 4218 2307 4279 et

764 4312 970 4379 alieno
984 4362 1003 4392 ,
1032 4319 1235 4398 potest
1269 4317 1412 4400 quis
1440 4317 1781 4403 impetrare
1811 4320 1984 4405 quod
2020 4321 2103 4385 sit
2133 4339 2305 4404 prae-

762 4424 1129 4491 destinatae.

843 4533 904 4596 5.
959 4531 1150 4614 Item,
1203 4535 1421 4601 nullus
1469 4542 1563 4602 est
1604 4537 2121 4621 praedestinatus,
2176 4542 2302 4606 nisi

761 4638 1036 4704 finaliter
1062 4641 1129 4704 in
1156 4643 1364 4723 gratia
1391 4663 1838 4730 perseverane,
1870 4655 1933 4712 et
1962 4668 1999 4713 e
2025 4655 2249 4713 contra
2278 4667 2296 4715 ε

760 4751 912 4812 sunt
951 4765 1108 4829 ergo
1147 4751 1586 4817 convertibilia
1628 4775 1644 4818 ι
1675 4756 1779 4820 sed
1822 4757 2055 4838 aliquis
2099 4762 2304 4840 potest
2347 4805 2358 4821 .

760 4856 993 4920 mereri
1018 4857 1277 4921 finalem
1304 4862 1839 4942 perseverantiam
1870 4886 1886 4928 ε
1917 4882 2074 4946 ergo
2097 4868 2303 4948 potest

757 4963 989 5026 mereri
1014 4964 1187 5047 quod
1213 4967 1297 5029 sit
1323 4968 1833 5049 praedestinatus·

836 5071 898 5133 6.
931 5068 1130 5150 Item,
1160 5073 1337 5156 quod
1371 5080 1576 5158 potest
1610 5077 1679 5141 in
1708 5080 1920 5160 majus
1940 5127 1961 5157 ,
1991 5083 2197 5161 potest
2227 5079 2299 5144 in

818 5193 837 5227 ¹
857 5193 939 5257 Cf.
969 5195 1113 5247 Alex.
1131 5198 1355 5263 Alensis,
1381 5214 1434 5264 p.
1462 5201 1499 5264 Ι,
1529 5214 1581 5266 q.
1601 5212 1792 5267 xxvm,
1820 5203 2017 5254 memb.
2041 5207 2092 5269 3,
2120 5209 2218 5255 art.
2242 5209 2263 5256 1
2277 5220 2295 5270 ς

755 5263 810 5346 S:
833 5264 1038 5333 Thom.,
1064 5283 1117 5332 p.
1146 5272 1184 5333 l,
1212 5285 1263 5336 q.
1288 5283 1446 5338 xxm,
1474 5278 1569 5324 art.
1596 5275 1655 5336 53
1687 5275 1855 5339 AEgid.
1881 5275 2056 5338 Rom„
2086 5278 2107 5327 1
2136 5279 2295 5340 Seni„

754 5335 872 5387 dist.
897 5349 1011 5402 xm,
1042 5355 1094 5406 q.
1122 5353 1182 5406 11,
1213 5347 1307 5394 art.
1333 5350 1353 5396 1
1371 5360 1391 5410 3
1433 5346 1745 5410 RicharduS,
1785 5349 1803 5398 1
1836 5348 1995 5409 Seni„
2026 5347 2145 5399 dist.
2170 5361 2292 5415 xm,

752 5411 939 5480 vri-22,
979 5425 1033 5476 q·
1059 5424 1115 5477 13
1157 5415 1332 5481 Steph.
1366 5417 1578 5483 BruleL,
1620 5419 1828 5485 I'Sent„
1858 5419 1978 5472 dist.
2000 5433 2130 5486 xm,
2166 5433 2291 5487 q.1;

1932 376 2554 480 SENTENTlARUM
2593 411 2740 477 Lm.
2782 414 2832 478 1.

2425 548 2669 627 minue,
2699 550 2803 613 vel
2829 550 3108 633 aequale,
3139 551 3276 632 pari
3306 552 3548 618 ratione
3583 576 3599 618 t
3627 557 3727 621 sed
3749 559 3915 629 homo

2425 658 2628 737 potest
2652 657 2882 720 mereri
2906 657 3139 722 habere
3168 658 3367 722 Deum
3388 708 3405 736 ‚
3432 661 3605 742 quod
3633 669 3721 728 est
3738 670 3917 733 maxi-

2426 780 2608 826 mum
2636 763 2801 828 inter
2824 765 3067 844 omnia3
3091 768 3292 847 potest
3311 767 3501 831 etiam
3530 773 3748 835 mereri
3773 776 3915 841 salu-

2426 871 2554 930 tem
2574 918 2589 947 ,
2620 872 2792 953 quod
2819 876 2912 935 est
2937 872 3183 955 aequale
3212 873 3274 937 ei
3307 873 3479 957 quod
3505 880 3599 940 est
3627 896 3751 943 esse
3771 899 3918 963 prae-

2426 974 2808 1043 destinatum
2838 1000 2854 1042 ε
2885 999 3073 1061 erg0,
3101 984 3221 1045 etc.

2505 1083 2623 1148 Sed
2646 1092 2900 1151 contra:
2929 1086 3129 1152 Omne
3147 1089 3445 1153 meritum
3470 1092 3768 1156 antecedit
3783 1096 3917 1161 illud
3942 1109 4090 1157 ruam

2425 1194 2611 1274 cujus
2643 1198 2737 1257 est
2763 1195 3096 1275 meritum,
3132 1196 3287 1277 quia
3319 1195 3592 1279 disponit
3623 1199 3700 1262 ad
3732 1200 3872 1266 illud
3904 1226 3919 1268 t

2426 1300 2533 1363 sed
2570 1302 3040 1382 praedestinatio
3082 1306 3146 1367 et
3197 1305 3552 1387 reprobatio
3594 1310 3929 1389 praecedunt

2424 1411 2712 1473 nostrum
2747 1428 2912 1490 esse3
2960 1428 3118 1491 ergo
3151 1429 3284 1475 non
3320 1411 3553 1476 cadunt
3584 1413 3705 1477 sub
3736 1418 3929 1480 nostro

2425 1516 2676 1581 merito.

2505 1623 2661 1689 Item
2720 1643 2910 1689 omne
2975 1623 3281 1688 meritum
3337 1624 3551 1707 aliquo
3611 1627 3793 1691 modo
3850 1634 3932 1694 est

2425 1751 2612 1797 causa
2639 1735 2781 1816 ejus
2821 1732 2996 1815 quod
3038 1737 3322 1795 meretur
3354 1755 3368 1795 :
3401 1732 3508 1796 sed
3550 1734 3932 1813 praedestina-

2422 1843 2509 1904 tio
2536 1845 2598 1904 et
2639 1841 2999 1923 reprobatio
3043 1844 3191 1903 sunt
3231 1844 3497 1916 aeterna‚
3542 1842 3769 1904 merita
3801 1857 3937 1909 vero

2423 1950 2573 2009 sunt
2598 1946 2970 2029 temporalia
3001 1964 3018 2008 ε
3056 1964 3212 2026 ergo
3248 1947 3594 2026 temporale
3638 1952 3734 2012 est
3766 1967 3935 2015 causa

2421 2055 2646 2118 aeterni
2676 2075 2694 2119 ε
2725 2055 2895 2137 quod
2924 2057 3018 2117 est
3044 2054 3451 2135 impossibile.
3516 2095 3520 2098 <

2502 2164 2659 2228 Item
2694 2163 3041 2246 specialiter
3067 2163 3144 2226 de
3181 2164 3735 2245 praedestinatione
3775 2166 3934 2231 vide-

2417 2275 2528 2334 tur
2554 2272 2576 2306 ⁸
2608 2290 2625 2334 ε
2653 2270 2795 2336 Νοη
2842 2287 2926 2335 ez·
2970 2269 3263 2352 operibus
3299 2268 3583 2350 justitia
3625 2290 3766 2354 quoe
3790 2274 3940 2351 feci-

2418 2396 2559 2444 mus
2600 2395 2747 2457 nos,
2791 2379 2906 2444 sed
2958 2378 3306 2444 secundam
3353 2393 3540 2444 suam
3596 2382 3940 2447 misericor-

2416 2488 2597 2555 diam
2624 2488 2835 2554 salvos
2871 2503 2986 2553 nos
3022 2488 3197 2568 fecit.

2497 2596 2678 2673 Item,
2705 2595 2913 2677 gratia
2938 2598 3032 2659 est
3055 2594 3315 2658 effectus
3341 2594 3937 2675 praedestinationis:

2413 2703 2523 2767 sed
2551 2704 2758 2786 prima
2795 2703 3003 2785 gratia
3037 2701 3347 2766 antecedit
3379 2719 3569 2765 omne
3607 2703 3939 2782 meritum,

2414 2812 2477 2873 et
2511 2813 2606 2874 est
2640 2828 2832 2874 causa
2866 2809 3074 2874 omnis
3113 2807 3322 2872 meriti
3356 2825 3373 2869 ε
3413 2826 3571 2890 ergo
3616 2826 3755 2873 nou
3792 2810 3942 2872 cadit

2411 2916 2532 2980 sub
2560 2918 2783 2982 merito
2801 2966 2818 2997 ‚
2854 2921 2916 2980 et
2944 2934 3019 2980 eo
3052 2916 3189 2998 ipso
3217 2915 3428 2997 gratia
3454 2920 3588 2995 est,
3622 2916 3781 2998 quia
3813 2915 3942 2981 sine

2410 3026 2655 3090 meritis
2680 3027 2867 3091 datur
2900 3050 2915 3092 :
2948 3042 3106 3106 ergo
3134 3042 3252 3088 nec
3290 3023 3790 3107 praedestinatio.

2959 3244 3403 3312 coNchsm.
3468 3191 3475 3198 ’

2410 3390 2843 3457 Proedestinatio,
2869 3391 3107 3459 respectu
3135 3387 3321 3442 oelerni
3334 3386 3632 3458 propositi,
3662 3402 3774 3442 non
3799 3387 3944 3443 habet

2482 3496 2695 3537 causam
2719 3481 3083 3544 meritoriam
3114 3479 3353 3547 respectu
3388 3491 3511 3532 vero
3538 3479 3764 3546 qratioe,
3794 3475 3945 3531 habet

2478 3569 2762 3625 secundum
2806 3568 2968 3640 quid3
3006 3565 3315 3638 reprobatio
3363 3566 3625 3621 simfliter
3672 3581 3779 3638 pro
3835 3564 3947 3620 odio

2485 3663 2679 3714 oeterno
2716 3673 2824 3712 non
2859 3655 3018 3711 habet
3061 3670 3308 3720 causam,
3346 3669 3450 3727 pro
3501 3656 3795 3726 temporali
3833 3669 3946 3711 vero

2486 3750 2837 3806 obduratione
2862 3747 3022 3804 habet
3047 3761 3263 3803 causam
3288 3745 3705 3803 demeritorium.

2492 3890 2678 3974 Resp.
2707 3890 2787 3955 ad
2813 3889 2974 3971 Arg.
3011 3889 3109 3952 Ad
3135 3888 3256 3952 hoc
3282 3886 3815 3968 intelligendum,
3843 3905 3951 3953 no-

2412 4001 2683 4065 tandum
2713 3997 2884 4081 quod
2912 3997 2982 4059 in
3021 3994 3568 4078 praedestinatione
3605 3996 3734 4059 tria
3768 3995 3951 4059 intel-

2410 4108 2704 4190 liguntur
2761 4126 2776 4169 :
2835 4103 3121 4187 primum
3169 4106 3263 4167 est
3312 4102 3714 4185 propositum
3762 4107 3952 4167 aeter-

2408 4234 2603 4294 num;
2635 4213 2990 4278 secundum
3016 4215 3111 4275 est
3136 4210 3500 4292 temporalis
3532 4211 3945 4291 gratificati03

2412 4322 2673 4392 tertium
2708 4338 2864 4384 vero
2895 4324 3134 4382 aeterna
3161 4316 3540 4398 glorificatio
3569 4316 3616 4381 ⁸.
3648 4315 3952 4382 Similiter

2410 4428 2482 4492 in
2530 4428 2972 4511 reprobatIOne
3016 4424 3463 4504 intelliguntur
3510 4423 3633 4487 tria
3650 4472 3671 4504 ,
3724 4424 3955 4488 scilicet

2413 4541 2729 4600 aeternum
2764 4533 2983 4599 odium
3005 4580 3023 4609 ,
3059 4530 3422 4613 temporalis
3467 4530 3812 4596 obduratio
3832 4580 3851 4611 ,
3894 4533 3954 4595 et

2412 4646 2650 4708 aeterna
2684 4639 3028 4705 damnatio.
3074 4638 3400 4717 Quantum
3440 4638 3519 4702 ad
3554 4639 3851 4721 primum
3894 4641 3954 4704 et

2411 4750 2714 4815 ultimum
2732 4797 2752 4830 ,
2806 4747 3095 4812 similiter
3133 4750 3229 4811 est
3263 4745 3683 4829 judicandum
3738 4772 3755 4812 :
3800 4765 3953 4810 nam

2411 4858 2669 4937 ultima,
2707 4856 2939 4920 scilicet
2970 4871 3157 4936 poena
3190 4856 3253 4916 et
3292 4852 3497 4934 gloria
3517 4900 3533 4930 ‚
3578 4853 3954 4937 simpliciter

2410 4967 2648 5032 cadunt
2692 4965 2810 5029 sub
2850 4964 3102 5027 merit0.
3147 4960 3438 5026 Primum
3483 4980 3636 5028 vero
3654 5011 3674 5042 ,
3717 4964 3953 5027 scilicet

2410 5074 2809 5159 propositum
2837 5077 3182 5150 aeternum,
3211 5086 3288 5134 eo
3311 5069 3451 5154 ipso
3470 5088 3600 5153 quo
3626 5076 3951 5136 aeternum

2409 5274 2589 5326 Petrus
2608 5273 2671 5325 de
2687 5226 2924 5336 ‘Tarant.,
2952 5271 2973 5320 1
2999 5270 3159 5330 Sent„
3188 5266 3302 5318 dist.
3324 5278 3437 5331 xm,
3466 5282 3518 5331 q.
3540 5278 3635 5332 1113
3664 5267 3802 5320 Gab.
3819 5266 3948 5331 Bicl,

2409 5350 2427 5400 l
2455 5349 2615 5410 Sent„
2652 5346 2770 5397 dist.
2790 5357 2910 5408 xm,
2937 5358 2988 5409 q.
3011 5342 3146 5392 unic.
3170 5367 3231 5379 -
3256 5340 3453 5405 ²R0m.,
3480 5352 3568 5405 11,
3595 5343 3761 5392 15.—-
3784 5340 3810 5377 ⁸
3831 5341 3948 5402 Tit„

2404 5432 2498 5487 111,
2519 5418 2988 5480 5.—⁸S.Thom.,
3016 5417 3071 5479 1,
3100 5423 3309 5479 q.x.m,
3336 5414 3507 5466 art-5.
