4125 6225
1282 471 1480 541 DIST.
1525 472 1628 540 lx.
1672 472 1859 540 ΛΒΤ.
1905 474 1955 540 1.
1999 470 2296 555 QUAEST.
2341 471 2504 539 vul.

285 610 509 675 eadem
535 610 894 676 hierarchia
918 611 1136 694 angeli
1154 613 1309 677 sunt
1334 609 1611 695 aequales
1631 626 1823 692 :ergo

285 716 490 782 multo
519 718 746 803 fortius
771 719 841 783 in
871 719 1096 785 eodem
1122 718 1367 784 ordine.

366 825 429 888 2.
474 822 633 890 Item
672 844 786 909 per
817 826 1295 909 Augustinum,
1332 825 1412 892 de
1450 840 1606 891 vera
1645 824 1824 891 Reli-

284 933 473 1014 qione
507 932 526 969 ¹
555 952 580 994 .·
618 956 649 994 α
675 932 751 997 In
785 934 1089 998 omnibus
1115 934 1360 998 actibus
1387 931 1826 997 convenientia

201 1044 207 1050 '
284 1039 489 1123 placet
507 1089 526 1122 ,
573 1060 703 1124 qua
743 1060 874 1106 una
904 1042 1114 1122 salva,
1160 1042 1354 1106 etiam
1380 1041 1648 1125 pulchra
1673 1041 1826 1103 sunt

287 1148 537 1226 omnia,
565 1150 705 1232 ipsa
728 1168 885 1215 vero
927 1150 1371 1216 convenientia
1404 1149 1719 1214 unitatem
1762 1149 1827 1212 et

287 1255 716 1338 aequalitatem
754 1258 1011 1339 appetit.
1047 1276 1079 1316 n
1115 1255 1288 1338 Ergo
1326 1255 1480 1320 siin
1518 1254 1825 1337 angelicis

287 1362 617 1445 spiritibus
634 1368 730 1428 est
747 1365 1020 1446 perfecta
1035 1362 1467 1446 pulchritudo,
1488 1366 1550 1426 et
1565 1366 1659 1427 est
1675 1377 1824 1424 con-

285 1470 640 1552 venientia,
669 1476 731 1535 et
756 1471 1087 1555 aequalitas
1115 1493 1130 1536 :
1158 1470 1268 1535 sed
1289 1488 1423 1535 non
1441 1473 1537 1535 est
1558 1467 1810 1553 aequali·

284 1579 384 1640 tas
402 1577 572 1643 inter
585 1579 852 1661 angelos
868 1578 1271 1644 diversorum
1288 1578 1588 1642 ordinum
1616 1597 1632 1641 ε
1664 1591 1822 1659 ergo

285 1684 455 1748 inter
480 1686 746 1769 angelos
773 1685 1061 1768 ejusdem
1082 1686 1344 1750 ordinis.

368 1794 428 1855 3.
484 1791 642 1857 Item
661 1841 678 1872 ,
735 1812 1016 1877 quorum
1068 1793 1312 1858 donum
1363 1798 1428 1858 et
1478 1792 1825 1876 praemium

283 1916 495 1963 unum
515 1904 642 1978 est,
667 1901 803 1983 ipsa
820 1902 1058 1966 habent
1083 1901 1509 1981 aequalitatem
1540 1920 1556 1963 t
1585 1900 1693 1964 sed
1715 1898 1824 1963 do-

284 2024 448 2071 num
474 2011 539 2073 et
562 2011 902 2093 praemium
934 2010 1316 2091 angelorum
1340 2008 1628 2092 ejusdem
1648 2007 1824 2071 ordi-

282 2114 386 2178 nis
412 2118 509 2180 est
533 2136 741 2182 unum
761 2167 779 2198 ,
809 2123 872 2184 et
897 2124 1098 2183 status
1124 2137 1297 2184 unus
1328 2140 1343 2183 ε
1373 2136 1531 2200 ergo
1568 2117 1824 2183 videtur

282 2223 456 2304 quod
480 2223 755 2289 habeant
783 2226 1236 2309 aequalitatem.

363 2334 427 2394 4.
465 2329 624 2395 Item
665 2332 1027 2398 hierarchia
1066 2331 1355 2415 angelica
1396 2330 1682 2396 maxime
1729 2335 1824 2396 est

281 2439 805 2520 repraesentativa
853 2458 1174 2524 supremae
1230 2439 1606 2505 hierarchiae
1651 2457 1669 2502 z
1714 2439 1823 2504 sed

284 2543 356 2607 in
380 2544 490 2609 illa
515 2547 671 2611 ordo
707 2564 838 2611 non
860 2547 1141 2612 excludit
1165 2545 1594 2629 aequalitatem
1624 2563 1822 2627 :ergo

279 2652 536 2718 videtur
564 2655 738 2738 quod
775 2655 846 2720 in
883 2654 1242 2720 hierarchia
1279 2653 1567 2735 angelica
1598 2651 1824 2717 debeat

279 2776 421 2824 esse
437 2761 591 2826 ordo
609 2780 758 2827 cum
778 2762 1143 2846 aequalitate
1165 2781 1182 2826 ε
1204 2763 1313 2827 sed
1336 2781 1471 2827 non
1488 2764 1583 2826 est
1608 2779 1821 2844 aequa-

277 2866 427 2934 litas
459 2869 529 2933 in
563 2871 810 2953 angelis
834 2872 1236 2936 diversorum
1275 2870 1577 2936 ordinum
1612 2890 1629 2933 t
1661 2887 1819 2951 ergo

278 2974 354 3039 in
378 2976 627 3059 angelis
650 2978 937 3061 ejusdem
969 2979 1235 3044 ordinis.

61 3116 248 3166 mm,
360 3082 592 3150 Contra
632 3108 648 3152 ε
681 3086 981 3170 Magister
1013 3086 1164 3152 dicit
1200 3086 1269 3152 in
1295 3085 1481 3152 litera
1513 3102 1532 3149 t
1572 3106 1604 3148 α
1639 3083 1820 3150 Sicut

274 3192 346 3256 in
387 3195 688 3277 apostolis
726 3196 832 3259 alii
873 3195 1013 3260 aliis
1046 3198 1199 3260 sunt
1224 3193 1550 3277 digniores
1564 3240 1581 3272 ,
1616 3194 1710 3257 ita
1743 3192 1816 3257 in

273 3299 610 3366 ordinibus
644 3302 1022 3384 angelorum
1064 3301 1342 3366 creditur
1376 3304 1544 3365 reete
1590 3319 1748 3366 esse.
1777 3320 1809 3360 n

357 3406 517 3472 Item
558 3409 918 3492 perfectiori
964 3409 1157 3475 modo
1200 3408 1614 3492 participatur
1655 3407 1817 3473 ratio

269 3517 516 3582 ordinis
542 3518 658 3583 ubi
690 3523 785 3584 est
809 3521 966 3585 ordo
1006 3519 1079 3583 in
1106 3518 1440 3599 omnibus,
1481 3536 1677 3601 quam
1702 3515 1816 3581 ubi

269 3628 368 3688 est
412 3624 568 3689 ordo
613 3625 680 3688 in
727 3625 1050 3709 aliquibus
1100 3630 1353 3690 tantum
1386 3643 1404 3689 ε
1439 3623 1547 3689 sed
1598 3622 1816 3706 angeli

265 3730 722 3813 perfectissimo
760 3732 951 3798 modo
988 3733 1161 3797 inter
1198 3736 1459 3798 caeteras
1494 3734 1813 3795 creaturas

263 3839 652 3921 participant
677 3841 967 3906 ordinem
1003 3863 1020 3907 ι
1053 3861 1213 3925 ergo
1244 3859 1378 3907 non
1405 3840 1617 3906 solum
1647 3839 1815 3904 inter

264 3947 534 4028 angelos
568 3948 966 4015 diversorum
992 3950 1326 4030 ordinum,
1354 3949 1463 4014 sed
1496 3949 1662 4012 inter
1686 3965 1812 4013 an·-

266 4054 451 4136 gelos
474 4055 761 4138 ejusdem
787 4056 1027 4121 ordinis
1051 4057 1372 4140 contingit
1394 4056 1687 4122 ordinem
1705 4073 1811 4121 as-

266 4161 556 4244 signare.
1293 4225 1302 4240 ,

354 4270 516 4335 Item
551 4271 850 4355 sapientis
883 4276 977 4337 est
1009 4272 1303 4337 ordinare
1317 4320 1334 4351 ,
1370 4275 1433 4337 et
1467 4272 1676 4353 magis
1702 4290 1812 4337 sa-

269 4377 508 4461 pientis
541 4379 753 4461 magis
787 4379 1080 4444 ordinare
1118 4380 1142 4415 ¹
1173 4397 1190 4442 ε
1220 4396 1378 4461 ergo
1419 4382 1483 4443 et
1528 4379 1813 4444 maxime

269 4485 578 4568 sapientis
598 4486 667 4549 in
707 4487 763 4568 ej
774 4504 849 4550 us
882 4485 1113 4551 effectu
1151 4486 1543 4551 nobilissimo
1590 4491 1685 4552 est
1711 4504 1814 4551 res

267 4593 555 4657 maxime
588 4593 910 4659 ordinatas
940 4594 1335 4678 producere:
1368 4612 1526 4677 ergo
1552 4594 1813 4659 videtur

268 4701 448 4783 quod
471 4719 604 4765 non
643 4701 854 4766 solum
888 4702 969 4765 sit
1009 4702 1100 4766 ibi
1140 4701 1297 4766 ordo
1337 4701 1504 4766 inter
1549 4701 1812 4783 angelos

267 4808 672 4873 diversorum
693 4807 1023 4886 ordinum,
1055 4807 1166 4872 sed
1187 4808 1382 4873 etiarn
1407 4808 1577 4873 inter
1603 4827 1812 4891 ange-

264 4913 367 4980 los
392 4915 679 4997 eiusdem
706 4915 973 4981 ordinis.

353 5017 509 5083 Item
529 5017 774 5084 Lucifer
805 5018 1036 5083 dicitur
1066 5018 1260 5084 ruisse
1286 5017 1615 5083 maximus
1643 5017 1816 5084 inter

264 5143 495 5191 omnes
539 5125 833 5209 angelos,
884 5130 949 5192 et
975 5130 1219 5191 constat
1257 5125 1431 5221 quod
1471 5126 1551 5190 de
1594 5125 1812 5209 aliquo

264 5233 495 5298 ordine
527 5234 650 5299 fuit
684 5252 700 5299 τ
740 5252 899 5317 ergo
942 5235 1159 5318 angeli
1196 5233 1369 5298 illius
1401 5234 1642 5299 ordinis
1679 5251 1814 5299 non

263 5343 457 5406 erant
505 5340 626 5406 sibi
675 5341 973 5426 aequales.
1023 5340 1168 5407 Pari
1227 5341 1473 5407 ratione
1524 5341 1808 5420 videtur,

333 5466 355 5502 ¹
372 5467 528 5532 Aug„
547 5464 609 5517 de
624 5481 739 5519 vera
755 5466 934 5532 Reliq„
953 5480 1000 5520 c.
1019 5478 1148 5532 xxx,
1173 5480 1231 5520 n.
1249 5468 1396 5519 δ5.-
1411 5467 1435 5502 ¹
1449 5466 1598 5518 Arist.
1604 5504 1622 5533 ,
1649 5466 1810 5518 ueta·

589 5572 739 5621 τοι.
777 5575 849 5621 ιι.

3347 479 3461 545 ⁴81

1929 610 2105 694 quod
2132 610 2203 675 in
2224 608 2364 674 aliis
2399 606 2728 673 ordinibus
2768 605 2878 673 alii
2906 608 3034 673 sint
3064 611 3432 695 superiores
3449 664 3469 695 ,

1932 716 2040 782 alii
2064 716 2415 783 inferiores.

2477 970 2924 1039 CONCLUSIO.

1931 1126 2219 1183 Probabile
2269 1130 2346 1184 est
2364 1127 2508 1184 inter
2543 1127 2759 1197 angelos
2786 1127 3014 1200 ejusdem
3042 1127 3251 1186 ordinis
3276 1144 3466 1201 quam·

2004 1216 2130 1272 dam
2154 1218 2387 1290 reperivi
2414 1215 2807 1287 gradationem,
2840 1219 2971 1275 licet
2995 1221 3141 1275 inter
3165 1234 3247 1276 eos
3271 1235 3381 1277 non
3396 1222 3474 1277 sit

2005 1310 2190 1363 tantus
2220 1322 2484 1372 excessua,
2515 1311 2749 1378 quantus
2791 1310 2937 1365 inter
2973 1308 3191 1379 anqelos
3225 1311 3387 1367 unius
3422 1315 3473 1367 et

2003 1396 2233 1453 alterius
2256 1394 2465 1453 ordinis
2488 1399 2778 1469 reperitur.

2014 1579 2199 1665 Resp.
2244 1580 2326 1646 ad
2363 1579 2524 1661 Arg.
2570 1578 2919 1645 Dicendum
2956 1580 3125 1664 quod
3144 1629 3163 1661 ,
3205 1581 3372 1648 sicut
3403 1584 3473 1648 in

1932 1705 2233 1772 suprema
2257 1683 2619 1751 hierarchia
2635 1734 2655 1765 ,
2683 1690 2943 1770 propter
2971 1706 3294 1754 summam
3322 1709 3472 1773 per-

1932 1794 2269 1860 fectionem
2284 1840 2306 1872 ,
2334 1792 2651 1875 reperitur
2678 1792 3085 1876 pulchritudo
3112 1814 3195 1860 ex
3228 1798 3473 1880 perfee-

1932 1901 2177 1966 tissima
2205 1901 2568 1984 aequalitate
2606 1904 2670 1966 et
2712 1901 3127 1968 similitudine
3167 1904 3423 1987 parium
3447 1955 3466 1987 ,

1931 2009 2025 2074 sic
2050 2010 2119 2074 in
2142 2009 2431 2091 angelica
2454 2008 2815 2073 hierarchia
2842 2009 3158 2092 reperitur
3183 2011 3472 2096 pulchri-

1931 2118 2088 2183 tudo
2110 2118 2386 2202 perfecta
2402 2117 2472 2182 in
2498 2135 2735 2200 genere
2759 2120 3067 2183 creaturae
3095 2137 3178 2184 ex
3195 2121 3472 2203 quadam

1931 2225 2306 2307 gradatione
2346 2224 2719 2308 disparium.
2767 2223 2841 2287 In
2866 2224 2967 2288 his
3002 2226 3176 2290 enim
3222 2227 3472 2294 duobus

1931 2333 2137 2398 modis
2161 2332 2442 2398 consistit
2475 2332 2863 2416 puchritudo
2899 2337 2961 2397 et
2988 2335 3464 2417 convenientia,

1931 2441 2097 2506 sicut
2123 2441 2272 2505 dicit
2302 2441 2706 2524 Augustinus
2735 2442 2780 2521 ⁸,
2812 2441 2892 2508 de
2920 2459 3071 2509 vera
3097 2445 3421 2529 Religione
3448 2467 3472 2509 .-

1929 2547 2132 2613 sedin
2159 2566 2459 2631 suprema
2482 2548 2840 2613 hierarchia
2881 2568 2963 2614 ex
2999 2550 3134 2616 sola
3170 2552 3469 2618 similitu-

1929 2654 2077 2720 dine
2102 2658 2166 2720 et
2201 2655 2562 2738 aequalitate
2602 2659 2804 2739 potest
2842 2676 2977 2722 esse
3016 2660 3470 2742 perfectissima

1927 2762 2339 2846 pulchritudo
2354 2811 2373 2843 ,
2411 2763 2564 2846 quia
2603 2761 2672 2826 in
2713 2763 2997 2845 qualibet
3044 2785 3465 2847 personarum

1928 2869 2279 2954 aequalium
2306 2874 2399 2934 est
2424 2869 2793 2935 omnimoda
2831 2873 2894 2936 et
2928 2889 3186 2938 summa
3223 2877 3469 2958 perfee-

1927 2978 2046 3056 tio;
2078 2976 2147 3041 in
2170 2977 2462 3059 angelica
2485 2994 2639 3043 vero
2663 2977 3041 3057 hierarchia,
3064 2981 3217 3064 quia
3234 2981 3325 3045 illi
3343 2984 3466 3067 spi·

1925 3085 2124 3164 ritus,
2147 3084 2259 3169 qui
2286 3084 2687 3165 ordinantur,
2712 3102 2848 3152 non
2878 3084 3115 3152 habent
3135 3088 3465 3172 sigillatim

1927 3209 2251 3260 summam
2275 3193 2758 3276 perfectionem,
2789 3212 3042 3259 neeesse
3067 3201 3165 3261 est
3185 3200 3357 3281 quod
3385 3218 3468 3265 ex

1925 3301 2202 3384 quadam
2234 3302 2637 3366 convenienti
2674 3302 3037 3368 diversitate
3069 3304 3140 3368 in
3182 3307 3463 3388 quadam

1926 3408 2446 3492 proportionabili
2484 3408 2855 3491 gradatione
2898 3415 3245 3494 consurgat
3286 3431 3467 3496 quae-

1923 3515 2074 3579 dam
2111 3515 2555 3580 convenientia
2582 3516 2900 3590 ordinata,
2949 3521 3013 3581 et
3049 3518 3460 3601 pulchritudo

1923 3622 1994 3687 in
2020 3640 2256 3705 genere
2282 3626 2590 3688 creaturae
2634 3623 2930 3706 perfecta.
2966 3623 3045 3688 Et
3073 3625 3216 3691 ideo
3235 3675 3254 3705 ,
3301 3628 3468 3694 sicut

1923 3729 1992 3794 in
2020 3730 2252 3794 sanctis
2276 3730 2699 3812 intelligimus
2741 3731 2915 3814 quod
2949 3750 3125 3797 unus
3167 3738 3264 3799 est
3304 3736 3463 3801 ordo

1922 3836 2354 3920 apostolorum
2368 3886 2386 3917 ,
2414 3836 2574 3902 alter
2600 3843 2961 3922 martyrum
2974 3886 2991 3916 ,
3026 3841 3184 3905 alter
3214 3842 3460 3907 confes-

1923 3961 2176 4019 sorum,
2209 3945 2388 4008 etsie
2411 3944 2490 4009 de
2522 3944 2702 4022 aliis,
2729 3948 2793 4009 et
2818 3949 3034 4011 tamen
3059 3947 3126 4012 in
3157 3948 3260 4012 his
3286 3949 3467 4014 ordi-

1922 4051 2113 4116 nibus
2138 4054 2234 4116 est
2263 4051 2552 4134 gradatio
2577 4052 2908 4133 quaedam,
2934 4071 3054 4118 nec
3084 4058 3287 4138 potest
3312 4074 3461 4121 om-

1921 4157 2184 4222 nimoda
2208 4158 2475 4241 reperiri
2501 4158 2833 4242 aequalitas
2849 4209 2867 4240 ,
2898 4178 3047 4225 cum
3078 4161 3156 4226 de
3178 4161 3462 4244 quolibet

1921 4269 2138 4330 sancto
2165 4266 2364 4349 possit
2392 4266 2516 4331 dici
2543 4272 2567 4308 ⁴
2595 4289 2610 4332 ε
2647 4267 2791 4335 Non
2817 4274 2914 4337 est
2939 4272 3239 4337 inventus
3265 4273 3453 4339 simi-

1922 4370 2007 4438 lis
2045 4370 2186 4450 illi,
2212 4374 2329 4455 qui
2361 4381 2765 4442 conservaret
2805 4376 2998 4460 leqem
3038 4378 3340 4449 Επειδὴ
3372 4379 3464 4444 sic

1921 4498 2039 4546 suo
2063 4482 2254 4548 modo
2276 4483 2763 4567 intelligendum
2793 4488 2976 4552 estin
2994 4488 3321 4571 spiritibus
3350 4507 3464 4554 an-

1921 4587 2162 4670 gelicis.
2195 4589 2342 4655 ldeo
2367 4591 2525 4655 etin
2550 4592 2772 4657 eodem
2799 4593 3022 4659 ordine
3044 4596 3337 4678 ponenda
3370 4601 3467 4661 est

1921 4696 2223 4777 quaedam
2248 4696 2560 4778 gradatio,
2576 4702 2640 4764 et
2657 4699 2919 4783 quidam
2948 4702 3129 4780 ordo,
3155 4702 3302 4768 licet
3328 4719 3460 4767 non

1923 4802 2005 4866 sit
2039 4807 2258 4868 tantus
2306 4822 2634 4888 excessus,
2692 4813 2972 4891 quantus
3024 4811 3342 4893 reperitur
3389 4811 3460 4876 in

1921 4910 2174 4992 angelis
2188 4911 2592 4977 diversorum
2617 4914 2916 4979 ordinum
2939 4934 2957 4979 ε
2980 4918 3152 4982 unde
3177 4919 3458 4985 rationes

1921 5015 2045 5082 hoc
2085 5019 2425 5102 probantes
2463 5022 2877 5088 concedendae
2928 5029 3082 5090 sunt
3096 5074 3113 5107 ,
3161 5028 3463 5110 quamvis

1920 5142 2055 5190 non
2083 5127 2212 5191 sint
2245 5126 2526 5192 multum
2550 5133 2893 5211 cogentes:
2925 5131 3049 5196 hoc
3068 5132 3245 5198 enirn
3273 5134 3458 5200 vide-

1920 5235 2031 5298 tur
2059 5234 2293 5301 sentire
2333 5239 2467 5300 tarn
2511 5235 2809 5319 Magister
2853 5237 2923 5303 in
2967 5239 3208 5323 littera,
3255 5261 3453 5326 quam

1917 5393 2201 5518 pnyfffl.
2226 5396 2707 5520 affirmem-⁸
2732 5399 3010 5465 Aug.,10‹2.
3038 5390 3124 5453 eit.
3156 5402 3211 5454 in
3232 5406 3468 5457 pronam.

3074 5570 3147 5632 31
