4125 6225
720 2597 945 2673 ‚cunda
989 2597 1262 2661 ostendit
1302 2615 1342 2660 a
1383 2615 1517 2680 quo
1566 2597 1686 2678 sit,
1732 2597 1824 2660 ibi

725 426 843 487 362

1052 666 1545 735 EXPOSITIO
1585 668 1957 734 TEXTUS.

1100 845 1222 895 Post
1248 843 1363 895 haec
1393 842 1736 895 consideratio
1753 880 1771 907 ‚
1796 846 1896 894 etc.

809 986 1018 1070 Supra
1048 985 1322 1053 ostendit
1364 983 1666 1065 Magister
1705 984 1925 1067 quales
1963 984 2109 1049 facti
2145 984 2273 1049 sint

728 1094 941 1176 angeli
970 1095 1038 1157 in
1069 1112 1187 1157 sua
1210 1093 1421 1177 prima
1438 1092 1829 1173 conditione3
1858 1092 1964 1156 hic
1990 1092 2271 1158 secundo

727 1201 999 1266 intendit
1025 1218 1217 1282 agere
1246 1198 1466 1282 quales
1487 1200 1634 1262 facti
1667 1190 1795 1262 sint
1823 1197 2176 1277 aversione,
2209 1203 2273 1263 et

572 1323 671 1369 πο.
729 1307 1164 1373 conversione.
1208 1304 1522 1371 Dividitur
1565 1307 1782 1369 autem
1827 1304 1971 1368 haec
2009 1322 2159 1387 pars
2202 1303 2273 1368 in

728 1416 858 1476 tres
891 1435 906 1475 :
935 1413 1003 1474 in
1022 1411 1239 1493 prima
1257 1411 1393 1491 agit
1417 1410 1494 1474 de
1522 1410 1876 1486 aversione,
1910 1412 1976 1472 et
2001 1416 2273 1475 conver-

728 1521 935 1596 sione;
969 1520 1038 1581 in
1070 1517 1371 1595 secunda,
1405 1517 1485 1582 de
1502 1517 2006 1595 confirmatione,
2033 1519 2099 1580 et
2124 1517 2275 1581 obs-

728 1628 1045 1692 tinatione
1068 1677 1087 1705 ,
1117 1626 1304 1706 infra,
1334 1626 1478 1689 dist.
1508 1644 1624 1690 v11.
1664 1625 1875 1707 Supra
1905 1625 2155 1691 dictum
2178 1632 2273 1693 est

729 1736 902 1820 quod
924 1734 1166 1820 anqeli,
1194 1739 1314 1799 etc.
1337 1755 1354 1814 ;
1386 1735 1455 1798 in
1480 1734 1695 1810 tertia,
1727 1733 1804 1797 de
1828 1733 2128 1797 ordinum
2152 1734 2275 1797 dis-

729 1844 1035 1909 tinctione
1050 1892 1067 1920 ‚
1098 1844 1264 1907 infra
1277 1890 1295 1922 ,
1324 1841 1600 1906 distinct.
1633 1859 1701 1904 1x
1732 1866 1746 1905 ε
1784 1840 1934 1907 Post
1955 1841 2275 1923 praedicta

730 1957 1019 2035 superest
1044 1966 1434 2033 cognoscere.
1465 1948 1681 2012 Prima
1697 1967 1844 2031 pars
1861 1949 2054 2014 habet
2072 1949 2233 2014 duas
2254 1973 2269 2015 ε

731 2062 800 2124 in
827 2060 1036 2142 prima
1070 2061 1208 2141 agit
1241 2059 1320 2124 de
1358 2058 1770 2123 conversione
1808 2061 1873 2123 et
1907 2059 2269 2137 aversione;

732 2166 803 2231 in
833 2166 1112 2231 secunda
1131 2166 1209 2231 de
1233 2165 1423 2229 ruina
1440 2183 1588 2248 quae
1609 2168 1944 2230 consecuta
1961 2168 2058 2229 est
2082 2182 2274 2229 aver-

733 2275 1010 2352 sionem3
1065 2276 1129 2337 et
1177 2273 1301 2338 hoc
1348 2272 1545 2354 infra,
1592 2273 1735 2339 dist.
1783 2291 1855 2340 v1
1904 2293 1921 2337 ε
1961 2273 2278 2341 Praeterea

734 2384 918 2463 sciri,
947 2384 1065 2447 etc.
1097 2380 1311 2446 Prima
1338 2400 1487 2465 pars
1529 2381 1720 2446 habet
1748 2384 1878 2446 tres
1909 2402 1925 2445 :
1957 2381 2031 2444 in
2067 2381 2278 2465 prima

735 2491 1007 2555 ostendit
1033 2491 1187 2573 quid
1234 2491 1317 2554 sit
1341 2491 1544 2555 averti
1561 2537 1579 2568 ,
1609 2494 1674 2554 et
1715 2490 2035 2570 converti;
2076 2491 2145 2555 in
2171 2509 2278 2555 se-

1873 2619 1888 2660 :
1942 2596 2280 2667 Habebam*

737 2706 908 2771 enim
936 2719 1150 2770 omnes
1169 2753 1189 2784 ‚
1226 2706 1381 2783 etc.;
1414 2705 1483 2767 in
1513 2704 1701 2769 tertia
1745 2704 2040 2786 quaedam
2082 2705 2281 2770 dubia

735 2812 904 2874 circa
939 2810 1424 2876 conversionem
1481 2814 1696 2876 movet
1749 2813 1811 2875 et
1862 2810 2075 2887 solvit,
2135 2812 2224 2875 ibi
2259 2834 2274 2875 z

735 2922 811 2986 Si
838 2924 1047 2986 autem
1093 2920 1409 3003 quoeritur
1449 2925 1665 2985 utrum
1694 2922 1839 3001 post
1870 2920 2276 2985 creationem.

738 3027 818 3093 Et
842 3028 950 3092 illa
973 3029 1160 3092 tertia
1196 3045 1344 3110 pars
1378 3028 1572 3092 habet
1604 3030 1733 3090 tres
1771 3031 1982 3109 partes
2002 3075 2021 3107 ,
2051 3045 2279 3090 secun-

738 3135 896 3199 dum
938 3139 1067 3199 tres
1114 3136 1541 3200 dubitationes
1589 3151 1752 3218 quas
1799 3133 2178 3200 determinat
2219 3137 2284 3199 et

738 3243 1038 3326 explanat
1069 3265 1084 3307 :
1116 3245 1325 3326 primo
1343 3243 1517 3308 enim
1538 3243 1918 3308 determinat
1935 3247 2158 3307 utrum
2175 3242 2285 3306 bo-

740 3349 844 3414 nis
887 3351 1096 3431 gratia
1134 3351 1214 3414 sit
1248 3352 1473 3415 collata
1511 3352 1592 3416 ad
1622 3351 1747 3415 hoc
1768 3399 1786 3431 ,
1831 3355 1907 3413 ut
1948 3348 2285 3413 efficaciter

741 3461 1295 3537 converterentur;
1327 3458 1605 3523 secundo
1631 3476 1785 3522 vero
1799 3505 1817 3534 ,
1848 3460 2075 3522 utrum
2102 3456 2286 3520 malis

741 3566 823 3629 sit
846 3585 963 3631 sua
989 3569 1241 3634 aversio
1258 3569 1656 3653 imputanda,
1681 3587 1832 3633 cum
1852 3568 2128 3649 gratiam
2152 3586 2287 3632 non

741 3674 1112 3755 habuerint,
1144 3678 1232 3741 ibi
1266 3698 1282 3741 z
1309 3676 1459 3743 Ideo
1484 3677 1713 3760 quoda
1732 3674 2119 3757 quibusdam
2144 3675 2282 3741 dici

741 3782 939 3860 solet,
968 3787 1122 3862 etc.;
1156 3783 1228 3846 in
1253 3784 1437 3848 tertia
1464 3801 1617 3849 vero
1643 3781 2022 3847 determinat
2061 3785 2286 3846 utrum

743 3889 1074 3954 conversio
1130 3889 1321 3953 fuerit
1367 3890 1693 3955 meritoria
1735 3889 2241 3953 confirmationis
2268 3936 2285 3966 ,

742 3996 871 4059 ibi:
903 3996 1028 4061 Hic
1059 3999 1264 4079 quoeri
1297 3997 1454 4064 solet
1496 4002 1712 4063 utrum
1748 3999 1824 4064 in
1862 3997 2289 4078 ipsa-confir-

744 4105 1021 4169 matione
1036 4152 1058 4184 ,
1089 4107 1210 4168 etc.
1256 4103 1336 4168 Et
1372 4106 1460 4167 sic
1486 4104 1610 4168 tria
1648 4108 2006 4185 tanguntur
2034 4104 2105 4167 in
2141 4104 2291 4168 uni·

742 4229 928 4275 verso
950 4259 970 4289 ,
1002 4211 1235 4276 scilicet
1271 4213 1518 4277 aversio
1551 4211 1824 4276 Luciferi
1839 4259 1856 4289 ,
1903 4211 2152 4277 aversio
2205 4211 2286 4293 (a)

744 4318 1019 4384 aliorum
1045 4321 1397 4398 minorum,
1424 4325 1488 4386 et
1511 4321 1841 4385 conversio
1863 4319 2207 4385 bonorum.

1404 4510 1542 4556 mm.
1587 4509 1631 4555 1.

975 4627 1177 4692 Averti,
1205 4630 1285 4679 est
1311 4627 1431 4679 odio
1455 4627 1666 4692 habere,
1696 4627 1783 4679 vel
1808 4627 2060 4679 invidere.

825 4751 1101 4817 Contra:
1143 4751 1395 4817 Nullius
1429 4754 1812 4818 conscientia
1847 4755 2051 4836 potest
2086 4754 2290 4820 odisse

748 4861 974 4943 Deum,
1000 4881 1150 4927 cum
1169 4880 1392 4928 omnes
1412 4865 1711 4946 appetant
1725 4863 2099 4927 naturaliter
2116 4881 2290 4928 sum-

748 4990 931 5037 mum
957 4972 1203 5036 bonum
1231 4993 1247 5036 z
1278 4990 1436 5053 ergo
1468 4972 1724 5037 videtur
1758 4972 2114 5036 secundum
2141 4972 2288 5051 hoc,

750 5079 922 5161 quod
951 5079 1169 5143 nullus
1196 5081 1544 5142 avertatur.

830 5184 1017 5266 Resp.
1044 5183 1397 5249 Dicendum
1424 5184 1597 5267 quod
1628 5183 1929 5266 Magister
1962 5186 2289 5266 nonzdiffi-

749 5293 845 5356 nit
868 5293 975 5356 hic
1000 5312 1477 5377 quamcumque
1501 5294 1902 5360 aversionem
1919 5343 1936 5373 ,
1969 5296 2080 5360 sed
2106 5312 2295 5361 aver-

816 5417 882 5482 (a)
914 5417 1036 5469 Goet.
1056 5418 1177 5468 edit.
1209 5420 1498 5471 conversio.

1859 420 2484 509 εΕΝΤΕΝᾟΑΒσΜ
2521 423 2671 488 Lm.
2716 423 2795 489 11.

2369 557 2622 623 sionem
2647 561 3181 640 consummatam,
3200 561 3271 625 in
3295 578 3425 644 qua
3452 564 3548 625 est
3567 560 3913 626 obstinatio

2377 668 2441 731 et
2465 666 2722 731 rebellio
2750 670 2969 731 contra
2985 666 3210 748 Deum,
3233 686 3382 751 quae
3399 669 3523 733 fuit
3541 668 3611 733 in
3636 668 3913 749 diabolo,

2378 792 2462 838 ex
2485 791 2613 855 quo
2640 773 2882 838 viditse
2908 792 3042 838 non
3059 792 3244 857 posse
3269 776 3570 859 consequi
3594 775 3772 859 quod
3789 793 3922 840 am-

2377 880 2615 944 biebat.

2458 986 2558 1050 Ad
2584 985 2740 1050 illud
2769 1003 2926 1069 ergo
2954 986 3125 1070 quod
3162 986 3423 1065 dicitur,
3460 989 3632 1072 quod
3670 989 3916 1055 nullius

2380 1093 2762 1157 conscientia
2800 1097 3007 1184 potest
3049 1094 3253 1158 Deum
3285 1095 3493 1160 odisse
3513 1143 3534 1172 ,
3578 1095 3920 1162 dicendum

2380 1199 2552 1281 quod
2595 1199 3003 1292 Augustinus
3049 1200 3211 1265 illud
3255 1205 3571 1266 retractat.
3619 1202 3919 1269 Attamen

2380 1307 2712 1371 veritatem
2740 1309 2954 1391 aliquo
2983 1309 3175 1372 modo
3203 1307 3396 1373 habet
3435 1309 3592 1373 illud
3619 1310 3917 1387 verbum,

2380 1414 2435 1477 si
2462 1414 2859 1496 intelligatur
2891 1414 2968 1478 de
2999 1414 3127 1478 Deo
3167 1414 3236 1477 in
3263 1418 3582 1497 quantum
3620 1419 3719 1479 est
3749 1435 3918 1480 sum-

2384 1538 2569 1584 mum
2594 1521 2842 1585 bonum
2860 1569 2879 1600 ,
2909 1521 2988 1584 ad
3017 1520 3187 1603 quod
3217 1521 3734 1604 participandum
3767 1524 3921 1589 facta

2384 1631 2480 1692 est
2510 1631 2802 1692 creatura
2845 1628 3172 1693 rationalis
3209 1646 3228 1692 t
3267 1629 3442 1693 unde
3482 1647 3636 1694 cum
3676 1648 3923 1714 semper

2384 1739 2636 1819 appetat
2697 1735 3041 1799 beatificari
3065 1784 3084 1815 ,
3152 1754 3490 1818 nunquam
3559 1737 3921 1802 beatificans

2385 1844 2534 1907 odit.
2571 1841 3003 1907 Nihilominus
3036 1843 3353 1925 contingit
3392 1842 3596 1908 Deum
3630 1846 3918 1910 conside-

2382 1950 2515 2013 rari
2538 1954 2613 2015 ut
2632 1952 2907 2031 Justum,
2937 1953 3283 2032 ponentem
3307 1950 3505 2032 legeS,
3539 1954 3605 2015 et
3631 1951 3923 2033 infligen-

2382 2060 2515 2121 tem
2540 2074 2761 2140 poenas
2789 2075 2807 2121 z
2839 2057 3017 2121 etsie
3045 2057 3231 2122 multi
3258 2057 3519 2138 odiunt,
3549 2059 3667 2142 qui
3693 2060 3923 2125 scilieet

2383 2168 2647 2246 peccant
2663 2164 2736 2228 in
2760 2162 3075 2247 Spiritum
3101 2166 3415 2229 sanctum.
3499 2161 3506 2167 ’

3026 2355 3164 2401 DUB.
3209 2354 3279 2400 11.
3457 2418 3482 2447 ο

2510 2472 2572 2522 Et
2598 2470 2673 2522 eis
2698 2471 2881 2523 collata
2904 2471 3069 2537 gratia
3097 2485 3383 2537 cooperans
3408 2471 3522 2524 sine
3539 2487 3674 2539 qua,
3706 2478 3805 2525 etc.

2465 2596 2698 2662 Contra
2729 2616 2748 2662 ε
2781 2597 2994 2662 Gratia
3021 2616 3367 2681 cooperans
3401 2602 3497 2663 est
3533 2599 3924 2684 subsequens

2386 2708 2676 2787 respectu
2702 2704 3023 2787 operantis
3051 2726 3068 2769 ε
3097 2704 3208 2769 sed
3232 2723 3364 2770 non
3380 2704 3757 2770 habuerunt
3777 2724 3924 2789 ope-

2387 2813 2659 2887 rantem,
2694 2814 2771 2874 ut
2795 2811 3174 2895 praedictum
3198 2815 3334 2877 est:
3363 2830 3521 2894 ergo
3548 2830 3672 2878 nec
3699 2831 3924 2897 coope-

2383 2920 2656 2982 rantem.
3131 3000 3138 3003 -

2467 3024 2654 3109 Resp.
2684 3024 3039 3091 Dicendum
3069 3024 3241 3108 quod
3268 3026 3489 3091 eadem
3526 3029 3742 3109 gratia
3772 3029 3927 3094 dici-

2388 3136 2497 3197 tur
2531 3151 2801 3216 operans
2838 3137 2903 3198 et
2942 3152 3318 3217 cooperanS,
3359 3135 3606 3200 ratione
3646 3137 3927 3202 diverso—

2391 3258 2541 3304 rum
2565 3240 2864 3305 effectum
2898 3263 2914 3306 ι
2946 3246 3009 3306 et
3029 3241 3173 3307 ideo
3199 3243 3501 3307 dicuntur
3535 3263 3674 3308 non
3701 3246 3926 3309 habere

2393 3348 2669 3429 gratiam
2714 3354 3086 3430 operantem
3112 3396 3130 3427 ‚
3176 3349 3329 3431 quia
3382 3368 3517 3415 non
3567 3352 3928 3418 habuerunt

2393 3454 2669 3536 gratiam
2720 3456 3246 3520 mundificantem
3298 3456 3699 3523 voluntatem
3749 3478 3767 3523 ε
3823 3460 3925 3525 ha-

2393 3562 2547 3627 bent
2570 3564 2786 3626 tamen
2810 3563 3017 3645 ipsam
3039 3563 3332 3628 eamdem
3347 3565 3647 3646 gratiam,
3667 3570 3744 3631 ut
3758 3566 3924 3648 adju·

2393 3674 2658 3734 vantem
2690 3669 2760 3733 in
2808 3670 2976 3734 bona
3005 3672 3370 3754 operatione
3386 3717 3404 3749 ,
3441 3675 3507 3736 et
3534 3671 3640 3736 isti
3679 3673 3929 3737 effectus

2394 3783 2545 3842 sunt
2570 3778 2970 3861 separabiles.
3011 3779 3109 3842 Ad
3135 3777 3258 3843 hoc
3286 3797 3445 3862 ergo
3470 3780 3645 3862 quod
3682 3781 3925 3859 dicitur,
4019 3787 4026 3794 ‘

2396 3885 2568 3968 quod
2614 3885 2721 3949 illa
2756 3890 2850 3950 est
2894 3886 3330 3968 praevenienS,
3374 3886 3717 3952 dicendum
3768 3875 3927 3972 quod

2397 3994 2799 4075 praeveniens
2825 4012 2956 4057 non
2981 3994 3214 4057 dicitur
3241 3995 3487 4058 ratione
3524 3996 3756 4076 gratiae
3780 3996 3926 4059 sub-

2397 4101 2749 4183 sequentiS,
2781 4101 2890 4165 sed
2916 4100 3159 4164 ratione
3189 4101 3557 4166 voluntatis
3590 4101 3708 4167 Vel
3734 4104 3927 4168 dicen-

2399 4209 2556 4273 dum
2590 4208 2762 4291 quod
2809 4208 2934 4272 illae
2973 4211 3122 4272 sunt
3163 4208 3537 4273 differentiae
3585 4215 3780 4292 prout
3817 4210 3928 4273 ha-

2398 4317 2552 4382 bent
2571 4335 2705 4381 esse
2727 4317 2798 4380 in
2823 4316 3026 4392 libero
3052 4314 3314 4380 arbitrio
3335 4316 3533 4398 lapso,
3563 4316 3799 4380 scilicet
3826 4315 3930 4378 ho-

2400 4427 2591 4491 minis
2617 4448 2632 4488 :
2664 4428 2728 4489 et
2750 4426 2894 4490 ideo
2914 4443 3045 4488 non
3069 4424 3311 4488 habent
3337 4424 3553 4489 locum
3583 4425 3652 4489 in
3670 4422 3923 4508 angelis.

2399 4532 2541 4597 Alia
2571 4535 2810 4615 patent.

2869 4763 3357 4835 ARTICULUS
3406 4765 3453 4833 1.

2481 4973 2579 5038 Ad
2590 4972 3080 5054 intelligentiam
3094 4971 3294 5055 hujus
3305 4973 3527 5056 partis,
3545 4973 3753 5056 inqua
3765 4986 3923 5054 quae·

2399 5081 2568 5145 ritur
2588 5080 2806 5162 quales
2831 5080 2979 5143 facti
2999 5080 3127 5144 sint
3158 5079 3373 5161 angeli
3403 5098 3517 5163 per
3546 5081 3923 5145 aversionem

2402 5193 2466 5253 et
2509 5188 2985 5253 conversionem
3010 5236 3030 5268 ,
3073 5188 3199 5251 tria
3236 5191 3622 5270 quaeruntur
3669 5210 3685 5251 :
3730 5185 3920 5270 primo

2402 5294 2713 5379 quaeritur
2738 5293 2818 5358 de
2842 5295 3172 5360 aversione
3203 5293 3499 5371 Luciferi,
3535 5293 3648 5376 qui
3681 5293 3795 5357 fuit
3826 5307 3922 5354 ca-

2404 5408 2523 5486 put
2572 5400 2769 5466 totius
2822 5400 3117 5480 malitiae;
3171 5400 3449 5466 secundo
3496 5401 3806 5482 quaeritur
3851 5397 3919 5460 de
