4125 6225
120 2033 263 2087 Μέηψ.

1246 368 1442 436 DIST.
1479 368 1716 437 mv.
1758 368 1938 434 ΛΒΤ.
1983 367 2032 433 1.
2077 365 2374 446 QUAEST.
2421 368 2472 430 l.
3416 373 3452 429 7

290 515 659 588 meatorum,
699 506 870 573 sicut
914 505 1070 572 dicit
1105 505 1513 586 Augustinus
1543 507 1586 584 ³,
1633 503 1807 588 quod

288 619 511 688 rectius
552 617 638 682 ihi
688 619 1095 698 cognoscunt
1142 632 1341 698 quam
1372 613 1542 679 alibi
1585 631 1605 678 ε
1653 631 1811 695 ergo

288 731 469 794 restat
501 723 659 810 quod
692 724 766 787 in
799 742 880 789 eo
913 723 1193 787 resident
1229 720 1717 787 similitudines:
1746 724 1809 786 et

291 839 515 903 cmistat
533 832 699 917 quod
718 836 878 897 sunt
898 832 970 896 in
992 849 1071 896 eo
1090 832 1257 896 sicut
1276 829 1346 895 in
1367 833 1808 913 cognoscente,

288 945 428 1028 quia
452 959 576 1007 non
595 943 857 1005 tantum
881 940 1025 1004 aliis
1049 942 1483 1023 repraesentat,
1508 937 1619 1003 sed
1645 937 1806 1002 sibi:

288 1052 387 1117 sed
409 1050 544 1115 haec
565 1052 660 1113 est
684 1051 823 1113 tota
847 1046 1009 1112 ratio
1039 1046 1242 1113 ideae:
1269 1064 1460 1127 erg0‚
1490 1050 1609 1111 etc.

356 1157 539 1234 Item,
576 1156 735 1239 quia
769 1173 876 1220 res
913 1173 955 1219 a
991 1153 1121 1219 Deo
1162 1153 1627 1237 producuntur,
1671 1152 1813 1217 ideo

285 1268 424 1331 sunt
458 1264 529 1328 in
550 1262 681 1328 Deo
713 1265 1025 1346 tanquam
1062 1263 1131 1326 in
1168 1262 1479 1326 efficiente
1510 1280 1527 1325 ε
1556 1265 1620 1326 et
1644 1259 1814 1325 Deus

282 1371 599 1439 missime
622 1375 718 1436 est
738 1371 1026 1436 efficiens
1047 1392 1064 1435 :
1086 1370 1379 1435 similiter
1400 1370 1554 1458 quia
1574 1369 1815 1452 abipso

283 1482 612 1561 finiuntur,
635 1480 782 1545 ideo
804 1479 1137 1546 verissime
1157 1480 1252 1542 est
1276 1477 1424 1540 finis
1450 1499 1465 1539 :
1493 1495 1648 1559 ergo
1677 1476 1817 1560 pari

278 1589 551 1668 ratione,
582 1586 741 1671 quia
780 1587 861 1651 ab
900 1587 1040 1669 ipso
1082 1587 1555 1666 cognoscuntur
1594 1589 1656 1648 et
1698 1602 1817 1648 ex-

282 1697 664 1780 primuntur,
705 1713 822 1777 per
852 1693 1139 1777 seipsum
1167 1692 1334 1757 Deus
1366 1696 1462 1757 est
1486 1692 1818 1757 verissime

283 1805 642 1888 exemplar:
667 1804 777 1868 sed
807 1802 1142 1886 exemplar
1164 1820 1296 1866 non
1321 1805 1414 1865 est
1438 1800 1567 1864 nisi
1592 1801 1663 1864 in
1689 1818 1819 1884 quo

282 1918 425 1978 sunt
448 1930 671 1978 rerum
698 1910 1211 1993 exemplatarum
1235 1909 1397 1973 ideae
1428 1930 1443 1972 ε
1474 1925 1633 1991 ergo
1646 1957 1664 1987 ,
1696 1914 1815 1975 etc.

358 2019 586 2085 Contra
608 2038 624 2083 :
646 2025 708 2083 1.
733 2018 854 2084 Per
875 2017 1273 2101 Dionysium,
1297 2016 1373 2083 de
1390 2019 1540 2083 Div.
1567 2016 1820 2083 Nom.².·

286 2153 317 2190 ι
332 2128 672 2210 Cognoscit
688 2126 954 2192 divinus
974 2125 1351 2202 intellectus,
1373 2126 1482 2190 sed
1504 2143 1589 2189 ex
1613 2126 1820 2208 seipso

282 2241 339 2304 et
372 2255 489 2322 per
520 2238 840 2320 seipsnm3
870 2252 1007 2300 non
1046 2233 1399 2298 secundum
1435 2233 1647 2298 ideam
1684 2238 1821 2296 sin-

282 2345 443 2427 gulis
480 2345 763 2408 innitens
777 2392 796 2423 ,
836 2343 950 2407 sed
984 2341 1339 2406 secundum
1375 2360 1572 2406 unam
1606 2339 1821 2405 excel-

284 2454 483 2519 lentiae
504 2468 769 2517 causam
784 2451 1005 2516 omnia
1026 2468 1292 2514 noscens
1310 2453 1374 2514 et
1393 2451 1762 2515 continens:
1782 2471 1814 2509 1>

284 2581 428 2645 ergo
456 2562 628 2626 Deus
653 2560 915 2643 singula
939 2562 1073 2625 no'n
1100 2559 1423 2640 cognoscit
1451 2575 1563 2641 per
1587 2559 1818 2623 ideam.

352 2676 413 2734 2.
464 2669 626 2734 Item
669 2670 921 2735 ratione
962 2667 1218 2733 videtur
1247 2686 1265 2731 ε
1293 2665 1447 2750 quia
1488 2666 1631 2730 idea
1674 2665 1825 2730 dicit

284 2779 595 2845 rationem
640 2776 1077 2843 similitudinis
1117 2798 1132 2840 z
1178 2779 1242 2840 et
1285 2774 1631 2838 similitudo
1674 2773 1827 2838 dicit

288 2890 591 2952 rationem
616 2885 1089 2952 convenientiae
1121 2907 1135 2949 :
1168 2883 1280 2948 Dei
1305 2888 1523 2948 autem
1548 2883 1635 2947 ad
1655 2901 1825 2947 crea·

290 3000 492 3062 turam
534 3014 692 3060 cum
738 2994 820 3058 sit
860 3011 1118 3058 summa
1153 2991 1477 3072 distantia,
1515 2991 1696 3055 nulla
1732 2994 1827 3055 est

290 3105 368 3169 ihi
404 3102 896 3181 convenientia3
945 3105 1057 3167 aut
1098 3100 1153 3164 si
1191 3104 1286 3164 est
1302 3149 1321 3180 ,
1367 3098 1637 3164 minima
1676 3104 1771 3164 est
1804 3122 1820 3165 ε

291 3231 435 3296 ergo
456 3216 577 3278 aut
612 3211 797 3277 nulla
822 3210 1169 3274 similitudo
1182 3258 1200 3288 ,
1230 3210 1346 3273 aut
1371 3208 1639 3272 minima
1668 3227 1687 3272 ε
1716 3212 1828 3272 aut

293 3339 437 3404 ergo
459 3340 603 3386 non
637 3322 734 3385 est
766 3319 913 3383 idea
935 3320 1005 3381 in
1028 3317 1186 3396 Dec,
1215 3319 1330 3380 aut
1358 3316 1412 3380 si
1437 3320 1561 3394 est,
1591 3333 1824 3380 secun·

296 3430 436 3494 dum
452 3429 777 3493 rationem
798 3425 1235 3509 imperfectam
1254 3428 1379 3488 est:
1399 3423 1508 3487 sed
1529 3423 1694 3487 nihil
1711 3423 1828 3487 im-

296 3537 637 3619 perfectum
666 3534 1042 3618 ponendum
1068 3535 1164 3597 est
1189 3532 1261 3595 in
1287 3530 1415 3596 Deo
1446 3553 1462 3594 ε
1494 3550 1675 3613 erg0,
1703 3537 1823 3596 etc.

368 3648 425 3707 3.
466 3643 662 3722 Item,
697 3641 1136 3707 nobilissimus
1172 3640 1403 3706 modus
1443 3639 1830 3721 cognitionis

298 3754 383 3815 est
417 3750 542 3815 Deo
583 3749 1030 3814 atu-ibuendus
1062 3771 1077 3812 :
1108 3747 1218 3812 sed
1254 3749 1537 3830 cognitio
1579 3766 1693 3830 per
1732 3748 1825 3811 rei

300 3858 622 3922 essentiam
647 3859 748 3922 est
778 3855 1058 3920 nobilior
1081 3873 1277 3939 quam
1314 3873 1433 3939 per
1458 3854 1827 3920 similitudi-

301 3983 437 4030 nem
458 3966 554 4029 rei
580 3984 598 4028 ε
624 3982 789 4045 ergo
811 3963 981 4028 Deus
1005 3962 1328 4045 cognoscit
1353 3981 1466 4046 per
1491 3962 1829 4027 essentiam

300 4073 412 4149 rei,
439 4090 572 4137 non
608 4089 727 4155 per
751 4070 1281 4135 similitudinem:
1306 4070 1417 4135 sed
1453 4070 1596 4135 idea
1619 4074 1714 4134 est
1742 4070 1833 4134 si-

302 4181 598 4262 militude,
628 4199 767 4247 non
794 4180 1066 4249 essentia
1090 4181 1183 4244 rei
1211 4199 1231 4244 ε
1261 4197 1444 4262 erg0,
1475 4183 1593 4245 etc.

373 4293 429 4352 4.
469 4289 626 4354 Item
643 4338 662 4369 ,
707 4288 855 4354 idea
893 4306 1026 4351 non
1067 4290 1160 4352 est
1199 4288 1553 4352 necessaria
1589 4288 1712 4351 nisi
1751 4288 1831 4352 ad

304 4395 699 4479 dirigendum
725 4397 800 4460 in
824 4396 1285 4478 cognoscenliO,
1309 4399 1374 4460 et
1398 4396 1833 4479 regulandum

307 4500 367 4564 in
389 4503 704 4585 operando
736 4520 759 4566 ε
790 4501 900 4567 sed
924 4502 1089 4566 nihil
1110 4502 1357 4585 indiget
1380 4503 1702 4585 dirigente
1725 4503 1832 4569 vel

308 4609 643 4690 resudante,
664 4609 800 4673 nisi
815 4607 987 4691 quod
1006 4611 1211 4691 potest
1226 4624 1439 4674 errare
1458 4614 1521 4674 et
1541 4609 1828 4675 deviare:

311 4712 459 4780 Deus
474 4720 695 4781 autem
717 4714 977 4779 nullum
999 4716 1233 4781 horum
1250 4715 1478 4781 habet:
1498 4734 1657 4798 ergo
1678 4718 1838 4783 frus·

313 4827 396 4888 tra
417 4828 758 4907 ponuntur
777 4822 853 4886 in
876 4821 1000 4888 Deo
1027 4824 1205 4889 ideae.

373 4984 543 5051 ung„
568 4985 632 5036 de
667 4983 833 5036 civit.
861 4985 973 5045 Dei,
1002 4983 1090 5036 lib.
1114 4985 1208 5050 xl,
1246 4998 1294 5035 c.
1312 4996 1463 5038 xm.
1486 5011 1549 5025 —
1569 4986 1593 5021 ²
1620 4984 1836 5053 Dionys.

316 5058 563 5123 Διώρης,
588 5057 655 5108 de
685 5057 815 5108 Diu.
842 5056 1058 5122 Nonum,
1087 5070 1132 5108 c.
1152 5069 1230 5109 vu
1255 5071 1285 5107 a
1301 5058 1439 5109 med.

2407 603 2963 672 GONGLUSIO.

1918 792 2058 848 Deus
2097 791 2258 848 habet
2293 792 2533 847 rationes
2586 790 2743 859 atque
2789 786 3177 850 similitudines
3220 789 3460 844 omnium

1987 900 2168 941 rerum
2207 898 2340 956 quas
2384 886 2498 956 ipse
2541 884 2809 953 coquoscit
2848 898 2869 937 .·
2911 897 3030 953 quae
3073 879 3461 938 similitudines

1988 978 2128 1035 Ideae
2156 994 2191 1034 a
2222 976 2530 1048 Theoloqis,
2555 980 2608 1033 et
2632 992 2668 1031 a
2694 975 3029 1048 Philosophis
3055 978 3457 1048 nuncupantur.

2001 1157 2187 1241 Resp.
2223 1158 2305 1222 ad
2335 1157 2496 1240 Arg.
2538 1156 2888 1222 Dicendum
2925 1156 3097 1240 quod
3133 1155 3302 1220 circa
3339 1156 3464 1221 hoc
3491 1180 3701 1238 opsnor.

1921 1265 2160 1350 duplex
2193 1266 2315 1329 fuit
2337 1265 2577 1350 opinio.
2609 1265 2879 1344 Quidam
2914 1265 3092 1330 enim
3119 1265 3418 1330 dixerunt
3427 1309 3454 1345 -,

1922 1376 2095 1456 quod
2135 1375 2301 1440 Deus
2343 1394 2475 1441 non
2513 1376 2837 1457 cognoscit
2878 1374 3231 1439 secundum
3263 1375 3460 1439 ratio-

1922 1501 2075 1548 nem
2112 1484 2270 1548 ideae
2286 1533 2304 1563 ,
2333 1483 2443 1548 sed
2477 1483 2831 1548 secundum
2865 1483 3181 1548 rationem
3215 1501 3456 1562 causae;

1922 1595 1986 1656 et
2012 1594 2263 1676 ponunt
2291 1592 2517 1671 simile,
2548 1591 2710 1656 sicut
2733 1591 2788 1654 si
2814 1594 3091 1674 punctus
3117 1609 3461 1673 cognosce-

1924 1704 2023 1765 ret
2045 1717 2231 1764 suam
2250 1699 2581 1778 virtutem,
2598 1702 3008 1780 cognosceret
3030 1698 3232 1763 lineas
3252 1702 3316 1762 et
3337 1699 3460 1763 cir-

1926 1807 2432 1872 cumferentiam.
2488 1805 2794 1871 Similiter
2840 1805 2895 1869 si
2945 1806 3156 1870 unitas
3205 1805 3467 1871 haberet

1924 1914 2271 1998 potentiam
2293 1914 2688 1996 cognitivum
2713 1930 2828 1997 per
2850 1931 3047 1996 quam
3071 1917 3468 1979 converteret

1926 2040 1994 2086 se
2036 2039 2234 2105 supra
2275 2040 2343 2086 se
2360 2071 2377 2101 ,
2426 2024 2832 2103 cognosceret
2873 2038 3095 2085 omnes
3138 2038 3463 2086 numeros

1929 2129 2048 2195 Per
2075 2131 2250 2194 hunc
2283 2131 2552 2196 modum
2578 2130 2799 2194 dicunt
2837 2129 2907 2193 in
2934 2128 3060 2193 Deo
3096 2147 3232 2193 esse
3263 2149 3280 2193 :
3309 2147 3468 2212 quo·

1927 2238 2107 2302 niam
2132 2238 2307 2302 enim
2333 2238 2498 2302 Deus
2521 2237 2827 2302 virtutem
2854 2235 3050 2301 habet
3074 2236 3464 2320 producendi

1928 2347 2180 2425 omnia,
2219 2349 2282 2410 et
2316 2344 2640 2427 cognoscit
2672 2347 2873 2408 totam
2907 2362 3094 2409 suam
3121 2344 3464 2425 virtutem3

1929 2456 2071 2521 ideo
2098 2454 2425 2536 cognoscit
2451 2453 2691 2518 omnia.
2725 2452 2802 2517 Et
2829 2454 2954 2517 hoc
2977 2453 3202 2518 dicunt
3228 2453 3471 2539 Diony-

1929 2564 2104 2627 sium
2124 2562 2392 2627 sensisse
2414 2579 2564 2625 cum
2586 2560 2744 2625 dixit
2770 2561 2941 2643 quod
2961 2579 3095 2625 non
3117 2563 3469 2629 secundum

1930 2672 2163 2748 ideam,
2185 2671 2295 2736 sed
2316 2671 2670 2736 secundum
2693 2688 2894 2734 unam
2916 2669 3307 2735 excellentiae
3328 2688 3474 2735 cau-

1931 2797 2071 2844 sam
2107 2778 2433 2861 cognoscit
2463 2777 2702 2841 omnia.
2733 2775 2855 2840 Sed
2890 2774 3033 2839 haec
3071 2776 3301 2859 positio
3339 2793 3473 2840 non

1931 2891 2137 2971 potest
2178 2890 2343 2951 stare
2384 2908 2399 2950 ε
2437 2887 2724 2969 primum
2768 2883 3066 2967 quidem,
3109 2883 3265 2966 quia
3309 2883 3476 2947 Deus

1933 2996 2257 3079 cognoscit
2290 3013 2424 3059 non
2457 3014 2573 3078 per
2600 2992 2999 3058 collationem
3036 2992 3411 3058 deveniendi
3435 3011 3476 3055 a

1932 3104 2245 3188 principio
2275 3103 2356 3168 ad
2395 3101 2847 3187 principiatum
2863 3151 2880 3181 ‚
2913 3100 3024 3166 sed
3062 3101 3333 3185 simplici
3365 3101 3473 3166 as-

1934 3217 2145 3297 pectu.
2207 3213 2284 3278 Et
2340 3213 2612 3293 iterum,
2667 3229 2858 3276 omne
2920 3228 3343 3292 cognoscens,
3404 3211 3471 3274 in
3504 3231 3717 3290 op.pmp.

1936 3324 2252 3404 quantum
2273 3319 2666 3403 hujusmodi,
2689 3317 2897 3382 simile
2916 3320 3011 3382 est
3031 3316 3470 3399 cognoscibili:

1936 3447 2095 3511 ergo
2137 3426 2332 3492 habet
2374 3429 2515 3509 ejus
2556 3424 3039 3490 similitudinem
3055 3473 3073 3505 ,
3111 3425 3218 3490 vel
3258 3425 3475 3507 ipsum

1936 3540 2032 3602 est
2078 3535 2444 3599 similitudo,
2500 3532 2746 3597 Rursus
2760 3581 2780 3613 ,
2828 3532 3039 3596 omnis
3088 3550 3477 3614 cognoscens

1935 3646 2079 3711 ideo
2101 3645 2388 3710 distincte
2410 3642 2733 3726 producit,
2759 3641 2912 3725 quia
2933 3640 3222 3706 distincte
3245 3659 3478 3722 cogno-

1938 3754 2084 3830 scit,
2113 3771 2247 3817 non
2274 3770 2311 3816 e
2334 3767 2639 3815 converso
2669 3771 2684 3810 ε
2713 3766 2869 3830 ergo
2895 3747 3060 3813 ratio
3086 3747 3478 3830 producendi

1938 3880 2070 3926 non
2096 3864 2190 3925 est
2212 3859 2373 3924 ratio
2399 3856 2842 3939 cognoscendi.
2869 3855 2948 3921 Et
2972 3856 3207 3920 iterum
3222 3904 3241 3934 ,
3265 3855 3481 3939 aliqua

1940 3969 2265 4052 cognoscit
2309 3986 2456 4052 quae
2504 3968 2587 4031 ab
2629 3966 2769 4050 ipso
2812 3983 2945 4029 non
2996 3966 3167 4028 sunt.
3214 3962 3479 4045 Propter

1937 4079 2080 4142 haec
2106 4079 2169 4141 et
2194 4076 2456 4155 similia,
2488 4077 2583 4154 est
2609 4074 2789 4138 aliter
2817 4071 3180 4137 dicendum.
3212 4070 3360 4135 Ideo
3388 4074 3483 4134 est

1940 4185 2066 4250 alia
2088 4184 2340 4268 positio,
2371 4186 2446 4247 et·
2461 4182 2816 4246 secundum
2846 4179 3129 4259 Sanctos,
3161 4182 3224 4243 et
3248 4196 3481 4243 secun-

1941 4293 2101 4358 dum
2128 4291 2544 4373 Philosophos
2557 4337 2574 4368 ‚
2607 4289 2780 4373 quod
2814 4288 2981 4352 Deus
3006 4286 3332 4369 cognoscit
3368 4304 3483 4369 per

1941 4399 2134 4476 ideaS,
2162 4402 2224 4463 et
2248 4398 2441 4461 hahet
2464 4397 2536 4460 in
2558 4414 2625 4461 se
2646 4395 2924 4460 rationes
2946 4397 3010 4458 et
3034 4392 3484 4457 similitudines

1942 4525 2163 4572 rerum
2192 4521 2357 4589 quas
2392 4504 2752 4585 cognoscit3
2797 4501 2869 4566 in
2903 4502 3137 4585 quibus
3166 4519 3300 4565 non
3338 4504 3480 4564 tan-

1941 4617 2086 4678 tum
2111 4614 2245 4700 ipse
2272 4612 2630 4694 cognoscit,
2660 4610 2771 4675 sed
2797 4609 2992 4675 etiam
3017 4609 3389 4693 aspicientes
3413 4607 3485 4671 in

1945 4738 2129 4802 eum;
2156 4724 2220 4785 et
2238 4721 2354 4785 has
2373 4720 2648 4784 rationes
2664 4720 2850 4783 vocat
2865 4716 3268 4800 Augustinus
3285 4714 3479 4795 ideaS,

1947 4832 2011 4892 et
2034 4845 2258 4892 causas
2285 4826 2745 4910 primordiales.

2025 4935 2125 5000 Ad
2157 4934 2647 5018 intelligentiam
2673 4938 2890 5000 autem
2921 4933 3315 5016 objectorum
3332 4980 3351 5011 ,
3380 4930 3482 4995 in-

1945 5041 2365 5125 telligendum
2393 5042 2567 5125 quod
2591 5041 2734 5106 idea
2757 5041 2990 5105 dicitur
3014 5036 3365 5102 similitudo
3391 5037 3486 5101 rei
3516 5019 3544 5062 ‘¹

1949 5150 2226 5232 cognitae
2259 5172 2274 5213 z
2305 5147 2653 5213 similitudo
2692 5149 2911 5212 autem
2950 5144 3286 5228 dupliciter
3327 5143 3485 5208 dici-

1949 5260 2056 5321 tur
2088 5277 2105 5320 t
2135 5274 2271 5321 uno
2310 5255 2530 5333 modo,
2570 5253 2928 5320 secundum
2968 5251 3484 5318 convenientiam

1952 5364 2232 5429 duorum
2265 5364 2338 5427 in
2371 5364 2588 5444 tertio,
2616 5366 2681 5427 et
2709 5363 2851 5428 haec
2878 5364 2975 5427 est
3002 5361 3352 5428 similitudo
3382 5377 3484 5425 se-

3596 4941 3704 4987 Iden

3576 5005 3640 5049 id.
