4125 6225
611 427 734 498 638

612 565 1100 643 distinctionem,
1124 564 1280 646 quia
1300 564 1371 627 in
1402 564 1666 630 homine
1682 568 1776 629 est
1799 560 2152 649 personalis

610 673 901 738 discretio
947 689 1062 754 per
1108 670 1427 752 originem
1448 719 1466 751 ,
1518 671 1590 735 in
1635 671 1882 754 angelis
1932 673 2150 737 autem

609 797 743 843 non
772 798 790 843 z
819 797 979 861 ergo
1021 778 1382 860 expressius
1425 783 1836 862 repraesentat
1873 777 2152 842 Trinita-

608 889 741 950 tem
769 886 964 950 homo
982 933 1001 965 ,
1030 903 1225 967 quam
1265 887 1541 967 angelus
1571 910 1587 951 ε
1622 887 1731 952 sed
1771 887 1842 951 in
1878 903 2010 969 quo
2054 888 2150 949 est

608 994 965 1077 expressior
982 994 1477 1076 repraesentatio,
1502 997 1599 1059 est
1613 994 1971 1077 expressior
1986 992 2148 1059 ima·

607 1118 694 1184 go
727 1121 743 1165 z
776 1119 955 1183 erge,
988 1105 1108 1166 etc.

687 1208 844 1273 Item
889 1208 1244 1275 evidentius
1281 1207 1570 1273 imitatur
1611 1208 1886 1273 alterum
1908 1255 1927 1288 ‚
1974 1207 2148 1291 quod

605 1313 894 1379 imitatur
918 1318 1237 1397 quantum
1251 1314 1330 1379 ad
1349 1314 1769 1379 substantiam
1792 1319 1854 1379 et
1878 1314 2147 1378 medum

605 1422 939 1502 existendi,
969 1440 1165 1504 quam
1188 1421 1362 1506 qued
1387 1422 1675 1487 imitatur
1695 1423 1906 1487 selum
1930 1440 2147 1504 quan-

602 1532 747 1593 tum
796 1529 879 1593 ad
921 1529 1196 1593 alterum
1245 1548 1263 1595 z
1316 1530 1426 1593 sed
1472 1529 1692 1593 anima
1735 1534 2149 1613 repraesentat

604 1634 981 1702 Trinitatem
1003 1653 1349 1716 summam,
1388 1640 1453 1701 et
1485 1641 1678 1719 prout
1701 1641 1795 1702 est
1820 1638 1890 1701 in
1913 1637 2140 1721 seipsa,

602 1748 665 1808 et
690 1749 883 1827 prout
908 1745 1093 1810 estin
1119 1744 1333 1822 rebus,
1362 1747 1438 1809 ut
1463 1746 1552 1809 sic
1578 1744 1650 1808 in
1666 1746 1948 1828 qualibet
1967 1748 2146 1830 parte

602 1853 883 1935 corporis
921 1853 1005 1916 sit
1043 1856 1209 1929 teta,
1251 1852 1419 1917 sicut
1457 1871 1713 1917 summa
1751 1853 2022 1917 essentia
2051 1856 2146 1918 est

599 1960 672 2024 in
698 1965 1026 2025 creatura:
1050 1979 1208 2043 ergo
1229 1962 1589 2044 expressius
1607 1961 1894 2026 imitatur
1912 1962 2140 2042 Deum,

598 2085 798 2151 quam
838 2067 1107 2149 angelus
1156 2090 1172 2132 t
1222 2069 1333 2132 sed
1381 2070 1553 2151 qued
1591 2069 1952 2152 expressius
1989 2070 2143 2133 imi·-

599 2176 773 2239 tatur
788 2223 806 2255 ,
839 2175 1252 2240 excellentius
1277 2193 1397 2240 sua
1420 2177 1708 2259 imagine
1734 2177 2090 2259 insignitur
2119 2195 2139 2241 t

601 2299 781 2364 erge,
813 2286 933 2346 etc.

680 2388 843 2454 Item
879 2389 1239 2472 expressius
1262 2392 1677 2473 repraesentat
1702 2391 1904 2456 Deum
1922 2441 1940 2473 ,
1968 2393 2141 2475 qued

597 2501 1010 2581 repraesentat
1046 2499 1262 2579 ipsum
1289 2517 1423 2562 non
1450 2499 1659 2563 selum
1680 2499 1750 2563 in
1777 2518 1866 2578 se,
1896 2500 2006 2565 sed
2032 2519 2141 2566 se-

597 2605 886 2669 cundum
904 2604 1076 2687 qued
1098 2609 1192 2668 est
1212 2604 1601 2688 principium
1620 2605 1917 2683 aliorum,
1938 2626 2139 2690 quam

597 2712 770 2793 qued
795 2711 992 2775 altero
1019 2710 1209 2775 medo
1235 2715 1525 2776 tantum:
1553 2712 1663 2775 sed
1680 2712 1877 2777 hemo
1904 2732 2139 2797 reprae·

596 2823 802 2884 sentat
828 2818 1030 2883 Deum
1056 2836 1190 2882 non
1215 2817 1426 2883 solum
1452 2822 1528 2883 ut
1549 2838 1664 2884 ens
1689 2821 1879 2884 estin
1906 2838 1994 2900 se,
2023 2823 2135 2886 sed

597 2926 789 2990 etiam
812 2932 886 2993 ut
911 2930 1005 2991 est
1035 2926 1427 3009 principium
1455 2927 1765 3008 aliorum3
1793 2928 1951 3010 quia
1975 2929 2140 2994 sieut

596 3051 681 3098 ex
706 3051 839 3097 une
871 3032 997 3098 Deo
1023 3034 1271 3114 omnia,
1302 3033 1393 3097 ita
1414 3051 1497 3098 ex
1530 3053 1663 3099 uno
1705 3035 1967 3101 homine
1994 3055 2140 3101 om-

594 3158 709 3205 nes
749 3141 1076 3221 hemineS,
1123 3141 1289 3205 sicut
1330 3143 1474 3207 vult
1515 3142 1764 3206 Glossa¹
1802 3164 1819 3208 ι
1852 3162 2042 3226 erge,
2083 3148 2139 3210 si

594 3247 767 3330 quod
794 3248 1153 3330 expressius
1177 3253 1614 3331 repraesentat,
1638 3250 1953 3315 rationem
1979 3251 2139 3318 ima-

594 3355 767 3438 ginis
788 3357 1121 3440 participat
1143 3357 1555 3438 eminentiae,
1586 3361 1778 3440 patet,
1814 3363 1938 3424 etc.

672 3463 834 3529 Item
877 3464 1130 3547 plenius
1173 3469 1584 3548 repraesentat
1632 3462 1871 3548 aliquid
1887 3514 1905 3546 ,
1961 3467 2136 3550 quod

594 3579 1004 3656 repraesentat
1045 3575 1261 3658 ipsum
1297 3594 1412 3659 per
1453 3577 1761 3658 majorem
1808 3592 2136 3644 aceessum

593 3680 674 3744 ad
701 3699 886 3746 suam
915 3682 1287 3746 totalitatem
1321 3706 1334 3746 :
1367 3683 1474 3747 sed
1501 3683 1697 3748 home
1722 3689 2135 3768 repraesentat

591 3785 797 3853 Deum
828 3790 897 3852 in
927 3793 1245 3872 quantum
1271 3794 1367 3854 est
1392 3791 1716 3873 exemplar
1740 3794 1804 3854 et
1824 3792 2132 3874 spiritua-

588 3892 775 3975 lium,
807 3899 868 3961 et
894 3897 1319 3980 corporalium
1341 3920 1358 3977 3
1391 3897 1663 3979 angelus
1691 3901 1908 3962 autem
1932 3899 2131 3964 altero

587 4003 778 4067 medo
800 4007 1054 4068 tantum
1084 4023 1102 4069 z
1132 4023 1289 4087 ergo
1315 4005 1387 4069 in
1406 4004 1668 4071 homine
1696 4004 2129 4072 excellentiori

585 4111 776 4175 modo
803 4112 1118 4195 reperitur
1147 4111 1392 4194 imago.

666 4216 846 4299 Item,
879 4224 1119 4302 quante
1155 4220 1526 4303 exemplum
1549 4238 1667 4285 seu
1690 4222 2128 4305 exemplatum

581 4326 798 4407 magis
839 4328 1061 4393 unitur
1109 4328 1196 4408 (a)
1240 4328 1590 4412 exemplari
1608 4376 1627 4408 ,
1681 4332 1857 4393 tante
1913 4328 2129 4412 magis

582 4434 1017 4501 conformatur
1057 4436 1114 4498 ei
1137 4455 1156 4515 ;
1188 4440 1250 4500 et
1275 4442 1518 4519 quante
1544 4436 1754 4517 magis
1778 4441 2007 4501 natum
2031 4442 2128 4502 est

580 4542 754 4606 uniri
768 4589 786 4619 ,
816 4545 991 4605 tanto
1034 4542 1243 4623 magis
1285 4548 1515 4607 natum
1559 4547 1654 4607 est
1691 4545 2075 4609 confermari
2102 4565 2122 4611 ε

581 4650 693 4715 sed
710 4654 939 4715 natura
963 4651 1252 4716 humana
1273 4653 1498 4716 unitur
1519 4651 1755 4716 divinae
1783 4654 1854 4717 in
1874 4654 2125 4719 unitate

578 4777 892 4843 personae,
931 4760 1103 4842 qued
1141 4760 1403 4843 quidem
1438 4778 1570 4824 nen
1595 4760 1743 4824 facit
1782 4761 2071 4843 angelica
2101 4780 2121 4828 ε

581 4884 740 4948 erge
768 4867 1126 4951 expressior
1149 4873 1246 4932 est
1267 4868 1339 4932 in
1361 4885 1440 4932 ea
1461 4867 1703 4950 image,
1724 4886 1921 4952 quam
1949 4869 2032 4935 sit
2053 4873 2125 4935 in

583 4974 838 5056 angele.

663 5082 822 5148 Item
849 5101 964 5165 per
997 5081 1563 5147 considerationem
1598 5081 1970 5166 Philosophi
2001 5105 2018 5149 ε
2054 5083 2125 5151 Si

582 5189 900 5272 optimum
939 5190 1011 5253 in
1038 5208 1171 5255 une
1209 5208 1446 5271 genere
1483 5194 1579 5256 est
1606 5191 1836 5256 melius
1875 5192 2121 5276 optimo

583 5294 653 5360 in
677 5299 800 5364 alio
827 5317 1085 5379 genere,
1117 5299 1312 5365 etiam
1334 5302 1431 5366 est
1465 5300 1834 5384 simpliciter
1860 5300 1987 5368 hoc
2007 5302 2121 5368 illo

653 5424 671 5457 ¹
692 5423 859 5474 exeas.
885 5424 941 5473 in
966 5425 1015 5473 n
1044 5425 1183 5488 Gom,
1210 5440 1257 5474 c.
1279 5438 1355 5476 xl.

1743 421 2371 496 SENTENTIA-EUM
2409 425 2558 492 LIB.
2604 426 2684 494 11.

2263 558 2493 625 melius
2522 583 2539 626 z
2568 563 2679 628 sed
2717 563 3039 645 Christus,
3068 567 3184 651 qui
3210 570 3308 633 est
3331 567 3611 650 optimus
3634 569 3803 637 inter

2259 668 2554 735 homines
2575 690 2820 752 omneS,
2850 675 3284 741 excellentiori
3314 676 3505 742 mode
3527 678 3799 759 insigni-

2259 777 2365 840 tus
2390 782 2484 841 est
2506 778 2791 861 imagine
2809 780 2940 861 Dei,
2963 801 3159 863 quam
3181 784 3464 866 optimus
3492 785 3797 866 angelus:

2260 900 2419 964 erge
2447 883 2666 967 image
2692 887 2799 951 Dei
2823 888 2892 952 in
2913 890 3199 973 homine,
3226 910 3428 975 quam
3446 891 3518 956 in
3545 892 3801 973 angelo,

2259 996 2575 1078 reperitur
2601 999 3042 1066 excellentius.

2801 1275 3254 1346 CONCLUSIO.

2255 1424 2522 1494 Imagines
2565 1426 2714 1481 ratio
2781 1427 2960 1497 quoad
2984 1417 3114 1486 'esse
3168 1432 3282 1485 tam
3318 1430 3382 1485 in
3423 1434 3801 1490 convenientia

2328 1499 2553 1579 ordinis,
2584 1530 2745 1587 quam
2756 1519 3147 1590 proportionis,
3174 1519 3399 1591 aequalis
3425 1523 3502 1576 est
3517 1523 3579 1576 in
3605 1523 3797 1592 anqele

2329 1607 2380 1658 et
2406 1606 2469 1659 in
2498 1604 2743 1671 homine:
2773 1622 2878 1676 que
2904 1623 3027 1664 vere
3052 1608 3128 1664 ad
3155 1606 3281 1665 bene
3306 1624 3410 1666 esse
3435 1611 3713 1682 imaqinis,
3742 1627 3801 1671 se

2325 1697 2508 1750 mutuo
2533 1694 2806 1752 ‹za-cedunt.

2337 1849 2522 1933 Resp.
2554 1850 2636 1916 ad
2658 1851 2935 1934 Argum.
2964 1852 3065 1918 Ad
3086 1853 3540 1937 praedictorum
3562 1856 3799 1921 intelli·
3829 1899 4029 1944 „imm

2256 1958 2542 2039 gentiam
2564 1962 2660 2036 est
2687 1960 3062 2039 notandum,
3090 1961 3262 2044 qued
3288 1962 3548 2043 quidam
3570 1964 3795 2030 velue·
3844 1965 4009 2021 opinio·

2254 2070 2406 2129 runt
2429 2065 2661 2143 dicere,
2693 2066 2865 2150 qued
2891 2072 3251 2135 creaturam
3291 2072 3501 2153 magis
3528 2085 3661 2137 esse
3705 2071 3797 2137 ad

2252 2175 2601 2256 imaginem
2646 2177 2765 2240 Dei
2779 2221 2801 2253 ‚
2844 2174 2966 2239 dici
3012 2179 3217 2258 petest
3273 2176 3605 2258 dupliciter
3646 2200 3660 2243 ε
3691 2179 3797 2246 vel

2251 2281 2576 2346 extensive
2593 2330 2612 2361 ,
2660 2282 2765 2347 vel
2808 2282 3147 2349 intensive.
3196 2281 3263 2348 Si
3305 2284 3659 2363 extensive,
3702 2287 3795 2350 sic

2250 2387 2559 2453 dixerunt
2615 2389 2788 2471 qued
2843 2389 3041 2454 hemo
3080 2435 3085 2439 -
3109 2391 3321 2472 magis
3382 2396 3797 2474 repraesentat

2249 2495 2475 2575 Deum,
2507 2513 2704 2579 quam
2732 2497 3027 2577 angeluS,
3058 2497 3213 2579 quia
3235 2497 3307 2560 in
3334 2497 3647 2580 pluribuS,
3676 2517 3793 2564 ra·-

2246 2603 2423 2667 tione
2451 2604 2731 2684 corperis
2757 2603 2876 2667 sibi
2905 2603 3070 2668 uniti
3102 2623 3120 2668 :
3147 2607 3370 2687 utpote
3394 2604 3465 2669 in
3490 2605 3794 2687 spiritua·

2246 2710 2437 2787 libus,
2466 2713 2531 2773 et
2555 2710 3024 2793 corporalihuS,
3054 2715 3119 2774 et
3150 2711 3223 2773 in
3248 2710 3439 2777 mode
3474 2712 3791 2778 existendi

2246 2816 2318 2881 in
2343 2816 2568 2894 rebus,
2598 2821 2661 2881 et
2693 2817 3051 2882 secundum
3099 2818 3293 2882 etiam
3333 2817 3598 2882 medum
3639 2836 3788 2901 pro-

2246 2924 2518 2989 ducendi
2543 2943 2646 2990 res
2680 2943 2698 2988 :
2737 2929 2800 2989 et
2838 2925 2927 2988 sic
2954 2925 3173 2990 dicunt
3217 2924 3555 3008 precedere
3589 2928 3791 2994 ratio-

2244 3051 2359 3097 nes
2399 3033 2481 3097 ad
2518 3032 2865 3098 secundam
2895 3035 3166 3116 partem.
3199 3031 3440 3099 Tamen
3488 3035 3663 3117 qued
3708 3036 3788 3101 de

2245 3139 2490 3205 Christo
2516 3140 2835 3223 ehJicitur,
2867 3158 3000 3204 non
3040 3140 3212 3207 valet
3242 3163 3258 3204 z
3288 3140 3448 3206 illud
3490 3142 3667 3206 enim
3692 3145 3789 3207 est

2243 3248 2574 3330 singulare
2618 3246 3033 3330 privilegium
3047 3294 3066 3323 ,
3097 3265 3217 3311 nec
3241 3251 3335 3312 est
3359 3251 3609 3312 naturae
3624 3297 3642 3329 ,
3673 3249 3787 3314 sed

2241 3357 2454 3440 petius
2486 3355 2736 3437 gratiae.
2772 3353 2841 3419 Si
2883 3360 3100 3420 autem
3137 3355 3386 3420 dicatur
3426 3374 3560 3420 una
3600 3375 3783 3422 crea-

2240 3468 2392 3529 tura
2418 3463 2627 3545 magis
2646 3480 2782 3527 esse
2807 3462 2886 3528 ad
2906 3462 3280 3544 imaginem,
3302 3480 3500 3544 quam
3520 3462 3647 3528 alia
3676 3464 3785 3529 in·

2240 3573 2508 3651 tensive,
2538 3573 2691 3655 quia
2715 3571 3071 3654 expressius
3097 3573 3538 3654 repraesentat3
3572 3571 3663 3636 sic
3686 3573 3782 3637 di-

2240 3686 2396 3747 cunt
2422 3681 2732 3763 angelum
2754 3679 2964 3761 magis
2989 3697 3125 3744 esse
3147 3678 3228 3742 ad
3256 3677 3615 3760 imaginem
3639 3678 3778 3761 Dei,

2240 3808 2439 3872 quam
2464 3789 2544 3853 sit
2569 3789 2787 3868 hemo,
2817 3788 2982 3852 sieut
3006 3784 3346 3851 ostendunt
3372 3785 3780 3851 auctoritates

2239 3902 2301 3961 et
2340 3896 2620 3961 rationes
2664 3896 2745 3961 ad
2787 3895 3177 3978 oppositum.
3216 3891 3294 3957 Et
3330 3891 3456 3957 hoc
3495 3893 3783 3958 insinuat

2238 4005 2607 4087 GregoriuS‚
2634 4022 2784 4070 cum
2812 4004 3003 4068 dicit:
3038 4026 3069 4065 α
3096 4001 3347 4078 Quanto
3374 4002 3445 4065 in
3470 4019 3547 4066 ee
3573 4001 3779 4066 subti-

2235 4114 2357 4180 lior
2387 4118 2481 4179 est
2505 4116 2766 4189 natura,
2795 4114 2973 4176 tante
3000 4110 3073 4174 in
3098 4128 3175 4175 eo
3202 4110 3420 4192 imzigo
3454 4107 3779 4175 Trinitatis

2234 4222 2511 4287 similius
2544 4219 2915 4285 insinuatur
2940 4219 3249 4301 impressa
3272 4238 3301 4289 ,τ
3345 4229 3387 4278 n‘
3409 4220 3473 4281 et
3498 4216 3776 4282 rationes

2225 4348 2379 4395 eam
2404 4331 2863 4411 consequentes
2884 4325 3249 4405 ostendunt,
3277 4323 3451 4407 quod
3475 4323 3638 4389 sicut
3663 4341 3776 4389 ex·

2234 4437 2560 4503 cellentior
2584 4439 2680 4500 est
2717 4439 2953 4499 natura
2976 4432 3268 4514 angelica
3284 4479 3303 4511 ‚
3332 4432 3425 4496 sic
3458 4430 3772 4497 excellen—

2232 4546 2428 4610 tiores
2457 4544 2650 4609 hahet
2674 4542 3009 4626 potentias,
3034 4545 3099 4605 et
3119 4542 3432 4622 majorem
3459 4538 3650 4603 habet
3674 4557 3775 4603 ca·

2172 4644 2179 4651 ’
2232 4653 2591 4735 pacitatem,
2620 4654 2683 4714 et
2708 4648 2987 4731 digniori
3016 4647 3206 4712 modo
3236 4649 3331 4711 est
3352 4646 3634 4728 imagine
3659 4644 3770 4709 Dei

2230 4758 2542 4841 insignita
2580 4778 2599 4822 ε
2638 4761 2702 4823 et
2745 4755 3101 4821 seeundum
3149 4754 3318 4818 hanc
3357 4753 3534 4816 viam
3578 4751 3771 4833 plana

2231 4871 2325 4930 est
2357 4864 2683 4949 responsio
2704 4864 2784 4928 ad
2811 4863 3231 4947 quaestionem
3257 4859 3669 4943 propositam,
3703 4861 3772 4923 et

2218 4973 2312 5038 -ad
2336 4974 2600 5056 objecta.
2632 4972 2756 5038 Sed
2783 4972 2928 5036 licet
2946 4972 3063 5036 iste
3090 4968 3319 5033 modus
3343 4966 3590 5033 dicendi
3610 4983 3768 5048 pro-

2228 5082 2460 5148 babilis
2485 5081 2809 5158 videatur3
2828 5083 3047 5144 tamen
3072 5096 3204 5143 nen
3232 5077 3548 5143 modicam
3573 5074 3770 5141 habet

2228 5190 2620 5256 calumniam
2646 5187 2890 5253 ratione
2914 5187 3255 5270 utriusque
3287 5185 3485 5268 partis
3506 5184 3769 5248 distinc-

2226 5299 2440 5365 tionis,
2469 5295 2652 5377 Quod
2674 5295 2850 5361 enim
2870 5293 3116 5361 dicatur
3139 5294 3360 5377 imago
3386 5290 3601 5374 magis
3626 5308 3767 5358 esse

2293 5428 2358 5492 (a)
2387 5425 2510 5474 ccc.
2524 5422 2649 5473 edit.
2680 5421 2931 5475 innititur.
