4125 6225
745 455 877 537 404„

741 604 946 664 nune,
977 588 1043 649 et
1068 584 1241 650 aliud
1265 584 1830 668 complementum,
1859 604 2055 668 quam
2082 586 2276 650 habe-

740 698 838 758 ret
861 693 1060 775 prius.
1085 693 1248 756 Huic
1270 697 1483 758 autem
1508 692 1843 757 mutationi
1866 712 1997 757 non
2019 693 2282 758 obviant

741 800 1017 865 rationes
1043 801 1318 865 secundo
1339 800 1638 878 inductae,
1666 802 1773 865 sed
1801 800 2010 864 solum
2034 800 2273 882 primo:

742 906 819 970 de
859 926 991 990 qua
1034 912 1171 972 erat
1208 908 1476 990 quaestio
1514 908 1585 971 in
1628 912 1874 991 partem
1912 908 2280 984 negativam

740 1016 1112 1095 terminata,
1153 1016 1391 1080 scilicet
1424 1016 1595 1099 quod
1628 1016 1904 1079 liberum
1943 1015 2279 1079 arbitrium

742 1140 858 1203 per
888 1122 1438 1187 confirmationem
1456 1171 1473 1199 ‚
1507 1122 1623 1185 etsi
1654 1122 1977 1199 alteretur,
2008 1141 2142 1187 non
2177 1126 2279 1187 ta-

743 1249 893 1297 men
918 1234 993 1296 fit
1015 1232 1212 1297 aliud.

825 1346 886 1405 1.
934 1339 1032 1405 Ad
1072 1341 1232 1405 illud
1275 1358 1432 1422 ergo
1474 1339 1662 1427 quod·
1689 1338 1987 1421 objicitur
2032 1338 2242 1419 primo
2257 1386 2275 1415 ,

743 1447 912 1529 quod
929 1447 1306 1513 vertibilitas
1327 1451 1421 1512 aet
1442 1446 1641 1511 libero
1664 1445 1925 1510 arbitrio
1945 1445 2276 1524 naturalis;

744 1553 1082 1620 dicendum
1110 1555 1281 1639 quod
1308 1555 1544 1637 aliquid
1577 1558 1670 1618 est
1702 1551 1992 1617 naturale
2022 1554 2281 1634 propter

743 1667 992 1728 naturae
1030 1662 1569 1746 complementum
1584 1710 1603 1740 ,
1639 1664 1855 1744 utpote
1896 1659 2035 1741 igni
2051 1707 2070 1739 ,
2109 1658 2283 1742 quod

743 1771 960 1835 tendat
985 1789 1279 1849 sursum;
1316 1769 1554 1852 aliquid
1579 1771 1674 1832 est
1701 1766 1992 1831 naturale
2023 1768 2282 1848 propter

743 1884 994 1943 naturae
1022 1878 1335 1944 defectum
1353 1926 1371 1956 ,
1403 1878 1566 1941 sicut
1598 1877 1821 1958 ignem
1855 1893 2037 1954 posse
2069 1873 2282 1937 extin-

743 1989 884 2069 gui.
918 1988 1021 2053 Sic
1058 1989 1260 2053 libero
1295 1987 1554 2052 arbitrio
1583 1991 1678 2050 est
1717 1985 1959 2068 aliquid
1988 1981 2281 2047 naturale

744 2101 1002 2179 propter
1026 2102 1277 2161 naturae
1306 2094 1841 2178 complementum
1856 2140 1874 2169 ,
1906 2096 1979 2156 ut
2005 2109 2187 2175 posse
2214 2090 2281 2151 in

744 2204 1025 2283 bonum3
1065 2203 1306 2285 aliquid
1344 2204 1602 2285 propter
1637 2205 1886 2264 naturae
1924 2198 2239 2263 defectum
2259 2243 2278 2276 ,

744 2314 818 2374 ut
843 2329 1025 2393 posse
1047 2309 1212 2376 verti
1240 2311 1309 2374 in
1337 2309 1603 2373 malum.

825 2422 885 2482 2.
931 2419 1028 2483 Ad
1068 2418 1225 2483 illud
1263 2417 1432 2501 quod
1475 2416 1792 2499 objicitur,
1832 2416 2005 2498 quod
2041 2414 2281 2498 aliquid

744 2529 1035 2590 mutatur
1046 2526 1395 2590 secundum
1414 2524 1853 2603 substantiam,
1872 2522 2129 2606 quando
2143 2540 2282 2606 per-

743 2632 902 2697 didit
934 2633 1092 2698 illud
1128 2634 1302 2716 quod
1336 2633 1526 2697 habet
1558 2649 1672 2714 per
1705 2632 2035 2710 naturam;
2074 2630 2281 2695 dicen-

743 2738 901 2804 dum
928 2740 1130 2823 quod,
1160 2740 1275 2804 etsi
1301 2739 1423 2804 hoc
1456 2739 1653 2823 possit
1684 2738 1918 2802 habere
1945 2738 2279 2802 veritatem

741 2845 810 2910 iu
853 2864 930 2910 eo
974 2846 1249 2912 naturali
1267 2894 1284 2925 ,
1333 2846 1504 2929 quod
1547 2843 1958 2927 consequitur
2002 2841 2280 2925 comple-

743 2959 1035 3019 mentum
1053 3003 1070 3032 ,
1109 2972 1241 3019 non
1265 2958 1478 3018 tamen
1517 2957 1611 3017 est
1635 2969 1865 3016 verum
1904 2951 1976 3014 in
2002 2968 2079 3015 eo
2110 2948 2281 3032 quod

740 3062 1150 3146 consequitur
1180 3062 1495 3127 defectum
1523 3082 1540 3125 ε
1571 3063 1634 3124 et
1666 3059 1791 3124 tale
1819 3058 1975 3142 quid
2010 3061 2106 3123 est
2134 3074 2282 3123 ver-

740 3170 1024 3234 tibilitas.
1064 3170 1244 3235 Sicut
1277 3169 1452 3235 enim
1489 3167 1637 3232 dicit
1660 3166 2001 3232 Anselmus
2018 3166 2059 3246 ¹,
2100 3181 2281 3248 posse

739 3296 999 3361 peccare
1024 3297 1157 3342 non
1179 3282 1274 3342 est
1304 3277 1590 3355 libertas,
1620 3293 1737 3339 nec
1768 3292 1916 3357 pars
1948 3272 2277 3336 libertatis.

823 3391 884 3451 3.
918 3385 1018 3449 Ad
1044 3385 1203 3450 illud
1229 3385 1401 3468 quod
1439 3383 1739 3466 objicitur
1774 3383 1853 3447 de
1891 3381 2283 3464 oppositione

741 3493 1244 3559 differentiarum
1265 3542 1284 3573 ,
1315 3492 1654 3557 dicendum
1696 3490 1866 3574 quod
1901 3491 2066 3555 sicut
2103 3507 2282 3555 mor-

741 3600 865 3664 tale
885 3605 949 3664 et
968 3599 1329 3665 immortale
1359 3600 1690 3682 dupliciter
1718 3603 1985 3682 possunt
2016 3615 2283 3680 compa-

740 3708 872 3772 rari
895 3708 977 3773 ad
1002 3709 1420 3774 substantiam
1454 3709 1778 3776 viventem
1794 3757 1812 3788 ,
1846 3707 1936 3772 sic
1974 3707 2282 3772 mutabile

743 3819 807 3880 et
830 3816 1228 3881 immutabile
1257 3816 1338 3882 ad
1361 3817 1742 3881 libertatem.
1779 3815 1846 3880 Si
1888 3816 2062 3880 enim
2100 3833 2284 3879 mor-

741 3923 866 3987 tale
892 3928 957 3988 et
976 3924 1336 3988 immortale
1358 3928 1706 4006 utrumque
1723 3923 1804 3986 sit
1820 3939 1934 4005 per
1955 3927 2277 4001 naturam,

741 4029 832 4094 sic
857 4030 1077 4096 dicunt
1102 4030 1487 4097 differentias
1511 4030 1829 4114 oppositas
1868 4029 2284 4093 essentialiter

741 4136 1238 4202 diversificantes
1263 4138 1613 4221 supposita.
1655 4136 1721 4202 Si
1758 4141 1978 4201 autem
2016 4135 2282 4201 mortale

741 4243 822 4308 sit
846 4263 960 4327 per
984 4248 1308 4322 naturam,
1336 4243 1695 4309 immortale
1721 4261 1835 4326 per
1865 4242 2146 4325 gratiam
2172 4260 2286 4305 au-

741 4351 1050 4416 ferentem
1100 4351 1418 4416 defectum
1462 4354 1746 4430 naturae3
1809 4350 1902 4414 sic
1928 4342 2083 4415 ‘non
2135 4353 2286 4414 sunt

742 4458 1116 4524 differentiae
1151 4458 1455 4542 oppositae
1476 4505 1495 4538 ,
1539 4458 1648 4522 sed
1686 4460 1838 4522 sunt
1871 4456 2283 4539 compossibi-

740 4564 871 4631 les:
900 4567 1006 4631 vel
1030 4566 1254 4631 saltem
1281 4565 1452 4648 quod
1476 4568 1573 4629 est
1597 4564 1718 4629 sub
1742 4583 1896 4642 una,
1918 4567 2124 4647 potest
2149 4582 2285 4628 esse

742 4674 867 4739 sub
891 4674 1089 4738 altera
1114 4673 1249 4738 sola
1281 4673 1586 4737 alteritate
1601 4721 1619 4751 ,
1648 4677 1966 4756 quantum
2005 4673 2087 4737 ad
2121 4672 2285 4736 bene

742 4800 879 4846 esse
895 4830 913 4861 ,
942 4782 1077 4849 sive
1107 4780 1646 4864 complementum
1677 4779 1926 4861 gratiae.
1959 4777 2082 4844 Per
2104 4778 2284 4844 hunc

740 4892 1005 4956 modum
1047 4890 1351 4983 mutabile
1393 4893 1457 4953 et
1494 4888 1892 4955 immutabile
1933 4907 2048 4972 per
2089 4892 2284 4954 natu-

739 5018 905 5079 ram,
935 4999 1326 5084 impossibile
1346 5001 1442 5063 est
1463 5016 1599 5061 esse
1626 4998 1793 5062 circa
1816 4997 1985 5062 idem
2014 5015 2282 5063 manens

739 5106 932 5187 idem,
962 5126 1080 5174 nec
1105 5107 1321 5189 simul,
1349 5124 1468 5170 nec
1492 5104 1843 5171 successive
1873 5110 1907 5168 z·
1925 5104 2036 5168 sed
2059 5108 2281 5173 muta·

739 5216 864 5281 bile
901 5235 1014 5300 per
1046 5220 1378 5296 naturam,
1423 5218 1485 5278 et
1527 5211 1927 5277 immutabile
1971 5230 2087 5294 per
2126 5229 2279 5293 gra-

807 5381 823 5412 ¹
840 5377 1084 5442 Anselm„
1103 5376 1164 5428 de
1181 5377 1290 5428 Lib.
1304 5376 1497 5439 Arbit„
1513 5390 1560 5427 c.
1576 5375 1701 5427 1.·—²
1719 5374 1891 5437 Arist„
1912 5372 1974 5423 de
1988 5373 2276 5439 Interpret„

741 5448 829 5501 lib.
851 5452 893 5514 l,
909 5464 955 5501 c.
976 5451 1128 5502 ult..—
1147 5452 1171 5487 ⁸
1187 5451 1270 5514 Os.
1292 5448 1544 5501 Marsilius
1560 5450 1795 5514 Inguen„
1815 5448 1860 5499 11
1883 5447 2044 5511 Seni„
2072 5447 2192 5498 dist.
2221 5456 2270 5509 v,

1863 448 2486 516 SENTENTIARUM
2526 450 2675 516 LIB.
2722 450 2806 515 11.

2385 586 2541 651 tiam
2583 605 2714 651 non
2750 588 2840 651 sic
2881 594 3294 671 opponuntur
3308 641 3330 669 ‚
3360 609 3479 655 nec
3513 592 3890 657 essentialiter

2388 692 2870 774 distinguuntur
2900 714 2918 759 :
2957 701 3020 760 et
3062 697 3206 761 ideo
3242 716 3374 761 non
3408 700 3660 764 variant
3692 719 3894 765 secun-

2389 801 2544 865 dum
2570 804 2990 867 substantiam
3014 804 3286 871 liberum
3313 808 3670 873 arbitrium.

2468 913 2529 971 4.
2550 909 2647 973 Ad
2676 910 2833 975 illud
2859 913 3033 994 quod
3056 914 3376 996 objicitur,
3399 917 3570 999 quod
3592 917 3895 981 rationales

2388 1022 2722 1099 potestates
2748 1023 2898 1083 suut
2926 1021 3006 1084 ad
3041 1024 3361 1105 opposita3
3393 1024 3724 1088 dicendum
3748 1026 3896 1107 quod

2389 1140 2620 1188 verum
2651 1129 2746 1188 est
2775 1146 2789 1189 ε
2821 1125 2930 1189 sed
2960 1145 3093 1190 non
3120 1128 3197 1191 ad
3222 1129 3442 1193 omnia
3467 1131 3774 1212 opposita,
3799 1131 3896 1194 md

2387 1231 2467 1294 ad
2493 1231 2742 1313 aliqua,
2784 1237 3003 1315 utpote
3027 1233 3106 1297 ad
3149 1235 3350 1299 facere
3390 1237 3665 1319 aliquid,
3696 1241 3755 1300 et
3783 1257 3896 1302 non

2387 1337 2613 1415 facere,
2635 1339 2716 1402 ad
2738 1338 3014 1405 incidere
3040 1342 3345 1423 tunicam,
3375 1348 3440 1407 et
3466 1362 3602 1407 non
3627 1344 3894 1422 incidere,

2390 1449 2462 1510 ut
2487 1444 2638 1510 dicit
2663 1445 2796 1527 ipse
2822 1445 3242 1531 Philosophus
3265 1452 3288 1485 ²
3320 1470 3338 1514 ε
3375 1454 3439 1515 et
3474 1450 3601 1515 hoc
3635 1452 3813 1515 modo
3836 1452 3901 1514 li-

2388 1552 2616 1616 berum
2650 1554 2986 1619 arbitrium
3025 1559 3476 1622 confirmatum
3518 1560 3598 1622 ad
3648 1562 3901 1642 opposita

2388 1664 2590 1743 potest
2635 1681 2770 1726 esse
2815 1684 2830 1726 :
2881 1667 2944 1727 et
2978 1664 3119 1728 ideo
3160 1666 3482 1730 rationalis
3522 1671 3789 1749 potestas
3824 1670 3902 1730 est

2389 1766 2554 1830 sicut
2589 1771 2651 1832 et
2689 1772 2855 1832 ante.
2901 1767 3081 1845 Quod
3116 1789 3273 1853 ergo
3318 1773 3621 1854 obiicitur
3654 1794 3670 1837 ε
3713 1797 3744 1834 α
3785 1772 3904 1837 Non

2388 1879 2484 1939 est
2510 1875 2578 1938 in
2609 1876 2853 1940 malum
2876 1926 2895 1958 ,
2933 1882 2997 1941 et
3020 1878 3266 1941 bonum
3298 1900 3312 1939 ε
3358 1897 3517 1959 ergo
3553 1897 3689 1943 non
3730 1879 3904 1944 estad

2389 1983 2674 2064 opposita
2704 2006 2719 2048 ε
2760 2005 2791 2043 n
2842 1985 3248 2048 manifestum
3289 1989 3384 2048 est
3417 1986 3591 2068 quod
3621 1987 3741 2050 ista
3765 1987 3906 2050 ratio

2388 2094 2482 2154 est
2507 2109 2772 2175 peccans
2794 2093 3145 2157 secundum
3172 2111 3588 2175 consequens,

2469 2203 2530 2262 5.
2563 2200 2662 2264 Ad
2707 2200 2867 2266 illud
2904 2201 3076 2284 quod
3115 2202 3412 2284 objicitur
3452 2203 3533 2267 de
3571 2202 3910 2267 diversitate

2388 2306 2614 2389 objecti
2633 2355 2651 2385 ,
2685 2308 2857 2390 quod
2883 2308 3154 2372 liberum
3200 2309 3541 2373 arbitrium
3585 2311 3912 2374 conflrma-

2387 2417 2530 2477 tum
2556 2432 2685 2478 non
2712 2418 2807 2478 est
2831 2414 2901 2477 in
2928 2415 3209 2494 malum;
3244 2416 3582 2480 dicendum
3610 2418 3782 2499 quod
3802 2418 3910 2482 hoc

2389 2520 2720 2584 veritatem
2759 2521 2949 2586 habet
2988 2522 3065 2586 de
3104 2523 3350 2604 objecto
3380 2541 3494 2605 per
3520 2542 3590 2587 se
3621 2541 3637 2586 τ
3684 2524 3910 2588 malum

2388 2629 2603 2690 autem
2646 2645 2780 2692 non
2816 2632 2910 2692 est
2951 2628 3271 2710 objectum
3311 2648 3425 2711 per
3451 2648 3518 2693 se
3545 2630 3733 2695 liberi
3756 2633 3913 2696 arbi-

2387 2732 2516 2812 trii,
2545 2733 2615 2797 in
2641 2737 2960 2815 quantum
2989 2735 3205 2812 liberi,
3235 2736 3342 2800 sed
3378 2736 3588 2800 solum
3627 2738 3698 2801 in
3723 2757 3913 2821 quan-

2387 2843 2527 2904 tum
2555 2841 2906 2907 deficientis
2924 2843 3004 2925 (a)
3041 2862 3058 2906 ε
3096 2849 3160 2907 et
3186 2843 3326 2908 ideo
3355 2863 3485 2908 non
3515 2846 3839 2929 sequitur,
3869 2848 3916 2910 si

2387 2964 2519 3013 non
2530 2952 2735 3031 potest
2762 2950 2832 3013 in
2862 2949 3130 3028 malum,
3160 2951 3332 3033 quod
3356 2970 3485 3015 non
3510 2953 3593 3016 sit
3620 2953 3915 3033 liberum,

2388 3055 2491 3121 vel
2516 3057 2689 3140 quod
2717 3057 2800 3122 sit
2825 3057 3029 3140 aliud3
3056 3057 3166 3123 sed
3189 3059 3478 3143 sequitur
3495 3061 3672 3144 quod
3693 3080 3823 3149 pon
3837 3067 3922 3128 est

2387 3165 2684 3232 deficiens
2715 3168 3134 3231 conflrmante
3159 3167 3492 3234 influentia
3523 3189 3759 3235 manus
3791 3185 3922 3236 om-

2387 3273 2728 3356 nipotentis
2750 3323 2767 3351 ,
2797 3292 2945 3356 quae
2983 3274 3162 3339 nullo
3205 3276 3396 3341 modo
3435 3276 3588 3341 sinit
3621 3278 3919 3356 deficere,

2387 3380 2684 3464 quamvis
2710 3381 2985 3447 liberum
3010 3381 3239 3447 habeat
3265 3401 3445 3466 posse
3472 3388 3536 3449 et
3559 3385 3747 3451 velle.

2882 3612 3287 3692 QUAESTIO
3331 3615 3357 3680 I
3371 3614 3423 3682 1.

2388 3767 2484 3823 An
2499 3767 2797 3824 obstinatio
2825 3768 2988 3824 tollat
3015 3784 3052 3824 a
3069 3767 3395 3826 doemonibus
3424 3768 3703 3825 libertatis
3722 3786 3872 3827 unam
3884 3771 3922 3827 ⁸.

2470 3919 2699 3984 Utrum
2736 3918 3073 3984 obstinatio
3115 3919 3292 3984 tollat
3332 3939 3372 3983 a
3403 3920 3808 3986 daemonibus
3851 3922 3928 3986 li·
3951 3943 4105 3991 rnna

2389 4027 2649 4091 bertatis
2675 4045 2866 4092 usum
2882 4050 2899 4105 ;
2932 4031 2994 4092 et
3028 4029 3199 4112 quod
3226 4027 3341 4105 sic,
3370 4028 3664 4093 videtur:
3697 4053 3728 4091 α
3756 4029 3928 4095 Libe-

2389 4154 2538 4200 rum
2572 4136 2934 4213 arbitrium,
2962 4139 3035 4200 ut
3073 4135 3224 4199 dicit
3250 4134 3594 4200 Auselmus
3619 4141 3670 4217 ⁸,
3701 4142 3796 4201 est
3821 4156 3931 4221 po-

2389 4245 2581 4308 testas
2610 4243 2905 4341 servandi
2943 4243 3387 4308 rectitudinem
3434 4249 3692 4327 propter
3731 4264 3801 4308 se
3839 4268 3856 4309 :
3895 4268 3924 4304 n

2391 4370 2548 4433 ergo
2602 4352 2874 4417 servatio
2928 4350 3326 4416 rectitudinis
3388 4356 3481 4416 est
3537 4371 3696 4416 usus
3751 4352 3930 4416 liberi

2390 4458 2634 4523 arbitrii
2660 4481 2676 4524 ι
2705 4460 2815 4524 sed
2852 4459 3020 4524 hanc
3055 4477 3186 4524 nou
3223 4459 3492 4541 habeut,
3524 4479 3645 4525 nec
3671 4466 3935 4544 possunt

2389 4566 2626 4632 habere
2652 4567 2867 4649 angeli
2891 4567 3192 4632 obstinati
3220 4589 3236 4631 τ
3271 4586 3452 4650 ergo,
3478 4571 3597 4632 etc.

2469 4680 2531 4740 2.
2555 4675 2712 4741 ltem
2730 4676 3071 4740 Anselmus
3093 4698 3109 4741 ε
3135 4699 3167 4738 α
3178 4673 3458 4740 Potestas
3473 4675 3776 4759 peccandi
3795 4694 3928 4740 non

2389 4789 2484 4846 est
2505 4783 2785 4861 libertas,
2814 4801 2934 4847 nec
2959 4801 3106 4865 pars
3132 4783 3436 4847 libertatis
3472 4805 3487 4847 ε
3521 4804 3554 4843 n
3588 4801 3747 4864 ergo
3781 4802 3932 4866 pec-

2389 4908 2535 4954 care
2560 4890 2737 4955 nullo
2770 4890 2961 4954 modo
3001 4894 3095 4953 est
3132 4890 3228 4953 uti
3263 4889 3552 4954 libertate
3584 4911 3601 4955 ε
3639 4891 3749 4955 sed
3789 4891 3933 4955 dae-

2389 5015 2610 5062 mones
2651 5015 2766 5080 per
2799 4997 3073 5062 liberum
3112 4997 3447 5062 arbitrium
3472 5016 3808 5081 nunquam
3832 4998 3934 5063 fa-

2388 5105 2566 5172 ciunt
2589 5109 2808 5171 actum
2836 5105 2952 5189 qui
2978 5124 3111 5169 nou
3144 5106 3226 5169 sit
3248 5108 3604 5188 peccatum,
3633 5124 3750 5169 nec
3778 5124 3937 5188 pos·

2386 5304 2483 5354 art.
2511 5303 2572 5365 23
2604 5300 2780 5365 Steph.
2806 5300 3020 5361 Bruler„
3059 5301 3101 5351 11
3137 5298 3294 5363 Sem„
3324 5301 3446 5352 dist.
3477 5313 3572 5366 vn,
3603 5315 3656 5366 q.
3682 5313 3744 5364 νς
3775 5299 3935 5354 Gabr.

2389 5372 2522 5437 Biel,
2552 5374 2590 5423 n
2625 5372 2786 5434 Sent„
2814 5372 2932 5423 dist.
2956 5383 3031 5422 vn
3054 5408 3072 5436 ‚
3103 5385 3155 5436 q.
3179 5372 3315 5422 unic.
3342 5398 3405 5408 —
3426 5370 3448 5405 ⁸
3466 5373 3716 5436 Anselm.‚
3742 5371 3936 5422 deuo.

2387 5444 2575 5506 Arbit„
2604 5458 2651 5494 c.
2681 5455 2700 5493 1
2739 5447 2791 5493 et
2816 5456 2931 5507 seq.
2970 5470 3033 5480 —
3060 5445 3128 5506 (a)
3152 5442 3233 5494 ΔΙ.
3263 5442 3530 5495 deficiens.
