<?xml version="1.0" encoding="UTF-8"?>
<!DOCTYPE html PUBLIC "-//W3C//DTD XHTML 1.0 Transitional//EN"
    "http://www.w3.org/TR/xhtml1/DTD/xhtml1-transitional.dtd">
<html xmlns="http://www.w3.org/1999/xhtml" xml:lang="en" lang="en">
 <head>
  <title>
</title>
<meta http-equiv="Content-Type" content="text/html;charset=utf-8" />
  <meta name='ocr-system' content='tesseract 3.04.00' />
  <meta name='ocr-capabilities' content='ocr_page ocr_carea ocr_par ocr_line ocrx_word'/>
</head>
<body>
  <div class='ocr_page' id='page_1' title='image "./srecardinalissb01peltgoog_0253.png"; bbox 0 0 4125 6225; ppageno 0'>
   <div class='ocr_carea' id='block_1_1' title="bbox 69 1020 293 1067">
    <p class='ocr_par' dir='ltr' id='par_1_1' title="bbox 69 1020 293 1067">
     <span class='ocr_line' id='line_1_1' title="bbox 69 1020 293 1067; baseline 0 -1"><span class='ocrx_word' id='word_1_1' title='bbox 69 1020 293 1067; x_wconf 67' lang='lat' dir='ltr'><strong>Fundam.</strong></span> 
     </span>
    </p>
   </div>
   <div class='ocr_carea' id='block_1_2' title="bbox 98 3538 316 3592">
    <p class='ocr_par' dir='ltr' id='par_1_2' title="bbox 98 3538 316 3592">
     <span class='ocr_line' id='line_1_2' title="bbox 98 3538 316 3592; baseline -0.009 -11"><span class='ocrx_word' id='word_1_2' title='bbox 98 3538 177 3581; x_wconf 73' lang='lat' dir='ltr'><strong>Ad</strong></span> <span class='ocrx_word' id='word_1_3' title='bbox 210 3547 316 3592; x_wconf 79' lang='lat' dir='ltr'><strong>opp.</strong></span> 
     </span>
    </p>
   </div>
   <div class='ocr_carea' id='block_1_3' title="bbox 1118 369 2553 450">
    <p class='ocr_par' dir='ltr' id='par_1_3' title="bbox 1118 369 2553 450">
     <span class='ocr_line' id='line_1_3' title="bbox 1118 369 2553 450; baseline -0.001 -10"><span class='ocrx_word' id='word_1_4' title='bbox 1118 413 1135 428; x_wconf 88' lang='lat'><strong>·</strong></span> <span class='ocrx_word' id='word_1_5' title='bbox 1266 374 1460 442; x_wconf 90' lang='lat' dir='ltr'><strong>DIST.</strong></span> <span class='ocrx_word' id='word_1_6' title='bbox 1504 372 1770 441; x_wconf 80' lang='lat' dir='ltr'>XLVIII.</span> <span class='ocrx_word' id='word_1_7' title='bbox 1816 369 1997 438; x_wconf 71' lang='grc' dir='ltr'><strong>ΛΒΤ.</strong></span> <span class='ocrx_word' id='word_1_8' title='bbox 2041 372 2091 437; x_wconf 92' lang='grc' dir='ltr'><strong>Ι.</strong></span> <span class='ocrx_word' id='word_1_9' title='bbox 2138 372 2434 450; x_wconf 85' lang='lat' dir='ltr'><strong>QUAEST.</strong></span> <span class='ocrx_word' id='word_1_10' title='bbox 2473 374 2553 438; x_wconf 91' lang='grc' dir='ltr'><strong>ΙΙ.</strong></span> 
     </span>
    </p>
   </div>
   <div class='ocr_carea' id='block_1_4' title="bbox 820 645 1358 725">
    <p class='ocr_par' dir='ltr' id='par_1_4' title="bbox 820 645 1358 725">
     <span class='ocr_line' id='line_1_4' title="bbox 820 645 1358 725; baseline -0.002 -13"><span class='ocrx_word' id='word_1_11' title='bbox 820 645 1229 725; x_wconf 86' lang='lat' dir='ltr'>QUAESTIO</span> <span class='ocrx_word' id='word_1_12' title='bbox 1271 646 1358 711; x_wconf 93' lang='lat' dir='ltr'><strong>II.</strong></span> 
     </span>
    </p>
   </div>
   <div class='ocr_carea' id='block_1_5' title="bbox 320 801 1854 961">
    <p class='ocr_par' dir='ltr' id='par_1_5' title="bbox 320 801 1854 961">
     <span class='ocr_line' id='line_1_5' title="bbox 320 801 1854 871; baseline -0.001 -13"><span class='ocrx_word' id='word_1_13' title='bbox 320 806 412 859; x_wconf 78' lang='lat' dir='ltr'><strong>An</strong></span> <span class='ocrx_word' id='word_1_14' title='bbox 429 803 779 871; x_wconf 75' lang='lat' dir='ltr'><em>conformitas</em></span> <span class='ocrx_word' id='word_1_15' title='bbox 794 802 1096 858; x_wconf 80' lang='lat' dir='ltr'><strong>voluntatis</strong></span> <span class='ocrx_word' id='word_1_16' title='bbox 1111 806 1306 857; x_wconf 81' lang='lat' dir='ltr'><strong>nostroe</strong></span> <span class='ocrx_word' id='word_1_17' title='bbox 1323 801 1399 857; x_wconf 81' lang='lat' dir='ltr'><strong>ad</strong></span> <span class='ocrx_word' id='word_1_18' title='bbox 1411 801 1657 858; x_wconf 79' lang='lat' dir='ltr'><strong>divinam</strong></span> <span class='ocrx_word' id='word_1_19' title='bbox 1675 802 1854 869; x_wconf 77' lang='lat' dir='ltr'><strong>faciat</strong></span> 
     </span>
     <span class='ocr_line' id='line_1_6' title="bbox 881 890 1290 961; baseline 0 -14"><span class='ocrx_word' id='word_1_20' title='bbox 881 908 1000 948; x_wconf 84' lang='lat' dir='ltr'><strong>eam</strong></span> <span class='ocrx_word' id='word_1_21' title='bbox 1025 890 1234 961; x_wconf 71' lang='lat' dir='ltr'><strong>justam</strong></span> <span class='ocrx_word' id='word_1_22' title='bbox 1250 892 1290 947; x_wconf 86' lang='lat'><strong>¹.</strong></span> 
     </span>
    </p>
   </div>
   <div class='ocr_carea' id='block_1_6' title="bbox 321 1049 1887 4223">
    <p class='ocr_par' dir='ltr' id='par_1_6' title="bbox 321 1049 1860 1669">
     <span class='ocr_line' id='line_1_7' title="bbox 400 1049 1857 1117; baseline 0.001 -2"><span class='ocrx_word' id='word_1_23' title='bbox 400 1049 628 1115; x_wconf 87' lang='lat' dir='ltr'><strong>Utrum</strong></span> <span class='ocrx_word' id='word_1_24' title='bbox 668 1051 1074 1116; x_wconf 75' lang='lat' dir='ltr'><strong>conformitas</strong></span> <span class='ocrx_word' id='word_1_25' title='bbox 1112 1051 1459 1115; x_wconf 87' lang='lat' dir='ltr'><strong>voluntatis</strong></span> <span class='ocrx_word' id='word_1_26' title='bbox 1499 1054 1735 1116; x_wconf 81' lang='lat' dir='ltr'><strong>nostrae</strong></span> <span class='ocrx_word' id='word_1_27' title='bbox 1776 1052 1857 1117; x_wconf 85' lang='lat' dir='ltr'><strong>ad</strong></span> 
     </span>
     <span class='ocr_line' id='line_1_8' title="bbox 321 1157 1854 1242; baseline 0.003 -22"><span class='ocrx_word' id='word_1_28' title='bbox 321 1157 598 1221; x_wconf 84' lang='lat' dir='ltr'><strong>divinam</strong></span> <span class='ocrx_word' id='word_1_29' title='bbox 648 1158 837 1222; x_wconf 84' lang='lat' dir='ltr'><strong>faciat</strong></span> <span class='ocrx_word' id='word_1_30' title='bbox 885 1177 1028 1222; x_wconf 88' lang='lat' dir='ltr'><strong>eam</strong></span> <span class='ocrx_word' id='word_1_31' title='bbox 1075 1162 1353 1240; x_wconf 83' lang='lat' dir='ltr'><strong>justam3</strong></span> <span class='ocrx_word' id='word_1_32' title='bbox 1405 1163 1470 1223; x_wconf 89' lang='lat' dir='ltr'><strong>et</strong></span> <span class='ocrx_word' id='word_1_33' title='bbox 1521 1159 1692 1242; x_wconf 89' lang='lat' dir='ltr'><strong>quod</strong></span> <span class='ocrx_word' id='word_1_34' title='bbox 1742 1160 1854 1238; x_wconf 90' lang='lat' dir='ltr'><strong>sic,</strong></span> 
     </span>
     <span class='ocr_line' id='line_1_9' title="bbox 321 1264 1860 1348; baseline 0.004 -20"><span class='ocrx_word' id='word_1_35' title='bbox 321 1265 607 1343; x_wconf 85' lang='lat' dir='ltr'><strong>videtur,</strong></span> <span class='ocrx_word' id='word_1_36' title='bbox 642 1266 795 1348; x_wconf 89' lang='lat' dir='ltr'><strong>quia</strong></span> <span class='ocrx_word' id='word_1_37' title='bbox 828 1283 1020 1347; x_wconf 86' lang='lat' dir='ltr'><strong>super</strong></span> <span class='ocrx_word' id='word_1_38' title='bbox 1053 1264 1213 1330; x_wconf 88' lang='lat' dir='ltr'><strong>illud</strong></span> <span class='ocrx_word' id='word_1_39' title='bbox 1248 1265 1482 1329; x_wconf 80' lang='lat' dir='ltr'><strong>Psalmi</strong></span> <span class='ocrx_word' id='word_1_40' title='bbox 1508 1274 1532 1308; x_wconf 77' lang='lat'>²</span> <span class='ocrx_word' id='word_1_41' title='bbox 1568 1289 1584 1331; x_wconf 91' lang='lat'><strong>:</strong></span> <span class='ocrx_word' id='word_1_42' title='bbox 1645 1269 1860 1334; x_wconf 70' lang='lat' dir='ltr'><strong>Recto-3</strong></span> 
     </span>
     <span class='ocr_line' id='line_1_10' title="bbox 321 1372 1860 1458; baseline 0 -19"><span class='ocrx_word' id='word_1_43' title='bbox 321 1372 498 1442; x_wconf 83' lang='lat' dir='ltr'><strong>decet</strong></span> <span class='ocrx_word' id='word_1_44' title='bbox 524 1373 910 1440; x_wconf 70' lang='lat' dir='ltr'><em>collaudatio</em></span> <span class='ocrx_word' id='word_1_45' title='bbox 925 1423 947 1454; x_wconf 89' lang='lat'><strong>,</strong></span> <span class='ocrx_word' id='word_1_46' title='bbox 1005 1373 1250 1438; x_wconf 86' lang='lat' dir='ltr'><strong>Glossa:</strong></span> <span class='ocrx_word' id='word_1_47' title='bbox 1291 1399 1322 1436; x_wconf 78' lang='grc' dir='ltr'><strong>α</strong></span> <span class='ocrx_word' id='word_1_48' title='bbox 1354 1373 1525 1438; x_wconf 80' lang='lat' dir='ltr'><strong>flecti</strong></span> <span class='ocrx_word' id='word_1_49' title='bbox 1558 1377 1711 1439; x_wconf 86' lang='lat' dir='ltr'><strong>sunt</strong></span> <span class='ocrx_word' id='word_1_50' title='bbox 1748 1376 1860 1458; x_wconf 89' lang='lat' dir='ltr'><strong>qui</strong></span> 
     </span>
     <span class='ocr_line' id='line_1_11' title="bbox 322 1481 1860 1562; baseline 0.002 -19"><span class='ocrx_word' id='word_1_51' title='bbox 322 1481 610 1562; x_wconf 86' lang='lat' dir='ltr'><strong>dirigunt</strong></span> <span class='ocrx_word' id='word_1_52' title='bbox 658 1500 766 1545; x_wconf 90' lang='lat' dir='ltr'><strong>cor</strong></span> <span class='ocrx_word' id='word_1_53' title='bbox 814 1500 1010 1546; x_wconf 85' lang='lat' dir='ltr'><strong>suum</strong></span> <span class='ocrx_word' id='word_1_54' title='bbox 1063 1482 1418 1546; x_wconf 90' lang='lat' dir='ltr'><strong>secundum</strong></span> <span class='ocrx_word' id='word_1_55' title='bbox 1465 1482 1860 1547; x_wconf 86' lang='lat' dir='ltr'><strong>voluntatem</strong></span> 
     </span>
     <span class='ocr_line' id='line_1_12' title="bbox 326 1586 1031 1669; baseline -0.003 -19"><span class='ocrx_word' id='word_1_56' title='bbox 326 1586 454 1666; x_wconf 91' lang='lat' dir='ltr'><strong>Dei,</strong></span> <span class='ocrx_word' id='word_1_57' title='bbox 484 1606 632 1669; x_wconf 82' lang='lat' dir='ltr'><strong>quae</strong></span> <span class='ocrx_word' id='word_1_58' title='bbox 661 1593 833 1652; x_wconf 90' lang='lat' dir='ltr'><strong>recta</strong></span> <span class='ocrx_word' id='word_1_59' title='bbox 856 1591 972 1652; x_wconf 87' lang='lat' dir='ltr'><strong>est.</strong></span> <span class='ocrx_word' id='word_1_60' title='bbox 1000 1610 1031 1648; x_wconf 72' lang='grc' dir='ltr'><strong>ι)</strong></span> 
     </span>
    </p>

    <p class='ocr_par' dir='ltr' id='par_1_7' title="bbox 321 1694 1868 2315">
     <span class='ocr_line' id='line_1_13' title="bbox 405 1694 1865 1778; baseline 0.007 -21"><span class='ocrx_word' id='word_1_61' title='bbox 405 1694 562 1758; x_wconf 84' lang='lat' dir='ltr'>Item</span> <span class='ocrx_word' id='word_1_62' title='bbox 576 1695 633 1759; x_wconf 79' lang='lat'><strong>⁸:</strong></span> <span class='ocrx_word' id='word_1_63' title='bbox 664 1697 812 1769; x_wconf 81' lang='lat' dir='ltr'><strong>Ouoe</strong></span> <span class='ocrx_word' id='word_1_64' title='bbox 832 1696 1546 1778; x_wconf 70' lang='lat' dir='ltr'><strong>participatiojustitioe</strong></span> <span class='ocrx_word' id='word_1_65' title='bbox 1568 1715 1712 1765; x_wconf 81' lang='lat' dir='ltr'><strong>cum</strong></span> <span class='ocrx_word' id='word_1_66' title='bbox 1733 1701 1865 1767; x_wconf 81' lang='lat' dir='ltr'><strong>ini-</strong></span> 
     </span>
     <span class='ocr_line' id='line_1_14' title="bbox 324 1803 1865 1886; baseline 0.003 -20"><span class='ocrx_word' id='word_1_67' title='bbox 324 1804 571 1884; x_wconf 74' lang='lat' dir='ltr'><strong>quitate</strong></span> <span class='ocrx_word' id='word_1_68' title='bbox 590 1803 624 1865; x_wconf 74' lang='lat' dir='ltr'><em>P</em></span> <span class='ocrx_word' id='word_1_69' title='bbox 641 1809 758 1868; x_wconf 83' lang='lat' dir='ltr'><strong>aut</strong></span> <span class='ocrx_word' id='word_1_70' title='bbox 783 1821 925 1886; x_wconf 81' lang='lat' dir='ltr'><strong>quoe</strong></span> <span class='ocrx_word' id='word_1_71' title='bbox 941 1806 1212 1871; x_wconf 77' lang='lat' dir='ltr'><strong>societas</strong></span> <span class='ocrx_word' id='word_1_72' title='bbox 1237 1806 1402 1871; x_wconf 81' lang='lat' dir='ltr'><strong>lucis</strong></span> <span class='ocrx_word' id='word_1_73' title='bbox 1424 1805 1512 1871; x_wconf 83' lang='lat' dir='ltr'><strong>ad</strong></span> <span class='ocrx_word' id='word_1_74' title='bbox 1530 1807 1814 1873; x_wconf 78' lang='lat' dir='ltr'><em>tenebras</em></span> <span class='ocrx_word' id='word_1_75' title='bbox 1831 1809 1865 1871; x_wconf 74' lang='grc' dir='ltr'><em>Ρ</em></span> 
     </span>
     <span class='ocr_line' id='line_1_15' title="bbox 328 1908 1868 1993; baseline 0.004 -21"><span class='ocrx_word' id='word_1_76' title='bbox 328 1909 509 1992; x_wconf 86' lang='lat' dir='ltr'><strong>quasi</strong></span> <span class='ocrx_word' id='word_1_77' title='bbox 542 1908 707 1972; x_wconf 88' lang='lat' dir='ltr'><strong>dicat</strong></span> <span class='ocrx_word' id='word_1_78' title='bbox 741 1932 755 1973; x_wconf 90' lang='lat'><strong>:</strong></span> <span class='ocrx_word' id='word_1_79' title='bbox 804 1909 1011 1974; x_wconf 87' lang='lat' dir='ltr'><strong>Nulla.</strong></span> <span class='ocrx_word' id='word_1_80' title='bbox 1045 1910 1107 1974; x_wconf 89' lang='lat' dir='ltr'><strong>Si</strong></span> <span class='ocrx_word' id='word_1_81' title='bbox 1139 1930 1295 1993; x_wconf 84' lang='lat' dir='ltr'><strong>ergo</strong></span> <span class='ocrx_word' id='word_1_82' title='bbox 1325 1913 1542 1977; x_wconf 87' lang='lat' dir='ltr'><strong>divina</strong></span> <span class='ocrx_word' id='word_1_83' title='bbox 1573 1913 1868 1979; x_wconf 90' lang='lat' dir='ltr'><strong>voluntas</strong></span> 
     </span>
     <span class='ocr_line' id='line_1_16' title="bbox 321 2017 1868 2099; baseline 0.005 -20"><span class='ocrx_word' id='word_1_84' title='bbox 321 2017 571 2099; x_wconf 84' lang='lat' dir='ltr'><strong>justitia</strong></span> <span class='ocrx_word' id='word_1_85' title='bbox 605 2021 700 2080; x_wconf 86' lang='lat' dir='ltr'><strong>est</strong></span> <span class='ocrx_word' id='word_1_86' title='bbox 735 2021 799 2081; x_wconf 90' lang='lat' dir='ltr'><strong>et</strong></span> <span class='ocrx_word' id='word_1_87' title='bbox 841 2018 992 2095; x_wconf 85' lang='lat' dir='ltr'><strong>lux,</strong></span> <span class='ocrx_word' id='word_1_88' title='bbox 1025 2022 1088 2081; x_wconf 89' lang='lat' dir='ltr'><strong>et</strong></span> <span class='ocrx_word' id='word_1_89' title='bbox 1125 2018 1415 2084; x_wconf 88' lang='lat' dir='ltr'><strong>humana</strong></span> <span class='ocrx_word' id='word_1_90' title='bbox 1450 2021 1745 2086; x_wconf 86' lang='lat' dir='ltr'><strong>voluntas</strong></span> <span class='ocrx_word' id='word_1_91' title='bbox 1788 2023 1868 2086; x_wconf 89' lang='lat' dir='ltr'><strong>sit</strong></span> 
     </span>
     <span class='ocr_line' id='line_1_17' title="bbox 327 2123 1868 2210; baseline 0.005 -26"><span class='ocrx_word' id='word_1_92' title='bbox 327 2123 550 2205; x_wconf 87' lang='lat' dir='ltr'><strong>iniqua</strong></span> <span class='ocrx_word' id='word_1_93' title='bbox 568 2169 586 2196; x_wconf 82' lang='lat'>‚</span> <span class='ocrx_word' id='word_1_94' title='bbox 617 2141 747 2187; x_wconf 92' lang='lat' dir='ltr'><strong>non</strong></span> <span class='ocrx_word' id='word_1_95' title='bbox 788 2129 992 2207; x_wconf 84' lang='lat' dir='ltr'><strong>potest</strong></span> <span class='ocrx_word' id='word_1_96' title='bbox 1032 2143 1167 2189; x_wconf 88' lang='lat' dir='ltr'><strong>esse</strong></span> <span class='ocrx_word' id='word_1_97' title='bbox 1202 2127 1573 2192; x_wconf 80' lang='lat' dir='ltr'><strong>conformis:</strong></span> <span class='ocrx_word' id='word_1_98' title='bbox 1616 2147 1774 2210; x_wconf 87' lang='lat' dir='ltr'><strong>ergo</strong></span> <span class='ocrx_word' id='word_1_99' title='bbox 1813 2131 1868 2193; x_wconf 89' lang='lat' dir='ltr'><strong>si</strong></span> 
     </span>
     <span class='ocr_line' id='line_1_18' title="bbox 327 2230 1651 2315; baseline 0.005 -21"><span class='ocrx_word' id='word_1_100' title='bbox 327 2236 423 2294; x_wconf 83' lang='lat' dir='ltr'><strong>est</strong></span> <span class='ocrx_word' id='word_1_101' title='bbox 449 2230 813 2307; x_wconf 74' lang='lat' dir='ltr'><strong>conformia,</strong></span> <span class='ocrx_word' id='word_1_102' title='bbox 843 2250 1095 2295; x_wconf 85' lang='lat' dir='ltr'><strong>necesse</strong></span> <span class='ocrx_word' id='word_1_103' title='bbox 1113 2235 1206 2295; x_wconf 89' lang='lat' dir='ltr'><strong>est</strong></span> <span class='ocrx_word' id='word_1_104' title='bbox 1232 2250 1367 2297; x_wconf 84' lang='lat' dir='ltr'><strong>esse</strong></span> <span class='ocrx_word' id='word_1_105' title='bbox 1385 2236 1651 2315; x_wconf 86' lang='lat' dir='ltr'><strong>justam.</strong></span> 
     </span>
    </p>

    <p class='ocr_par' dir='ltr' id='par_1_8' title="bbox 332 2336 1876 2845">
     <span class='ocr_line' id='line_1_19' title="bbox 413 2336 1872 2423; baseline 0.004 -22"><span class='ocrx_word' id='word_1_106' title='bbox 413 2336 567 2402; x_wconf 83' lang='lat' dir='ltr'>Item</span> <span class='ocrx_word' id='word_1_107' title='bbox 588 2385 605 2413; x_wconf 86' lang='lat'>‚</span> <span class='ocrx_word' id='word_1_108' title='bbox 651 2338 1034 2402; x_wconf 86' lang='lat' dir='ltr'><strong>conformari</strong></span> <span class='ocrx_word' id='word_1_109' title='bbox 1077 2339 1325 2421; x_wconf 85' lang='lat' dir='ltr'><strong>regulae</strong></span> <span class='ocrx_word' id='word_1_110' title='bbox 1357 2342 1662 2423; x_wconf 66' lang='lat' dir='ltr'><strong>justitiae,</strong></span> <span class='ocrx_word' id='word_1_111' title='bbox 1710 2344 1872 2408; x_wconf 88' lang='lat' dir='ltr'>nihil</span> 
     </span>
     <span class='ocr_line' id='line_1_20' title="bbox 332 2442 1873 2526; baseline 0.005 -21"><span class='ocrx_word' id='word_1_112' title='bbox 332 2442 505 2507; x_wconf 86' lang='lat' dir='ltr'><strong>aliud</strong></span> <span class='ocrx_word' id='word_1_113' title='bbox 521 2446 616 2507; x_wconf 85' lang='lat' dir='ltr'><strong>est</strong></span> <span class='ocrx_word' id='word_1_114' title='bbox 628 2461 824 2526; x_wconf 86' lang='lat' dir='ltr'><strong>quam</strong></span> <span class='ocrx_word' id='word_1_115' title='bbox 832 2445 1168 2526; x_wconf 85' lang='lat' dir='ltr'><strong>justificari</strong></span> <span class='ocrx_word' id='word_1_116' title='bbox 1186 2468 1198 2508; x_wconf 92' lang='lat'><strong>:</strong></span> <span class='ocrx_word' id='word_1_117' title='bbox 1218 2445 1327 2510; x_wconf 84' lang='lat' dir='ltr'><strong>sed</strong></span> <span class='ocrx_word' id='word_1_118' title='bbox 1346 2447 1640 2512; x_wconf 86' lang='lat' dir='ltr'><strong>voluntas</strong></span> <span class='ocrx_word' id='word_1_119' title='bbox 1653 2449 1873 2514; x_wconf 87' lang='lat' dir='ltr'><strong>divina</strong></span> 
     </span>
     <span class='ocr_line' id='line_1_21' title="bbox 335 2551 1873 2640; baseline 0.005 -26"><span class='ocrx_word' id='word_1_120' title='bbox 335 2554 427 2614; x_wconf 66' lang='lat' dir='ltr'><strong>aet</strong></span> <span class='ocrx_word' id='word_1_121' title='bbox 456 2551 679 2631; x_wconf 87' lang='lat' dir='ltr'><strong>regula</strong></span> <span class='ocrx_word' id='word_1_122' title='bbox 693 2552 983 2633; x_wconf 83' lang='lat' dir='ltr'><strong>justitiae,</strong></span> <span class='ocrx_word' id='word_1_123' title='bbox 1014 2553 1170 2635; x_wconf 88' lang='lat' dir='ltr'><strong>quia</strong></span> <span class='ocrx_word' id='word_1_124' title='bbox 1187 2571 1317 2616; x_wconf 93' lang='lat' dir='ltr'><strong>non</strong></span> <span class='ocrx_word' id='word_1_125' title='bbox 1333 2559 1538 2636; x_wconf 86' lang='lat' dir='ltr'><strong>potest</strong></span> <span class='ocrx_word' id='word_1_126' title='bbox 1562 2556 1873 2640; x_wconf 86' lang='lat' dir='ltr'><strong>obliquari</strong></span> 
     </span>
     <span class='ocr_line' id='line_1_22' title="bbox 336 2654 1876 2739; baseline 0.003 -19"><span class='ocrx_word' id='word_1_127' title='bbox 336 2654 417 2720; x_wconf 84' lang='lat' dir='ltr'><strong>ad</strong></span> <span class='ocrx_word' id='word_1_128' title='bbox 434 2655 690 2738; x_wconf 87' lang='lat' dir='ltr'>aliquod</span> <span class='ocrx_word' id='word_1_129' title='bbox 707 2656 1004 2739; x_wconf 87' lang='lat' dir='ltr'><strong>iniquum</strong></span> <span class='ocrx_word' id='word_1_130' title='bbox 1029 2673 1226 2739; x_wconf 72' lang='lat' dir='ltr'><strong>:ergo</strong></span> <span class='ocrx_word' id='word_1_131' title='bbox 1245 2660 1627 2724; x_wconf 81' lang='lat' dir='ltr'><strong>conformari</strong></span> <span class='ocrx_word' id='word_1_132' title='bbox 1648 2663 1876 2727; x_wconf 87' lang='lat' dir='ltr'><strong>volun-</strong></span> 
     </span>
     <span class='ocr_line' id='line_1_23' title="bbox 336 2761 1236 2845; baseline 0.004 -21"><span class='ocrx_word' id='word_1_133' title='bbox 336 2762 451 2824; x_wconf 78' lang='lat' dir='ltr'><strong>tati</strong></span> <span class='ocrx_word' id='word_1_134' title='bbox 478 2761 736 2842; x_wconf 80' lang='lat' dir='ltr'><strong>divinae,</strong></span> <span class='ocrx_word' id='word_1_135' title='bbox 766 2769 861 2826; x_wconf 86' lang='lat' dir='ltr'><strong>est</strong></span> <span class='ocrx_word' id='word_1_136' title='bbox 876 2762 1236 2845; x_wconf 84' lang='lat' dir='ltr'><strong>justificari.</strong></span> 
     </span>
    </p>

    <p class='ocr_par' dir='ltr' id='par_1_9' title="bbox 338 2868 1883 3468">
     <span class='ocr_line' id='line_1_24' title="bbox 420 2868 1878 2957; baseline 0.008 -25"><span class='ocrx_word' id='word_1_137' title='bbox 420 2868 601 2948; x_wconf 86' lang='lat' dir='ltr'><strong>Item,</strong></span> <span class='ocrx_word' id='word_1_138' title='bbox 632 2870 986 2935; x_wconf 89' lang='lat' dir='ltr'><strong>intellectus</strong></span> <span class='ocrx_word' id='word_1_139' title='bbox 1006 2876 1218 2936; x_wconf 88' lang='lat' dir='ltr'><strong>noster</strong></span> <span class='ocrx_word' id='word_1_140' title='bbox 1243 2891 1375 2937; x_wconf 91' lang='lat' dir='ltr'><strong>non</strong></span> <span class='ocrx_word' id='word_1_141' title='bbox 1399 2877 1606 2957; x_wconf 84' lang='lat' dir='ltr'><strong>potest</strong></span> <span class='ocrx_word' id='word_1_142' title='bbox 1626 2877 1878 2943; x_wconf 71' lang='lat' dir='ltr'><strong>confor-</strong></span> 
     </span>
     <span class='ocr_line' id='line_1_25' title="bbox 338 2977 1878 3065; baseline 0.006 -25"><span class='ocrx_word' id='word_1_143' title='bbox 338 2977 501 3040; x_wconf 89' lang='lat' dir='ltr'><strong>mari</strong></span> <span class='ocrx_word' id='word_1_144' title='bbox 532 2977 776 3056; x_wconf 88' lang='lat' dir='ltr'><strong>divin0,</strong></span> <span class='ocrx_word' id='word_1_145' title='bbox 801 2979 962 3061; x_wconf 87' lang='lat' dir='ltr'><strong>quin</strong></span> <span class='ocrx_word' id='word_1_146' title='bbox 989 2979 1301 3044; x_wconf 83' lang='lat' dir='ltr'><strong>efficiatur</strong></span> <span class='ocrx_word' id='word_1_147' title='bbox 1320 3000 1514 3046; x_wconf 84' lang='lat' dir='ltr'><strong>verus</strong></span> <span class='ocrx_word' id='word_1_148' title='bbox 1537 3005 1553 3046; x_wconf 73' lang='grc' dir='ltr'>ε</span> <span class='ocrx_word' id='word_1_149' title='bbox 1578 3001 1737 3065; x_wconf 88' lang='lat' dir='ltr'><strong>ergo</strong></span> <span class='ocrx_word' id='word_1_150' title='bbox 1759 3003 1878 3050; x_wconf 91' lang='lat' dir='ltr'><strong>nec</strong></span> 
     </span>
     <span class='ocr_line' id='line_1_26' title="bbox 339 3082 1874 3172; baseline 0.007 -25"><span class='ocrx_word' id='word_1_151' title='bbox 339 3082 602 3148; x_wconf 85' lang='lat' dir='ltr'><strong>affectus</strong></span> <span class='ocrx_word' id='word_1_152' title='bbox 654 3088 867 3149; x_wconf 87' lang='lat' dir='ltr'><strong>noster</strong></span> <span class='ocrx_word' id='word_1_153' title='bbox 923 3088 1127 3168; x_wconf 86' lang='lat' dir='ltr'><strong>potest</strong></span> <span class='ocrx_word' id='word_1_154' title='bbox 1181 3087 1565 3153; x_wconf 77' lang='lat' dir='ltr'><strong>conformari</strong></span> <span class='ocrx_word' id='word_1_155' title='bbox 1614 3091 1834 3159; x_wconf 90' lang='lat' dir='ltr'><strong>divino</strong></span> <span class='ocrx_word' id='word_1_156' title='bbox 1856 3142 1874 3172; x_wconf 91' lang='lat'><strong>,</strong></span> 
     </span>
     <span class='ocr_line' id='line_1_27' title="bbox 341 3189 1883 3275; baseline 0.008 -23"><span class='ocrx_word' id='word_1_157' title='bbox 341 3190 502 3272; x_wconf 81' lang='lat' dir='ltr'><strong>quin</strong></span> <span class='ocrx_word' id='word_1_158' title='bbox 529 3189 841 3256; x_wconf 83' lang='lat' dir='ltr'><strong>efficiatur</strong></span> <span class='ocrx_word' id='word_1_159' title='bbox 851 3194 1069 3275; x_wconf 87' lang='lat' dir='ltr'><strong>justus</strong></span> <span class='ocrx_word' id='word_1_160' title='bbox 1091 3213 1109 3273; x_wconf 92' lang='lat'>;</span> <span class='ocrx_word' id='word_1_161' title='bbox 1139 3194 1498 3260; x_wconf 88' lang='lat' dir='ltr'><strong>sicutenim</strong></span> <span class='ocrx_word' id='word_1_162' title='bbox 1531 3197 1762 3263; x_wconf 85' lang='lat' dir='ltr'><strong>veritas</strong></span> <span class='ocrx_word' id='word_1_163' title='bbox 1787 3202 1883 3264; x_wconf 87' lang='lat' dir='ltr'><strong>est</strong></span> 
     </span>
     <span class='ocr_line' id='line_1_28' title="bbox 342 3296 1881 3385; baseline 0.009 -27"><span class='ocrx_word' id='word_1_164' title='bbox 342 3296 653 3360; x_wconf 74' lang='lat' dir='ltr'>rectitudo</span> <span class='ocrx_word' id='word_1_165' title='bbox 675 3297 1050 3380; x_wconf 85' lang='lat' dir='ltr'><strong>intellectus,</strong></span> <span class='ocrx_word' id='word_1_166' title='bbox 1072 3301 1163 3365; x_wconf 90' lang='lat' dir='ltr'><strong>sic</strong></span> <span class='ocrx_word' id='word_1_167' title='bbox 1180 3302 1431 3385; x_wconf 84' lang='lat' dir='ltr'><strong>justitia</strong></span> <span class='ocrx_word' id='word_1_168' title='bbox 1450 3309 1547 3369; x_wconf 84' lang='lat' dir='ltr'><strong>est</strong></span> <span class='ocrx_word' id='word_1_169' title='bbox 1568 3306 1881 3372; x_wconf 77' lang='lat' dir='ltr'><strong>rectitudo</strong></span> 
     </span>
     <span class='ocr_line' id='line_1_29' title="bbox 342 3404 626 3468; baseline 0.004 -1"><span class='ocrx_word' id='word_1_170' title='bbox 342 3404 626 3468; x_wconf 61' lang='lat' dir='ltr'><strong>affectu&amp;</strong></span> 
     </span>
    </p>

    <p class='ocr_par' dir='ltr' id='par_1_10' title="bbox 344 3512 1887 4223">
     <span class='ocr_line' id='line_1_30' title="bbox 423 3512 1882 3599; baseline 0.009 -23"><span class='ocrx_word' id='word_1_171' title='bbox 423 3512 691 3577; x_wconf 78' lang='lat' dir='ltr'><strong>Contra:</strong></span> <span class='ocrx_word' id='word_1_172' title='bbox 727 3520 786 3578; x_wconf 95' lang='grc'><strong>1.</strong></span> <span class='ocrx_word' id='word_1_173' title='bbox 827 3513 1126 3598; x_wconf 75' lang='lat' dir='ltr'><strong>Magister</strong></span> <span class='ocrx_word' id='word_1_174' title='bbox 1154 3518 1337 3599; x_wconf 87' lang='lat' dir='ltr'><strong>dicit,</strong></span> <span class='ocrx_word' id='word_1_175' title='bbox 1377 3524 1442 3584; x_wconf 88' lang='lat' dir='ltr'><strong>et</strong></span> <span class='ocrx_word' id='word_1_176' title='bbox 1483 3523 1577 3585; x_wconf 88' lang='lat' dir='ltr'><strong>est</strong></span> <span class='ocrx_word' id='word_1_177' title='bbox 1608 3522 1882 3588; x_wconf 86' lang='lat' dir='ltr'><strong>verbum</strong></span> 
     </span>
     <span class='ocr_line' id='line_1_31' title="bbox 344 3620 1883 3713; baseline 0.009 -32"><span class='ocrx_word' id='word_1_178' title='bbox 344 3620 729 3701; x_wconf 77' lang='lat' dir='ltr'><strong>Augustini,</strong></span> <span class='ocrx_word' id='word_1_179' title='bbox 792 3624 965 3704; x_wconf 90' lang='lat' dir='ltr'><strong>quod</strong></span> <span class='ocrx_word' id='word_1_180' title='bbox 1028 3623 1325 3689; x_wconf 87' lang='lat' dir='ltr'><strong>voluntas</strong></span> <span class='ocrx_word' id='word_1_181' title='bbox 1378 3626 1487 3692; x_wconf 89' lang='lat' dir='ltr'><strong>Dei</strong></span> <span class='ocrx_word' id='word_1_182' title='bbox 1548 3629 1720 3694; x_wconf 86' lang='lat' dir='ltr'><strong>bona</strong></span> <span class='ocrx_word' id='word_1_183' title='bbox 1768 3649 1883 3713; x_wconf 91' lang='lat' dir='ltr'><strong>per</strong></span> 
     </span>
     <span class='ocr_line' id='line_1_32' title="bbox 346 3725 1884 3819; baseline 0.008 -30"><span class='ocrx_word' id='word_1_184' title='bbox 346 3725 687 3792; x_wconf 92' lang='lat' dir='ltr'><strong>hominum</strong></span> <span class='ocrx_word' id='word_1_185' title='bbox 733 3731 933 3794; x_wconf 85' lang='lat' dir='ltr'><strong>malas</strong></span> <span class='ocrx_word' id='word_1_186' title='bbox 975 3731 1334 3797; x_wconf 87' lang='lat' dir='ltr'><strong>voluntates</strong></span> <span class='ocrx_word' id='word_1_187' title='bbox 1379 3735 1720 3819; x_wconf 89' lang='lat' dir='ltr'><strong>impletur:</strong></span> <span class='ocrx_word' id='word_1_188' title='bbox 1773 3738 1884 3802; x_wconf 88' lang='lat' dir='ltr'><strong>sed</strong></span> 
     </span>
     <span class='ocr_line' id='line_1_33' title="bbox 352 3835 1887 3927; baseline 0.009 -31"><span class='ocrx_word' id='word_1_189' title='bbox 352 3852 520 3897; x_wconf 87' lang='lat' dir='ltr'><strong>unus</strong></span> <span class='ocrx_word' id='word_1_190' title='bbox 546 3835 810 3899; x_wconf 87' lang='lat' dir='ltr'><strong>effectus</strong></span> <span class='ocrx_word' id='word_1_191' title='bbox 831 3855 965 3902; x_wconf 93' lang='lat' dir='ltr'><strong>non</strong></span> <span class='ocrx_word' id='word_1_192' title='bbox 990 3839 1273 3920; x_wconf 79' lang='lat' dir='ltr'><strong>procedit</strong></span> <span class='ocrx_word' id='word_1_193' title='bbox 1292 3840 1374 3904; x_wconf 90' lang='lat' dir='ltr'><strong>ab</strong></span> <span class='ocrx_word' id='word_1_194' title='bbox 1399 3860 1532 3906; x_wconf 87' lang='lat' dir='ltr'><strong>una</strong></span> <span class='ocrx_word' id='word_1_195' title='bbox 1557 3862 1748 3908; x_wconf 89' lang='lat' dir='ltr'><strong>causa</strong></span> <span class='ocrx_word' id='word_1_196' title='bbox 1771 3862 1887 3927; x_wconf 88' lang='lat' dir='ltr'><strong>per</strong></span> 
     </span>
     <span class='ocr_line' id='line_1_34' title="bbox 346 3940 1884 4020; baseline 0.009 -17"><span class='ocrx_word' id='word_1_197' title='bbox 346 3940 535 4004; x_wconf 85' lang='lat' dir='ltr'><strong>aliam</strong></span> <span class='ocrx_word' id='word_1_198' title='bbox 553 3989 570 4020; x_wconf 89' lang='lat'><strong>,</strong></span> <span class='ocrx_word' id='word_1_199' title='bbox 612 3941 737 4006; x_wconf 89' lang='lat' dir='ltr'><strong>nisi</strong></span> <span class='ocrx_word' id='word_1_200' title='bbox 784 3943 911 4008; x_wconf 78' lang='lat' dir='ltr'><strong>illae</strong></span> <span class='ocrx_word' id='word_1_201' title='bbox 951 3964 1160 4011; x_wconf 67' lang='lat' dir='ltr'><strong>causae</strong></span> <span class='ocrx_word' id='word_1_202' title='bbox 1198 3947 1280 4011; x_wconf 89' lang='lat' dir='ltr'><strong>ad</strong></span> <span class='ocrx_word' id='word_1_203' title='bbox 1320 3948 1598 4014; x_wconf 81' lang='lat' dir='ltr'><strong>invicem</strong></span> <span class='ocrx_word' id='word_1_204' title='bbox 1635 3952 1884 4016; x_wconf 82' lang='lat' dir='ltr'><strong>confor-</strong></span> 
     </span>
     <span class='ocr_line' id='line_1_35' title="bbox 347 4052 1883 4135; baseline 0.008 -25"><span class='ocrx_word' id='word_1_205' title='bbox 347 4052 633 4113; x_wconf 88' lang='lat' dir='ltr'><strong>mentur:</strong></span> <span class='ocrx_word' id='word_1_206' title='bbox 676 4068 833 4132; x_wconf 87' lang='lat' dir='ltr'><strong>ergo</strong></span> <span class='ocrx_word' id='word_1_207' title='bbox 869 4053 1183 4135; x_wconf 88' lang='lat' dir='ltr'><strong>contingit</strong></span> <span class='ocrx_word' id='word_1_208' title='bbox 1216 4055 1454 4120; x_wconf 88' lang='lat' dir='ltr'><strong>malam</strong></span> <span class='ocrx_word' id='word_1_209' title='bbox 1489 4057 1883 4122; x_wconf 81' lang='lat' dir='ltr'><strong>voluntatem</strong></span> 
     </span>
     <span class='ocr_line' id='line_1_36' title="bbox 348 4152 1010 4223; baseline 0.009 -7"><span class='ocrx_word' id='word_1_210' title='bbox 348 4152 583 4220; x_wconf 84' lang='lat' dir='ltr'><strong>divinae</strong></span> <span class='ocrx_word' id='word_1_211' title='bbox 606 4157 1010 4223; x_wconf 80' lang='lat' dir='ltr'><strong>conformari.</strong></span> 
     </span>
    </p>
   </div>
   <div class='ocr_carea' id='block_1_7' title="bbox 350 4261 1895 4991">
    <p class='ocr_par' dir='ltr' id='par_1_11' title="bbox 350 4261 1895 4991">
     <span class='ocr_line' id='line_1_37' title="bbox 427 4261 1889 4345; baseline 0.008 -20"><span class='ocrx_word' id='word_1_212' title='bbox 427 4267 488 4326; x_wconf 78' lang='lat'><strong>2.</strong></span> <span class='ocrx_word' id='word_1_213' title='bbox 520 4261 677 4328; x_wconf 88' lang='lat' dir='ltr'><strong>Item</strong></span> <span class='ocrx_word' id='word_1_214' title='bbox 694 4269 738 4345; x_wconf 73' lang='lat'><strong>⁴,</strong></span> <span class='ocrx_word' id='word_1_215' title='bbox 757 4266 1164 4331; x_wconf 72' lang='lat' dir='ltr'><strong>conformitas</strong></span> <span class='ocrx_word' id='word_1_216' title='bbox 1177 4268 1585 4335; x_wconf 80' lang='lat' dir='ltr'><strong>voluntatum</strong></span> <span class='ocrx_word' id='word_1_217' title='bbox 1603 4271 1889 4336; x_wconf 84' lang='lat' dir='ltr'><strong>consistit</strong></span> 
     </span>
     <span class='ocr_line' id='line_1_38' title="bbox 350 4369 1890 4462; baseline 0.008 -32"><span class='ocrx_word' id='word_1_218' title='bbox 350 4369 417 4432; x_wconf 94' lang='lat' dir='ltr'><strong>in</strong></span> <span class='ocrx_word' id='word_1_219' title='bbox 457 4371 729 4437; x_wconf 81' lang='lat' dir='ltr'><strong>volendo</strong></span> <span class='ocrx_word' id='word_1_220' title='bbox 771 4375 834 4437; x_wconf 91' lang='lat' dir='ltr'><strong>et</strong></span> <span class='ocrx_word' id='word_1_221' title='bbox 893 4375 1165 4440; x_wconf 88' lang='lat' dir='ltr'><strong>nolendo</strong></span> <span class='ocrx_word' id='word_1_222' title='bbox 1209 4376 1382 4441; x_wconf 93' lang='lat' dir='ltr'><strong>idem</strong></span> <span class='ocrx_word' id='word_1_223' title='bbox 1424 4399 1439 4441; x_wconf 92' lang='lat'><strong>:</strong></span> <span class='ocrx_word' id='word_1_224' title='bbox 1490 4378 1598 4443; x_wconf 89' lang='lat' dir='ltr'><strong>sed</strong></span> <span class='ocrx_word' id='word_1_225' title='bbox 1652 4378 1890 4462; x_wconf 92' lang='lat' dir='ltr'><strong>impius</strong></span> 
     </span>
     <span class='ocr_line' id='line_1_39' title="bbox 350 4479 1891 4566; baseline 0.008 -27"><span class='ocrx_word' id='word_1_226' title='bbox 350 4480 554 4559; x_wconf 86' lang='lat' dir='ltr'><strong>potest</strong></span> <span class='ocrx_word' id='word_1_227' title='bbox 576 4479 763 4554; x_wconf 85' lang='lat' dir='ltr'><strong>velle,</strong></span> <span class='ocrx_word' id='word_1_228' title='bbox 785 4486 849 4546; x_wconf 96' lang='lat' dir='ltr'><strong>et</strong></span> <span class='ocrx_word' id='word_1_229' title='bbox 876 4483 1066 4563; x_wconf 86' lang='lat' dir='ltr'><strong>nolle,</strong></span> <span class='ocrx_word' id='word_1_230' title='bbox 1097 4484 1268 4566; x_wconf 88' lang='lat' dir='ltr'><strong>quod</strong></span> <span class='ocrx_word' id='word_1_231' title='bbox 1294 4484 1460 4550; x_wconf 82' lang='lat' dir='ltr'><strong>Deus</strong></span> <span class='ocrx_word' id='word_1_232' title='bbox 1480 4488 1643 4566; x_wconf 89' lang='lat' dir='ltr'><strong>vult,</strong></span> <span class='ocrx_word' id='word_1_233' title='bbox 1670 4491 1733 4551; x_wconf 88' lang='lat' dir='ltr'><strong>et</strong></span> <span class='ocrx_word' id='word_1_234' title='bbox 1759 4506 1891 4553; x_wconf 93' lang='lat' dir='ltr'><strong>non</strong></span> 
     </span>
     <span class='ocr_line' id='line_1_40' title="bbox 351 4585 1893 4675; baseline 0.008 -28"><span class='ocrx_word' id='word_1_235' title='bbox 351 4585 520 4665; x_wconf 81' lang='lat' dir='ltr'><strong>vult,</strong></span> <span class='ocrx_word' id='word_1_236' title='bbox 566 4591 642 4651; x_wconf 87' lang='lat' dir='ltr'><strong>ut</strong></span> <span class='ocrx_word' id='word_1_237' title='bbox 682 4589 858 4671; x_wconf 90' lang='lat' dir='ltr'><strong>ponit</strong></span> <span class='ocrx_word' id='word_1_238' title='bbox 906 4591 1277 4673; x_wconf 81' lang='lat' dir='ltr'><strong>exemplum</strong></span> <span class='ocrx_word' id='word_1_239' title='bbox 1321 4592 1729 4675; x_wconf 83' lang='lat' dir='ltr'><strong>Augustinus</strong></span> <span class='ocrx_word' id='word_1_240' title='bbox 1746 4599 1768 4635; x_wconf 83' lang='lat'><strong>⁸</strong></span> <span class='ocrx_word' id='word_1_241' title='bbox 1813 4594 1893 4660; x_wconf 90' lang='lat' dir='ltr'><strong>de</strong></span> 
     </span>
     <span class='ocr_line' id='line_1_41' title="bbox 352 4695 1894 4785; baseline 0.008 -29"><span class='ocrx_word' id='word_1_242' title='bbox 352 4710 550 4774; x_wconf 88' lang='lat' dir='ltr'><strong>pravo</strong></span> <span class='ocrx_word' id='word_1_243' title='bbox 589 4695 741 4776; x_wconf 81' lang='lat' dir='ltr'><strong>tilio,</strong></span> <span class='ocrx_word' id='word_1_244' title='bbox 786 4697 900 4778; x_wconf 88' lang='lat' dir='ltr'><strong>qui</strong></span> <span class='ocrx_word' id='word_1_245' title='bbox 938 4704 1185 4781; x_wconf 88' lang='lat' dir='ltr'><strong>patrem</strong></span> <span class='ocrx_word' id='word_1_246' title='bbox 1225 4700 1366 4765; x_wconf 85' lang='lat' dir='ltr'><strong>vult</strong></span> <span class='ocrx_word' id='word_1_247' title='bbox 1391 4703 1579 4782; x_wconf 90' lang='lat' dir='ltr'><strong>mori,</strong></span> <span class='ocrx_word' id='word_1_248' title='bbox 1617 4702 1789 4785; x_wconf 87' lang='lat' dir='ltr'><strong>quod</strong></span> <span class='ocrx_word' id='word_1_249' title='bbox 1830 4707 1894 4768; x_wconf 88' lang='lat' dir='ltr'><strong>et</strong></span> 
     </span>
     <span class='ocr_line' id='line_1_42' title="bbox 352 4797 1895 4886; baseline 0.008 -24"><span class='ocrx_word' id='word_1_250' title='bbox 352 4797 517 4864; x_wconf 87' lang='lat' dir='ltr'><strong>Deus</strong></span> <span class='ocrx_word' id='word_1_251' title='bbox 534 4802 711 4867; x_wconf 85' lang='lat' dir='ltr'><strong>vult:</strong></span> <span class='ocrx_word' id='word_1_252' title='bbox 735 4822 893 4886; x_wconf 88' lang='lat' dir='ltr'><strong>ergo</strong></span> <span class='ocrx_word' id='word_1_253' title='bbox 918 4806 1327 4872; x_wconf 78' lang='lat' dir='ltr'><strong>conformitas</strong></span> <span class='ocrx_word' id='word_1_254' title='bbox 1344 4827 1476 4874; x_wconf 91' lang='lat' dir='ltr'><strong>non</strong></span> <span class='ocrx_word' id='word_1_255' title='bbox 1495 4810 1641 4875; x_wconf 82' lang='lat' dir='ltr'><strong>facit</strong></span> <span class='ocrx_word' id='word_1_256' title='bbox 1664 4810 1895 4877; x_wconf 83' lang='lat' dir='ltr'><strong>volun-</strong></span> 
     </span>
     <span class='ocr_line' id='line_1_43' title="bbox 356 4909 841 4991; baseline 0.012 -21"><span class='ocrx_word' id='word_1_257' title='bbox 356 4909 550 4972; x_wconf 88' lang='lat' dir='ltr'><strong>tatem</strong></span> <span class='ocrx_word' id='word_1_258' title='bbox 575 4912 841 4991; x_wconf 87' lang='lat' dir='ltr'><strong>justam.</strong></span> 
     </span>
    </p>
   </div>
   <div class='ocr_carea' id='block_1_8' title="bbox 434 5015 1894 5108">
    <p class='ocr_par' dir='ltr' id='par_1_12' title="bbox 434 5015 1894 5108">
     <span class='ocr_line' id='line_1_44' title="bbox 434 5015 1894 5108; baseline 0.01 -31"><span class='ocrx_word' id='word_1_259' title='bbox 434 5018 493 5078; x_wconf 86' lang='lat'><strong>3.</strong></span> <span class='ocrx_word' id='word_1_260' title='bbox 539 5015 728 5098; x_wconf 85' lang='lat' dir='ltr'><strong>Item,</strong></span> <span class='ocrx_word' id='word_1_261' title='bbox 758 5021 1058 5102; x_wconf 88' lang='lat' dir='ltr'><strong>quamvis</strong></span> <span class='ocrx_word' id='word_1_262' title='bbox 1096 5022 1397 5088; x_wconf 81' lang='lat' dir='ltr'><strong>voluntas</strong></span> <span class='ocrx_word' id='word_1_263' title='bbox 1434 5022 1543 5089; x_wconf 91' lang='lat' dir='ltr'><strong>Dei</strong></span> <span class='ocrx_word' id='word_1_264' title='bbox 1582 5025 1663 5090; x_wconf 88' lang='lat' dir='ltr'><strong>sit</strong></span> <span class='ocrx_word' id='word_1_265' title='bbox 1687 5026 1894 5108; x_wconf 81' lang='lat' dir='ltr'><strong>beata,</strong></span> 
     </span>
    </p>
   </div>
   <div class='ocr_carea' id='block_1_9' title="bbox 362 5210 1897 5428">
    <p class='ocr_par' dir='ltr' id='par_1_13' title="bbox 362 5210 1897 5428">
     <span class='ocr_line' id='line_1_45' title="bbox 422 5210 1896 5286; baseline 0.008 -25"><span class='ocrx_word' id='word_1_266' title='bbox 422 5210 440 5244; x_wconf 85' lang='lat'>¹</span> <span class='ocrx_word' id='word_1_267' title='bbox 464 5210 545 5274; x_wconf 76' lang='lat' dir='ltr'><strong>Cf.</strong></span> <span class='ocrx_word' id='word_1_268' title='bbox 584 5212 756 5278; x_wconf 78' lang='lat' dir='ltr'><strong>AEgid.</strong></span> <span class='ocrx_word' id='word_1_269' title='bbox 783 5216 956 5281; x_wconf 68' lang='lat' dir='ltr'><strong>Rom„</strong></span> <span class='ocrx_word' id='word_1_270' title='bbox 993 5218 1011 5267; x_wconf 86' lang='lat'>1</span> <span class='ocrx_word' id='word_1_271' title='bbox 1048 5218 1207 5281; x_wconf 69' lang='lat' dir='ltr'><strong>Seni„</strong></span> <span class='ocrx_word' id='word_1_272' title='bbox 1244 5218 1362 5271; x_wconf 85' lang='lat' dir='ltr'><strong>dist.</strong></span> <span class='ocrx_word' id='word_1_273' title='bbox 1384 5229 1586 5283; x_wconf 75' lang='lat' dir='ltr'><strong>xnvm,</strong></span> <span class='ocrx_word' id='word_1_274' title='bbox 1622 5234 1674 5286; x_wconf 85' lang='lat' dir='ltr'><strong>q.</strong></span> <span class='ocrx_word' id='word_1_275' title='bbox 1703 5232 1780 5286; x_wconf 81' lang='lat'><strong>113</strong></span> <span class='ocrx_word' id='word_1_276' title='bbox 1810 5222 1896 5273; x_wconf 86' lang='lat' dir='ltr'><strong>Ri-</strong></span> 
     </span>
     <span class='ocr_line' id='line_1_46' title="bbox 362 5276 1897 5359; baseline 0.01 -31"><span class='ocrx_word' id='word_1_277' title='bbox 362 5276 552 5346; x_wconf 67' lang='lat' dir='ltr'><strong>clm-d„</strong></span> <span class='ocrx_word' id='word_1_278' title='bbox 577 5285 595 5334; x_wconf 85' lang='grc' dir='ltr'>Ι</span> <span class='ocrx_word' id='word_1_279' title='bbox 617 5286 777 5347; x_wconf 57' lang='lat' dir='ltr'><strong>Sena,</strong></span> <span class='ocrx_word' id='word_1_280' title='bbox 794 5287 910 5337; x_wconf 86' lang='lat' dir='ltr'><strong>dist.</strong></span> <span class='ocrx_word' id='word_1_281' title='bbox 929 5300 1110 5354; x_wconf 84' lang='lat' dir='ltr'><strong>x1.v1n‚</strong></span> <span class='ocrx_word' id='word_1_282' title='bbox 1130 5295 1227 5341; x_wconf 83' lang='lat' dir='ltr'><strong>art.</strong></span> <span class='ocrx_word' id='word_1_283' title='bbox 1243 5293 1291 5353; x_wconf 80' lang='lat'><strong>2,</strong></span> <span class='ocrx_word' id='word_1_284' title='bbox 1312 5305 1364 5356; x_wconf 88' lang='lat' dir='ltr'><strong>q.</strong></span> <span class='ocrx_word' id='word_1_285' title='bbox 1384 5303 1450 5353; x_wconf 86' lang='lat'><strong>11;</strong></span> <span class='ocrx_word' id='word_1_286' title='bbox 1481 5293 1655 5355; x_wconf 81' lang='lat' dir='ltr'><strong>steph.</strong></span> <span class='ocrx_word' id='word_1_287' title='bbox 1680 5293 1897 5359; x_wconf 67' lang='lat' dir='ltr'><strong>Brutos„</strong></span> 
     </span>
     <span class='ocr_line' id='line_1_47' title="bbox 365 5351 1895 5428; baseline 0.01 -29"><span class='ocrx_word' id='word_1_288' title='bbox 365 5351 383 5399; x_wconf 86' lang='grc' dir='ltr'>Ι</span> <span class='ocrx_word' id='word_1_289' title='bbox 406 5351 559 5413; x_wconf 76' lang='lat' dir='ltr'><strong>Sent„</strong></span> <span class='ocrx_word' id='word_1_290' title='bbox 583 5356 702 5409; x_wconf 80' lang='lat' dir='ltr'><strong>dist.</strong></span> <span class='ocrx_word' id='word_1_291' title='bbox 726 5368 917 5422; x_wconf 74' lang='lat' dir='ltr'><strong>xnvm,</strong></span> <span class='ocrx_word' id='word_1_292' title='bbox 945 5373 996 5424; x_wconf 89' lang='lat' dir='ltr'><strong>q.</strong></span> <span class='ocrx_word' id='word_1_293' title='bbox 1022 5373 1059 5410; x_wconf 87' lang='grc' dir='ltr'><strong>ιι</strong></span> <span class='ocrx_word' id='word_1_294' title='bbox 1075 5376 1092 5425; x_wconf 82' lang='lat'>3</span> <span class='ocrx_word' id='word_1_295' title='bbox 1126 5363 1306 5413; x_wconf 71' lang='lat' dir='ltr'><strong>Petrus</strong></span> <span class='ocrx_word' id='word_1_296' title='bbox 1332 5363 1396 5413; x_wconf 83' lang='lat' dir='ltr'><strong>de</strong></span> <span class='ocrx_word' id='word_1_297' title='bbox 1421 5364 1654 5428; x_wconf 71' lang='lat' dir='ltr'><strong>Tar-ant„</strong></span> <span class='ocrx_word' id='word_1_298' title='bbox 1687 5364 1705 5413; x_wconf 87' lang='lat' dir='ltr'><strong>l</strong></span> <span class='ocrx_word' id='word_1_299' title='bbox 1730 5366 1895 5427; x_wconf 67' lang='lat' dir='ltr'><strong>Sem„</strong></span> 
     </span>
    </p>
   </div>
   <div class='ocr_carea' id='block_1_10' title="bbox 675 5462 935 5513">
    <p class='ocr_par' dir='ltr' id='par_1_14' title="bbox 675 5462 935 5513">
     <span class='ocr_line' id='line_1_48' title="bbox 675 5462 935 5513; baseline 0.015 -4"><span class='ocrx_word' id='word_1_300' title='bbox 675 5462 824 5510; x_wconf 63' lang='lat' dir='ltr'><strong>&#39;1⁸0ss-</strong></span> <span class='ocrx_word' id='word_1_301' title='bbox 866 5466 935 5513; x_wconf 86' lang='lat'><strong>11.</strong></span> 
     </span>
    </p>
   </div>
   <div class='ocr_carea' id='block_1_11' title="bbox 3370 376 3487 441">
    <p class='ocr_par' dir='ltr' id='par_1_15' title="bbox 3370 376 3487 441">
     <span class='ocr_line' id='line_1_49' title="bbox 3370 376 3487 441; baseline 0.017 -2"><span class='ocrx_word' id='word_1_302' title='bbox 3370 376 3487 441; x_wconf 75' lang='lat'><strong>225</strong></span> 
     </span>
    </p>
   </div>
   <div class='ocr_carea' id='block_1_12' title="bbox 1950 508 3507 1878">
    <p class='ocr_par' dir='ltr' id='par_1_16' title="bbox 1950 508 3496 911">
     <span class='ocr_line' id='line_1_50' title="bbox 1955 508 3492 591; baseline 0.002 -21"><span class='ocrx_word' id='word_1_303' title='bbox 1955 513 2169 571; x_wconf 84' lang='lat' dir='ltr'><strong>tamen</strong></span> <span class='ocrx_word' id='word_1_304' title='bbox 2211 509 2508 572; x_wconf 81' lang='lat' dir='ltr'><strong>voluntas</strong></span> <span class='ocrx_word' id='word_1_305' title='bbox 2547 508 2639 571; x_wconf 90' lang='lat' dir='ltr'><strong>illi</strong></span> <span class='ocrx_word' id='word_1_306' title='bbox 2682 508 3022 571; x_wconf 77' lang='lat' dir='ltr'><strong>conformis</strong></span> <span class='ocrx_word' id='word_1_307' title='bbox 3063 525 3194 571; x_wconf 90' lang='lat' dir='ltr'><strong>non</strong></span> <span class='ocrx_word' id='word_1_308' title='bbox 3233 514 3492 591; x_wconf 76' lang='lat' dir='ltr'><strong>propter</strong></span> 
     </span>
     <span class='ocr_line' id='line_1_51' title="bbox 1955 614 3496 698; baseline 0.001 -21"><span class='ocrx_word' id='word_1_309' title='bbox 1955 614 2077 678; x_wconf 92' lang='lat' dir='ltr'><strong>hoc</strong></span> <span class='ocrx_word' id='word_1_310' title='bbox 2090 621 2183 678; x_wconf 88' lang='lat' dir='ltr'><strong>est</strong></span> <span class='ocrx_word' id='word_1_311' title='bbox 2204 615 2418 679; x_wconf 87' lang='lat' dir='ltr'><strong>beata:</strong></span> <span class='ocrx_word' id='word_1_312' title='bbox 2449 633 2606 698; x_wconf 90' lang='lat' dir='ltr'><strong>ergo</strong></span> <span class='ocrx_word' id='word_1_313' title='bbox 2636 615 2774 697; x_wconf 86' lang='lat' dir='ltr'><strong>pari</strong></span> <span class='ocrx_word' id='word_1_314' title='bbox 2800 615 3065 692; x_wconf 88' lang='lat' dir='ltr'><strong>ratione,</strong></span> <span class='ocrx_word' id='word_1_315' title='bbox 3096 615 3390 697; x_wconf 86' lang='lat' dir='ltr'><strong>quamvis</strong></span> <span class='ocrx_word' id='word_1_316' title='bbox 3414 617 3496 679; x_wconf 90' lang='lat' dir='ltr'><strong>sit</strong></span> 
     </span>
     <span class='ocr_line' id='line_1_52' title="bbox 1950 721 3494 806; baseline -0.001 -20"><span class='ocrx_word' id='word_1_317' title='bbox 1950 725 2147 805; x_wconf 85' lang='lat' dir='ltr'><strong>justa,</strong></span> <span class='ocrx_word' id='word_1_318' title='bbox 2195 741 2326 787; x_wconf 90' lang='lat' dir='ltr'><strong>non</strong></span> <span class='ocrx_word' id='word_1_319' title='bbox 2361 727 2618 806; x_wconf 88' lang='lat' dir='ltr'><strong>propter</strong></span> <span class='ocrx_word' id='word_1_320' title='bbox 2652 721 2775 785; x_wconf 90' lang='lat' dir='ltr'><strong>hoc</strong></span> <span class='ocrx_word' id='word_1_321' title='bbox 2818 721 3116 785; x_wconf 84' lang='lat' dir='ltr'><strong>voluntas</strong></span> <span class='ocrx_word' id='word_1_322' title='bbox 3155 721 3494 786; x_wconf 81' lang='lat' dir='ltr'><strong>conformis</strong></span> 
     </span>
     <span class='ocr_line' id='line_1_53' title="bbox 1958 832 2268 911; baseline 0.003 -19"><span class='ocrx_word' id='word_1_323' title='bbox 1958 833 2054 893; x_wconf 90' lang='lat' dir='ltr'><strong>est</strong></span> <span class='ocrx_word' id='word_1_324' title='bbox 2072 832 2268 911; x_wconf 80' lang='lat' dir='ltr'><strong>justa.</strong></span> 
     </span>
    </p>

    <p class='ocr_par' dir='ltr' id='par_1_17' title="bbox 1955 936 3507 1878">
     <span class='ocr_line' id='line_1_54' title="bbox 2039 936 3495 1016; baseline -0.001 -16"><span class='ocrx_word' id='word_1_325' title='bbox 2039 942 2101 1000; x_wconf 77' lang='lat'><strong>4.</strong></span> <span class='ocrx_word' id='word_1_326' title='bbox 2149 937 2334 1016; x_wconf 83' lang='lat' dir='ltr'><strong>Item,</strong></span> <span class='ocrx_word' id='word_1_327' title='bbox 2380 937 2435 1000; x_wconf 89' lang='lat' dir='ltr'><strong>si</strong></span> <span class='ocrx_word' id='word_1_328' title='bbox 2478 936 2881 1000; x_wconf 77' lang='lat' dir='ltr'><strong>conformitas</strong></span> <span class='ocrx_word' id='word_1_329' title='bbox 2926 936 3076 1000; x_wconf 83' lang='lat' dir='ltr'><strong>facit</strong></span> <span class='ocrx_word' id='word_1_330' title='bbox 3104 936 3495 1001; x_wconf 87' lang='lat' dir='ltr'><strong>voluntatem</strong></span> 
     </span>
     <span class='ocr_line' id='line_1_55' title="bbox 1955 1042 3497 1126; baseline -0.002 -19"><span class='ocrx_word' id='word_1_331' title='bbox 1955 1044 2196 1126; x_wconf 83' lang='lat' dir='ltr'><strong>justam</strong></span> <span class='ocrx_word' id='word_1_332' title='bbox 2216 1090 2232 1120; x_wconf 87' lang='lat'><strong>,</strong></span> <span class='ocrx_word' id='word_1_333' title='bbox 2265 1061 2412 1107; x_wconf 90' lang='lat' dir='ltr'><strong>cum</strong></span> <span class='ocrx_word' id='word_1_334' title='bbox 2438 1043 2595 1108; x_wconf 82' lang='lat' dir='ltr'><strong>velit</strong></span> <span class='ocrx_word' id='word_1_335' title='bbox 2619 1043 2949 1107; x_wconf 90' lang='lat' dir='ltr'><strong>hominem</strong></span> <span class='ocrx_word' id='word_1_336' title='bbox 2989 1043 3101 1125; x_wconf 86' lang='lat' dir='ltr'><strong>qui</strong></span> <span class='ocrx_word' id='word_1_337' title='bbox 3131 1043 3368 1124; x_wconf 86' lang='lat' dir='ltr'><strong>patitur</strong></span> <span class='ocrx_word' id='word_1_338' title='bbox 3394 1042 3497 1104; x_wconf 88' lang='lat' dir='ltr'><strong>in·</strong></span> 
     </span>
     <span class='ocr_line' id='line_1_56' title="bbox 1956 1148 3501 1234; baseline -0.001 -20"><span class='ocrx_word' id='word_1_339' title='bbox 1956 1150 2204 1234; x_wconf 84' lang='lat' dir='ltr'><strong>juriam</strong></span> <span class='ocrx_word' id='word_1_340' title='bbox 2227 1149 2571 1227; x_wconf 89' lang='lat' dir='ltr'><strong>vindicare,</strong></span> <span class='ocrx_word' id='word_1_341' title='bbox 2595 1149 2646 1212; x_wconf 88' lang='lat' dir='ltr'><strong>si</strong></span> <span class='ocrx_word' id='word_1_342' title='bbox 2664 1149 2770 1213; x_wconf 92' lang='lat' dir='ltr'><strong>ille</strong></span> <span class='ocrx_word' id='word_1_343' title='bbox 2794 1149 2906 1232; x_wconf 89' lang='lat' dir='ltr'><strong>qui</strong></span> <span class='ocrx_word' id='word_1_344' title='bbox 2930 1149 3170 1231; x_wconf 86' lang='lat' dir='ltr'><strong>patitur</strong></span> <span class='ocrx_word' id='word_1_345' title='bbox 3193 1148 3501 1230; x_wconf 89' lang='lat' dir='ltr'><strong>injuriam</strong></span> 
     </span>
     <span class='ocr_line' id='line_1_57' title="bbox 1965 1257 3503 1340; baseline -0.002 -16"><span class='ocrx_word' id='word_1_346' title='bbox 1965 1260 2106 1324; x_wconf 83' lang='lat' dir='ltr'><strong>vult</strong></span> <span class='ocrx_word' id='word_1_347' title='bbox 2144 1277 2210 1322; x_wconf 90' lang='lat' dir='ltr'><strong>se</strong></span> <span class='ocrx_word' id='word_1_348' title='bbox 2255 1258 2597 1336; x_wconf 87' lang='lat' dir='ltr'><strong>vindicare,</strong></span> <span class='ocrx_word' id='word_1_349' title='bbox 2625 1259 2798 1340; x_wconf 88' lang='lat' dir='ltr'><strong>juste</strong></span> <span class='ocrx_word' id='word_1_350' title='bbox 2839 1257 3017 1322; x_wconf 85' lang='lat' dir='ltr'><strong>vult:</strong></span> <span class='ocrx_word' id='word_1_351' title='bbox 3063 1274 3221 1338; x_wconf 85' lang='lat' dir='ltr'><strong>ergo</strong></span> <span class='ocrx_word' id='word_1_352' title='bbox 3249 1259 3503 1339; x_wconf 86' lang='lat' dir='ltr'><strong>justum</strong></span> 
     </span>
     <span class='ocr_line' id='line_1_58' title="bbox 1965 1364 3503 1447; baseline 0 -17"><span class='ocrx_word' id='word_1_353' title='bbox 1965 1371 2062 1430; x_wconf 88' lang='lat' dir='ltr'><strong>est</strong></span> <span class='ocrx_word' id='word_1_354' title='bbox 2113 1366 2375 1447; x_wconf 80' lang='lat' dir='ltr'><strong>exigere</strong></span> <span class='ocrx_word' id='word_1_355' title='bbox 2430 1365 2797 1429; x_wconf 87' lang='lat' dir='ltr'><strong>vindictam.</strong></span> <span class='ocrx_word' id='word_1_356' title='bbox 2858 1364 2924 1429; x_wconf 93' lang='lat' dir='ltr'><strong>Si</strong></span> <span class='ocrx_word' id='word_1_357' title='bbox 2974 1369 3051 1429; x_wconf 87' lang='lat' dir='ltr'><strong>tu</strong></span> <span class='ocrx_word' id='word_1_358' title='bbox 3105 1365 3275 1429; x_wconf 89' lang='lat' dir='ltr'><strong>dicas</strong></span> <span class='ocrx_word' id='word_1_359' title='bbox 3331 1366 3503 1447; x_wconf 87' lang='lat' dir='ltr'><strong>quod</strong></span> 
     </span>
     <span class='ocr_line' id='line_1_59' title="bbox 1966 1471 3507 1552; baseline -0.003 -14"><span class='ocrx_word' id='word_1_360' title='bbox 1966 1472 2133 1538; x_wconf 91' lang='lat' dir='ltr'><strong>Deus</strong></span> <span class='ocrx_word' id='word_1_361' title='bbox 2156 1474 2297 1537; x_wconf 91' lang='lat' dir='ltr'><strong>vult</strong></span> <span class='ocrx_word' id='word_1_362' title='bbox 2324 1473 2655 1537; x_wconf 89' lang='lat' dir='ltr'><strong>hominem</strong></span> <span class='ocrx_word' id='word_1_363' title='bbox 2685 1471 3040 1552; x_wconf 87' lang='lat' dir='ltr'><strong>vindicare,</strong></span> <span class='ocrx_word' id='word_1_364' title='bbox 3074 1471 3183 1535; x_wconf 87' lang='lat' dir='ltr'><strong>sed</strong></span> <span class='ocrx_word' id='word_1_365' title='bbox 3207 1490 3340 1535; x_wconf 91' lang='lat' dir='ltr'><strong>non</strong></span> <span class='ocrx_word' id='word_1_366' title='bbox 3365 1472 3507 1536; x_wconf 87' lang='lat' dir='ltr'><strong>vult</strong></span> 
     </span>
     <span class='ocr_line' id='line_1_60' title="bbox 1967 1578 3505 1663; baseline -0.002 -19"><span class='ocrx_word' id='word_1_367' title='bbox 1967 1580 2139 1663; x_wconf 87' lang='lat' dir='ltr'><strong>quod</strong></span> <span class='ocrx_word' id='word_1_368' title='bbox 2165 1581 2359 1644; x_wconf 91' lang='lat' dir='ltr'><strong>homo</strong></span> <span class='ocrx_word' id='word_1_369' title='bbox 2384 1580 2659 1644; x_wconf 85' lang='lat' dir='ltr'><strong>vindicet</strong></span> <span class='ocrx_word' id='word_1_370' title='bbox 2684 1598 2781 1660; x_wconf 88' lang='lat' dir='ltr'><strong>se,</strong></span> <span class='ocrx_word' id='word_1_371' title='bbox 2807 1580 2930 1643; x_wconf 92' lang='lat' dir='ltr'><strong>hoc</strong></span> <span class='ocrx_word' id='word_1_372' title='bbox 2953 1597 3088 1644; x_wconf 93' lang='lat' dir='ltr'><strong>non</strong></span> <span class='ocrx_word' id='word_1_373' title='bbox 3110 1578 3321 1656; x_wconf 89' lang='lat' dir='ltr'><strong>solvit,</strong></span> <span class='ocrx_word' id='word_1_374' title='bbox 3353 1578 3505 1661; x_wconf 82' lang='lat' dir='ltr'><strong>quia</strong></span> 
     </span>
     <span class='ocr_line' id='line_1_61' title="bbox 1968 1685 3505 1770; baseline -0.001 -19"><span class='ocrx_word' id='word_1_375' title='bbox 1968 1688 2192 1751; x_wconf 87' lang='lat' dir='ltr'><strong>saltem</strong></span> <span class='ocrx_word' id='word_1_376' title='bbox 2239 1690 2396 1751; x_wconf 86' lang='lat' dir='ltr'><strong>tunc</strong></span> <span class='ocrx_word' id='word_1_377' title='bbox 2436 1688 2651 1752; x_wconf 91' lang='lat' dir='ltr'><strong>liceret</strong></span> <span class='ocrx_word' id='word_1_378' title='bbox 2701 1686 2948 1752; x_wconf 91' lang='lat' dir='ltr'><strong>homini</strong></span> <span class='ocrx_word' id='word_1_379' title='bbox 2991 1690 3283 1770; x_wconf 82' lang='lat' dir='ltr'><strong>appetere</strong></span> <span class='ocrx_word' id='word_1_380' title='bbox 3332 1685 3505 1768; x_wconf 87' lang='lat' dir='ltr'><strong>quod</strong></span> 
     </span>
     <span class='ocr_line' id='line_1_62' title="bbox 1969 1793 2772 1878; baseline 0 -20"><span class='ocrx_word' id='word_1_381' title='bbox 1969 1793 2137 1859; x_wconf 92' lang='lat' dir='ltr'><strong>Deus</strong></span> <span class='ocrx_word' id='word_1_382' title='bbox 2162 1795 2377 1878; x_wconf 84' lang='lat' dir='ltr'><strong>ipsum</strong></span> <span class='ocrx_word' id='word_1_383' title='bbox 2403 1794 2772 1860; x_wconf 87' lang='lat' dir='ltr'><strong>vindicaret.</strong></span> 
     </span>
    </p>
   </div>
   <div class='ocr_carea' id='block_1_13' title="bbox 2514 2035 2962 2103">
    <p class='ocr_par' dir='ltr' id='par_1_18' title="bbox 2514 2035 2962 2103">
     <span class='ocr_line' id='line_1_63' title="bbox 2514 2035 2962 2103; baseline -0.004 0"><span class='ocrx_word' id='word_1_384' title='bbox 2514 2035 2962 2103; x_wconf 89' lang='lat' dir='ltr'>CONCLUSIO.</span> 
     </span>
    </p>
   </div>
   <div class='ocr_carea' id='block_1_14' title="bbox 1979 2189 3514 2352">
    <p class='ocr_par' dir='ltr' id='par_1_19' title="bbox 1979 2189 3514 2352">
     <span class='ocr_line' id='line_1_64' title="bbox 1979 2189 3514 2262; baseline 0 -15"><span class='ocrx_word' id='word_1_385' title='bbox 1979 2191 2343 2262; x_wconf 73' lang='lat' dir='ltr'><strong>Contamitas</strong></span> <span class='ocrx_word' id='word_1_386' title='bbox 2354 2192 2655 2249; x_wconf 80' lang='lat' dir='ltr'><strong>voluntatis</strong></span> <span class='ocrx_word' id='word_1_387' title='bbox 2668 2196 2864 2248; x_wconf 82' lang='lat' dir='ltr'><strong>nostroe</strong></span> <span class='ocrx_word' id='word_1_388' title='bbox 2880 2190 2956 2248; x_wconf 82' lang='lat' dir='ltr'><strong>ad</strong></span> <span class='ocrx_word' id='word_1_389' title='bbox 2971 2189 3218 2247; x_wconf 74' lang='lat' dir='ltr'><strong>divinam</strong></span> <span class='ocrx_word' id='word_1_390' title='bbox 3234 2190 3514 2248; x_wconf 78' lang='lat' dir='ltr'><strong>secundum</strong></span> 
     </span>
     <span class='ocr_line' id='line_1_65' title="bbox 2200 2279 3286 2352; baseline -0.003 -14"><span class='ocrx_word' id='word_1_391' title='bbox 2200 2287 2379 2338; x_wconf 80' lang='lat' dir='ltr'><strong>actum</strong></span> <span class='ocrx_word' id='word_1_392' title='bbox 2405 2286 2458 2339; x_wconf 83' lang='lat' dir='ltr'><strong>et</strong></span> <span class='ocrx_word' id='word_1_393' title='bbox 2476 2283 2727 2347; x_wconf 82' lang='lat' dir='ltr'><strong>volitum,</strong></span> <span class='ocrx_word' id='word_1_394' title='bbox 2758 2283 2900 2352; x_wconf 71' lang='lat' dir='ltr'><strong>facit</strong></span> <span class='ocrx_word' id='word_1_395' title='bbox 2926 2295 3044 2337; x_wconf 87' lang='lat' dir='ltr'><strong>eam</strong></span> <span class='ocrx_word' id='word_1_396' title='bbox 3060 2279 3286 2351; x_wconf 74' lang='lat' dir='ltr'><strong>justam.</strong></span> 
     </span>
    </p>
   </div>
   <div class='ocr_carea' id='block_1_15' title="bbox 1979 2439 3517 2614">
    <p class='ocr_par' dir='ltr' id='par_1_20' title="bbox 1979 2439 3517 2614">
     <span class='ocr_line' id='line_1_66' title="bbox 2060 2439 3517 2525; baseline -0.001 -19"><span class='ocrx_word' id='word_1_397' title='bbox 2060 2442 2245 2525; x_wconf 83' lang='lat' dir='ltr'><strong>Resp.</strong></span> <span class='ocrx_word' id='word_1_398' title='bbox 2275 2441 2353 2507; x_wconf 90' lang='lat' dir='ltr'><strong>ad</strong></span> <span class='ocrx_word' id='word_1_399' title='bbox 2380 2442 2655 2525; x_wconf 80' lang='lat' dir='ltr'><strong>Argum.</strong></span> <span class='ocrx_word' id='word_1_400' title='bbox 2699 2440 3046 2505; x_wconf 88' lang='lat' dir='ltr'><strong>Dicendum</strong></span> <span class='ocrx_word' id='word_1_401' title='bbox 3069 2439 3241 2523; x_wconf 88' lang='lat' dir='ltr'><strong>quod</strong></span> <span class='ocrx_word' id='word_1_402' title='bbox 3268 2441 3517 2505; x_wconf 77' lang='lat' dir='ltr'><strong>confor-</strong></span> 
     </span>
     <span class='ocr_line' id='line_1_67' title="bbox 1979 2547 3513 2614; baseline -0.001 -1"><span class='ocrx_word' id='word_1_403' title='bbox 1979 2549 2170 2614; x_wconf 86' lang='lat' dir='ltr'><strong>mitas</strong></span> <span class='ocrx_word' id='word_1_404' title='bbox 2211 2550 2553 2614; x_wconf 85' lang='lat' dir='ltr'><strong>voluntatis</strong></span> <span class='ocrx_word' id='word_1_405' title='bbox 2589 2552 2822 2612; x_wconf 79' lang='lat' dir='ltr'><strong>nostrae</strong></span> <span class='ocrx_word' id='word_1_406' title='bbox 2862 2547 2942 2610; x_wconf 90' lang='lat' dir='ltr'><strong>ad</strong></span> <span class='ocrx_word' id='word_1_407' title='bbox 2987 2547 3272 2611; x_wconf 87' lang='lat' dir='ltr'><strong>divinam</strong></span> <span class='ocrx_word' id='word_1_408' title='bbox 3309 2552 3513 2612; x_wconf 77' lang='lat' dir='ltr'><strong>atten-</strong></span> 
     </span>
    </p>
   </div>
   <div class='ocr_carea' id='block_1_16' title="bbox 1980 2653 3552 5217">
    <p class='ocr_par' dir='ltr' id='par_1_21' title="bbox 1980 2653 3538 4245">
     <span class='ocr_line' id='line_1_68' title="bbox 1980 2653 3521 2738; baseline -0.002 -17"><span class='ocrx_word' id='word_1_409' title='bbox 1980 2657 2155 2721; x_wconf 85' lang='lat' dir='ltr'><strong>ditur</strong></span> <span class='ocrx_word' id='word_1_410' title='bbox 2179 2656 2530 2720; x_wconf 88' lang='lat' dir='ltr'><strong>secundum</strong></span> <span class='ocrx_word' id='word_1_411' title='bbox 2562 2653 3057 2738; x_wconf 86' lang='lat' dir='ltr'><strong>proportionem,</strong></span> <span class='ocrx_word' id='word_1_412' title='bbox 3089 2653 3254 2717; x_wconf 88' lang='lat' dir='ltr'><strong>sicut</strong></span> <span class='ocrx_word' id='word_1_413' title='bbox 3280 2654 3521 2718; x_wconf 92' lang='lat' dir='ltr'><strong>dictum</strong></span> 
     </span>
     <span class='ocr_line' id='line_1_69' title="bbox 1982 2761 3519 2847; baseline -0.003 -18"><span class='ocrx_word' id='word_1_414' title='bbox 1982 2768 2098 2830; x_wconf 86' lang='lat' dir='ltr'><strong>est.</strong></span> <span class='ocrx_word' id='word_1_415' title='bbox 2137 2764 2384 2847; x_wconf 85' lang='lat' dir='ltr'><strong>Duplex</strong></span> <span class='ocrx_word' id='word_1_416' title='bbox 2414 2766 2510 2827; x_wconf 88' lang='lat' dir='ltr'><strong>est</strong></span> <span class='ocrx_word' id='word_1_417' title='bbox 2543 2766 2759 2826; x_wconf 89' lang='lat' dir='ltr'><strong>autem</strong></span> <span class='ocrx_word' id='word_1_418' title='bbox 2793 2761 3117 2845; x_wconf 87' lang='lat' dir='ltr'><strong>proportio</strong></span> <span class='ocrx_word' id='word_1_419' title='bbox 3152 2761 3519 2840; x_wconf 75' lang='lat' dir='ltr'><strong>voluntatiS‚</strong></span> 
     </span>
     <span class='ocr_line' id='line_1_70' title="bbox 1984 2869 3524 2948; baseline -0.003 -11"><span class='ocrx_word' id='word_1_420' title='bbox 1984 2872 2220 2938; x_wconf 85' lang='lat' dir='ltr'><strong>scilicet</strong></span> <span class='ocrx_word' id='word_1_421' title='bbox 2263 2871 2344 2936; x_wconf 90' lang='lat' dir='ltr'><strong>ad</strong></span> <span class='ocrx_word' id='word_1_422' title='bbox 2392 2876 2608 2935; x_wconf 85' lang='lat' dir='ltr'><strong>actum</strong></span> <span class='ocrx_word' id='word_1_423' title='bbox 2628 2917 2646 2948; x_wconf 89' lang='lat'><strong>,</strong></span> <span class='ocrx_word' id='word_1_424' title='bbox 2692 2874 2756 2935; x_wconf 87' lang='lat' dir='ltr'><strong>et</strong></span> <span class='ocrx_word' id='word_1_425' title='bbox 2805 2869 2886 2933; x_wconf 89' lang='lat' dir='ltr'><strong>ad</strong></span> <span class='ocrx_word' id='word_1_426' title='bbox 2935 2869 3227 2934; x_wconf 82' lang='lat' dir='ltr'><strong>volitum.</strong></span> <span class='ocrx_word' id='word_1_427' title='bbox 3285 2869 3524 2934; x_wconf 85' lang='lat' dir='ltr'><strong>Similis</strong></span> 
     </span>
     <span class='ocr_line' id='line_1_71' title="bbox 1985 2975 3524 3063; baseline -0.003 -19"><span class='ocrx_word' id='word_1_428' title='bbox 1985 2979 2306 3063; x_wconf 86' lang='lat' dir='ltr'><strong>proportio</strong></span> <span class='ocrx_word' id='word_1_429' title='bbox 2350 2979 2431 3043; x_wconf 90' lang='lat' dir='ltr'><strong>ad</strong></span> <span class='ocrx_word' id='word_1_430' title='bbox 2475 2983 2691 3043; x_wconf 88' lang='lat' dir='ltr'><strong>actum</strong></span> <span class='ocrx_word' id='word_1_431' title='bbox 2729 2976 3013 3042; x_wconf 83' lang='lat' dir='ltr'><strong>consistit</strong></span> <span class='ocrx_word' id='word_1_432' title='bbox 3050 2977 3121 3040; x_wconf 91' lang='lat' dir='ltr'><strong>in</strong></span> <span class='ocrx_word' id='word_1_433' title='bbox 3162 2977 3314 3056; x_wconf 86' lang='lat' dir='ltr'><strong>hoc,</strong></span> <span class='ocrx_word' id='word_1_434' title='bbox 3352 2975 3524 3059; x_wconf 90' lang='lat' dir='ltr'><strong>quod</strong></span> 
     </span>
     <span class='ocr_line' id='line_1_72' title="bbox 1985 3073 3527 3171; baseline -0.003 -19"><span class='ocrx_word' id='word_1_435' title='bbox 1985 3088 2152 3153; x_wconf 87' lang='lat' dir='ltr'><strong>sicut</strong></span> <span class='ocrx_word' id='word_1_436' title='bbox 2182 3087 2369 3165; x_wconf 72' lang='lat' dir='ltr'><strong>Deua,</strong></span> <span class='ocrx_word' id='word_1_437' title='bbox 2410 3086 2582 3171; x_wconf 85' lang='lat' dir='ltr'><strong>quod</strong></span> <span class='ocrx_word' id='word_1_438' title='bbox 2608 3085 2779 3163; x_wconf 85' lang='lat' dir='ltr'><strong>vult,</strong></span> <span class='ocrx_word' id='word_1_439' title='bbox 2817 3084 2960 3151; x_wconf 88' lang='lat' dir='ltr'><strong>vult</strong></span> <span class='ocrx_word' id='word_1_440' title='bbox 2995 3101 3079 3149; x_wconf 83' lang='lat' dir='ltr'><strong>ex</strong></span> <span class='ocrx_word' id='word_1_441' title='bbox 3119 3083 3422 3149; x_wconf 88' lang='lat' dir='ltr'><strong>charitate</strong></span> <span class='ocrx_word' id='word_1_442' title='bbox 3463 3073 3527 3149; x_wconf 81' lang='lat' dir='ltr'><strong>et&#39;</strong></span> 
     </span>
     <span class='ocr_line' id='line_1_73' title="bbox 1985 3191 3527 3277; baseline -0.005 -16"><span class='ocrx_word' id='word_1_443' title='bbox 1985 3196 2351 3274; x_wconf 83' lang='lat' dir='ltr'><strong>liberaliter,</strong></span> <span class='ocrx_word' id='word_1_444' title='bbox 2381 3197 2518 3261; x_wconf 86' lang='lat' dir='ltr'><strong>sive</strong></span> <span class='ocrx_word' id='word_1_445' title='bbox 2535 3197 2712 3277; x_wconf 70' lang='lat' dir='ltr'><strong>,iusto</strong></span> <span class='ocrx_word' id='word_1_446' title='bbox 2739 3198 2802 3258; x_wconf 91' lang='lat' dir='ltr'><strong>et</strong></span> <span class='ocrx_word' id='word_1_447' title='bbox 2825 3195 2997 3257; x_wconf 86' lang='lat' dir='ltr'><strong>recto</strong></span> <span class='ocrx_word' id='word_1_448' title='bbox 3026 3194 3151 3257; x_wconf 81' lang='lat' dir='ltr'><strong>fine</strong></span> <span class='ocrx_word' id='word_1_449' title='bbox 3170 3240 3189 3273; x_wconf 93' lang='lat'><strong>,</strong></span> <span class='ocrx_word' id='word_1_450' title='bbox 3215 3192 3308 3256; x_wconf 79' lang='lat' dir='ltr'><strong>sic</strong></span> <span class='ocrx_word' id='word_1_451' title='bbox 3334 3191 3527 3256; x_wconf 85' lang='lat' dir='ltr'><strong>etiam</strong></span> 
     </span>
     <span class='ocr_line' id='line_1_74' title="bbox 1987 3304 3526 3390; baseline -0.005 -18"><span class='ocrx_word' id='word_1_452' title='bbox 1987 3307 2186 3372; x_wconf 90' lang='lat' dir='ltr'><strong>homo</strong></span> <span class='ocrx_word' id='word_1_453' title='bbox 2207 3308 2382 3372; x_wconf 87' lang='lat' dir='ltr'><strong>velit.</strong></span> <span class='ocrx_word' id='word_1_454' title='bbox 2405 3305 2643 3371; x_wconf 89' lang='lat' dir='ltr'><strong>Similis</strong></span> <span class='ocrx_word' id='word_1_455' title='bbox 2664 3304 2988 3390; x_wconf 87' lang='lat' dir='ltr'><strong>proportio</strong></span> <span class='ocrx_word' id='word_1_456' title='bbox 3009 3304 3089 3369; x_wconf 87' lang='lat' dir='ltr'><strong>ad</strong></span> <span class='ocrx_word' id='word_1_457' title='bbox 3113 3304 3387 3371; x_wconf 81' lang='lat' dir='ltr'><strong>volitum</strong></span> <span class='ocrx_word' id='word_1_458' title='bbox 3410 3305 3526 3380; x_wconf 88' lang='lat' dir='ltr'><strong>est,</strong></span> 
     </span>
     <span class='ocr_line' id='line_1_75' title="bbox 1989 3405 3533 3497; baseline -0.005 -19"><span class='ocrx_word' id='word_1_459' title='bbox 1989 3417 2067 3478; x_wconf 86' lang='lat' dir='ltr'><strong>ut</strong></span> <span class='ocrx_word' id='word_1_460' title='bbox 2090 3413 2263 3497; x_wconf 88' lang='lat' dir='ltr'><strong>quod</strong></span> <span class='ocrx_word' id='word_1_461' title='bbox 2289 3413 2430 3478; x_wconf 84' lang='lat' dir='ltr'><strong>vult</strong></span> <span class='ocrx_word' id='word_1_462' title='bbox 2454 3412 2649 3492; x_wconf 76' lang='lat' dir='ltr'><strong>DeuS,</strong></span> <span class='ocrx_word' id='word_1_463' title='bbox 2681 3412 2873 3477; x_wconf 88' lang='lat' dir='ltr'><strong>etiam</strong></span> <span class='ocrx_word' id='word_1_464' title='bbox 2896 3411 3092 3477; x_wconf 87' lang='lat' dir='ltr'><strong>homo</strong></span> <span class='ocrx_word' id='word_1_465' title='bbox 3116 3409 3293 3475; x_wconf 84' lang='lat' dir='ltr'><strong>velit.</strong></span> <span class='ocrx_word' id='word_1_466' title='bbox 3323 3405 3533 3473; x_wconf 81' lang='lat' dir='ltr'><strong>Potest</strong></span> 
     </span>
     <span class='ocr_line' id='line_1_76' title="bbox 1990 3516 3535 3603; baseline -0.005 -18"><span class='ocrx_word' id='word_1_467' title='bbox 1990 3538 2151 3603; x_wconf 87' lang='lat' dir='ltr'><strong>ergo</strong></span> <span class='ocrx_word' id='word_1_468' title='bbox 2204 3519 2612 3584; x_wconf 82' lang='lat' dir='ltr'><strong>conformitas</strong></span> <span class='ocrx_word' id='word_1_469' title='bbox 2664 3520 2902 3583; x_wconf 88' lang='lat' dir='ltr'><strong>attendi</strong></span> <span class='ocrx_word' id='word_1_470' title='bbox 2955 3516 3309 3582; x_wconf 88' lang='lat' dir='ltr'><strong>secundum</strong></span> <span class='ocrx_word' id='word_1_471' title='bbox 3366 3516 3535 3579; x_wconf 89' lang='lat' dir='ltr'><strong>hanc</strong></span> 
     </span>
     <span class='ocr_line' id='line_1_77' title="bbox 1991 3624 3533 3709; baseline -0.004 -18"><span class='ocrx_word' id='word_1_472' title='bbox 1991 3626 2311 3709; x_wconf 89' lang='lat' dir='ltr'><strong>duplicem</strong></span> <span class='ocrx_word' id='word_1_473' title='bbox 2348 3625 2826 3691; x_wconf 87' lang='lat' dir='ltr'><strong>similitudinem</strong></span> <span class='ocrx_word' id='word_1_474' title='bbox 2870 3629 2934 3690; x_wconf 88' lang='lat' dir='ltr'><strong>et</strong></span> <span class='ocrx_word' id='word_1_475' title='bbox 2962 3624 3498 3707; x_wconf 87' lang='lat' dir='ltr'><strong>comparationem</strong></span> <span class='ocrx_word' id='word_1_476' title='bbox 3513 3668 3533 3700; x_wconf 87' lang='lat'><strong>‚</strong></span> 
     </span>
     <span class='ocr_line' id='line_1_78' title="bbox 1992 3731 3535 3813; baseline -0.002 -16"><span class='ocrx_word' id='word_1_477' title='bbox 1992 3734 2170 3798; x_wconf 86' lang='lat' dir='ltr'><strong>etsie</strong></span> <span class='ocrx_word' id='word_1_478' title='bbox 2196 3737 2291 3798; x_wconf 89' lang='lat' dir='ltr'><strong>est</strong></span> <span class='ocrx_word' id='word_1_479' title='bbox 2321 3733 2641 3797; x_wconf 79' lang='lat' dir='ltr'><strong>sufficiens</strong></span> <span class='ocrx_word' id='word_1_480' title='bbox 2654 3781 2673 3813; x_wconf 92' lang='lat'><strong>,</strong></span> <span class='ocrx_word' id='word_1_481' title='bbox 2703 3736 2768 3796; x_wconf 87' lang='lat' dir='ltr'><strong>et</strong></span> <span class='ocrx_word' id='word_1_482' title='bbox 2794 3732 2941 3797; x_wconf 86' lang='lat' dir='ltr'><strong>facit</strong></span> <span class='ocrx_word' id='word_1_483' title='bbox 2964 3732 3361 3797; x_wconf 82' lang='lat' dir='ltr'><strong>voluntatem</strong></span> <span class='ocrx_word' id='word_1_484' title='bbox 3386 3731 3535 3812; x_wconf 88' lang='lat' dir='ltr'><strong>jus·</strong></span> 
     </span>
     <span class='ocr_line' id='line_1_79' title="bbox 1993 3839 3536 3907; baseline -0.003 0"><span class='ocrx_word' id='word_1_485' title='bbox 1993 3845 2150 3907; x_wconf 80' lang='lat' dir='ltr'><strong>tam.</strong></span> <span class='ocrx_word' id='word_1_486' title='bbox 2182 3840 2390 3907; x_wconf 87' lang='lat' dir='ltr'><strong>Potest</strong></span> <span class='ocrx_word' id='word_1_487' title='bbox 2411 3842 2646 3907; x_wconf 91' lang='lat' dir='ltr'><strong>iterum</strong></span> <span class='ocrx_word' id='word_1_488' title='bbox 2676 3840 2914 3907; x_wconf 88' lang='lat' dir='ltr'><strong>attendi</strong></span> <span class='ocrx_word' id='word_1_489' title='bbox 2943 3841 3155 3904; x_wconf 82' lang='lat' dir='ltr'><strong>solum</strong></span> <span class='ocrx_word' id='word_1_490' title='bbox 3180 3839 3536 3903; x_wconf 86' lang='lat' dir='ltr'><strong>secundum</strong></span> 
     </span>
     <span class='ocr_line' id='line_1_80' title="bbox 1995 3944 3538 4032; baseline -0.005 -18"><span class='ocrx_word' id='word_1_491' title='bbox 1995 3948 2295 4028; x_wconf 86' lang='lat' dir='ltr'><strong>alteram,</strong></span> <span class='ocrx_word' id='word_1_492' title='bbox 2339 3952 2569 4032; x_wconf 85' lang='lat' dir='ltr'><strong>utputa</strong></span> <span class='ocrx_word' id='word_1_493' title='bbox 2601 3948 2952 4013; x_wconf 90' lang='lat' dir='ltr'><strong>secundum</strong></span> <span class='ocrx_word' id='word_1_494' title='bbox 2994 3945 3267 4011; x_wconf 81' lang='lat' dir='ltr'><strong>volitum</strong></span> <span class='ocrx_word' id='word_1_495' title='bbox 3286 3994 3303 4026; x_wconf 91' lang='lat'><strong>,</strong></span> <span class='ocrx_word' id='word_1_496' title='bbox 3345 3949 3409 4008; x_wconf 89' lang='lat' dir='ltr'><strong>et</strong></span> <span class='ocrx_word' id='word_1_497' title='bbox 3448 3944 3538 4008; x_wconf 87' lang='lat' dir='ltr'><strong>sic</strong></span> 
     </span>
     <span class='ocr_line' id='line_1_81' title="bbox 1995 4052 3532 4137; baseline -0.005 -14"><span class='ocrx_word' id='word_1_498' title='bbox 1995 4061 2093 4123; x_wconf 86' lang='lat' dir='ltr'><strong>est</strong></span> <span class='ocrx_word' id='word_1_499' title='bbox 2118 4056 2413 4121; x_wconf 81' lang='lat' dir='ltr'><strong>deficiens</strong></span> <span class='ocrx_word' id='word_1_500' title='bbox 2427 4105 2446 4137; x_wconf 92' lang='lat'><strong>,</strong></span> <span class='ocrx_word' id='word_1_501' title='bbox 2477 4074 2628 4121; x_wconf 87' lang='lat' dir='ltr'><strong>cum</strong></span> <span class='ocrx_word' id='word_1_502' title='bbox 2663 4058 2872 4120; x_wconf 86' lang='lat' dir='ltr'><strong>careat</strong></span> <span class='ocrx_word' id='word_1_503' title='bbox 2898 4053 3095 4118; x_wconf 88' lang='lat' dir='ltr'><strong>simili</strong></span> <span class='ocrx_word' id='word_1_504' title='bbox 3119 4052 3532 4118; x_wconf 84' lang='lat' dir='ltr'><strong>habitudine:</strong></span> 
     </span>
     <span class='ocr_line' id='line_1_82' title="bbox 1996 4161 3100 4245; baseline -0.005 -15"><span class='ocrx_word' id='word_1_505' title='bbox 1996 4169 2061 4231; x_wconf 88' lang='lat' dir='ltr'><strong>et</strong></span> <span class='ocrx_word' id='word_1_506' title='bbox 2082 4163 2206 4228; x_wconf 88' lang='lat' dir='ltr'><strong>hoc</strong></span> <span class='ocrx_word' id='word_1_507' title='bbox 2235 4181 2368 4228; x_wconf 94' lang='lat' dir='ltr'><strong>non</strong></span> <span class='ocrx_word' id='word_1_508' title='bbox 2398 4163 2634 4228; x_wconf 81' lang='lat' dir='ltr'><strong>sufficit</strong></span> <span class='ocrx_word' id='word_1_509' title='bbox 2654 4162 2736 4226; x_wconf 88' lang='lat' dir='ltr'><strong>ad</strong></span> <span class='ocrx_word' id='word_1_510' title='bbox 2750 4161 3100 4245; x_wconf 86' lang='lat' dir='ltr'><strong>justitiam.</strong></span> 
     </span>
    </p>

    <p class='ocr_par' dir='ltr' id='par_1_22' title="bbox 1997 4265 3543 4462">
     <span class='ocr_line' id='line_1_83' title="bbox 2066 4265 3543 4354; baseline -0.005 -18"><span class='ocrx_word' id='word_1_511' title='bbox 2066 4278 2111 4338; x_wconf 73' lang='grc'><strong>,1</strong></span> <span class='ocrx_word' id='word_1_512' title='bbox 2158 4276 2219 4336; x_wconf 89' lang='lat' dir='ltr'><strong>et</strong></span> <span class='ocrx_word' id='word_1_513' title='bbox 2252 4276 2314 4335; x_wconf 77' lang='lat'><strong>2.</strong></span> <span class='ocrx_word' id='word_1_514' title='bbox 2345 4270 2432 4335; x_wconf 91' lang='lat' dir='ltr'><strong>De</strong></span> <span class='ocrx_word' id='word_1_515' title='bbox 2470 4270 2680 4354; x_wconf 90' lang='lat' dir='ltr'><strong>prima</strong></span> <span class='ocrx_word' id='word_1_516' title='bbox 2723 4268 3161 4334; x_wconf 81' lang='lat' dir='ltr'><strong>conformitate</strong></span> <span class='ocrx_word' id='word_1_517' title='bbox 3189 4265 3543 4351; x_wconf 77' lang='lat' dir='ltr'><strong>prooedunt</strong></span> 
     </span>
     <span class='ocr_line' id='line_1_84' title="bbox 1997 4374 3337 4462; baseline -0.004 -19"><span class='ocrx_word' id='word_1_518' title='bbox 1997 4379 2226 4462; x_wconf 77' lang='lat' dir='ltr'><strong>primae</strong></span> <span class='ocrx_word' id='word_1_519' title='bbox 2251 4379 2555 4454; x_wconf 88' lang='lat' dir='ltr'><strong>rationes;</strong></span> <span class='ocrx_word' id='word_1_520' title='bbox 2592 4378 2670 4441; x_wconf 91' lang='lat' dir='ltr'><strong>de</strong></span> <span class='ocrx_word' id='word_1_521' title='bbox 2691 4377 2989 4453; x_wconf 86' lang='lat' dir='ltr'><strong>secunda,</strong></span> <span class='ocrx_word' id='word_1_522' title='bbox 3022 4374 3337 4439; x_wconf 86' lang='lat' dir='ltr'><strong>secundae.</strong></span> 
     </span>
    </p>

    <p class='ocr_par' dir='ltr' id='par_1_23' title="bbox 1996 4479 3552 5217">
     <span class='ocr_line' id='line_1_85' title="bbox 2083 4479 3541 4567; baseline -0.004 -18"><span class='ocrx_word' id='word_1_523' title='bbox 2083 4490 2143 4549; x_wconf 90' lang='grc'><strong>3.</strong></span> <span class='ocrx_word' id='word_1_524' title='bbox 2188 4485 2285 4549; x_wconf 90' lang='lat' dir='ltr'><strong>Ad</strong></span> <span class='ocrx_word' id='word_1_525' title='bbox 2329 4484 2488 4548; x_wconf 85' lang='lat' dir='ltr'><strong>illud</strong></span> <span class='ocrx_word' id='word_1_526' title='bbox 2533 4483 2707 4567; x_wconf 88' lang='lat' dir='ltr'><strong>quod</strong></span> <span class='ocrx_word' id='word_1_527' title='bbox 2751 4483 2936 4547; x_wconf 88' lang='lat' dir='ltr'><strong>tertio</strong></span> <span class='ocrx_word' id='word_1_528' title='bbox 2984 4481 3283 4564; x_wconf 90' lang='lat' dir='ltr'><strong>objicitur</strong></span> <span class='ocrx_word' id='word_1_529' title='bbox 3299 4529 3318 4559; x_wconf 91' lang='lat'><strong>,</strong></span> <span class='ocrx_word' id='word_1_530' title='bbox 3369 4479 3541 4562; x_wconf 87' lang='lat' dir='ltr'><strong>quod</strong></span> 
     </span>
     <span class='ocr_line' id='line_1_86' title="bbox 2001 4588 3543 4667; baseline -0.006 -9"><span class='ocrx_word' id='word_1_531' title='bbox 2001 4592 2412 4658; x_wconf 78' lang='lat' dir='ltr'><strong>conformitas</strong></span> <span class='ocrx_word' id='word_1_532' title='bbox 2436 4609 2569 4655; x_wconf 91' lang='lat' dir='ltr'><strong>non</strong></span> <span class='ocrx_word' id='word_1_533' title='bbox 2595 4590 2743 4654; x_wconf 85' lang='lat' dir='ltr'><strong>facit</strong></span> <span class='ocrx_word' id='word_1_534' title='bbox 2767 4591 3022 4654; x_wconf 80' lang='lat' dir='ltr'><strong>beatam</strong></span> <span class='ocrx_word' id='word_1_535' title='bbox 3047 4588 3354 4664; x_wconf 88' lang='lat' dir='ltr'><strong>animam,</strong></span> <span class='ocrx_word' id='word_1_536' title='bbox 3384 4603 3543 4667; x_wconf 90' lang='lat' dir='ltr'><strong>ergo</strong></span> 
     </span>
     <span class='ocr_line' id='line_1_87' title="bbox 2000 4692 3547 4783; baseline -0.006 -18"><span class='ocrx_word' id='word_1_537' title='bbox 2000 4719 2121 4765; x_wconf 91' lang='lat' dir='ltr'><strong>nec</strong></span> <span class='ocrx_word' id='word_1_538' title='bbox 2140 4703 2423 4783; x_wconf 82' lang='lat' dir='ltr'><strong>justam3</strong></span> <span class='ocrx_word' id='word_1_539' title='bbox 2464 4698 2804 4764; x_wconf 85' lang='lat' dir='ltr'><strong>dicendum</strong></span> <span class='ocrx_word' id='word_1_540' title='bbox 2839 4696 3011 4780; x_wconf 87' lang='lat' dir='ltr'><strong>quod</strong></span> <span class='ocrx_word' id='word_1_541' title='bbox 3040 4693 3363 4759; x_wconf 87' lang='lat' dir='ltr'><strong>beatitudo</strong></span> <span class='ocrx_word' id='word_1_542' title='bbox 3396 4692 3547 4757; x_wconf 86' lang='lat' dir='ltr'><strong>dicit</strong></span> 
     </span>
     <span class='ocr_line' id='line_1_88' title="bbox 1996 4800 3548 4892; baseline -0.006 -19"><span class='ocrx_word' id='word_1_543' title='bbox 1996 4808 2315 4892; x_wconf 70' lang='lat' dir='ltr'><strong>,iustitiam</strong></span> <span class='ocrx_word' id='word_1_544' title='bbox 2347 4811 2889 4872; x_wconf 83' lang='lat' dir='ltr'><strong>consummatam:</strong></span> <span class='ocrx_word' id='word_1_545' title='bbox 2936 4804 3107 4869; x_wconf 91' lang='lat' dir='ltr'><strong>unde</strong></span> <span class='ocrx_word' id='word_1_546' title='bbox 3146 4802 3291 4886; x_wconf 88' lang='lat' dir='ltr'><strong>plus</strong></span> <span class='ocrx_word' id='word_1_547' title='bbox 3330 4800 3548 4882; x_wconf 84' lang='lat' dir='ltr'><strong>requi-</strong></span> 
     </span>
     <span class='ocr_line' id='line_1_89' title="bbox 2003 4912 3551 4993; baseline -0.006 -14"><span class='ocrx_word' id='word_1_548' title='bbox 2003 4917 2172 4981; x_wconf 88' lang='lat' dir='ltr'><strong>ritur</strong></span> <span class='ocrx_word' id='word_1_549' title='bbox 2200 4916 2279 4980; x_wconf 89' lang='lat' dir='ltr'><strong>ad</strong></span> <span class='ocrx_word' id='word_1_550' title='bbox 2301 4915 2446 4993; x_wconf 87' lang='lat' dir='ltr'><strong>hoc,</strong></span> <span class='ocrx_word' id='word_1_551' title='bbox 2472 4919 2548 4980; x_wconf 88' lang='lat' dir='ltr'><strong>ut</strong></span> <span class='ocrx_word' id='word_1_552' title='bbox 2565 4913 2865 4979; x_wconf 81' lang='lat' dir='ltr'><strong>voluntas</strong></span> <span class='ocrx_word' id='word_1_553' title='bbox 2881 4912 2994 4976; x_wconf 87' lang='lat' dir='ltr'><strong>flat</strong></span> <span class='ocrx_word' id='word_1_554' title='bbox 3015 4912 3222 4987; x_wconf 86' lang='lat' dir='ltr'><strong>beata,</strong></span> <span class='ocrx_word' id='word_1_555' title='bbox 3252 4926 3450 4992; x_wconf 89' lang='lat' dir='ltr'><strong>quam</strong></span> <span class='ocrx_word' id='word_1_556' title='bbox 3477 4912 3551 4971; x_wconf 92' lang='lat' dir='ltr'><strong>ut</strong></span> 
     </span>
     <span class='ocr_line' id='line_1_90' title="bbox 2004 5015 3550 5106; baseline -0.006 -18"><span class='ocrx_word' id='word_1_557' title='bbox 2004 5024 2120 5089; x_wconf 87' lang='lat' dir='ltr'><strong>flat</strong></span> <span class='ocrx_word' id='word_1_558' title='bbox 2137 5026 2345 5106; x_wconf 87' lang='lat' dir='ltr'><strong>justa:</strong></span> <span class='ocrx_word' id='word_1_559' title='bbox 2375 5027 2441 5088; x_wconf 90' lang='lat' dir='ltr'><strong>et</strong></span> <span class='ocrx_word' id='word_1_560' title='bbox 2465 5022 2608 5086; x_wconf 90' lang='lat' dir='ltr'><strong>ideo</strong></span> <span class='ocrx_word' id='word_1_561' title='bbox 2633 5038 2766 5084; x_wconf 91' lang='lat' dir='ltr'><strong>non</strong></span> <span class='ocrx_word' id='word_1_562' title='bbox 2790 5017 3104 5102; x_wconf 82' lang='lat' dir='ltr'><strong>sequitur,</strong></span> <span class='ocrx_word' id='word_1_563' title='bbox 3134 5015 3309 5099; x_wconf 88' lang='lat' dir='ltr'><strong>quod</strong></span> <span class='ocrx_word' id='word_1_564' title='bbox 3333 5015 3389 5078; x_wconf 90' lang='lat' dir='ltr'><strong>si</strong></span> <span class='ocrx_word' id='word_1_565' title='bbox 3415 5032 3550 5079; x_wconf 93' lang='lat' dir='ltr'><strong>non</strong></span> 
     </span>
     <span class='ocr_line' id='line_1_91' title="bbox 2006 5121 3552 5217; baseline -0.006 -22"><span class='ocrx_word' id='word_1_566' title='bbox 2006 5132 2155 5197; x_wconf 81' lang='lat' dir='ltr'><strong>facit</strong></span> <span class='ocrx_word' id='word_1_567' title='bbox 2179 5132 2454 5209; x_wconf 83' lang='lat' dir='ltr'><strong>beatam,</strong></span> <span class='ocrx_word' id='word_1_568' title='bbox 2475 5128 2648 5217; x_wconf 85' lang='lat' dir='ltr'><strong>quod</strong></span> <span class='ocrx_word' id='word_1_569' title='bbox 2669 5146 2802 5193; x_wconf 91' lang='lat' dir='ltr'><strong>non</strong></span> <span class='ocrx_word' id='word_1_570' title='bbox 2817 5126 3005 5190; x_wconf 82' lang='lat' dir='ltr'><strong>faciat</strong></span> <span class='ocrx_word' id='word_1_571' title='bbox 3020 5127 3289 5207; x_wconf 87' lang='lat' dir='ltr'><strong>justam.</strong></span> <span class='ocrx_word' id='word_1_572' title='bbox 3310 5121 3552 5188; x_wconf 88' lang='lat' dir='ltr'><strong>Tamen</strong></span> 
     </span>
    </p>
   </div>
   <div class='ocr_carea' id='block_1_17' title="bbox 2008 5286 3551 5428">
    <p class='ocr_par' dir='ltr' id='par_1_24' title="bbox 2008 5286 3551 5428">
     <span class='ocr_line' id='line_1_92' title="bbox 2009 5286 3551 5356; baseline -0.008 -11"><span class='ocrx_word' id='word_1_573' title='bbox 2009 5293 2127 5345; x_wconf 81' lang='lat' dir='ltr'><strong>dist.</strong></span> <span class='ocrx_word' id='word_1_574' title='bbox 2147 5303 2334 5354; x_wconf 71' lang='lat' dir='ltr'><strong>xnvm,</strong></span> <span class='ocrx_word' id='word_1_575' title='bbox 2355 5302 2484 5356; x_wconf 86' lang='lat' dir='ltr'><strong>q.11.</strong></span> <span class='ocrx_word' id='word_1_576' title='bbox 2505 5316 2559 5327; x_wconf 88' lang='lat'><strong>--</strong></span> <span class='ocrx_word' id='word_1_577' title='bbox 2581 5291 2605 5325; x_wconf 77' lang='lat'>⁸</span> <span class='ocrx_word' id='word_1_578' title='bbox 2623 5290 2701 5339; x_wconf 72' lang='grc' dir='ltr'><strong>Ρε.</strong></span> <span class='ocrx_word' id='word_1_579' title='bbox 2726 5298 2874 5339; x_wconf 81' lang='lat' dir='ltr'><strong>xxm</strong></span> <span class='ocrx_word' id='word_1_580' title='bbox 2892 5323 2909 5350; x_wconf 90' lang='lat'><strong>,</strong></span> <span class='ocrx_word' id='word_1_581' title='bbox 2939 5291 2985 5336; x_wconf 80' lang='grc'><strong>1.</strong></span> <span class='ocrx_word' id='word_1_582' title='bbox 3005 5312 3068 5322; x_wconf 90' lang='lat'><em>-</em></span> <span class='ocrx_word' id='word_1_583' title='bbox 3087 5286 3168 5336; x_wconf 84' lang='lat'><strong>³11</strong></span> <span class='ocrx_word' id='word_1_584' title='bbox 3201 5287 3338 5349; x_wconf 68' lang='lat' dir='ltr'><strong>Cor„</strong></span> <span class='ocrx_word' id='word_1_585' title='bbox 3372 5286 3551 5348; x_wconf 70' lang='lat' dir='ltr'><strong>x1,14.</strong></span> 
     </span>
     <span class='ocr_line' id='line_1_93' title="bbox 2008 5357 3475 5428; baseline -0.009 -11"><span class='ocrx_word' id='word_1_586' title='bbox 2008 5391 2071 5402; x_wconf 96' lang='lat'>—</span> <span class='ocrx_word' id='word_1_587' title='bbox 2088 5365 2110 5400; x_wconf 72' lang='lat'><strong>⁴</strong></span> <span class='ocrx_word' id='word_1_588' title='bbox 2126 5364 2326 5428; x_wconf 88' lang='lat' dir='ltr'><strong>Cicero,</strong></span> <span class='ocrx_word' id='word_1_589' title='bbox 2353 5363 2413 5412; x_wconf 83' lang='lat' dir='ltr'><strong>‹Ie</strong></span> <span class='ocrx_word' id='word_1_590' title='bbox 2438 5362 2690 5412; x_wconf 78' lang='lat' dir='ltr'><strong>Amicitia.</strong></span> <span class='ocrx_word' id='word_1_591' title='bbox 2712 5385 2768 5397; x_wconf 95' lang='grc'>-</span> <span class='ocrx_word' id='word_1_592' title='bbox 2787 5360 2809 5395; x_wconf 84' lang='lat'>⁸</span> <span class='ocrx_word' id='word_1_593' title='bbox 2826 5360 2980 5422; x_wconf 64' lang='lat' dir='ltr'><strong>Aug„</strong></span> <span class='ocrx_word' id='word_1_594' title='bbox 3011 5357 3307 5422; x_wconf 66' lang='lat' dir='ltr'><strong>Eae-laima„</strong></span> <span class='ocrx_word' id='word_1_595' title='bbox 3335 5372 3381 5407; x_wconf 88' lang='lat' dir='ltr'><strong>c.</strong></span> <span class='ocrx_word' id='word_1_596' title='bbox 3406 5369 3475 5409; x_wconf 80' lang='lat' dir='ltr'><strong>cl.</strong></span> 
     </span>
    </p>
   </div>
   <div class='ocr_carea' id='block_1_18' title="bbox 3164 5454 3243 5514">
    <p class='ocr_par' dir='ltr' id='par_1_25' title="bbox 3164 5454 3243 5514">
     <span class='ocr_line' id='line_1_94' title="bbox 3164 5454 3243 5514; baseline 0.013 -1"><span class='ocrx_word' id='word_1_597' title='bbox 3164 5454 3243 5514; x_wconf 80' lang='lat'><strong>15</strong></span> 
     </span>
    </p>
   </div>
  </div>
 </body>
</html>
