<?xml version="1.0" encoding="UTF-8"?>
<!DOCTYPE html PUBLIC "-//W3C//DTD XHTML 1.0 Transitional//EN"
    "http://www.w3.org/TR/xhtml1/DTD/xhtml1-transitional.dtd">
<html xmlns="http://www.w3.org/1999/xhtml" xml:lang="en" lang="en">
 <head>
  <title>
</title>
<meta http-equiv="Content-Type" content="text/html;charset=utf-8" />
  <meta name='ocr-system' content='tesseract 3.04.00' />
  <meta name='ocr-capabilities' content='ocr_page ocr_carea ocr_par ocr_line ocrx_word'/>
</head>
<body>
  <div class='ocr_page' id='page_1' title='image "./srecardinalissb01peltgoog_0585.png"; bbox 0 0 4125 6225; ppageno 0'>
   <div class='ocr_carea' id='block_1_1' title="bbox 32 1478 232 1523">
    <p class='ocr_par' dir='ltr' id='par_1_1' title="bbox 32 1478 232 1523">
     <span class='ocr_line' id='line_1_1' title="bbox 32 1478 232 1523; baseline 0.005 -1"><span class='ocrx_word' id='word_1_1' title='bbox 32 1478 232 1523; x_wconf 74' lang='lat' dir='ltr'>Fundam.</span> 
     </span>
    </p>
   </div>
   <div class='ocr_carea' id='block_1_2' title="bbox 1281 464 2413 546">
    <p class='ocr_par' dir='ltr' id='par_1_2' title="bbox 1281 464 2413 546">
     <span class='ocr_line' id='line_1_2' title="bbox 1281 464 2413 546; baseline 0.009 -15"><span class='ocrx_word' id='word_1_2' title='bbox 1281 465 1477 533; x_wconf 83' lang='lat' dir='ltr'>DIST.</span> <span class='ocrx_word' id='word_1_3' title='bbox 1520 464 1629 531; x_wconf 77' lang='lat' dir='ltr'>xl.</span> <span class='ocrx_word' id='word_1_4' title='bbox 1671 465 1856 534; x_wconf 75' lang='grc' dir='ltr'><strong>ΛΒΤ.</strong></span> <span class='ocrx_word' id='word_1_5' title='bbox 1901 465 1979 532; x_wconf 86' lang='lat'>11.</span> <span class='ocrx_word' id='word_1_6' title='bbox 2022 467 2322 546; x_wconf 81' lang='lat' dir='ltr'>QUAEST.</span> <span class='ocrx_word' id='word_1_7' title='bbox 2365 476 2413 541; x_wconf 84' lang='lat'>1.</span> 
     </span>
    </p>
   </div>
   <div class='ocr_carea' id='block_1_3' title="bbox 240 600 1807 1651">
    <p class='ocr_par' dir='ltr' id='par_1_3' title="bbox 240 600 1807 1459">
     <span class='ocr_line' id='line_1_3' title="bbox 264 600 1806 689; baseline -0.003 -20"><span class='ocrx_word' id='word_1_8' title='bbox 264 612 524 689; x_wconf 91' lang='lat' dir='ltr'>propter</span> <span class='ocrx_word' id='word_1_9' title='bbox 573 604 1008 685; x_wconf 84' lang='lat' dir='ltr'>contemptum</span> <span class='ocrx_word' id='word_1_10' title='bbox 1062 618 1081 664; x_wconf 74' lang='lat' dir='ltr'>t</span> <span class='ocrx_word' id='word_1_11' title='bbox 1133 618 1292 682; x_wconf 81' lang='lat' dir='ltr'>ergo</span> <span class='ocrx_word' id='word_1_12' title='bbox 1340 600 1692 665; x_wconf 89' lang='lat' dir='ltr'>obstinatus</span> <span class='ocrx_word' id='word_1_13' title='bbox 1734 601 1806 665; x_wconf 90' lang='lat' dir='ltr'>in</span> 
     </span>
     <span class='ocr_line' id='line_1_4' title="bbox 263 707 1806 795; baseline -0.002 -19"><span class='ocrx_word' id='word_1_14' title='bbox 263 712 436 776; x_wconf 88' lang='lat' dir='ltr'>malo</span> <span class='ocrx_word' id='word_1_15' title='bbox 480 711 749 795; x_wconf 82' lang='lat' dir='ltr'>gravius</span> <span class='ocrx_word' id='word_1_16' title='bbox 790 713 1008 793; x_wconf 86' lang='lat' dir='ltr'>peccat</span> <span class='ocrx_word' id='word_1_17' title='bbox 1028 757 1046 787; x_wconf 84' lang='lat'>,</span> <span class='ocrx_word' id='word_1_18' title='bbox 1090 707 1347 792; x_wconf 89' lang='lat' dir='ltr'>quando</span> <span class='ocrx_word' id='word_1_19' title='bbox 1363 757 1382 787; x_wconf 90' lang='lat'>,</span> <span class='ocrx_word' id='word_1_20' title='bbox 1443 711 1806 791; x_wconf 86' lang='lat' dir='ltr'>contempta</span> 
     </span>
     <span class='ocr_line' id='line_1_5' title="bbox 262 814 1800 899; baseline -0.005 -14"><span class='ocrx_word' id='word_1_21' title='bbox 262 819 701 885; x_wconf 75' lang='lat' dir='ltr'>exhortatione</span> <span class='ocrx_word' id='word_1_22' title='bbox 740 816 1031 898; x_wconf 82' lang='lat' dir='ltr'>angelica</span> <span class='ocrx_word' id='word_1_23' title='bbox 1047 865 1065 897; x_wconf 87' lang='lat'>‚</span> <span class='ocrx_word' id='word_1_24' title='bbox 1104 815 1384 899; x_wconf 82' lang='lat' dir='ltr'><strong>persistit</strong></span> <span class='ocrx_word' id='word_1_25' title='bbox 1418 814 1490 878; x_wconf 91' lang='lat' dir='ltr'>in</span> <span class='ocrx_word' id='word_1_26' title='bbox 1523 814 1768 878; x_wconf 87' lang='lat' dir='ltr'>malitia</span> <span class='ocrx_word' id='word_1_27' title='bbox 1781 863 1800 894; x_wconf 90' lang='lat'>,</span> 
     </span>
     <span class='ocr_line' id='line_1_6' title="bbox 263 921 1802 1011; baseline -0.005 -20"><span class='ocrx_word' id='word_1_28' title='bbox 263 945 463 1011; x_wconf 88' lang='lat' dir='ltr'>quam</span> <span class='ocrx_word' id='word_1_29' title='bbox 488 926 543 989; x_wconf 89' lang='lat' dir='ltr'>si</span> <span class='ocrx_word' id='word_1_30' title='bbox 569 929 730 990; x_wconf 88' lang='lat' dir='ltr'>esset</span> <span class='ocrx_word' id='word_1_31' title='bbox 756 924 1018 989; x_wconf 89' lang='lat' dir='ltr'>omnino</span> <span class='ocrx_word' id='word_1_32' title='bbox 1044 924 1126 987; x_wconf 89' lang='lat' dir='ltr'>ab</span> <span class='ocrx_word' id='word_1_33' title='bbox 1157 922 1388 1004; x_wconf 82' lang='lat' dir='ltr'>angelo</span> <span class='ocrx_word' id='word_1_34' title='bbox 1415 921 1752 986; x_wconf 87' lang='lat' dir='ltr'>derelictus</span> <span class='ocrx_word' id='word_1_35' title='bbox 1783 939 1802 984; x_wconf 75' lang='lat' dir='ltr'>t</span> 
     </span>
     <span class='ocr_line' id='line_1_7' title="bbox 261 1028 1803 1119; baseline -0.005 -19"><span class='ocrx_word' id='word_1_36' title='bbox 261 1054 420 1119; x_wconf 83' lang='lat' dir='ltr'>ergo</span> <span class='ocrx_word' id='word_1_37' title='bbox 445 1035 500 1098; x_wconf 89' lang='lat' dir='ltr'>si</span> <span class='ocrx_word' id='word_1_38' title='bbox 526 1033 795 1116; x_wconf 80' lang='lat' dir='ltr'>angelus</span> <span class='ocrx_word' id='word_1_39' title='bbox 825 1033 1034 1097; x_wconf 88' lang='lat' dir='ltr'>bonus</span> <span class='ocrx_word' id='word_1_40' title='bbox 1066 1049 1199 1096; x_wconf 90' lang='lat' dir='ltr'>non</span> <span class='ocrx_word' id='word_1_41' title='bbox 1225 1031 1414 1094; x_wconf 88' lang='lat' dir='ltr'>debet</span> <span class='ocrx_word' id='word_1_42' title='bbox 1437 1028 1675 1112; x_wconf 89' lang='lat' dir='ltr'>aliquid</span> <span class='ocrx_word' id='word_1_43' title='bbox 1700 1029 1803 1092; x_wconf 80' lang='lat' dir='ltr'>fa-</span> 
     </span>
     <span class='ocr_line' id='line_1_8' title="bbox 259 1138 1807 1225; baseline -0.006 -18"><span class='ocrx_word' id='word_1_44' title='bbox 259 1161 403 1208; x_wconf 91' lang='lat' dir='ltr'>cere</span> <span class='ocrx_word' id='word_1_45' title='bbox 431 1142 604 1225; x_wconf 89' lang='lat' dir='ltr'>quod</span> <span class='ocrx_word' id='word_1_46' title='bbox 632 1144 859 1222; x_wconf 83' lang='lat' dir='ltr'>vergat</span> <span class='ocrx_word' id='word_1_47' title='bbox 883 1139 952 1203; x_wconf 90' lang='lat' dir='ltr'>in</span> <span class='ocrx_word' id='word_1_48' title='bbox 977 1139 1224 1203; x_wconf 89' lang='lat' dir='ltr'>malum</span> <span class='ocrx_word' id='word_1_49' title='bbox 1266 1138 1406 1219; x_wconf 89' lang='lat' dir='ltr'>ejus</span> <span class='ocrx_word' id='word_1_50' title='bbox 1434 1154 1630 1218; x_wconf 89' lang='lat' dir='ltr'>quem</span> <span class='ocrx_word' id='word_1_51' title='bbox 1670 1154 1807 1199; x_wconf 92' lang='lat' dir='ltr'>cus-</span> 
     </span>
     <span class='ocr_line' id='line_1_9' title="bbox 261 1244 1801 1329; baseline -0.006 -14"><span class='ocrx_word' id='word_1_52' title='bbox 261 1249 422 1315; x_wconf 86' lang='lat' dir='ltr'>todit</span> <span class='ocrx_word' id='word_1_53' title='bbox 438 1297 455 1325; x_wconf 87' lang='lat'>‚</span> <span class='ocrx_word' id='word_1_54' title='bbox 486 1249 741 1313; x_wconf 86' lang='lat' dir='ltr'>videtur</span> <span class='ocrx_word' id='word_1_55' title='bbox 773 1247 944 1329; x_wconf 92' lang='lat' dir='ltr'>quod</span> <span class='ocrx_word' id='word_1_56' title='bbox 969 1296 985 1324; x_wconf 86' lang='lat'><strong>‚</strong></span> <span class='ocrx_word' id='word_1_57' title='bbox 1016 1264 1100 1311; x_wconf 83' lang='lat' dir='ltr'>ex</span> <span class='ocrx_word' id='word_1_58' title='bbox 1135 1264 1263 1327; x_wconf 90' lang='lat' dir='ltr'>quo</span> <span class='ocrx_word' id='word_1_59' title='bbox 1294 1244 1648 1307; x_wconf 86' lang='lat' dir='ltr'>obstinatus</span> <span class='ocrx_word' id='word_1_60' title='bbox 1674 1246 1801 1319; x_wconf 88' lang='lat' dir='ltr'>est,</span> 
     </span>
     <span class='ocr_line' id='line_1_10' title="bbox 240 1351 1485 1459; baseline -0.006 -38"><span class='ocrx_word' id='word_1_61' title='bbox 240 1375 395 1459; x_wconf 44' lang='lat' dir='ltr'>‘non</span> <span class='ocrx_word' id='word_1_62' title='bbox 420 1356 642 1420; x_wconf 84' lang='lat' dir='ltr'>debeat</span> <span class='ocrx_word' id='word_1_63' title='bbox 665 1372 818 1419; x_wconf 91' lang='lat' dir='ltr'>eum</span> <span class='ocrx_word' id='word_1_64' title='bbox 845 1353 1120 1436; x_wconf 87' lang='lat' dir='ltr'>amplius</span> <span class='ocrx_word' id='word_1_65' title='bbox 1150 1351 1485 1416; x_wconf 89' lang='lat' dir='ltr'>custodire.</span> 
     </span>
    </p>

    <p class='ocr_par' dir='ltr' id='par_1_4' title="bbox 261 1455 1805 1651">
     <span class='ocr_line' id='line_1_11' title="bbox 344 1455 1803 1539; baseline -0.008 -9"><span class='ocrx_word' id='word_1_66' title='bbox 344 1465 573 1530; x_wconf 82' lang='lat' dir='ltr'><strong>Contra</strong></span> <span class='ocrx_word' id='word_1_67' title='bbox 615 1482 630 1525; x_wconf 89' lang='lat'>:</span> <span class='ocrx_word' id='word_1_68' title='bbox 673 1462 959 1527; x_wconf 89' lang='lat' dir='ltr'>Paratior</span> <span class='ocrx_word' id='word_1_69' title='bbox 1004 1464 1099 1525; x_wconf 88' lang='lat' dir='ltr'>est</span> <span class='ocrx_word' id='word_1_70' title='bbox 1149 1460 1354 1524; x_wconf 89' lang='lat' dir='ltr'>bonus</span> <span class='ocrx_word' id='word_1_71' title='bbox 1398 1455 1669 1539; x_wconf 82' lang='lat' dir='ltr'>angelus</span> <span class='ocrx_word' id='word_1_72' title='bbox 1722 1456 1803 1519; x_wconf 92' lang='lat' dir='ltr'>ad</span> 
     </span>
     <span class='ocr_line' id='line_1_12' title="bbox 261 1565 1805 1651; baseline -0.008 -13"><span class='ocrx_word' id='word_1_73' title='bbox 261 1572 769 1638; x_wconf 88' lang='lat' dir='ltr'>conservandum</span> <span class='ocrx_word' id='word_1_74' title='bbox 801 1570 871 1633; x_wconf 92' lang='lat' dir='ltr'>in</span> <span class='ocrx_word' id='word_1_75' title='bbox 900 1569 1094 1648; x_wconf 85' lang='lat' dir='ltr'>bono,</span> <span class='ocrx_word' id='word_1_76' title='bbox 1129 1584 1326 1651; x_wconf 85' lang='lat' dir='ltr'>quam</span> <span class='ocrx_word' id='word_1_77' title='bbox 1353 1565 1435 1628; x_wconf 89' lang='lat' dir='ltr'>sit</span> <span class='ocrx_word' id='word_1_78' title='bbox 1460 1565 1668 1628; x_wconf 89' lang='lat' dir='ltr'>malus</span> <span class='ocrx_word' id='word_1_79' title='bbox 1693 1580 1805 1627; x_wconf 88' lang='lat' dir='ltr'>an-</span> 
     </span>
    </p>
   </div>
   <div class='ocr_carea' id='block_1_4' title="bbox 260 1672 1889 1764">
    <p class='ocr_par' dir='ltr' id='par_1_5' title="bbox 260 1672 1889 1764">
     <span class='ocr_line' id='line_1_13' title="bbox 260 1672 1889 1764; baseline -0.007 -19"><span class='ocrx_word' id='word_1_80' title='bbox 260 1681 447 1764; x_wconf 82' lang='lat' dir='ltr'>gelus</span> <span class='ocrx_word' id='word_1_81' title='bbox 465 1681 544 1746; x_wconf 87' lang='lat' dir='ltr'>ad</span> <span class='ocrx_word' id='word_1_82' title='bbox 570 1676 1096 1763; x_wconf 72' lang='lat' dir='ltr'>praecipitandum</span> <span class='ocrx_word' id='word_1_83' title='bbox 1124 1676 1193 1740; x_wconf 92' lang='lat' dir='ltr'>in</span> <span class='ocrx_word' id='word_1_84' title='bbox 1218 1675 1500 1752; x_wconf 89' lang='lat' dir='ltr'>malum;</span> <span class='ocrx_word' id='word_1_85' title='bbox 1537 1672 1644 1736; x_wconf 88' lang='lat' dir='ltr'>sed</span> <span class='ocrx_word' id='word_1_86' title='bbox 1665 1690 1803 1735; x_wconf 85' lang='lat' dir='ltr'>ma·</span> <span class='ocrx_word' id='word_1_87' title='bbox 1878 1730 1889 1744; x_wconf 83' lang='grc'><strong>,</strong></span> 
     </span>
    </p>
   </div>
   <div class='ocr_carea' id='block_1_5' title="bbox 243 1778 1804 5628">
    <p class='ocr_par' dir='ltr' id='par_1_6' title="bbox 256 1778 1804 2717">
     <span class='ocr_line' id='line_1_14' title="bbox 257 1778 1803 1871; baseline -0.008 -18"><span class='ocrx_word' id='word_1_88' title='bbox 257 1788 363 1853; x_wconf 92' lang='lat' dir='ltr'>lus</span> <span class='ocrx_word' id='word_1_89' title='bbox 394 1789 665 1871; x_wconf 86' lang='lat' dir='ltr'>angelus</span> <span class='ocrx_word' id='word_1_90' title='bbox 683 1836 700 1867; x_wconf 90' lang='lat'>,</span> <span class='ocrx_word' id='word_1_91' title='bbox 728 1788 1323 1868; x_wconf 87' lang='lat' dir='ltr'>quantumcumque</span> <span class='ocrx_word' id='word_1_92' title='bbox 1357 1781 1555 1845; x_wconf 90' lang='lat' dir='ltr'>homo</span> <span class='ocrx_word' id='word_1_93' title='bbox 1584 1780 1666 1843; x_wconf 88' lang='lat' dir='ltr'>sit</span> <span class='ocrx_word' id='word_1_94' title='bbox 1680 1778 1803 1842; x_wconf 90' lang='lat' dir='ltr'>bo-</span> 
     </span>
     <span class='ocr_line' id='line_1_15' title="bbox 259 1888 1800 1979; baseline -0.007 -20"><span class='ocrx_word' id='word_1_95' title='bbox 259 1915 388 1961; x_wconf 87' lang='lat' dir='ltr'>nus</span> <span class='ocrx_word' id='word_1_96' title='bbox 410 1945 427 1977; x_wconf 89' lang='lat'>,</span> <span class='ocrx_word' id='word_1_97' title='bbox 476 1914 683 1979; x_wconf 90' lang='lat' dir='ltr'>usque</span> <span class='ocrx_word' id='word_1_98' title='bbox 717 1895 796 1959; x_wconf 85' lang='lat' dir='ltr'>ad</span> <span class='ocrx_word' id='word_1_99' title='bbox 848 1898 1119 1957; x_wconf 91' lang='lat' dir='ltr'>mortem</span> <span class='ocrx_word' id='word_1_100' title='bbox 1158 1910 1289 1956; x_wconf 90' lang='lat' dir='ltr'>non</span> <span class='ocrx_word' id='word_1_101' title='bbox 1321 1888 1549 1955; x_wconf 89' lang='lat' dir='ltr'>desinit</span> <span class='ocrx_word' id='word_1_102' title='bbox 1587 1888 1800 1969; x_wconf 91' lang='lat' dir='ltr'>ipsum</span> 
     </span>
     <span class='ocr_line' id='line_1_16' title="bbox 259 1996 1804 2085; baseline -0.005 -18"><span class='ocrx_word' id='word_1_103' title='bbox 259 2004 560 2069; x_wconf 85' lang='lat' dir='ltr'>infestare</span> <span class='ocrx_word' id='word_1_104' title='bbox 607 2022 625 2067; x_wconf 73' lang='grc' dir='ltr'>ε</span> <span class='ocrx_word' id='word_1_105' title='bbox 679 2020 838 2085; x_wconf 84' lang='lat' dir='ltr'>ergo</span> <span class='ocrx_word' id='word_1_106' title='bbox 891 2001 1147 2068; x_wconf 86' lang='lat' dir='ltr'>videtur</span> <span class='ocrx_word' id='word_1_107' title='bbox 1196 2000 1368 2083; x_wconf 89' lang='lat' dir='ltr'>quod</span> <span class='ocrx_word' id='word_1_108' title='bbox 1428 2015 1547 2062; x_wconf 90' lang='lat' dir='ltr'>nec</span> <span class='ocrx_word' id='word_1_109' title='bbox 1595 1996 1804 2060; x_wconf 90' lang='lat' dir='ltr'>bonus</span> 
     </span>
     <span class='ocr_line' id='line_1_17' title="bbox 258 2105 1802 2195; baseline -0.008 -16"><span class='ocrx_word' id='word_1_110' title='bbox 258 2118 857 2195; x_wconf 88' lang='lat' dir='ltr'>quantumcumque</span> <span class='ocrx_word' id='word_1_111' title='bbox 890 2109 1133 2175; x_wconf 86' lang='lat' dir='ltr'>malum</span> <span class='ocrx_word' id='word_1_112' title='bbox 1170 2125 1374 2191; x_wconf 90' lang='lat' dir='ltr'>usque</span> <span class='ocrx_word' id='word_1_113' title='bbox 1411 2105 1492 2169; x_wconf 88' lang='lat' dir='ltr'>ad</span> <span class='ocrx_word' id='word_1_114' title='bbox 1528 2108 1802 2168; x_wconf 91' lang='lat' dir='ltr'>mortem</span> 
     </span>
     <span class='ocr_line' id='line_1_18' title="bbox 257 2212 1800 2300; baseline -0.006 -16"><span class='ocrx_word' id='word_1_115' title='bbox 257 2219 505 2285; x_wconf 86' lang='lat' dir='ltr'>desinat</span> <span class='ocrx_word' id='word_1_116' title='bbox 522 2219 858 2285; x_wconf 90' lang='lat' dir='ltr'>custodire.</span> <span class='ocrx_word' id='word_1_117' title='bbox 881 2217 1083 2300; x_wconf 75' lang='lat' dir='ltr'>Major</span> <span class='ocrx_word' id='word_1_118' title='bbox 1102 2215 1448 2300; x_wconf 81' lang='lat' dir='ltr'>propositio</span> <span class='ocrx_word' id='word_1_119' title='bbox 1468 2212 1800 2276; x_wconf 85' lang='lat' dir='ltr'>manifesta</span> 
     </span>
     <span class='ocr_line' id='line_1_19' title="bbox 258 2320 1801 2410; baseline -0.006 -18"><span class='ocrx_word' id='word_1_120' title='bbox 258 2330 374 2392; x_wconf 87' lang='lat' dir='ltr'>est.</span> <span class='ocrx_word' id='word_1_121' title='bbox 406 2327 616 2393; x_wconf 87' lang='lat' dir='ltr'>Minor</span> <span class='ocrx_word' id='word_1_122' title='bbox 644 2327 951 2410; x_wconf 86' lang='lat' dir='ltr'>probatur</span> <span class='ocrx_word' id='word_1_123' title='bbox 981 2345 1096 2410; x_wconf 87' lang='lat' dir='ltr'>per</span> <span class='ocrx_word' id='word_1_124' title='bbox 1128 2323 1289 2389; x_wconf 90' lang='lat' dir='ltr'>illud</span> <span class='ocrx_word' id='word_1_125' title='bbox 1308 2372 1326 2403; x_wconf 87' lang='lat'>,</span> <span class='ocrx_word' id='word_1_126' title='bbox 1371 2321 1543 2405; x_wconf 90' lang='lat' dir='ltr'>quod</span> <span class='ocrx_word' id='word_1_127' title='bbox 1570 2320 1801 2385; x_wconf 81' lang='lat' dir='ltr'>dicitur</span> 
     </span>
     <span class='ocr_line' id='line_1_20' title="bbox 256 2427 1802 2520; baseline -0.004 -21"><span class='ocrx_word' id='word_1_128' title='bbox 256 2436 328 2500; x_wconf 91' lang='lat' dir='ltr'>in</span> <span class='ocrx_word' id='word_1_129' title='bbox 364 2435 578 2501; x_wconf 90' lang='lat' dir='ltr'>Glossa</span> <span class='ocrx_word' id='word_1_130' title='bbox 622 2453 813 2520; x_wconf 90' lang='lat' dir='ltr'>super</span> <span class='ocrx_word' id='word_1_131' title='bbox 847 2434 1008 2499; x_wconf 88' lang='lat' dir='ltr'>illud</span> <span class='ocrx_word' id='word_1_132' title='bbox 1041 2435 1060 2470; x_wconf 87' lang='lat'>¹</span> <span class='ocrx_word' id='word_1_133' title='bbox 1103 2456 1117 2498; x_wconf 94' lang='lat'><strong>:</strong></span> <span class='ocrx_word' id='word_1_134' title='bbox 1160 2427 1577 2515; x_wconf 75' lang='lat' dir='ltr'>Apprehende</span> <span class='ocrx_word' id='word_1_135' title='bbox 1609 2429 1802 2496; x_wconf 78' lang='lat' dir='ltr'>bran-</span> 
     </span>
     <span class='ocr_line' id='line_1_21' title="bbox 257 2540 1800 2625; baseline -0.006 -16"><span class='ocrx_word' id='word_1_136' title='bbox 257 2544 475 2609; x_wconf 78' lang='lat' dir='ltr'>chiam</span> <span class='ocrx_word' id='word_1_137' title='bbox 524 2543 665 2625; x_wconf 68' lang='lat' dir='ltr'>ejus</span> <span class='ocrx_word' id='word_1_138' title='bbox 702 2564 728 2606; x_wconf 79' lang='lat'>.-</span> <span class='ocrx_word' id='word_1_139' title='bbox 780 2567 810 2605; x_wconf 76' lang='grc' dir='ltr'><strong>α</strong></span> <span class='ocrx_word' id='word_1_140' title='bbox 838 2541 1134 2607; x_wconf 87' lang='lat' dir='ltr'>Diabolus</span> <span class='ocrx_word' id='word_1_141' title='bbox 1174 2558 1381 2624; x_wconf 86' lang='lat' dir='ltr'>usque</span> <span class='ocrx_word' id='word_1_142' title='bbox 1419 2540 1498 2604; x_wconf 86' lang='lat' dir='ltr'>ad</span> <span class='ocrx_word' id='word_1_143' title='bbox 1545 2555 1800 2602; x_wconf 90' lang='lat' dir='ltr'>crucem</span> 
     </span>
     <span class='ocr_line' id='line_1_22' title="bbox 257 2651 1077 2717; baseline -0.007 -1"><span class='ocrx_word' id='word_1_144' title='bbox 257 2657 516 2717; x_wconf 86' lang='lat' dir='ltr'>secutus</span> <span class='ocrx_word' id='word_1_145' title='bbox 545 2656 640 2716; x_wconf 91' lang='lat' dir='ltr'>est</span> <span class='ocrx_word' id='word_1_146' title='bbox 667 2651 1011 2717; x_wconf 81' lang='lat' dir='ltr'>Christum.</span> <span class='ocrx_word' id='word_1_147' title='bbox 1043 2670 1077 2709; x_wconf 80' lang='lat'>1&gt;</span> 
     </span>
    </p>

    <p class='ocr_par' dir='ltr' id='par_1_7' title="bbox 254 2757 1802 3381">
     <span class='ocr_line' id='line_1_23' title="bbox 340 2757 1802 2841; baseline -0.003 -19"><span class='ocrx_word' id='word_1_148' title='bbox 340 2758 535 2837; x_wconf 84' lang='lat' dir='ltr'>Item,</span> <span class='ocrx_word' id='word_1_149' title='bbox 574 2763 815 2841; x_wconf 89' lang='lat' dir='ltr'>quanto</span> <span class='ocrx_word' id='word_1_150' title='bbox 851 2758 1081 2841; x_wconf 82' lang='lat' dir='ltr'>aliquis</span> <span class='ocrx_word' id='word_1_151' title='bbox 1111 2760 1291 2841; x_wconf 84' lang='lat' dir='ltr'>pejor</span> <span class='ocrx_word' id='word_1_152' title='bbox 1325 2759 1453 2835; x_wconf 90' lang='lat' dir='ltr'>est,</span> <span class='ocrx_word' id='word_1_153' title='bbox 1495 2757 1672 2819; x_wconf 84' lang='lat' dir='ltr'>tanto</span> <span class='ocrx_word' id='word_1_154' title='bbox 1704 2758 1802 2819; x_wconf 90' lang='lat' dir='ltr'>est</span> 
     </span>
     <span class='ocr_line' id='line_1_24' title="bbox 258 2862 1800 2953; baseline -0.004 -21"><span class='ocrx_word' id='word_1_155' title='bbox 258 2869 522 2953; x_wconf 88' lang='lat' dir='ltr'>pronior</span> <span class='ocrx_word' id='word_1_156' title='bbox 565 2868 645 2934; x_wconf 91' lang='lat' dir='ltr'>ad</span> <span class='ocrx_word' id='word_1_157' title='bbox 692 2868 937 2933; x_wconf 86' lang='lat' dir='ltr'>malum</span> <span class='ocrx_word' id='word_1_158' title='bbox 973 2871 1085 2933; x_wconf 86' lang='lat' dir='ltr'>:et</span> <span class='ocrx_word' id='word_1_159' title='bbox 1130 2868 1368 2950; x_wconf 83' lang='lat' dir='ltr'>quanto</span> <span class='ocrx_word' id='word_1_160' title='bbox 1417 2865 1677 2947; x_wconf 90' lang='lat' dir='ltr'>pronior</span> <span class='ocrx_word' id='word_1_161' title='bbox 1719 2862 1800 2927; x_wconf 82' lang='lat' dir='ltr'>ad</span> 
     </span>
     <span class='ocr_line' id='line_1_25' title="bbox 258 2972 1796 3058; baseline -0.005 -16"><span class='ocrx_word' id='word_1_162' title='bbox 258 2978 504 3042; x_wconf 89' lang='lat' dir='ltr'>malum</span> <span class='ocrx_word' id='word_1_163' title='bbox 519 3026 538 3057; x_wconf 82' lang='lat'>,</span> <span class='ocrx_word' id='word_1_164' title='bbox 596 2980 773 3042; x_wconf 84' lang='lat' dir='ltr'>tauto</span> <span class='ocrx_word' id='word_1_165' title='bbox 818 2976 1030 3058; x_wconf 81' lang='lat' dir='ltr'>magis</span> <span class='ocrx_word' id='word_1_166' title='bbox 1078 2975 1325 3057; x_wconf 82' lang='lat' dir='ltr'>indiget</span> <span class='ocrx_word' id='word_1_167' title='bbox 1367 2972 1728 3038; x_wconf 75' lang='lat' dir='ltr'>retrahente</span> <span class='ocrx_word' id='word_1_168' title='bbox 1777 2991 1796 3035; x_wconf 78' lang='lat'>2</span> 
     </span>
     <span class='ocr_line' id='line_1_26' title="bbox 257 3079 1793 3168; baseline -0.005 -19"><span class='ocrx_word' id='word_1_169' title='bbox 257 3103 417 3168; x_wconf 80' lang='lat' dir='ltr'>ergo</span> <span class='ocrx_word' id='word_1_170' title='bbox 456 3084 512 3148; x_wconf 90' lang='lat' dir='ltr'>si</span> <span class='ocrx_word' id='word_1_171' title='bbox 550 3083 825 3165; x_wconf 81' lang='lat' dir='ltr'>angelus</span> <span class='ocrx_word' id='word_1_172' title='bbox 846 3131 865 3162; x_wconf 90' lang='lat'>‚</span> <span class='ocrx_word' id='word_1_173' title='bbox 910 3082 1246 3166; x_wconf 87' lang='lat' dir='ltr'>deputatus</span> <span class='ocrx_word' id='word_1_174' title='bbox 1281 3081 1359 3146; x_wconf 87' lang='lat' dir='ltr'>ad</span> <span class='ocrx_word' id='word_1_175' title='bbox 1404 3079 1758 3144; x_wconf 84' lang='lat' dir='ltr'>custodiam</span> <span class='ocrx_word' id='word_1_176' title='bbox 1776 3128 1793 3160; x_wconf 89' lang='lat'>‚</span> 
     </span>
     <span class='ocr_line' id='line_1_27' title="bbox 255 3186 1799 3266; baseline -0.005 -10"><span class='ocrx_word' id='word_1_177' title='bbox 255 3191 336 3256; x_wconf 86' lang='lat' dir='ltr'>ad</span> <span class='ocrx_word' id='word_1_178' title='bbox 365 3191 488 3257; x_wconf 90' lang='lat' dir='ltr'>hoc</span> <span class='ocrx_word' id='word_1_179' title='bbox 507 3192 839 3256; x_wconf 83' lang='lat' dir='ltr'>ordinatur</span> <span class='ocrx_word' id='word_1_180' title='bbox 860 3192 937 3256; x_wconf 84' lang='lat' dir='ltr'>ut</span> <span class='ocrx_word' id='word_1_181' title='bbox 958 3189 1239 3255; x_wconf 87' lang='lat' dir='ltr'>retrahat</span> <span class='ocrx_word' id='word_1_182' title='bbox 1264 3206 1304 3251; x_wconf 90' lang='lat' dir='ltr'>a</span> <span class='ocrx_word' id='word_1_183' title='bbox 1326 3187 1518 3266; x_wconf 85' lang='lat' dir='ltr'>ma10,</span> <span class='ocrx_word' id='word_1_184' title='bbox 1542 3186 1799 3250; x_wconf 86' lang='lat' dir='ltr'>videtur</span> 
     </span>
     <span class='ocr_line' id='line_1_28' title="bbox 254 3296 1514 3381; baseline -0.006 -17"><span class='ocrx_word' id='word_1_185' title='bbox 254 3298 430 3381; x_wconf 89' lang='lat' dir='ltr'>quod</span> <span class='ocrx_word' id='word_1_186' title='bbox 453 3316 588 3364; x_wconf 89' lang='lat' dir='ltr'>non</span> <span class='ocrx_word' id='word_1_187' title='bbox 613 3298 837 3363; x_wconf 86' lang='lat' dir='ltr'>debeat</span> <span class='ocrx_word' id='word_1_188' title='bbox 860 3296 1150 3361; x_wconf 84' lang='lat' dir='ltr'>subtrahi</span> <span class='ocrx_word' id='word_1_189' title='bbox 1178 3296 1514 3361; x_wconf 88' lang='lat' dir='ltr'>obstinat0.</span> 
     </span>
    </p>

    <p class='ocr_par' dir='ltr' id='par_1_8' title="bbox 248 3402 1798 4139">
     <span class='ocr_line' id='line_1_29' title="bbox 334 3402 1797 3489; baseline -0.005 -15"><span class='ocrx_word' id='word_1_190' title='bbox 334 3408 495 3474; x_wconf 83' lang='lat' dir='ltr'>Item</span> <span class='ocrx_word' id='word_1_191' title='bbox 542 3408 619 3471; x_wconf 92' lang='lat' dir='ltr'>de</span> <span class='ocrx_word' id='word_1_192' title='bbox 663 3408 919 3473; x_wconf 89' lang='lat' dir='ltr'>nemine</span> <span class='ocrx_word' id='word_1_193' title='bbox 969 3404 1430 3489; x_wconf 87' lang='lat' dir='ltr'>desperandum</span> <span class='ocrx_word' id='word_1_194' title='bbox 1467 3407 1590 3482; x_wconf 87' lang='lat' dir='ltr'>est,</span> <span class='ocrx_word' id='word_1_195' title='bbox 1638 3402 1797 3467; x_wconf 92' lang='lat' dir='ltr'>dum</span> 
     </span>
     <span class='ocr_line' id='line_1_30' title="bbox 255 3508 1798 3596; baseline -0.005 -16"><span class='ocrx_word' id='word_1_196' title='bbox 255 3519 351 3579; x_wconf 86' lang='lat' dir='ltr'>est</span> <span class='ocrx_word' id='word_1_197' title='bbox 380 3515 453 3579; x_wconf 88' lang='lat' dir='ltr'>in</span> <span class='ocrx_word' id='word_1_198' title='bbox 478 3514 588 3580; x_wconf 85' lang='lat' dir='ltr'>via</span> <span class='ocrx_word' id='word_1_199' title='bbox 617 3536 634 3578; x_wconf 77' lang='lat' dir='ltr'><em>z</em></span> <span class='ocrx_word' id='word_1_200' title='bbox 664 3532 824 3596; x_wconf 85' lang='lat' dir='ltr'>ergo</span> <span class='ocrx_word' id='word_1_201' title='bbox 845 3561 864 3591; x_wconf 84' lang='lat'>,</span> <span class='ocrx_word' id='word_1_202' title='bbox 898 3517 1495 3596; x_wconf 86' lang='lat' dir='ltr'>quantumcumque</span> <span class='ocrx_word' id='word_1_203' title='bbox 1535 3508 1683 3593; x_wconf 90' lang='lat' dir='ltr'>quis</span> <span class='ocrx_word' id='word_1_204' title='bbox 1714 3508 1798 3572; x_wconf 91' lang='lat' dir='ltr'>sit</span> 
     </span>
     <span class='ocr_line' id='line_1_31' title="bbox 256 3618 1791 3705; baseline -0.004 -19"><span class='ocrx_word' id='word_1_205' title='bbox 256 3623 608 3687; x_wconf 89' lang='lat' dir='ltr'>obstinatus</span> <span class='ocrx_word' id='word_1_206' title='bbox 628 3671 646 3700; x_wconf 85' lang='lat'>‚</span> <span class='ocrx_word' id='word_1_207' title='bbox 693 3639 826 3686; x_wconf 89' lang='lat' dir='ltr'>nou</span> <span class='ocrx_word' id='word_1_208' title='bbox 879 3623 976 3686; x_wconf 87' lang='lat' dir='ltr'>est</span> <span class='ocrx_word' id='word_1_209' title='bbox 1016 3619 1483 3705; x_wconf 88' lang='lat' dir='ltr'>desperandum</span> <span class='ocrx_word' id='word_1_210' title='bbox 1527 3618 1606 3683; x_wconf 92' lang='lat' dir='ltr'>de</span> <span class='ocrx_word' id='word_1_211' title='bbox 1646 3635 1722 3682; x_wconf 90' lang='lat' dir='ltr'>eo</span> <span class='ocrx_word' id='word_1_212' title='bbox 1773 3635 1791 3680; x_wconf 74' lang='grc' dir='ltr'><strong><em>ε</em></strong></span> 
     </span>
     <span class='ocr_line' id='line_1_32' title="bbox 253 3729 1791 3814; baseline -0.007 -14"><span class='ocrx_word' id='word_1_213' title='bbox 253 3751 413 3814; x_wconf 78' lang='lat' dir='ltr'>crgo</span> <span class='ocrx_word' id='word_1_214' title='bbox 435 3783 452 3812; x_wconf 85' lang='lat'>,</span> <span class='ocrx_word' id='word_1_215' title='bbox 500 3735 555 3799; x_wconf 91' lang='lat' dir='ltr'>si</span> <span class='ocrx_word' id='word_1_216' title='bbox 602 3733 889 3798; x_wconf 88' lang='lat' dir='ltr'>medicus</span> <span class='ocrx_word' id='word_1_217' title='bbox 936 3749 1071 3795; x_wconf 90' lang='lat' dir='ltr'>non</span> <span class='ocrx_word' id='word_1_218' title='bbox 1115 3729 1423 3812; x_wconf 80' lang='lat' dir='ltr'>relinquit</span> <span class='ocrx_word' id='word_1_219' title='bbox 1469 3729 1791 3809; x_wconf 80' lang='lat' dir='ltr'>aegrotum</span> 
     </span>
     <span class='ocr_line' id='line_1_33' title="bbox 250 3827 1794 3923; baseline -0.006 -16"><span class='ocrx_word' id='word_1_220' title='bbox 250 3842 377 3906; x_wconf 87' lang='lat' dir='ltr'>nisi</span> <span class='ocrx_word' id='word_1_221' title='bbox 420 3841 609 3907; x_wconf 86' lang='lat' dir='ltr'>illum</span> <span class='ocrx_word' id='word_1_222' title='bbox 632 3827 729 3906; x_wconf 67' lang='lat' dir='ltr'>&#39;de</span> <span class='ocrx_word' id='word_1_223' title='bbox 779 3858 909 3923; x_wconf 90' lang='lat' dir='ltr'>quo</span> <span class='ocrx_word' id='word_1_224' title='bbox 954 3838 1280 3922; x_wconf 84' lang='lat' dir='ltr'>desperat,</span> <span class='ocrx_word' id='word_1_225' title='bbox 1327 3836 1583 3900; x_wconf 85' lang='lat' dir='ltr'>videtur</span> <span class='ocrx_word' id='word_1_226' title='bbox 1622 3832 1794 3917; x_wconf 89' lang='lat' dir='ltr'>quod</span> 
     </span>
     <span class='ocr_line' id='line_1_34' title="bbox 251 3946 1791 4032; baseline -0.006 -18"><span class='ocrx_word' id='word_1_227' title='bbox 251 3949 525 4032; x_wconf 83' lang='lat' dir='ltr'>angelus</span> <span class='ocrx_word' id='word_1_228' title='bbox 544 3948 801 4012; x_wconf 91' lang='lat' dir='ltr'>nullum</span> <span class='ocrx_word' id='word_1_229' title='bbox 821 3946 1169 4028; x_wconf 86' lang='lat' dir='ltr'>relinquat,</span> <span class='ocrx_word' id='word_1_230' title='bbox 1191 3946 1791 4028; x_wconf 87' lang='lat' dir='ltr'>quantumcumque</span> 
     </span>
     <span class='ocr_line' id='line_1_35' title="bbox 248 4056 847 4139; baseline -0.002 -19"><span class='ocrx_word' id='word_1_231' title='bbox 248 4057 331 4121; x_wconf 91' lang='lat' dir='ltr'>sit</span> <span class='ocrx_word' id='word_1_232' title='bbox 363 4056 446 4139; x_wconf 88' lang='lat' dir='ltr'>(a)</span> <span class='ocrx_word' id='word_1_233' title='bbox 475 4056 847 4120; x_wconf 64' lang='lat' dir='ltr'>obstinatus</span> 
     </span>
    </p>

    <p class='ocr_par' dir='ltr' id='par_1_9' title="bbox 243 4151 1794 5325">
     <span class='ocr_line' id='line_1_36' title="bbox 330 4151 1794 4246; baseline -0.005 -18"><span class='ocrx_word' id='word_1_234' title='bbox 330 4164 492 4228; x_wconf 89' lang='lat' dir='ltr'>Item</span> <span class='ocrx_word' id='word_1_235' title='bbox 514 4164 583 4227; x_wconf 92' lang='lat' dir='ltr'>in</span> <span class='ocrx_word' id='word_1_236' title='bbox 604 4161 987 4246; x_wconf 60' lang='lat' dir='ltr'>aegritudine</span> <span class='ocrx_word' id='word_1_237' title='bbox 1014 4151 1325 4243; x_wconf 80' lang='lat' dir='ltr'>corporali</span> <span class='ocrx_word' id='word_1_238' title='bbox 1356 4158 1447 4222; x_wconf 88' lang='lat' dir='ltr'>sic</span> <span class='ocrx_word' id='word_1_239' title='bbox 1472 4160 1589 4234; x_wconf 83' lang='lat' dir='ltr'>est,</span> <span class='ocrx_word' id='word_1_240' title='bbox 1620 4157 1794 4240; x_wconf 90' lang='lat' dir='ltr'>quod</span> 
     </span>
     <span class='ocr_line' id='line_1_37' title="bbox 246 4263 1788 4358; baseline -0.006 -21"><span class='ocrx_word' id='word_1_241' title='bbox 246 4271 548 4355; x_wconf 87' lang='lat' dir='ltr'>quamvis</span> <span class='ocrx_word' id='word_1_242' title='bbox 605 4269 819 4352; x_wconf 85' lang='lat' dir='ltr'>aliqua</span> <span class='ocrx_word' id='word_1_243' title='bbox 870 4266 1188 4351; x_wconf 63' lang='lat' dir='ltr'>aegritudo</span> <span class='ocrx_word' id='word_1_244' title='bbox 1244 4265 1325 4330; x_wconf 86' lang='lat' dir='ltr'>sit</span> <span class='ocrx_word' id='word_1_245' title='bbox 1374 4263 1744 4358; x_wconf 80' lang='lat' dir='ltr'>incurabilis</span> <span class='ocrx_word' id='word_1_246' title='bbox 1770 4311 1788 4342; x_wconf 93' lang='lat'><strong>‚</strong></span> 
     </span>
     <span class='ocr_line' id='line_1_38' title="bbox 246 4370 1790 4459; baseline -0.005 -17"><span class='ocrx_word' id='word_1_247' title='bbox 246 4381 464 4442; x_wconf 85' lang='lat' dir='ltr'>tamen</span> <span class='ocrx_word' id='word_1_248' title='bbox 498 4377 553 4440; x_wconf 91' lang='lat' dir='ltr'>si</span> <span class='ocrx_word' id='word_1_249' title='bbox 580 4380 783 4459; x_wconf 86' lang='lat' dir='ltr'>potest</span> <span class='ocrx_word' id='word_1_250' title='bbox 814 4374 1101 4454; x_wconf 88' lang='lat' dir='ltr'>intendi,</span> <span class='ocrx_word' id='word_1_251' title='bbox 1133 4372 1404 4456; x_wconf 87' lang='lat' dir='ltr'>perutile</span> <span class='ocrx_word' id='word_1_252' title='bbox 1430 4374 1526 4435; x_wconf 86' lang='lat' dir='ltr'>est</span> <span class='ocrx_word' id='word_1_253' title='bbox 1559 4370 1633 4455; x_wconf 86' lang='lat' dir='ltr'>(b)</span> <span class='ocrx_word' id='word_1_254' title='bbox 1667 4373 1790 4435; x_wconf 86' lang='lat' dir='ltr'>ha-</span> 
     </span>
     <span class='ocr_line' id='line_1_39' title="bbox 244 4479 1792 4566; baseline -0.005 -15"><span class='ocrx_word' id='word_1_255' title='bbox 244 4487 396 4551; x_wconf 90' lang='lat' dir='ltr'>bere</span> <span class='ocrx_word' id='word_1_256' title='bbox 442 4484 780 4550; x_wconf 88' lang='lat' dir='ltr'>consilium</span> <span class='ocrx_word' id='word_1_257' title='bbox 818 4482 1047 4548; x_wconf 88' lang='lat' dir='ltr'>medici</span> <span class='ocrx_word' id='word_1_258' title='bbox 1084 4504 1099 4546; x_wconf 74' lang='lat' dir='ltr'><strong><em>z</em></strong></span> <span class='ocrx_word' id='word_1_259' title='bbox 1133 4483 1185 4546; x_wconf 87' lang='lat' dir='ltr'>si</span> <span class='ocrx_word' id='word_1_260' title='bbox 1229 4499 1389 4563; x_wconf 82' lang='lat' dir='ltr'>ergo</span> <span class='ocrx_word' id='word_1_261' title='bbox 1435 4479 1654 4566; x_wconf 78' lang='lat' dir='ltr'>nullus</span> <span class='ocrx_word' id='word_1_262' title='bbox 1695 4482 1792 4543; x_wconf 89' lang='lat' dir='ltr'>est</span> 
     </span>
     <span class='ocr_line' id='line_1_40' title="bbox 244 4586 1790 4671; baseline -0.005 -12"><span class='ocrx_word' id='word_1_263' title='bbox 244 4594 405 4659; x_wconf 85' lang='lat' dir='ltr'>adeo</span> <span class='ocrx_word' id='word_1_264' title='bbox 430 4593 786 4658; x_wconf 87' lang='lat' dir='ltr'>obstinatus</span> <span class='ocrx_word' id='word_1_265' title='bbox 810 4591 881 4654; x_wconf 91' lang='lat' dir='ltr'>in</span> <span class='ocrx_word' id='word_1_266' title='bbox 907 4590 1028 4654; x_wconf 84' lang='lat' dir='ltr'>hac</span> <span class='ocrx_word' id='word_1_267' title='bbox 1048 4589 1185 4655; x_wconf 83' lang='lat' dir='ltr'>vita</span> <span class='ocrx_word' id='word_1_268' title='bbox 1206 4588 1364 4671; x_wconf 88' lang='lat' dir='ltr'>quin</span> <span class='ocrx_word' id='word_1_269' title='bbox 1391 4588 1588 4671; x_wconf 83' lang='lat' dir='ltr'>possit</span> <span class='ocrx_word' id='word_1_270' title='bbox 1618 4586 1688 4650; x_wconf 91' lang='lat' dir='ltr'>in</span> <span class='ocrx_word' id='word_1_271' title='bbox 1713 4605 1790 4652; x_wconf 91' lang='lat' dir='ltr'>eo</span> 
     </span>
     <span class='ocr_line' id='line_1_41' title="bbox 244 4696 1788 4782; baseline -0.006 -14"><span class='ocrx_word' id='word_1_272' title='bbox 244 4703 491 4768; x_wconf 87' lang='lat' dir='ltr'>malitia</span> <span class='ocrx_word' id='word_1_273' title='bbox 518 4701 800 4782; x_wconf 87' lang='lat' dir='ltr'>intendi,</span> <span class='ocrx_word' id='word_1_274' title='bbox 836 4699 1094 4764; x_wconf 84' lang='lat' dir='ltr'>videtur</span> <span class='ocrx_word' id='word_1_275' title='bbox 1122 4696 1296 4781; x_wconf 92' lang='lat' dir='ltr'>quod</span> <span class='ocrx_word' id='word_1_276' title='bbox 1321 4696 1579 4761; x_wconf 85' lang='lat' dir='ltr'>cuilibet</span> <span class='ocrx_word' id='word_1_277' title='bbox 1606 4712 1788 4759; x_wconf 89' lang='lat' dir='ltr'>com-</span> 
     </span>
     <span class='ocr_line' id='line_1_42' title="bbox 245 4804 1789 4895; baseline -0.006 -18"><span class='ocrx_word' id='word_1_278' title='bbox 245 4816 418 4895; x_wconf 88' lang='lat' dir='ltr'>petat</span> <span class='ocrx_word' id='word_1_279' title='bbox 449 4810 739 4876; x_wconf 87' lang='lat' dir='ltr'>custodia</span> <span class='ocrx_word' id='word_1_280' title='bbox 767 4806 984 4888; x_wconf 79' lang='lat' dir='ltr'>angeli</span> <span class='ocrx_word' id='word_1_281' title='bbox 1017 4828 1033 4871; x_wconf 89' lang='lat'>:</span> <span class='ocrx_word' id='word_1_282' title='bbox 1071 4806 1125 4870; x_wconf 91' lang='lat' dir='ltr'>si</span> <span class='ocrx_word' id='word_1_283' title='bbox 1170 4822 1328 4887; x_wconf 86' lang='lat' dir='ltr'>ergo</span> <span class='ocrx_word' id='word_1_284' title='bbox 1358 4804 1632 4887; x_wconf 83' lang='lat' dir='ltr'>angelus</span> <span class='ocrx_word' id='word_1_285' title='bbox 1656 4822 1789 4869; x_wconf 90' lang='lat' dir='ltr'>non</span> 
     </span>
     <span class='ocr_line' id='line_1_43' title="bbox 245 4911 1791 4996; baseline -0.005 -14"><span class='ocrx_word' id='word_1_286' title='bbox 245 4918 568 4984; x_wconf 78' lang='lat' dir='ltr'>subtrahit</span> <span class='ocrx_word' id='word_1_287' title='bbox 608 4916 960 4982; x_wconf 84' lang='lat' dir='ltr'>custodiam</span> <span class='ocrx_word' id='word_1_288' title='bbox 998 4914 1080 4978; x_wconf 89' lang='lat' dir='ltr'>ab</span> <span class='ocrx_word' id='word_1_289' title='bbox 1116 4932 1192 4979; x_wconf 89' lang='lat' dir='ltr'>eo</span> <span class='ocrx_word' id='word_1_290' title='bbox 1234 4911 1347 4996; x_wconf 90' lang='lat' dir='ltr'>qui</span> <span class='ocrx_word' id='word_1_291' title='bbox 1392 4915 1486 4977; x_wconf 86' lang='lat' dir='ltr'>est</span> <span class='ocrx_word' id='word_1_292' title='bbox 1521 4911 1791 4976; x_wconf 90' lang='lat' dir='ltr'>idoneus</span> 
     </span>
     <span class='ocr_line' id='line_1_44' title="bbox 245 5021 1784 5107; baseline -0.005 -16"><span class='ocrx_word' id='word_1_293' title='bbox 245 5026 592 5106; x_wconf 81' lang='lat' dir='ltr'>custodiri,</span> <span class='ocrx_word' id='word_1_294' title='bbox 635 5025 893 5091; x_wconf 83' lang='lat' dir='ltr'>videtur</span> <span class='ocrx_word' id='word_1_295' title='bbox 934 5023 1106 5107; x_wconf 91' lang='lat' dir='ltr'>quod</span> <span class='ocrx_word' id='word_1_296' title='bbox 1140 5021 1358 5086; x_wconf 90' lang='lat' dir='ltr'>nullus</span> <span class='ocrx_word' id='word_1_297' title='bbox 1377 5069 1393 5096; x_wconf 84' lang='lat'>.</span> <span class='ocrx_word' id='word_1_298' title='bbox 1423 5024 1784 5104; x_wconf 84' lang='lat' dir='ltr'>&#39;quantum-</span> 
     </span>
     <span class='ocr_line' id='line_1_45' title="bbox 245 5129 1787 5217; baseline -0.003 -19"><span class='ocrx_word' id='word_1_299' title='bbox 245 5152 528 5217; x_wconf 85' lang='lat' dir='ltr'>cumque</span> <span class='ocrx_word' id='word_1_300' title='bbox 556 5133 938 5210; x_wconf 84' lang='lat' dir='ltr'>obstinatus,</span> <span class='ocrx_word' id='word_1_301' title='bbox 967 5130 1276 5196; x_wconf 82' lang='lat' dir='ltr'>beneflcio</span> <span class='ocrx_word' id='word_1_302' title='bbox 1299 5129 1608 5211; x_wconf 82' lang='lat' dir='ltr'>angelicae</span> <span class='ocrx_word' id='word_1_303' title='bbox 1637 5147 1787 5194; x_wconf 87' lang='lat' dir='ltr'>cus-</span> 
     </span>
     <span class='ocr_line' id='line_1_46' title="bbox 243 5237 1701 5325; baseline -0.003 -18"><span class='ocrx_word' id='word_1_304' title='bbox 243 5241 437 5307; x_wconf 85' lang='lat' dir='ltr'>todiae</span> <span class='ocrx_word' id='word_1_305' title='bbox 447 5291 466 5322; x_wconf 89' lang='lat'>‚</span> <span class='ocrx_word' id='word_1_306' title='bbox 488 5241 802 5325; x_wconf 89' lang='lat' dir='ltr'>quamdiu</span> <span class='ocrx_word' id='word_1_307' title='bbox 818 5244 913 5306; x_wconf 87' lang='lat' dir='ltr'>est</span> <span class='ocrx_word' id='word_1_308' title='bbox 936 5240 1006 5303; x_wconf 90' lang='lat' dir='ltr'>in</span> <span class='ocrx_word' id='word_1_309' title='bbox 1020 5238 1149 5319; x_wconf 85' lang='lat' dir='ltr'>via,</span> <span class='ocrx_word' id='word_1_310' title='bbox 1177 5238 1400 5304; x_wconf 88' lang='lat' dir='ltr'>debeat</span> <span class='ocrx_word' id='word_1_311' title='bbox 1413 5237 1701 5303; x_wconf 89' lang='lat' dir='ltr'>destitui.</span> 
     </span>
    </p>

    <p class='ocr_par' dir='ltr' id='par_1_10' title="bbox 249 5398 1783 5536">
     <span class='ocr_line' id='line_1_47' title="bbox 310 5398 1783 5465; baseline -0.002 -13"><span class='ocrx_word' id='word_1_312' title='bbox 310 5400 374 5464; x_wconf 83' lang='lat' dir='ltr'>(a)</span> <span class='ocrx_word' id='word_1_313' title='bbox 407 5399 552 5450; x_wconf 78' lang='lat' dir='ltr'>Edit.</span> <span class='ocrx_word' id='word_1_314' title='bbox 593 5400 748 5452; x_wconf 77' lang='lat' dir='ltr'>Vatic.</span> <span class='ocrx_word' id='word_1_315' title='bbox 783 5399 919 5450; x_wconf 74' lang='lat' dir='ltr'>deest</span> <span class='ocrx_word' id='word_1_316' title='bbox 961 5401 1058 5464; x_wconf 81' lang='lat' dir='ltr'>sit3</span> <span class='ocrx_word' id='word_1_317' title='bbox 1104 5398 1246 5451; x_wconf 73' lang='lat' dir='ltr'>Edit.</span> <span class='ocrx_word' id='word_1_318' title='bbox 1290 5400 1450 5452; x_wconf 80' lang='lat' dir='ltr'>Veroet.</span> <span class='ocrx_word' id='word_1_319' title='bbox 1494 5399 1593 5465; x_wconf 77' lang='lat' dir='ltr'>leq.</span> <span class='ocrx_word' id='word_1_320' title='bbox 1630 5401 1691 5450; x_wconf 86' lang='lat' dir='ltr'>si.</span> <span class='ocrx_word' id='word_1_321' title='bbox 1721 5424 1783 5439; x_wconf 89' lang='lat'>—</span> 
     </span>
     <span class='ocr_line' id='line_1_48' title="bbox 249 5470 1021 5536; baseline 0.001 -14"><span class='ocrx_word' id='word_1_322' title='bbox 249 5470 314 5536; x_wconf 80' lang='grc' dir='ltr'>(ὸ)</span> <span class='ocrx_word' id='word_1_323' title='bbox 347 5471 471 5523; x_wconf 74' lang='lat' dir='ltr'>eat.</span> <span class='ocrx_word' id='word_1_324' title='bbox 491 5470 613 5524; x_wconf 77' lang='lat' dir='ltr'>edit.</span> <span class='ocrx_word' id='word_1_325' title='bbox 641 5486 734 5536; x_wconf 86' lang='lat' dir='ltr'>per</span> <span class='ocrx_word' id='word_1_326' title='bbox 752 5470 895 5536; x_wconf 82' lang='lat' dir='ltr'>utile,</span> <span class='ocrx_word' id='word_1_327' title='bbox 923 5476 1021 5523; x_wconf 84' lang='lat' dir='ltr'>est.</span> 
     </span>
    </p>

    <p class='ocr_par' dir='ltr' id='par_1_11' title="bbox 529 5578 797 5628">
     <span class='ocr_line' id='line_1_49' title="bbox 529 5578 797 5628; baseline 0 0"><span class='ocrx_word' id='word_1_328' title='bbox 529 5579 679 5628; x_wconf 70' lang='lat' dir='ltr'>rou.</span> <span class='ocrx_word' id='word_1_329' title='bbox 725 5578 797 5628; x_wconf 86' lang='lat'>11.</span> 
     </span>
    </p>
   </div>
   <div class='ocr_carea' id='block_1_6' title="bbox 3337 496 3456 558">
    <p class='ocr_par' dir='ltr' id='par_1_12' title="bbox 3337 496 3456 558">
     <span class='ocr_line' id='line_1_50' title="bbox 3337 496 3456 558; baseline 0.025 -3"><span class='ocrx_word' id='word_1_330' title='bbox 3337 496 3456 558; x_wconf 77' lang='lat'>513</span> 
     </span>
    </p>
   </div>
   <div class='ocr_carea' id='block_1_7' title="bbox 2458 740 2908 815">
    <p class='ocr_par' dir='ltr' id='par_1_13' title="bbox 2458 740 2908 815">
     <span class='ocr_line' id='line_1_51' title="bbox 2458 740 2908 815; baseline 0.013 -9"><span class='ocrx_word' id='word_1_331' title='bbox 2458 740 2610 808; x_wconf 74' lang='grc' dir='ltr'>(1οΝ</span> <span class='ocrx_word' id='word_1_332' title='bbox 2612 744 2908 815; x_wconf 88' lang='lat' dir='ltr'>CLUSIO.</span> 
     </span>
    </p>
   </div>
   <div class='ocr_carea' id='block_1_8' title="bbox 1917 906 3459 1092">
    <p class='ocr_par' dir='ltr' id='par_1_14' title="bbox 1917 906 3459 1092">
     <span class='ocr_line' id='line_1_52' title="bbox 1917 906 3459 1003; baseline 0.02 -43"><span class='ocrx_word' id='word_1_333' title='bbox 1917 906 2239 979; x_wconf 73' lang='lat' dir='ltr'>Quanquam</span> <span class='ocrx_word' id='word_1_334' title='bbox 2259 916 2481 985; x_wconf 68' lang='lat' dir='ltr'>anqelus</span> <span class='ocrx_word' id='word_1_335' title='bbox 2511 918 2675 977; x_wconf 71' lang='lat' dir='ltr'>bonus</span> <span class='ocrx_word' id='word_1_336' title='bbox 2701 924 2761 978; x_wconf 79' lang='lat' dir='ltr'>in</span> <span class='ocrx_word' id='word_1_337' title='bbox 2784 926 2930 981; x_wconf 86' lang='lat' dir='ltr'>malo</span> <span class='ocrx_word' id='word_1_338' title='bbox 2954 927 3251 988; x_wconf 78' lang='lat' dir='ltr'>obstinatos</span> <span class='ocrx_word' id='word_1_339' title='bbox 3278 934 3459 1003; x_wconf 75' lang='lat' dir='ltr'>quoad</span> 
     </span>
     <span class='ocr_line' id='line_1_53' title="bbox 1985 998 3454 1092; baseline 0.02 -41"><span class='ocrx_word' id='word_1_340' title='bbox 1985 998 2191 1054; x_wconf 84' lang='lat' dir='ltr'>malum</span> <span class='ocrx_word' id='word_1_341' title='bbox 2226 1005 2538 1062; x_wconf 75' lang='lat' dir='ltr'>evitandum</span> <span class='ocrx_word' id='word_1_342' title='bbox 2573 1025 2795 1084; x_wconf 77' lang='lat' dir='ltr'>semper,</span> <span class='ocrx_word' id='word_1_343' title='bbox 2840 1015 2966 1072; x_wconf 78' lang='lat' dir='ltr'>dum</span> <span class='ocrx_word' id='word_1_344' title='bbox 3007 1020 3234 1092; x_wconf 80' lang='lat' dir='ltr'>vivunt,</span> <span class='ocrx_word' id='word_1_345' title='bbox 3278 1028 3454 1079; x_wconf 81' lang='lat' dir='ltr'>custo-</span> 
     </span>
    </p>
   </div>
   <div class='ocr_carea' id='block_1_9' title="bbox 1986 1084 3455 1255">
    <p class='ocr_par' dir='ltr' id='par_1_15' title="bbox 1986 1084 3455 1255">
     <span class='ocr_line' id='line_1_54' title="bbox 1986 1084 3455 1177; baseline 0.022 -37"><span class='ocrx_word' id='word_1_346' title='bbox 1986 1084 2140 1156; x_wconf 80' lang='lat' dir='ltr'>diat,</span> <span class='ocrx_word' id='word_1_347' title='bbox 2180 1090 2257 1145; x_wconf 82' lang='lat' dir='ltr'>ad</span> <span class='ocrx_word' id='word_1_348' title='bbox 2292 1091 2484 1151; x_wconf 78' lang='lat' dir='ltr'>bonum</span> <span class='ocrx_word' id='word_1_349' title='bbox 2518 1100 2699 1157; x_wconf 81' lang='lat' dir='ltr'>tamen</span> <span class='ocrx_word' id='word_1_350' title='bbox 2739 1105 3099 1177; x_wconf 69' lang='lat' dir='ltr'>exequendum</span> <span class='ocrx_word' id='word_1_351' title='bbox 3135 1113 3350 1168; x_wconf 77' lang='lat' dir='ltr'>tantum</span> <span class='ocrx_word' id='word_1_352' title='bbox 3379 1115 3455 1170; x_wconf 78' lang='lat' dir='ltr'>eis</span> 
     </span>
     <span class='ocr_line' id='line_1_55' title="bbox 1987 1176 2892 1255; baseline 0.024 -26"><span class='ocrx_word' id='word_1_353' title='bbox 1987 1176 2239 1236; x_wconf 64' lang='lat' dir='ltr'>custodiat</span> <span class='ocrx_word' id='word_1_354' title='bbox 2268 1181 2576 1255; x_wconf 73' lang='lat' dir='ltr'>beneficium</span> <span class='ocrx_word' id='word_1_355' title='bbox 2598 1191 2892 1251; x_wconf 79' lang='lat' dir='ltr'>subtrahit.</span> 
     </span>
    </p>
   </div>
   <div class='ocr_carea' id='block_1_10' title="bbox 1911 1785 3456 2311">
    <p class='ocr_par' dir='ltr' id='par_1_16' title="bbox 1911 1785 3456 2311">
     <span class='ocr_line' id='line_1_56' title="bbox 1912 1785 3454 1876; baseline 0.021 -33"><span class='ocrx_word' id='word_1_356' title='bbox 1912 1785 2224 1861; x_wconf 91' lang='lat' dir='ltr'>quamdiu</span> <span class='ocrx_word' id='word_1_357' title='bbox 2249 1794 2400 1853; x_wconf 83' lang='lat' dir='ltr'>sunt</span> <span class='ocrx_word' id='word_1_358' title='bbox 2427 1793 2702 1861; x_wconf 84' lang='lat' dir='ltr'>viatores</span> <span class='ocrx_word' id='word_1_359' title='bbox 2720 1847 2738 1876; x_wconf 89' lang='lat'>‚</span> <span class='ocrx_word' id='word_1_360' title='bbox 2775 1819 2894 1865; x_wconf 88' lang='lat' dir='ltr'>nec</span> <span class='ocrx_word' id='word_1_361' title='bbox 2922 1806 3140 1869; x_wconf 84' lang='lat' dir='ltr'>tamen</span> <span class='ocrx_word' id='word_1_362' title='bbox 3165 1807 3324 1872; x_wconf 89' lang='lat' dir='ltr'>adeo</span> <span class='ocrx_word' id='word_1_363' title='bbox 3351 1809 3454 1873; x_wconf 87' lang='lat' dir='ltr'>di-</span> 
     </span>
     <span class='ocr_line' id='line_1_57' title="bbox 1911 1887 3456 1993; baseline 0.021 -42"><span class='ocrx_word' id='word_1_364' title='bbox 1911 1887 2188 1970; x_wconf 88' lang='lat' dir='ltr'>ligenter</span> <span class='ocrx_word' id='word_1_365' title='bbox 2220 1899 2494 1963; x_wconf 89' lang='lat' dir='ltr'>custodit</span> <span class='ocrx_word' id='word_1_366' title='bbox 2510 1950 2529 1980; x_wconf 84' lang='lat'><strong>‚</strong></span> <span class='ocrx_word' id='word_1_367' title='bbox 2568 1904 2735 1970; x_wconf 90' lang='lat' dir='ltr'>sicut</span> <span class='ocrx_word' id='word_1_368' title='bbox 2760 1912 3032 1976; x_wconf 88' lang='lat' dir='ltr'>custodit</span> <span class='ocrx_word' id='word_1_369' title='bbox 3072 1913 3272 1980; x_wconf 90' lang='lat' dir='ltr'>bonos</span> <span class='ocrx_word' id='word_1_370' title='bbox 3289 1964 3307 1993; x_wconf 87' lang='lat'><strong>‚</strong></span> <span class='ocrx_word' id='word_1_371' title='bbox 3343 1922 3456 1983; x_wconf 89' lang='lat' dir='ltr'>aut</span> 
     </span>
     <span class='ocr_line' id='line_1_58' title="bbox 1914 1998 3456 2088; baseline 0.019 -29"><span class='ocrx_word' id='word_1_372' title='bbox 1914 1998 2314 2067; x_wconf 89' lang='lat' dir='ltr'>mediocriter</span> <span class='ocrx_word' id='word_1_373' title='bbox 2339 2007 2541 2071; x_wconf 90' lang='lat' dir='ltr'>malos</span> <span class='ocrx_word' id='word_1_374' title='bbox 2566 2028 2583 2073; x_wconf 91' lang='lat'>:</span> <span class='ocrx_word' id='word_1_375' title='bbox 2610 2010 2752 2076; x_wconf 89' lang='lat' dir='ltr'>ideo</span> <span class='ocrx_word' id='word_1_376' title='bbox 2775 2019 3203 2084; x_wconf 86' lang='lat' dir='ltr'>communiter</span> <span class='ocrx_word' id='word_1_377' title='bbox 3219 2022 3456 2088; x_wconf 90' lang='lat' dir='ltr'>dicitur</span> 
     </span>
     <span class='ocr_line' id='line_1_59' title="bbox 1913 2110 3453 2212; baseline 0.018 -42"><span class='ocrx_word' id='word_1_378' title='bbox 1913 2110 2086 2190; x_wconf 91' lang='lat' dir='ltr'>quod</span> <span class='ocrx_word' id='word_1_379' title='bbox 2139 2113 2418 2194; x_wconf 82' lang='lat' dir='ltr'>quodam</span> <span class='ocrx_word' id='word_1_380' title='bbox 2479 2119 2670 2184; x_wconf 91' lang='lat' dir='ltr'>modo</span> <span class='ocrx_word' id='word_1_381' title='bbox 2726 2121 2956 2187; x_wconf 91' lang='lat' dir='ltr'>deserit</span> <span class='ocrx_word' id='word_1_382' title='bbox 2977 2173 2993 2203; x_wconf 87' lang='lat'>‚</span> <span class='ocrx_word' id='word_1_383' title='bbox 3054 2130 3116 2191; x_wconf 87' lang='lat' dir='ltr'>et</span> <span class='ocrx_word' id='word_1_384' title='bbox 3172 2131 3453 2212; x_wconf 89' lang='lat' dir='ltr'>quodam</span> 
     </span>
     <span class='ocr_line' id='line_1_60' title="bbox 1913 2216 3454 2311; baseline 0.016 -32"><span class='ocrx_word' id='word_1_385' title='bbox 1913 2216 2105 2281; x_wconf 89' lang='lat' dir='ltr'>modo</span> <span class='ocrx_word' id='word_1_386' title='bbox 2131 2237 2381 2304; x_wconf 90' lang='lat' dir='ltr'>semper</span> <span class='ocrx_word' id='word_1_387' title='bbox 2408 2226 2697 2290; x_wconf 87' lang='lat' dir='ltr'>custodit.</span> <span class='ocrx_word' id='word_1_388' title='bbox 2726 2227 3073 2311; x_wconf 82' lang='lat' dir='ltr'>Explicatio</span> <span class='ocrx_word' id='word_1_389' title='bbox 3092 2238 3307 2300; x_wconf 83' lang='lat' dir='ltr'>autem</span> <span class='ocrx_word' id='word_1_390' title='bbox 3327 2237 3454 2302; x_wconf 93' lang='lat' dir='ltr'>hu-</span> 
     </span>
    </p>
   </div>
   <div class='ocr_carea' id='block_1_11' title="bbox 1904 2324 3660 2425">
    <p class='ocr_par' dir='ltr' id='par_1_17' title="bbox 1904 2324 3660 2425">
     <span class='ocr_line' id='line_1_61' title="bbox 1904 2324 3660 2425; baseline 0.009 -39"><span class='ocrx_word' id='word_1_391' title='bbox 1904 2324 2018 2406; x_wconf 86' lang='lat' dir='ltr'>jus</span> <span class='ocrx_word' id='word_1_392' title='bbox 2052 2330 2258 2407; x_wconf 84' lang='lat' dir='ltr'>potest</span> <span class='ocrx_word' id='word_1_393' title='bbox 2294 2328 2718 2397; x_wconf 84' lang='lat' dir='ltr'>diversimode</span> <span class='ocrx_word' id='word_1_394' title='bbox 2756 2336 2919 2400; x_wconf 84' lang='lat' dir='ltr'>fleri.</span> <span class='ocrx_word' id='word_1_395' title='bbox 2968 2334 3131 2403; x_wconf 85' lang='lat' dir='ltr'>Nam</span> <span class='ocrx_word' id='word_1_396' title='bbox 3172 2341 3449 2425; x_wconf 82' lang='lat' dir='ltr'>aliquem</span> <span class='ocrx_word' id='word_1_397' title='bbox 3515 2357 3660 2402; x_wconf 69' lang='lat' dir='ltr'>Prima</span> 
     </span>
    </p>
   </div>
   <div class='ocr_carea' id='block_1_12' title="bbox 1911 2419 3693 2530">
    <p class='ocr_par' dir='ltr' id='par_1_18' title="bbox 1911 2419 3693 2530">
     <span class='ocr_line' id='line_1_62' title="bbox 1911 2419 3693 2530; baseline 0.013 -35"><span class='ocrx_word' id='word_1_398' title='bbox 1911 2433 2218 2498; x_wconf 87' lang='lat' dir='ltr'>custodiri</span> <span class='ocrx_word' id='word_1_399' title='bbox 2258 2435 2340 2499; x_wconf 84' lang='lat' dir='ltr'>ab</span> <span class='ocrx_word' id='word_1_400' title='bbox 2385 2439 2616 2518; x_wconf 84' lang='lat' dir='ltr'>angelo</span> <span class='ocrx_word' id='word_1_401' title='bbox 2634 2488 2653 2520; x_wconf 87' lang='lat'>‚</span> <span class='ocrx_word' id='word_1_402' title='bbox 2704 2440 2828 2506; x_wconf 90' lang='lat' dir='ltr'>hoc</span> <span class='ocrx_word' id='word_1_403' title='bbox 2863 2447 3069 2525; x_wconf 88' lang='lat' dir='ltr'>potest</span> <span class='ocrx_word' id='word_1_404' title='bbox 3116 2445 3452 2530; x_wconf 89' lang='lat' dir='ltr'>dupliciter</span> <span class='ocrx_word' id='word_1_405' title='bbox 3506 2419 3693 2524; x_wconf 45' lang='lat'>⁰3⁰⁶*</span> 
     </span>
    </p>
   </div>
   <div class='ocr_carea' id='block_1_13' title="bbox 1904 2538 3451 3386">
    <p class='ocr_par' dir='ltr' id='par_1_19' title="bbox 1904 2538 3451 3386">
     <span class='ocr_line' id='line_1_63' title="bbox 1909 2538 3451 2630; baseline 0.013 -27"><span class='ocrx_word' id='word_1_406' title='bbox 1909 2538 2214 2623; x_wconf 81' lang='lat' dir='ltr'>intelligi:</span> <span class='ocrx_word' id='word_1_407' title='bbox 2235 2543 2341 2607; x_wconf 86' lang='lat' dir='ltr'>vel</span> <span class='ocrx_word' id='word_1_408' title='bbox 2363 2545 2715 2611; x_wconf 88' lang='lat' dir='ltr'>secundum</span> <span class='ocrx_word' id='word_1_409' title='bbox 2740 2549 3064 2630; x_wconf 88' lang='lat' dir='ltr'>habitum,</span> <span class='ocrx_word' id='word_1_410' title='bbox 3091 2554 3195 2618; x_wconf 85' lang='lat' dir='ltr'>vel</span> <span class='ocrx_word' id='word_1_411' title='bbox 3220 2574 3451 2622; x_wconf 86' lang='lat' dir='ltr'>secun-</span> 
     </span>
     <span class='ocr_line' id='line_1_64' title="bbox 1909 2648 3444 2748; baseline 0.013 -36"><span class='ocrx_word' id='word_1_412' title='bbox 1909 2648 2067 2713; x_wconf 88' lang='lat' dir='ltr'>dum</span> <span class='ocrx_word' id='word_1_413' title='bbox 2104 2655 2340 2716; x_wconf 83' lang='lat' dir='ltr'>actum.</span> <span class='ocrx_word' id='word_1_414' title='bbox 2380 2651 2736 2720; x_wconf 81' lang='lat' dir='ltr'>Voluerunt</span> <span class='ocrx_word' id='word_1_415' title='bbox 2773 2676 2932 2741; x_wconf 81' lang='lat' dir='ltr'>ergo</span> <span class='ocrx_word' id='word_1_416' title='bbox 2967 2660 3164 2744; x_wconf 87' lang='lat' dir='ltr'>aliqui</span> <span class='ocrx_word' id='word_1_417' title='bbox 3200 2664 3408 2732; x_wconf 86' lang='lat' dir='ltr'>dicere</span> <span class='ocrx_word' id='word_1_418' title='bbox 3425 2717 3444 2748; x_wconf 86' lang='lat'>,</span> 
     </span>
     <span class='ocr_line' id='line_1_65' title="bbox 1908 2759 3446 2842; baseline 0.01 -21"><span class='ocrx_word' id='word_1_419' title='bbox 1908 2759 2081 2841; x_wconf 90' lang='lat' dir='ltr'>quod</span> <span class='ocrx_word' id='word_1_420' title='bbox 2116 2760 2388 2842; x_wconf 82' lang='lat' dir='ltr'>angelus</span> <span class='ocrx_word' id='word_1_421' title='bbox 2419 2761 2811 2828; x_wconf 89' lang='lat' dir='ltr'>obstinatum</span> <span class='ocrx_word' id='word_1_422' title='bbox 2842 2768 3196 2833; x_wconf 88' lang='lat' dir='ltr'>secundum</span> <span class='ocrx_word' id='word_1_423' title='bbox 3232 2777 3446 2837; x_wconf 90' lang='lat' dir='ltr'>actum</span> 
     </span>
     <span class='ocr_line' id='line_1_66' title="bbox 1907 2866 3450 2959; baseline 0.01 -29"><span class='ocrx_word' id='word_1_424' title='bbox 1907 2866 2299 2932; x_wconf 90' lang='lat' dir='ltr'>custodiendi</span> <span class='ocrx_word' id='word_1_425' title='bbox 2325 2868 2665 2952; x_wconf 88' lang='lat' dir='ltr'>relinquit,</span> <span class='ocrx_word' id='word_1_426' title='bbox 2695 2888 2814 2954; x_wconf 86' lang='lat' dir='ltr'>pro</span> <span class='ocrx_word' id='word_1_427' title='bbox 2840 2891 2916 2937; x_wconf 91' lang='lat' dir='ltr'>eo</span> <span class='ocrx_word' id='word_1_428' title='bbox 2937 2875 3110 2956; x_wconf 91' lang='lat' dir='ltr'>quod</span> <span class='ocrx_word' id='word_1_429' title='bbox 3135 2876 3272 2959; x_wconf 88' lang='lat' dir='ltr'>ipse</span> <span class='ocrx_word' id='word_1_430' title='bbox 3298 2898 3450 2945; x_wconf 89' lang='lat' dir='ltr'>cus-</span> 
     </span>
     <span class='ocr_line' id='line_1_67' title="bbox 1905 2973 3449 3070; baseline 0.01 -34"><span class='ocrx_word' id='word_1_431' title='bbox 1905 2973 2168 3038; x_wconf 86' lang='lat' dir='ltr'>todienti</span> <span class='ocrx_word' id='word_1_432' title='bbox 2186 2976 2416 3056; x_wconf 82' lang='lat' dir='ltr'>angelo</span> <span class='ocrx_word' id='word_1_433' title='bbox 2434 2994 2567 3041; x_wconf 88' lang='lat' dir='ltr'>non</span> <span class='ocrx_word' id='word_1_434' title='bbox 2583 2977 2817 3059; x_wconf 88' lang='lat' dir='ltr'>obedit,</span> <span class='ocrx_word' id='word_1_435' title='bbox 2846 2978 3047 3045; x_wconf 90' lang='lat' dir='ltr'>immo</span> <span class='ocrx_word' id='word_1_436' title='bbox 3066 2989 3287 3049; x_wconf 89' lang='lat' dir='ltr'>contra</span> <span class='ocrx_word' id='word_1_437' title='bbox 3303 2988 3449 3070; x_wconf 88' lang='lat' dir='ltr'>ejus</span> 
     </span>
     <span class='ocr_line' id='line_1_68' title="bbox 1906 3081 3449 3171; baseline 0.01 -26"><span class='ocrx_word' id='word_1_438' title='bbox 1906 3081 2150 3146; x_wconf 88' lang='lat' dir='ltr'>monita</span> <span class='ocrx_word' id='word_1_439' title='bbox 2171 3081 2396 3149; x_wconf 81' lang='lat' dir='ltr'>faciem</span> <span class='ocrx_word' id='word_1_440' title='bbox 2419 3084 2817 3166; x_wconf 80' lang='lat' dir='ltr'>obfirmavit3</span> <span class='ocrx_word' id='word_1_441' title='bbox 2851 3093 3169 3171; x_wconf 84' lang='lat' dir='ltr'>quantum</span> <span class='ocrx_word' id='word_1_442' title='bbox 3190 3110 3347 3159; x_wconf 84' lang='lat' dir='ltr'>vero</span> <span class='ocrx_word' id='word_1_443' title='bbox 3365 3094 3449 3160; x_wconf 89' lang='lat' dir='ltr'>ad</span> 
     </span>
     <span class='ocr_line' id='line_1_69' title="bbox 1904 3190 3447 3285; baseline 0.01 -32"><span class='ocrx_word' id='word_1_444' title='bbox 1904 3190 2201 3256; x_wconf 89' lang='lat' dir='ltr'>habitum</span> <span class='ocrx_word' id='word_1_445' title='bbox 2215 3210 2351 3256; x_wconf 90' lang='lat' dir='ltr'>nou</span> <span class='ocrx_word' id='word_1_446' title='bbox 2377 3192 2628 3273; x_wconf 85' lang='lat' dir='ltr'>deserit,</span> <span class='ocrx_word' id='word_1_447' title='bbox 2662 3195 2819 3277; x_wconf 86' lang='lat' dir='ltr'>quia</span> <span class='ocrx_word' id='word_1_448' title='bbox 2842 3214 3093 3280; x_wconf 88' lang='lat' dir='ltr'>semper</span> <span class='ocrx_word' id='word_1_449' title='bbox 3110 3207 3447 3285; x_wconf 88' lang='lat' dir='ltr'>promptus</span> 
     </span>
     <span class='ocr_line' id='line_1_70' title="bbox 1905 3298 3446 3386; baseline 0.009 -25"><span class='ocrx_word' id='word_1_450' title='bbox 1905 3301 2001 3361; x_wconf 84' lang='lat' dir='ltr'>est</span> <span class='ocrx_word' id='word_1_451' title='bbox 2016 3298 2078 3360; x_wconf 90' lang='lat' dir='ltr'>ei</span> <span class='ocrx_word' id='word_1_452' title='bbox 2101 3298 2440 3364; x_wconf 87' lang='lat' dir='ltr'>subvenire</span> <span class='ocrx_word' id='word_1_453' title='bbox 2458 3348 2477 3378; x_wconf 91' lang='lat'>‚</span> <span class='ocrx_word' id='word_1_454' title='bbox 2500 3299 2555 3364; x_wconf 88' lang='lat' dir='ltr'>si</span> <span class='ocrx_word' id='word_1_455' title='bbox 2572 3319 2701 3384; x_wconf 91' lang='lat' dir='ltr'>quo</span> <span class='ocrx_word' id='word_1_456' title='bbox 2722 3302 2913 3367; x_wconf 91' lang='lat' dir='ltr'>modo</span> <span class='ocrx_word' id='word_1_457' title='bbox 2929 3304 3143 3386; x_wconf 90' lang='lat' dir='ltr'>ipsum</span> <span class='ocrx_word' id='word_1_458' title='bbox 3161 3306 3243 3372; x_wconf 85' lang='lat' dir='ltr'>ad</span> <span class='ocrx_word' id='word_1_459' title='bbox 3274 3308 3446 3374; x_wconf 88' lang='lat' dir='ltr'>viam</span> 
     </span>
    </p>
   </div>
   <div class='ocr_carea' id='block_1_14' title="bbox 1903 3402 3686 3545">
    <p class='ocr_par' dir='ltr' id='par_1_20' title="bbox 1903 3402 3686 3545">
     <span class='ocr_line' id='line_1_71' title="bbox 1903 3402 3686 3543; baseline 0.004 -75"><span class='ocrx_word' id='word_1_460' title='bbox 1903 3402 2191 3468; x_wconf 83' lang='lat' dir='ltr'>veritatis</span> <span class='ocrx_word' id='word_1_461' title='bbox 2215 3405 2428 3471; x_wconf 85' lang='lat' dir='ltr'>videat</span> <span class='ocrx_word' id='word_1_462' title='bbox 2450 3406 2766 3473; x_wconf 89' lang='lat' dir='ltr'>inclinari.</span> <span class='ocrx_word' id='word_1_463' title='bbox 2789 3407 2867 3474; x_wconf 89' lang='lat' dir='ltr'>Et</span> <span class='ocrx_word' id='word_1_464' title='bbox 2892 3410 2998 3473; x_wconf 90' lang='lat' dir='ltr'>hic</span> <span class='ocrx_word' id='word_1_465' title='bbox 3021 3411 3284 3494; x_wconf 89' lang='lat' dir='ltr'>quidem</span> <span class='ocrx_word' id='word_1_466' title='bbox 3303 3432 3447 3480; x_wconf 91' lang='lat' dir='ltr'>mo-</span> <span class='ocrx_word' id='word_1_467' title='bbox 3473 3438 3686 3543; x_wconf 49' lang='lat'>12:⁰¹⁹*</span> 
     </span>
     <span class='ocr_line' id='line_1_72' title="bbox 3529 3506 3616 3545; baseline 0.023 -2"><span class='ocrx_word' id='word_1_468' title='bbox 3529 3506 3616 3545; x_wconf 75' lang='lat' dir='ltr'>tur.</span> 
     </span>
    </p>
   </div>
   <div class='ocr_carea' id='block_1_15' title="bbox 1900 3508 3447 4032">
    <p class='ocr_par' dir='ltr' id='par_1_21' title="bbox 1900 3508 3447 4032">
     <span class='ocr_line' id='line_1_73' title="bbox 1902 3508 3447 3600; baseline 0.008 -26"><span class='ocrx_word' id='word_1_469' title='bbox 1902 3508 2023 3575; x_wconf 91' lang='lat' dir='ltr'>dus</span> <span class='ocrx_word' id='word_1_470' title='bbox 2064 3511 2312 3576; x_wconf 84' lang='lat' dir='ltr'>dicendi</span> <span class='ocrx_word' id='word_1_471' title='bbox 2363 3532 2495 3579; x_wconf 90' lang='lat' dir='ltr'>non</span> <span class='ocrx_word' id='word_1_472' title='bbox 2546 3516 2814 3595; x_wconf 87' lang='lat' dir='ltr'>sufficit,</span> <span class='ocrx_word' id='word_1_473' title='bbox 2872 3517 3026 3600; x_wconf 87' lang='lat' dir='ltr'>quia</span> <span class='ocrx_word' id='word_1_474' title='bbox 3078 3520 3297 3585; x_wconf 88' lang='lat' dir='ltr'>nullus</span> <span class='ocrx_word' id='word_1_475' title='bbox 3352 3527 3447 3588; x_wconf 90' lang='lat' dir='ltr'>est</span> 
     </span>
     <span class='ocr_line' id='line_1_74' title="bbox 1902 3619 3445 3709; baseline 0.008 -26"><span class='ocrx_word' id='word_1_476' title='bbox 1902 3619 2060 3684; x_wconf 89' lang='lat' dir='ltr'>adeo</span> <span class='ocrx_word' id='word_1_477' title='bbox 2079 3621 2289 3686; x_wconf 88' lang='lat' dir='ltr'>malus</span> <span class='ocrx_word' id='word_1_478' title='bbox 2304 3627 2368 3687; x_wconf 88' lang='lat' dir='ltr'>et</span> <span class='ocrx_word' id='word_1_479' title='bbox 2378 3642 2717 3706; x_wconf 89' lang='lat' dir='ltr'>perversus</span> <span class='ocrx_word' id='word_1_480' title='bbox 2729 3673 2747 3704; x_wconf 85' lang='lat'>,</span> <span class='ocrx_word' id='word_1_481' title='bbox 2768 3625 2928 3708; x_wconf 90' lang='lat' dir='ltr'>quin</span> <span class='ocrx_word' id='word_1_482' title='bbox 2946 3627 3219 3709; x_wconf 82' lang='lat' dir='ltr'>angelus</span> <span class='ocrx_word' id='word_1_483' title='bbox 3235 3630 3445 3695; x_wconf 88' lang='lat' dir='ltr'>bonus</span> 
     </span>
     <span class='ocr_line' id='line_1_75' title="bbox 1901 3726 3445 3811; baseline 0.008 -22"><span class='ocrx_word' id='word_1_484' title='bbox 1901 3726 2098 3809; x_wconf 88' lang='lat' dir='ltr'>possit</span> <span class='ocrx_word' id='word_1_485' title='bbox 2124 3727 2183 3792; x_wconf 89' lang='lat' dir='ltr'>ei</span> <span class='ocrx_word' id='word_1_486' title='bbox 2208 3728 2466 3811; x_wconf 84' lang='lat' dir='ltr'>aliquod</span> <span class='ocrx_word' id='word_1_487' title='bbox 2495 3730 2882 3797; x_wconf 83' lang='lat' dir='ltr'>beneficium</span> <span class='ocrx_word' id='word_1_488' title='bbox 2906 3735 3297 3802; x_wconf 87' lang='lat' dir='ltr'>custodiendi</span> <span class='ocrx_word' id='word_1_489' title='bbox 3321 3738 3445 3802; x_wconf 90' lang='lat' dir='ltr'>lar-</span> 
     </span>
     <span class='ocr_line' id='line_1_76' title="bbox 1900 3834 3444 3925; baseline 0.008 -27"><span class='ocrx_word' id='word_1_490' title='bbox 1900 3834 2029 3915; x_wconf 82' lang='lat' dir='ltr'>giri</span> <span class='ocrx_word' id='word_1_491' title='bbox 2061 3859 2076 3899; x_wconf 92' lang='lat'>:</span> <span class='ocrx_word' id='word_1_492' title='bbox 2108 3853 2266 3917; x_wconf 80' lang='lat' dir='ltr'>ergo</span> <span class='ocrx_word' id='word_1_493' title='bbox 2297 3836 2350 3899; x_wconf 90' lang='lat' dir='ltr'>si</span> <span class='ocrx_word' id='word_1_494' title='bbox 2387 3855 2642 3920; x_wconf 89' lang='lat' dir='ltr'>semper</span> <span class='ocrx_word' id='word_1_495' title='bbox 2665 3843 2760 3904; x_wconf 88' lang='lat' dir='ltr'>est</span> <span class='ocrx_word' id='word_1_496' title='bbox 2786 3839 2844 3905; x_wconf 92' lang='lat' dir='ltr'>ei</span> <span class='ocrx_word' id='word_1_497' title='bbox 2879 3847 3214 3925; x_wconf 88' lang='lat' dir='ltr'>promptus</span> <span class='ocrx_word' id='word_1_498' title='bbox 3239 3845 3444 3910; x_wconf 81' lang='lat' dir='ltr'>facere</span> 
     </span>
     <span class='ocr_line' id='line_1_77' title="bbox 1900 3941 3444 4032; baseline 0.009 -27"><span class='ocrx_word' id='word_1_499' title='bbox 1900 3941 2143 4006; x_wconf 91' lang='lat' dir='ltr'>bonum</span> <span class='ocrx_word' id='word_1_500' title='bbox 2157 3992 2176 4020; x_wconf 87' lang='lat'>‚</span> <span class='ocrx_word' id='word_1_501' title='bbox 2220 3943 2475 4010; x_wconf 88' lang='lat' dir='ltr'>videtur</span> <span class='ocrx_word' id='word_1_502' title='bbox 2514 3947 2686 4029; x_wconf 92' lang='lat' dir='ltr'>quod</span> <span class='ocrx_word' id='word_1_503' title='bbox 2731 3966 3069 4032; x_wconf 90' lang='lat' dir='ltr'>nunquam</span> <span class='ocrx_word' id='word_1_504' title='bbox 3109 3953 3444 4019; x_wconf 87' lang='lat' dir='ltr'>subtrahat</span> 
     </span>
    </p>
   </div>
   <div class='ocr_carea' id='block_1_16' title="bbox 1898 4052 3680 4144">
    <p class='ocr_par' dir='ltr' id='par_1_22' title="bbox 1898 4052 3680 4144">
     <span class='ocr_line' id='line_1_78' title="bbox 1898 4052 3680 4144; baseline 0.012 -31"><span class='ocrx_word' id='word_1_505' title='bbox 1898 4067 2160 4115; x_wconf 90' lang='lat' dir='ltr'>omnem</span> <span class='ocrx_word' id='word_1_506' title='bbox 2187 4055 2425 4117; x_wconf 90' lang='lat' dir='ltr'>actum.</span> <span class='ocrx_word' id='word_1_507' title='bbox 2453 4052 2533 4117; x_wconf 91' lang='lat' dir='ltr'>Et</span> <span class='ocrx_word' id='word_1_508' title='bbox 2564 4053 2708 4119; x_wconf 88' lang='lat' dir='ltr'>ideo</span> <span class='ocrx_word' id='word_1_509' title='bbox 2735 4057 3054 4122; x_wconf 90' lang='lat' dir='ltr'>secundus</span> <span class='ocrx_word' id='word_1_510' title='bbox 3080 4059 3310 4124; x_wconf 85' lang='lat' dir='ltr'>modus</span> <span class='ocrx_word' id='word_1_511' title='bbox 3335 4061 3438 4126; x_wconf 90' lang='lat' dir='ltr'>di-</span> <span class='ocrx_word' id='word_1_512' title='bbox 3469 4085 3640 4144; x_wconf 69' lang='lat' dir='ltr'>nxpne.</span> <span class='ocrx_word' id='word_1_513' title='bbox 3656 4093 3680 4133; x_wconf 75' lang='lat'><em>2</em></span> 
     </span>
    </p>
   </div>
   <div class='ocr_carea' id='block_1_17' title="bbox 1894 4157 3438 5629">
    <p class='ocr_par' dir='ltr' id='par_1_23' title="bbox 1894 4157 3438 5629">
     <span class='ocr_line' id='line_1_79' title="bbox 1898 4157 3435 4249; baseline 0.009 -29"><span class='ocrx_word' id='word_1_514' title='bbox 1898 4157 2081 4222; x_wconf 87' lang='lat' dir='ltr'>cendi</span> <span class='ocrx_word' id='word_1_515' title='bbox 2104 4161 2219 4236; x_wconf 86' lang='lat' dir='ltr'>est,</span> <span class='ocrx_word' id='word_1_516' title='bbox 2248 4160 2421 4243; x_wconf 91' lang='lat' dir='ltr'>quod</span> <span class='ocrx_word' id='word_1_517' title='bbox 2438 4160 2675 4244; x_wconf 86' lang='lat' dir='ltr'>duplex</span> <span class='ocrx_word' id='word_1_518' title='bbox 2689 4165 2786 4229; x_wconf 87' lang='lat' dir='ltr'>est</span> <span class='ocrx_word' id='word_1_519' title='bbox 2802 4165 3106 4230; x_wconf 86' lang='lat' dir='ltr'>custodiae</span> <span class='ocrx_word' id='word_1_520' title='bbox 3123 4167 3435 4249; x_wconf 80' lang='lat' dir='ltr'>angelicae</span> 
     </span>
     <span class='ocr_line' id='line_1_80' title="bbox 1897 4268 3437 4358; baseline 0.009 -30"><span class='ocrx_word' id='word_1_521' title='bbox 1897 4268 2076 4329; x_wconf 87' lang='lat' dir='ltr'>actus</span> <span class='ocrx_word' id='word_1_522' title='bbox 2088 4314 2106 4343; x_wconf 90' lang='lat'><strong>‚</strong></span> <span class='ocrx_word' id='word_1_523' title='bbox 2134 4285 2304 4331; x_wconf 89' lang='lat' dir='ltr'>unus</span> <span class='ocrx_word' id='word_1_524' title='bbox 2328 4274 2620 4351; x_wconf 86' lang='lat' dir='ltr'>respectu</span> <span class='ocrx_word' id='word_1_525' title='bbox 2638 4272 2919 4355; x_wconf 83' lang='lat' dir='ltr'>corporis</span> <span class='ocrx_word' id='word_1_526' title='bbox 2931 4322 2950 4353; x_wconf 90' lang='lat'>,</span> <span class='ocrx_word' id='word_1_527' title='bbox 2973 4273 3132 4339; x_wconf 87' lang='lat' dir='ltr'>alter</span> <span class='ocrx_word' id='word_1_528' title='bbox 3148 4281 3437 4358; x_wconf 82' lang='lat' dir='ltr'>respectu</span> 
     </span>
     <span class='ocr_line' id='line_1_81' title="bbox 1896 4372 3434 4464; baseline 0.008 -29"><span class='ocrx_word' id='word_1_529' title='bbox 1896 4372 2159 4455; x_wconf 88' lang='lat' dir='ltr'>spiritus</span> <span class='ocrx_word' id='word_1_530' title='bbox 2191 4397 2205 4439; x_wconf 81' lang='lat' dir='ltr'><strong><em>z</em></strong></span> <span class='ocrx_word' id='word_1_531' title='bbox 2237 4393 2409 4440; x_wconf 90' lang='lat' dir='ltr'>unus</span> <span class='ocrx_word' id='word_1_532' title='bbox 2426 4377 2710 4443; x_wconf 89' lang='lat' dir='ltr'>consistit</span> <span class='ocrx_word' id='word_1_533' title='bbox 2733 4381 2802 4442; x_wconf 91' lang='lat' dir='ltr'>in</span> <span class='ocrx_word' id='word_1_534' title='bbox 2825 4380 3185 4463; x_wconf 88' lang='lat' dir='ltr'>repulsione</span> <span class='ocrx_word' id='word_1_535' title='bbox 3203 4382 3403 4447; x_wconf 90' lang='lat' dir='ltr'>hostis</span> <span class='ocrx_word' id='word_1_536' title='bbox 3415 4432 3434 4464; x_wconf 93' lang='lat'>,</span> 
     </span>
     <span class='ocr_line' id='line_1_82' title="bbox 1896 4481 3437 4573; baseline 0.006 -29"><span class='ocrx_word' id='word_1_537' title='bbox 1896 4498 1978 4544; x_wconf 93' lang='lat' dir='ltr'>ne</span> <span class='ocrx_word' id='word_1_538' title='bbox 2015 4481 2334 4564; x_wconf 87' lang='lat' dir='ltr'>opprimat</span> <span class='ocrx_word' id='word_1_539' title='bbox 2376 4502 2675 4567; x_wconf 87' lang='lat' dir='ltr'>corpora;</span> <span class='ocrx_word' id='word_1_540' title='bbox 2711 4486 2870 4551; x_wconf 88' lang='lat' dir='ltr'>alter</span> <span class='ocrx_word' id='word_1_541' title='bbox 2902 4485 2972 4551; x_wconf 90' lang='lat' dir='ltr'>in</span> <span class='ocrx_word' id='word_1_542' title='bbox 3012 4489 3286 4553; x_wconf 88' lang='lat' dir='ltr'>arcendo</span> <span class='ocrx_word' id='word_1_543' title='bbox 3329 4490 3437 4573; x_wconf 90' lang='lat' dir='ltr'>ip-</span> 
     </span>
     <span class='ocr_line' id='line_1_83' title="bbox 1896 4592 3437 4672; baseline 0.008 -22"><span class='ocrx_word' id='word_1_544' title='bbox 1896 4605 2043 4652; x_wconf 90' lang='lat' dir='ltr'>sum</span> <span class='ocrx_word' id='word_1_545' title='bbox 2052 4636 2076 4670; x_wconf 86' lang='lat'><em>,</em></span> <span class='ocrx_word' id='word_1_546' title='bbox 2104 4608 2187 4654; x_wconf 92' lang='lat' dir='ltr'>ne</span> <span class='ocrx_word' id='word_1_547' title='bbox 2215 4595 2535 4672; x_wconf 85' lang='lat' dir='ltr'>pervertat</span> <span class='ocrx_word' id='word_1_548' title='bbox 2557 4592 2827 4659; x_wconf 89' lang='lat' dir='ltr'>animas.</span> <span class='ocrx_word' id='word_1_549' title='bbox 2858 4592 3057 4659; x_wconf 91' lang='lat' dir='ltr'>Primi</span> <span class='ocrx_word' id='word_1_550' title='bbox 3098 4601 3276 4662; x_wconf 90' lang='lat' dir='ltr'>actus</span> <span class='ocrx_word' id='word_1_551' title='bbox 3303 4598 3437 4662; x_wconf 83' lang='lat' dir='ltr'>effl-</span> 
     </span>
     <span class='ocr_line' id='line_1_84' title="bbox 1896 4693 3436 4781; baseline 0.008 -25"><span class='ocrx_word' id='word_1_552' title='bbox 1896 4693 2069 4758; x_wconf 85' lang='lat' dir='ltr'>cacia</span> <span class='ocrx_word' id='word_1_553' title='bbox 2093 4700 2187 4759; x_wconf 92' lang='lat' dir='ltr'>est</span> <span class='ocrx_word' id='word_1_554' title='bbox 2213 4696 2284 4760; x_wconf 92' lang='lat' dir='ltr'>in</span> <span class='ocrx_word' id='word_1_555' title='bbox 2311 4698 2573 4781; x_wconf 81' lang='lat' dir='ltr'>ange103</span> <span class='ocrx_word' id='word_1_556' title='bbox 2605 4700 2866 4766; x_wconf 90' lang='lat' dir='ltr'>secundi</span> <span class='ocrx_word' id='word_1_557' title='bbox 2888 4719 3042 4768; x_wconf 86' lang='lat' dir='ltr'>vero</span> <span class='ocrx_word' id='word_1_558' title='bbox 3064 4720 3199 4767; x_wconf 91' lang='grc'><strong>11011</strong></span> <span class='ocrx_word' id='word_1_559' title='bbox 3224 4703 3436 4768; x_wconf 91' lang='lat' dir='ltr'>solum</span> 
     </span>
     <span class='ocr_line' id='line_1_85' title="bbox 1896 4801 3437 4886; baseline 0.007 -21"><span class='ocrx_word' id='word_1_560' title='bbox 1896 4805 1992 4865; x_wconf 88' lang='lat' dir='ltr'>est</span> <span class='ocrx_word' id='word_1_561' title='bbox 2014 4801 2086 4867; x_wconf 90' lang='lat' dir='ltr'>in</span> <span class='ocrx_word' id='word_1_562' title='bbox 2126 4804 2386 4885; x_wconf 79' lang='lat' dir='ltr'>angelo,</span> <span class='ocrx_word' id='word_1_563' title='bbox 2413 4807 2523 4872; x_wconf 90' lang='lat' dir='ltr'>sed</span> <span class='ocrx_word' id='word_1_564' title='bbox 2549 4807 2745 4871; x_wconf 88' lang='lat' dir='ltr'>etiam</span> <span class='ocrx_word' id='word_1_565' title='bbox 2770 4808 2841 4872; x_wconf 89' lang='grc'>111</span> <span class='ocrx_word' id='word_1_566' title='bbox 2867 4809 3073 4873; x_wconf 91' lang='lat' dir='ltr'>nobis.</span> <span class='ocrx_word' id='word_1_567' title='bbox 3107 4808 3437 4886; x_wconf 86' lang='lat' dir='ltr'>Quantum</span> 
     </span>
     <span class='ocr_line' id='line_1_86' title="bbox 1895 4908 3437 4999; baseline 0.008 -28"><span class='ocrx_word' id='word_1_568' title='bbox 1895 4908 1977 4972; x_wconf 86' lang='lat' dir='ltr'>ad</span> <span class='ocrx_word' id='word_1_569' title='bbox 1999 4910 2284 4992; x_wconf 89' lang='lat' dir='ltr'>primum</span> <span class='ocrx_word' id='word_1_570' title='bbox 2303 4917 2542 4994; x_wconf 83' lang='lat' dir='ltr'>actum,</span> <span class='ocrx_word' id='word_1_571' title='bbox 2573 4915 2781 4979; x_wconf 91' lang='lat' dir='ltr'>bonus</span> <span class='ocrx_word' id='word_1_572' title='bbox 2805 4917 3079 4999; x_wconf 83' lang='lat' dir='ltr'>angelus</span> <span class='ocrx_word' id='word_1_573' title='bbox 3102 4917 3437 4983; x_wconf 89' lang='lat' dir='ltr'>hominem</span> 
     </span>
     <span class='ocr_line' id='line_1_87' title="bbox 1895 5020 3438 5108; baseline 0.006 -27"><span class='ocrx_word' id='word_1_574' title='bbox 1895 5036 2105 5101; x_wconf 88' lang='lat' dir='ltr'>usque</span> <span class='ocrx_word' id='word_1_575' title='bbox 2130 5020 2211 5083; x_wconf 85' lang='lat' dir='ltr'>ad</span> <span class='ocrx_word' id='word_1_576' title='bbox 2238 5026 2512 5086; x_wconf 84' lang='lat' dir='ltr'>mortem</span> <span class='ocrx_word' id='word_1_577' title='bbox 2538 5041 2672 5088; x_wconf 91' lang='lat' dir='ltr'>non</span> <span class='ocrx_word' id='word_1_578' title='bbox 2698 5023 3099 5107; x_wconf 90' lang='lat' dir='ltr'>derelinquit,</span> <span class='ocrx_word' id='word_1_579' title='bbox 3133 5025 3285 5108; x_wconf 87' lang='lat' dir='ltr'>quia</span> <span class='ocrx_word' id='word_1_580' title='bbox 3305 5044 3438 5090; x_wconf 90' lang='lat' dir='ltr'>non</span> 
     </span>
     <span class='ocr_line' id='line_1_88' title="bbox 1895 5128 3437 5215; baseline 0.006 -26"><span class='ocrx_word' id='word_1_581' title='bbox 1895 5128 2137 5209; x_wconf 85' lang='lat' dir='ltr'>patitur</span> <span class='ocrx_word' id='word_1_582' title='bbox 2157 5128 2373 5212; x_wconf 93' lang='lat' dir='ltr'>ipsum</span> <span class='ocrx_word' id='word_1_583' title='bbox 2399 5149 2437 5194; x_wconf 86' lang='lat' dir='ltr'>a</span> <span class='ocrx_word' id='word_1_584' title='bbox 2465 5132 2755 5196; x_wconf 75' lang='lat' dir='ltr'>daemone</span> <span class='ocrx_word' id='word_1_585' title='bbox 2784 5132 3060 5215; x_wconf 89' lang='lat' dir='ltr'>opprimi</span> <span class='ocrx_word' id='word_1_586' title='bbox 3077 5133 3183 5198; x_wconf 88' lang='lat' dir='ltr'>vel</span> <span class='ocrx_word' id='word_1_587' title='bbox 3210 5133 3437 5214; x_wconf 89' lang='lat' dir='ltr'>occidi,</span> 
     </span>
     <span class='ocr_line' id='line_1_89' title="bbox 1894 5235 3438 5319; baseline 0.005 -21"><span class='ocrx_word' id='word_1_588' title='bbox 1894 5235 2018 5299; x_wconf 90' lang='lat' dir='ltr'>nisi</span> <span class='ocrx_word' id='word_1_589' title='bbox 2048 5235 2305 5318; x_wconf 88' lang='lat' dir='ltr'>quando</span> <span class='ocrx_word' id='word_1_590' title='bbox 2348 5237 2530 5302; x_wconf 91' lang='lat' dir='ltr'>aliter</span> <span class='ocrx_word' id='word_1_591' title='bbox 2564 5238 2767 5319; x_wconf 80' lang='lat' dir='ltr'>exigit</span> <span class='ocrx_word' id='word_1_592' title='bbox 2801 5240 2938 5301; x_wconf 84' lang='lat' dir='ltr'>fleri</span> <span class='ocrx_word' id='word_1_593' title='bbox 2982 5240 3292 5304; x_wconf 86' lang='lat' dir='ltr'>sententia</span> <span class='ocrx_word' id='word_1_594' title='bbox 3334 5241 3438 5305; x_wconf 88' lang='lat' dir='ltr'>di-</span> 
     </span>
     <span class='ocr_line' id='line_1_90' title="bbox 1896 5342 3438 5424; baseline 0.003 -16"><span class='ocrx_word' id='word_1_595' title='bbox 1896 5342 2030 5408; x_wconf 84' lang='lat' dir='ltr'>vini</span> <span class='ocrx_word' id='word_1_596' title='bbox 2072 5342 2322 5424; x_wconf 88' lang='lat' dir='ltr'>judicii.</span> <span class='ocrx_word' id='word_1_597' title='bbox 2380 5344 2706 5421; x_wconf 86' lang='lat' dir='ltr'>Quantum</span> <span class='ocrx_word' id='word_1_598' title='bbox 2750 5363 2903 5410; x_wconf 88' lang='lat' dir='ltr'>vero</span> <span class='ocrx_word' id='word_1_599' title='bbox 2948 5346 3028 5410; x_wconf 87' lang='lat' dir='ltr'>ad</span> <span class='ocrx_word' id='word_1_600' title='bbox 3081 5347 3438 5413; x_wconf 87' lang='lat' dir='ltr'>secundum</span> 
     </span>
     <span class='ocr_line' id='line_1_91' title="bbox 1963 5467 2313 5533; baseline 0.003 -16"><span class='ocrx_word' id='word_1_601' title='bbox 1963 5468 1981 5504; x_wconf 85' lang='lat'>¹</span> <span class='ocrx_word' id='word_1_602' title='bbox 2014 5467 2148 5532; x_wconf 66' lang='lat' dir='ltr'>Tob„</span> <span class='ocrx_word' id='word_1_603' title='bbox 2167 5479 2239 5533; x_wconf 77' lang='lat' dir='ltr'>vi,</span> <span class='ocrx_word' id='word_1_604' title='bbox 2263 5471 2313 5519; x_wconf 73' lang='lat'>4.</span> 
     </span>
     <span class='ocr_line' id='line_1_92' title="bbox 3079 5567 3159 5629; baseline 0 0"><span class='ocrx_word' id='word_1_605' title='bbox 3079 5567 3159 5629; x_wconf 79' lang='grc'>33</span> 
     </span>
    </p>
   </div>
  </div>
 </body>
</html>
