4125 6225
10 2582 148 2649 Opinio
161 2600 197 2641 ¹.

17 3888 144 3944 Opin-
164 3890 210 3931 2.

1255 392 1451 461 DIST.
1501 392 1598 461 tx.
1642 391 1822 460 ΛΒΤ.
1867 393 1919 460 Ῑ,
1962 390 2265 471 QUAEST.
2308 391 2359 457 1.
3265 393 3382 454 ⁴67

212 553 362 619 ergo
387 551 537 600 cum
557 535 745 616 caput
762 533 845 596 sit
860 532 1103 597 ratione
1120 530 1314 598 unius
1329 531 1583 614 speciei,
1607 547 1739 595 non
1850 528 1980 611 geli
1997 529 2127 593 sint
2152 527 2439 611 eiusdem
2465 525 2696 622 speciei
2719 571 2738 607 ‚
2764 525 2932 591 sicut
2946 529 3010 589 et
3027 542 3249 590 omnes
3271 524 3387 590 ho-

211 644 404 710 unius
421 640 760 720 individui,
779 643 841 704 et
858 642 1048 723 caput
1068 644 1132 703 et
1143 643 1345 702 status
1358 638 1590 702 debent
1608 654 1742 703 esse
1854 636 2081 700 mines.
2105 634 2182 699 Et
2198 632 2744 718 quemadmodum
2762 632 2830 696 in
2849 631 3224 699 hominihus
3235 635 3389 695 sunt

213 754 277 818 in
293 770 429 817 uno
448 752 613 815 sicut
640 768 788 814 arca
812 750 1253 813 consummata
1271 745 1450 810 estin
1479 745 1694 810 cubito
1721 767 1737 809 ε
1854 745 2096 826 gradus
2139 747 2203 807 et
2245 742 2530 817 ordineS,
2575 745 2639 806 et
2675 741 2887 825 quoad
2929 740 3280 817 naturalia,
3328 742 3392 803 et

212 879 367 943 ergo
391 858 676 923 maxima
702 856 888 921 debet
906 874 1041 920 esse
1070 854 1279 923 unitas
1311 876 1327 918 ε
1358 872 1517 936 ergo
1553 858 1616 918 et
1642 871 1745 918 se·-
1855 851 2067 933 quoad
2107 850 2314 914 officia
2350 849 2716 928 commissa,
2750 850 2887 917 sive
2916 848 3260 929 dignitates
3277 894 3295 926 ‚
3329 847 3394 910 et

211 967 498 1033 cundum
517 963 817 1048 speciem.
1858 956 2067 1040 quoad
2089 955 2400 1039 gratuita,
2430 956 2607 1021 salva
2632 958 2848 1020 tamen
2865 955 3108 1019 unitate
3125 951 3389 1035 speciei;

288 1072 451 1138 Item
478 1075 668 1137 ruina
692 1069 984 1153 angelica
1015 1071 1351 1152 reparatur
1377 1084 1491 1151 per
1531 1066 1751 1132 homi-
1861 1069 1950 1133 sic
1977 1068 2465 1151 intelligendum
2490 1072 2588 1133 est
2616 1068 2685 1132 in
2725 1068 2996 1151 angelis.
3043 1065 3220 1131 Unde
3245 1083 3396 1130 con-

213 1200 397 1261 nem‚
427 1180 538 1264 qui
578 1182 674 1244 est
709 1178 881 1242 idem
921 1175 1127 1259 specie
1158 1197 1173 1240 ε
1204 1175 1256 1239 si
1292 1192 1450 1257 ergo
1496 1192 1755 1259 compe·
1863 1176 2161 1242 cedendae
2192 1180 2342 1241 sunt
2379 1174 2655 1240 rationes
2693 1174 2773 1239 ad
2818 1175 2985 1239 hanc
3022 1177 3268 1258 partem
3294 1173 3400 1237 in-

213 1291 420 1354 tenter
458 1289 523 1351 et
561 1302 848 1367 congrue
892 1287 1244 1366 reparatur,
1283 1282 1539 1349 videtur
1583 1280 1756 1365 quod
1864 1285 2097 1350 ductae.

216 1414 442 1462 omnes
458 1394 717 1460 ruentes
744 1391 983 1456 fuerint
1005 1390 1201 1454 unius
1227 1390 1456 1473 speciei
1494 1407 1511 1453 t
1542 1390 1652 1454 sed
1677 1389 1755 1455 de
1948 1398 1978 1456 1
1992 1439 2008 1457 .
2038 1390 2138 1457 Ad
2170 1391 2328 1458 illud
2367 1391 2539 1475 quod
2579 1389 2875 1474 objicitur
2914 1389 2994 1456 de
3034 1387 3404 1455 manifesta-
3485 1425 3500 1442 ·

215 1508 499 1593 quolibet
523 1505 743 1571 ordine
765 1507 919 1569 sunt
934 1503 1131 1586 lapsi:
1161 1520 1320 1584 ergo
1340 1520 1562 1568 omnes
1587 1502 1643 1583 ej
1654 1517 1758 1565 us·
1870 1502 2072 1581 tione,
2099 1499 2436 1565 dicendum
2464 1499 2636 1582 quod
2674 1498 2838 1563 Deus
2875 1515 3009 1563 non
3044 1497 3409 1562 manifestat

217 1617 368 1682 dem
388 1612 639 1698 speciei.
1869 1608 2218 1673 bonitatem
2244 1606 2366 1671 nisi
2406 1606 2584 1672 salvo
2614 1606 2833 1671 ordine
2873 1604 3200 1689 sapientiae
3227 1603 3407 1669 ordi-

1874 1715 2090 1781 nantis
2116 1715 2434 1779 mundum
2454 1761 2471 1791 ,
2504 1717 2567 1779 et
2601 1713 2779 1780 salva
2804 1713 3183 1797 proprietate
3223 1714 3411 1776 natu-

740 1824 746 1831 ’
769 1822 1218 1917 CONCLUSIO.
1877 1842 1966 1889 rae
1984 1846 2001 1902 ;
2033 1823 2322 1887 similiter
2338 1822 2514 1886 salva
2528 1822 2937 1887 condecentia
2952 1826 3018 1886 et
3033 1820 3413 1905 perfectione

841 2003 852 2014 ‚
1079 2004 1091 2015 ,
1427 1999 1437 2012 ‚
1878 1930 2150 1995 civitatis
2177 1947 2490 2014 supernae.
2525 1928 2842 2006 Quoniam
2877 1929 3082 2010 igitur
3122 1932 3414 1993 creatura

220 2004 464 2108 *4⁶94oe
491 2016 666 2109 ⁰²⁷.²⁷²⁶⁸
708 2016 942 2109 omnium
969 2001 1220 2108 imnum
1246 2014 1349 2057 ⁸⁸⁸⁶
1388 1998 1616 2105 ‘³3qu
1650 2013 1770 2071 ⁸²²⁶*
1880 2038 2252 2122 completior
2291 2037 2361 2101 in
2397 2037 2640 2101 mundo
2669 2037 2776 2101 dat
2815 2036 2875 2100 ei
2920 2035 3418 2100 consummatio-

297 2110 400 2151 czez
443 2099 580 2151 satis
610 2095 898 2168 probabile
933 2093 1168 2157 videtur,
1212 2106 1460 2163 quamvis
1502 2094 1649 2145 mter
1690 2103 1775 2145 eos

294 2188 375 2241 sit
391 2182 659 2251 ordinum,
685 2184 1041 2255 dignitatum,
1058 2185 1110 2240 et
1133 2182 1427 2250 officiorum
1450 2178 1771 2252 disparitas.
1881 2163 2030 2209 nem
2048 2193 2066 2223 ²
2102 2143 2243 2209 ideo
2272 2162 2408 2208 una
2436 2147 2532 2208 est
2555 2143 2781 2227 speeie·
2820 2141 3095 2223 Rursus,
3123 2144 3276 2226 quia
3310 2161 3421 2207 ⁵⁰⁴·

1883 2272 2184 2337 premum
2203 2256 2266 2318 et
2281 2252 2597 2337 optimum
2614 2252 2829 2335 angeli
2843 2301 2861 2331 ‚
2886 2253 3057 2336 quod
3080 2257 3175 2317 est
3201 2251 3425 2317 deifor-

301 2343 502 2445 'Resp.
545 2361 624 2425 ad
662 2361 942 2443 Argum.
991 2358 1343 2423 Dicendum
1390 2356 1562 2440 quod
1611 2357 1778 2422 circa
1887 2361 2013 2424 mis
2052 2361 2412 2425 intellectus
2429 2408 2446 2438 ‚
2503 2376 2672 2424 unus
2715 2363 2841 2440 est,
2884 2378 3006 2425 nec
3046 2360 3238 2424 hahet
3271 2379 3426 2425 con-

226 2470 358 2535 hoc
397 2468 634 2552 duplex
662 2471 756 2532 est
782 2467 998 2551 opinio
1014 2515 1030 2543 ‚
1072 2470 1136 2531 et
1170 2470 1443 2549 utraque
1476 2465 1780 2548 prohabi—
1880 2468 2283 2552 junctionem
2306 2487 2457 2533 cum
2483 2468 2790 2549 inferiori,
2811 2468 2953 2533 ideo
2971 2471 3207 2532 natura
3221 2486 3428 2550 ange-

228 2576 313 2640 lis
347 2598 365 2640 :
397 2574 538 2640 Una
574 2580 701 2653 est,
734 2576 906 2658 quod
946 2575 1014 2638 in
1043 2573 1290 2657 angelis
1317 2577 1412 2637 est
1443 2572 1779 2639 diversitas
1888 2576 2013 2640 lica
2055 2575 2239 2641 dehet
2280 2574 2415 2640 e'sse
2452 2594 2607 2641 una.
2655 2574 2937 2654 RursuS‚
2980 2576 3288 2659 quoniam
3320 2576 3429 2642 illa

231 2684 599 2748 secundum
625 2682 897 2766 speciem
914 2732 930 2759 ‚
957 2686 1021 2747 et
1044 2683 1235 2746 etiam
1267 2681 1622 2746 secundum
1662 2699 1781 2764 ge·
1892 2684 2112 2749 civitas
2128 2682 2314 2747 dehet
2328 2701 2463 2747 esse
2483 2683 2665 2747 unita
2682 2686 2745 2747 et
2769 2683 3037 2766 perfecte
3051 2686 3423 2764 restaurata,

231 2809 398 2856 nera
467 2791 863 2867 subalterna,
916 2794 989 2854 ut
1046 2789 1403 2854 hierarchia
1465 2789 1547 2853 sit
1602 2788 1786 2872 quasi
1893 2795 2035 2860 ideo
2068 2794 2251 2858 dehet
2278 2812 2415 2859 esse
2443 2813 2594 2859 una.
2624 2793 2703 2871 Et
2726 2795 2833 2859 hae
2858 2795 3135 2859 rationes
3165 2799 3433 2878 possunt

229 2917 454 2964 unum
495 2916 732 2981 genus,
767 2901 831 2961 et
871 2897 1126 2962 ordines
1156 2898 1389 2962 faciant
1417 2899 1684 2981 species;
1726 2900 1791 2963 et
1895 2901 2212 2983 assignari
2244 2920 2362 2967 suo
2400 2903 2593 2967 modo
2627 2901 2795 2967 circa
2822 2902 3139 2967 homines,
3183 2901 3250 2968 Si
3285 2903 3436 2985 quis

230 3008 318 3073 ad
348 3008 477 3071 hoc
503 3005 875 3089 ponendum
893 3004 1051 3068 moti
1074 3008 1228 3069 sunt
1249 3008 1391 3069 tum
1409 3008 1668 3088 propter
1696 3005 1790 3070 di·
1897 3014 2116 3075 autem
2147 3009 2338 3075 vellet
2367 3028 2483 3093 per
2508 3010 2631 3074 hoc
2665 3010 2992 3074 ostendere
3017 3010 3187 3094 quod
3215 3010 3433 3074 homi-

233 3118 420 3182 vinae
462 3115 762 3180 bonitatis
805 3114 1237 3178 ostensionem
1253 3163 1271 3195 ,
1327 3117 1472 3178 tum
1529 3117 1790 3197 propter
1900 3138 2016 3184 nes
2057 3124 2122 3186 et
2148 3118 2364 3200 angeli
2403 3122 2614 3183 essent
2651 3118 2848 3186 unius
2893 3120 3150 3202 speciei3
3199 3119 3438 3186 dicere-

233 3225 457 3291 simile
483 3224 557 3288 in
583 3223 726 3288 aliis
751 3221 1057 3288 creaturis
1075 3271 1092 3303 ,
1133 3225 1275 3288 tum
1301 3223 1495 3290 etiam
1536 3225 1795 3307 propter
1902 3247 2049 3292 mus
2081 3226 2161 3311 (α)
2193 3227 2367 3310 quod
2404 3227 2620 3309 angeli
2646 3245 2776 3291 non
2803 3230 3292 3311 conjunguntur
3315 3226 3442 3292 ho-

237 3333 497 3417 gradus
521 3335 804 3415 repertos
828 3329 901 3394 in
934 3330 1087 3413 ipsis
1122 3331 1391 3411 angelis.
1424 3330 1583 3396 Cum
1619 3330 1794 3395 enim
1906 3339 2187 3406 minibus
2214 3338 2461 3403 unitate
2488 3342 2770 3418 natum,
2797 3339 2906 3405 sed
2931 3339 3237 3423 obsequio
3254 3340 3447 3403 hene..

235 3440 472 3524 angeli
490 3438 779 3521 ejusdem
798 3438 1040 3503 ordinis
1068 3437 1281 3520 aliquo
1309 3439 1497 3504 modo
1521 3457 1589 3503 se
1612 3455 1796 3503 exce·
1906 3447 2209 3524 ficentiae3
2239 3447 2304 3509 et
2331 3445 2527 3510 homo
2556 3421 2847 3509 similiter
2871 3447 3134 3528 angelo,
3161 3446 3316 3529 quia
3337 3445 3445 3510 ille

238 3549 412 3615 dant
430 3595 447 3624 ,
476 3547 733 3612 videtur
758 3546 929 3629 quod
955 3545 1170 3627 angeli
1201 3545 1604 3611 diversorum
1636 3546 1803 3612 ordi·
1909 3556 2106 3620 istum
2131 3554 2426 3636 adjuvat,
2457 3553 2577 3617 iste
2593 3553 2779 3618 illum
2802 3557 3096 3636 reparat:
3123 3552 3297 3636 quod
3314 3570 3447 3617 non

240 3673 425 3721 num
472 3659 535 3718 et
574 3653 1083 3718 hierarchiarum
1129 3653 1286 3717 adeo
1329 3672 1397 3718 se
1451 3654 1798 3735 excedant,
1912 3664 2106 3740 esset,
2155 3660 2210 3738 si
2257 3663 2468 3724 essent
2510 3661 2799 3743 ejusdem
2846 3663 3096 3725 naturae
3140 3679 3158 3725 ε
3197 3663 3260 3726 et
3308 3660 3452 3726 ideo

240 3761 436 3848 quod
468 3761 660 3848 etiam
695 3761 974 3826 habeant
1018 3762 1087 3824 in
1117 3762 1325 3844 specie
1360 3765 1426 3828 et
1469 3762 1538 3826 in
1566 3779 1805 3844 genere
1914 3774 2265 3851 utrumque
2295 3768 2593 3833 convenit
2623 3766 2863 3832 civitati
2898 3785 3220 3851 supernae.

243 3870 719 3938 diversitatem.
764 3869 907 3936 Alia
949 3869 1178 3952 positio
1222 3873 1349 3950 est,
1391 3871 1565 3953 quod
1591 3872 1807 3955 angeli
1996 3880 2059 3940 2.
2091 3875 2190 3939 Ad
2217 3874 2373 3938 illud
2401 3873 2573 3957 quod
2598 3874 2700 3957 obj
2709 3874 2895 3940 icitur
2915 3875 2994 3940 de
3019 3874 3231 3956 magis
3248 3877 3313 3938 et
3338 3874 3456 3938 mi-

241 3998 494 4049 omnes
531 3982 684 4044 sunt
719 3978 1008 4061 ejusdem
1051 3982 1336 4059 naturae,
1379 3982 1524 4044 tum
1549 3985 1810 4064 propter
1918 4003 2074 4064 nus,
2114 3982 2453 4048 dicendum
2490 3982 2664 4065 quod
2704 3983 2980 4048 intensio
2999 4031 3018 4063 ‚
3063 3987 3127 4047 et
3164 3981 3459 4047 remissio

243 4089 577 4155 unionem
619 4085 791 4152 illius
828 4085 1104 4151 civitatis
1119 4135 1138 4166 ,
1179 4090 1324 4149 tum
1367 4091 1627 4170 propter
1661 4089 1810 4153 uni·
1921 4090 2276 4156 secundum
2291 4089 2703 4173 proprietates
2725 4089 3173 4174 inseparabiles
3192 4108 3324 4154 non
3344 4107 3462 4153 va-

241 4196 442 4265 versi
468 4195 944 4280 perfectionem.
975 4193 1146 4259 Licet
1168 4197 1387 4259 autem
1409 4200 1682 4280 utraque
1702 4197 1817 4262 ha·
1923 4201 2094 4264 riant
2110 4197 2384 4281 speciem
2402 4215 2629 4280 perse;
2654 4198 2772 4263 etsi
2783 4199 3128 4281 aliquando
3137 4198 3464 4265 concomi-

245 4323 423 4370 rum
439 4303 830 4388 positionum
847 4303 1079 4367 habeat
1099 4303 1607 4386 probabilitatem
1623 4327 1640 4384 ;
1662 4306 1817 4389 quia
1924 4309 2143 4373 tentur
2160 4303 2587 4371 diversitatem
2600 4304 2830 4389 speciei
2847 4305 2918 4370 in
2933 4305 3034 4370 his
3046 4306 3291 4386 formis,
3309 4323 3458 4389 quae

243 4417 494 4478 tamen
518 4430 636 4496 per
675 4409 1074 4496 Scripturam
1113 4430 1250 4476 non
1273 4412 1609 4478 innotescit
1632 4413 1819 4479 nobis
1927 4415 2321 4480 concernunt
2376 4412 2695 4478 diversam
2746 4412 3126 4478 mixtionem
3178 4413 3469 4478 elemen-

247 4520 617 4589 diversitas
642 4519 1088 4602 operationum
1103 4568 1124 4600 ,
1153 4522 1218 4583 et
1243 4519 1500 4585 videtur
1525 4521 1700 4604 quod
1726 4521 1821 4586 illi
1930 4525 2180 4600 torum,
2204 4523 2353 4604 quae
2375 4519 2719 4584 attenditur
2736 4519 3093 4586 secundum
3129 4521 3470 4603 qualitates

246 4629 388 4714 qui
421 4626 716 4710 aggressi
742 4629 894 4691 sunt
936 4625 1104 4691 hanc
1146 4627 1480 4692 materiam
1531 4627 1824 4693 determi·
1944 4630 2186 4696 activas
2200 4675 2217 4706 ,
2259 4627 2421 4694 sicut
2449 4627 2682 4693 dicitur
2709 4628 2783 4712 (b)
2817 4629 3096 4709 calidum
3131 4627 3202 4692 in
3243 4631 3472 4712 quarto

247 4753 470 4816 nare,
518 4734 684 4799 sicut
723 4733 1092 4822 Dionysum,
1152 4734 1373 4803 divina
1411 4734 1826 4821 inspiratione
1935 4737 2145 4821 gradu
2168 4736 2422 4801 differre
2449 4755 2491 4800 a
2513 4736 2715 4801 calido
2733 4737 2802 4800 in
2822 4738 3058 4820 primo.
3086 4736 3475 4820 Simpliciter

249 4843 709 4927 cognoverint
734 4847 798 4907 et
821 4843 1104 4908 officium
1120 4890 1138 4920 ,
1165 4846 1228 4908 et
1253 4845 1555 4908 naturam
1573 4892 1592 4926 ‚
1616 4848 1679 4910 et
1705 4846 1827 4930 ipsi
1937 4850 2156 4911 tamen
2180 4843 2499 4928 loquendo
2520 4862 2653 4909 non
2673 4844 2864 4909 habet
2884 4844 3220 4912 veritatem
3252 4865 3268 4909 ι
3303 4844 3477 4927 quod

251 4953 509 5020 dicunt
530 4951 705 5033 quod
733 4951 952 5015 omnia
977 4937 1125 5034 quae
1153 4955 1307 5018 sunt
1335 4953 1629 5017 omnium
1654 4953 1828 5019 ordi-
1939 4958 2143 5040 patet,
2176 4952 2331 5036 quia
2370 4954 2577 5035 major
2611 4956 2707 5017 est
2739 4952 3012 5016 intensio
3039 4956 3105 5016 et
3140 4951 3381 5034 gradus
3407 4951 3480 5016 in

253 5077 457 5126 num
507 5059 575 5121 in
617 5059 919 5124 omnihus
962 5060 1386 5143 reperiantur,
1428 5059 1574 5126 licet
1622 5063 1834 5145 magis
1944 5062 2169 5145 gratiis
2185 5065 2248 5126 et
2271 5060 2552 5143 praemiis
2569 5108 2589 5140 ,
2610 5077 2809 5143 quam
2824 5060 2894 5122 in
2920 5058 3319 5125 naturalibus
3338 5077 3483 5142 pro-

255 5165 672 5235 excedenter
689 5165 759 5230 in
776 5185 910 5231 uno
934 5167 1223 5233 :videtur
1245 5168 1457 5250 magis
1478 5168 1837 5251 theologica
1945 5167 2351 5253 prietatihus,
2380 5172 2444 5232 et
2468 5172 2684 5231 tamen
2723 5183 2857 5231 non
2882 5166 3195 5232 differunt
3234 5165 3445 5250 specie
3461 5215 3481 5249 ,

257 5282 342 5343 et
369 5273 727 5358 probabilis
749 5273 977 5357 positio
994 5324 1011 5353 ‚
1041 5275 1166 5340 nisi
1191 5279 1483 5341 occurrat
1504 5277 1839 5342 manifesta
1948 5275 2056 5340 sed
2084 5274 2294 5339 solum
2331 5274 2650 5339 accidente
2666 5320 2683 5351 ‚
2726 5290 2850 5337 nec
2894 5274 3092 5352 valet,
3123 5273 3180 5339 si
3220 5292 3353 5340 non
3380 5274 3486 5338 in-

253 5380 641 5450 auetoritas
679 5381 749 5444 in
788 5382 1178 5448 contrarium
1194 5431 1214 5462 ,
1252 5384 1423 5467 quod
1459 5403 1682 5450 omnes
1715 5403 1840 5450 an·
2014 5403 2082 5466 (a)
2108 5377 2231 5452 σοι.
2253 5399 2377 5452 edit.
2407 5399 2713 5451 dicemus.-
2747 5397 2821 5467 (ρ)
2851 5400 2972 5451 rtem
3007 5399 3148 5455 dicit.
