4125 6225
466 3669 558 3713 niv·
587 3670 597 3681 ⁸

548 3681 642 3714 1810.

684 389 805 450 408

683 538 869 604 aeque
902 521 1065 585 bene
1089 537 1203 603 per
1230 537 1298 585 se
1336 522 1581 602 posset,
1620 518 1786 582 sicut
1825 520 2032 600 potest
2067 534 2218 581 cnm

680 627 937 709 gratia:
968 626 1074 691 sed
1098 625 1221 691 hoc
1246 644 1375 691 non
1413 629 1510 690 est
1552 642 1782 691 verum
1804 674 1823 701 ,
1864 624 2019 706 quia
2062 623 2220 690 illud

683 734 1068 800 beneficium
1086 733 1310 815 gratiae
1338 733 1545 799 elevat
1571 732 1918 815 potentiam
1936 733 2016 797 ad
2043 751 2120 797 ea
2140 734 2221 798 ad

686 858 834 923 quae
862 844 1037 920 erat,
1070 843 1135 904 et
1161 858 1275 923 per
1303 857 1370 903 se
1397 839 1714 921 attingere
1742 857 1872 904 non
1898 842 2165 922 poterat.

764 953 827 1012 4.
849 947 947 1011 Ad
970 946 1125 1010 illud
1144 947 1313 1030 quod
1342 947 1659 1029 objicitur,
1686 946 1855 1029 quod
1882 947 2222 1011 obstinatio

686 1073 820 1119 non
849 1054 1123 1133 minuit,
1155 1054 1310 1137 quia
1342 1054 1594 1134 integra
1618 1056 1882 1117 manent
1908 1053 2086 1132 data,
2121 1054 2222 1117 di-

686 1161 959 1227 cendum
990 1162 1162 1244 quod
1186 1161 1346 1225 illud
1373 1160 1748 1242 intelligitur
1789 1160 2105 1243 quantum
2144 1161 2224 1225 ad

687 1270 1105 1335 substantiam
1148 1269 1537 1334 naturalium
1559 1317 1576 1345 ,
1627 1286 1760 1333 non
1802 1277 2120 1351 quantum
2145 1270 2225 1334 ad

687 1376 1045 1442 habilitates
1062 1425 1080 1456 ,
1110 1381 1184 1440 ut
1206 1376 1436 1440 melius
1460 1376 1627 1439 infra
1652 1374 1993 1441 videbitur.

771 1489 830 1549 5.
882 1484 981 1548 Ad
1009 1484 1168 1548 illud
1194 1484 1366 1566 quod
1397 1483 1718 1567 objicitur,
1767 1483 1938 1565 quod
1969 1483 2229 1547 libertas

693 1595 787 1656 est
814 1590 1173 1656 dominium
1211 1594 1469 1673 propter
1502 1588 1925 1672 privationem
1954 1590 2227 1655 coactio-

692 1700 795 1763 nis
811 1748 828 1778 ,
857 1699 1195 1763 dicendum
1221 1697 1391 1779 quod
1436 1700 1751 1780 quantum
1786 1697 1867 1760 ad
1899 1697 2054 1761 illud
2097 1716 2230 1762 non

696 1807 1097 1883 diminuitur,
1128 1805 1292 1869 sicut
1316 1803 1696 1887 praedictum
1723 1806 1837 1867 est.

772 1918 835 1978 6.
868 1914 967 1978 Ad
1001 1913 1160 1979 illud
1195 1911 1366 1995 quod
1394 1911 1711 1993 objicitur,
1742 1911 1915 1993 quod
1957 1913 2233 1979 totaliter

697 2025 906 2106 posset
930 2020 1065 2086 tolli
1103 2020 1391 2097 libertas3
1427 2019 1763 2083 dicendum
1802 2021 1974 2102 quod
2000 2040 2229 2086 verum

698 2135 793 2195 est
817 2130 894 2194 de
923 2148 998 2193 ea
1015 2145 1161 2210 quae
1191 2126 1575 2191 diminuitur
1591 2176 1609 2207 ,
1639 2127 1844 2209 qualis
1862 2133 1954 2192 est
1974 2129 2233 2195 libertas

698 2258 738 2303 a
769 2237 955 2319 culpa
990 2239 1053 2300 et
1078 2234 1373 2312 miseria;
1404 2234 1481 2298 dc
1505 2234 1629 2298 alia
1655 2252 1811 2301 vero
1840 2254 1973 2299 non
2000 2243 2095 2301 est
2121 2256 2234 2303 ve-

695 2364 848 2413 rum
879 2367 893 2409 :
928 2347 993 2407 et
1014 2343 1105 2407 sic
1133 2346 1306 2425 patet
1329 2342 1509 2406 illud.
1543 2341 1771 2407 Patent
1797 2343 1987 2408 etiam
2016 2345 2236 2411 omnia

698 2453 824 2518 alia
852 2450 1145 2517 litteralia
1168 2469 1281 2535 per
1309 2449 1450 2515 haec
1476 2450 1661 2515 dicta.

1290 2705 1487 2782 PARS
1538 2705 1618 2787 ΙΙ.

703 2883 780 2927 DE
805 2877 1325 2936 CONSEQUENTIBUS
1357 2876 1836 2924 osssmA'rlonEu
1875 2879 2238 2929 ARGELORUM

1309 2972 1626 3019 MALORUM.

1073 3147 1484 3216 EXPOSITIO
1525 3147 1854 3214 TEXTUS.

1025 3256 1029 3260 “
1122 3303 1184 3354 Et
1210 3299 1330 3352 licet
1354 3300 1477 3351 mali
1501 3301 1696 3367 angeli,
1723 3306 1822 3354 etc.

787 3424 996 3506 Supra
1032 3422 1167 3503 egit
1207 3420 1507 3502 Magister
1543 3422 1621 3486 de
1663 3423 2143 3489 confirmatione
2182 3430 2244 3490 et

705 3530 1125 3597 obstinatione
1164 3529 1582 3610 angelorum3
1631 3528 1699 3592 in
1737 3529 1859 3593 hac
1888 3535 2066 3612 parte
2107 3532 2245 3614 agit

703 3638 781 3703 de
809 3637 1342 3719 consequentibus
1377 3636 1456 3700 ad
1494 3635 1656 3700 haec.
1688 3636 1999 3702 Dividitur
2028 3643 2245 3704 autem

704 3746 847 3810 haec
874 3762 1021 3827 pars
1047 3743 1114 3806 in
1139 3743 1334 3808 duas:
1360 3744 1431 3807 in
1457 3744 1663 3826 prima
1683 3745 1818 3826 agit
1844 3745 1919 3808 de
1948 3745 2073 3823 his,
2097 3766 2244 3830 quae

706 3856 1183 3935 consequuntur
1211 3852 1731 3932 obstinationem3
1766 3852 1836 3916 in
1865 3850 2142 3919 secunda
2168 3857 2246 3921 de

705 3961 808 4025 his
829 4010 847 4041 ,
906 3979 1053 4044 quae
1102 3963 1583 4043 consequuntur
1642 3962 2192 4028 confirmationem
2223 4014 2241 4045 ,

706 4068 903 4147 infra,
933 4068 1075 4131 dist.
1106 4086 1173 4131 1x
1211 4090 1226 4132 ε
1260 4068 1406 4134 Post
1428 4067 1745 4149 proedicta
1772 4077 2087 4152 superest,
2121 4076 2241 4136 etc.

708 4173 925 4239 Prima
949 4174 1252 4239 dividitur
1279 4175 1350 4238 in
1389 4177 1548 4241 duas
1580 4198 1595 4239 ε
1641 4176 1711 4240 in
1750 4176 1961 4259 prima
1995 4179 2132 4261 agit
2170 4180 2247 4244 de

708 4283 1076 4348 daemonum
1116 4286 1285 4348 statu
1325 4287 1466 4366 post
1502 4284 1987 4349 obstinationem
2034 4306 2246 4369 quan-

707 4394 852 4454 tum
871 4391 950 4455 ad
977 4390 1441 4471 cognitionem;
1465 4392 1741 4456 secundo
1756 4411 1910 4457 vero
1932 4399 2249 4475 quantum

709 4497 791 4562 ad
827 4498 967 4562 vim
1007 4498 1403 4580 operativum
1421 4547 1440 4579 ,
1480 4498 1567 4562 ihi
1604 4520 1621 4563 ε
1667 4500 1939 4573 Quorum
1974 4503 2250 4569 scientia

711 4613 902 4690 atque
927 4609 1193 4684 virtute,
1225 4611 1343 4671 etc.
1375 4607 1450 4671 Et
1472 4607 1582 4671 illa
1607 4610 1886 4674 secunda
1915 4628 2063 4693 pars
2094 4611 2251 4675 duas

711 4713 901 4778 habet
935 4737 952 4778 ε
994 4714 1066 4778 in
1105 4714 1312 4797 prima
1338 4715 1714 4779 determinat
1740 4718 2085 4798 potentiam
2114 4718 2251 4783 dae-

712 4840 983 4887 monum
1022 4827 1311 4906 respectu
1350 4826 1789 4888 creaturarum
1828 4826 2247 4908 generaliter3

713 4930 783 4994 in
809 4931 1084 4995 secunda
1106 4948 1262 4995 vero
1296 4933 1583 5012 respectu
1619 4930 1957 4996 hominum
1980 4982 1999 5014 ,
2029 4937 2095 4997 et
2130 4934 2253 4999 hoc

715 5038 903 5115 infra,
935 5039 1205 5103 distinct.
1227 5058 1381 5104 vm:
1418 5038 1582 5104 Solet
1602 5041 1796 5104 etiam
1815 5041 1890 5105 in
1907 5044 2253 5122 quoestz‘one

717 5149 988 5212 versari.
1028 5146 1243 5211 Prima
1287 5165 1433 5230 pars
1476 5145 1668 5211 habet
1705 5151 1832 5210 tres
1877 5152 2086 5230 partes
2129 5168 2146 5212 z
2185 5150 2255 5213 in

784 5306 805 5340 1
824 5310 1058 5371 August„
1077 5307 1139 5357 de
1166 5308 1287 5359 Gen.
1310 5308 1379 5358 ad
1397 5285 1523 5369 litt„
1542 5307 1631 5357 lib.
1658 5308 1721 5371 ΙΙ,
1750 5323 1797 5358 c.
1815 5320 2022 5362 xv11.-
2045 5312 2253 5373 ⁸Arist..

724 5378 743 5427 1
771 5377 981 5443 Foster„
1010 5392 1054 5430 c.
1077 5391 1182 5430 1.-
1210 5379 1280 5444 (α)
1300 5379 1384 5429 ΑΙ.
1405 5380 1784 5444 permittuntur.

1800 377 2424 447 SENTENTIARUM
2463 378 2611 445 LIB.
2656 378 2735 443 Π.

2327 515 2540 599 prima
2577 514 2930 581 ostenditur
2972 515 3126 598 quid
3158 517 3431 599 possint3
3476 518 3555 580 in
3593 516 3878 581 secunda

2327 642 2503 702 vero,
2535 623 2833 707 qualiter3
2868 625 2938 688 in
2961 625 3150 689 tertia
3167 643 3346 703 vero,
3368 629 3700 708 quantum
3731 644 3878 708 per-

2328 730 2663 796 mittantur
2717 730 2796 814 (a)
2810 779 2825 795 .
2859 731 3150 796 Primum
3194 733 3342 797 facit
3382 733 3469 796 ibi
3519 756 3537 797 ε
3599 735 3882 807 Quorum

2328 842 2602 906 scientia
2629 845 2818 922 atque
2854 843 3117 921 virtute,
3151 846 3268 906 etc.
3305 840 3712 921 Secundum,
3743 843 3832 905 ibi
3863 867 3878 907 ε

2325 949 2393 1015 N
2391 965 2455 1014 ec
2472 948 2833 1030 putandum
2844 955 2935 1015 est
2945 952 3096 1017 istis
3111 949 3884 1033 transgressoribusffer-

2329 1056 2494 1120 tium
2532 1074 2685 1121 vero
2720 1046 2872 1120 facit
2894 1057 2983 1121 ibi
3014 1075 3030 1118 ε
3058 1057 3231 1123 Illud
3257 1072 3503 1140 quoque
3543 1058 3887 1124 ¹.⁴3‹:iendtmt

2331 1168 2441 1240 est,
2473 1167 2591 1227 etc.
2622 1162 2702 1228 Et
2738 1163 2828 1227 ita
2864 1163 2991 1229 duo
3026 1164 3409 1245 generaliter
3445 1165 3744 1229 continet
3773 1164 3888 1227 ista

2331 1288 2477 1354 pars
2501 1270 2818 1353 :primum
2848 1274 2942 1335 est
2966 1271 3044 1336 de
3069 1272 3441 1336 daemonum
3468 1271 3881 1352 cognitione3

2333 1378 2685 1443 secundum
2711 1377 2790 1442 de
2813 1378 3076 1444 virtute.

2984 1566 3122 1612 mm.
3170 1564 3215 1611 1.

2484 1680 2688 1746 Triplici
2713 1681 2950 1732 acumine
2975 1680 3204 1732 scientiae
3231 1679 3410 1746 vigent
3435 1681 3737 1732 deamones·

2415 1805 2677 1872 Videtur
2699 1806 2978 1871 Isidorus
3006 1807 3075 1870 in
3096 1806 3404 1871 divisione
3422 1806 3546 1870 ista
3570 1806 3885 1871 diminute

2338 1917 2696 2001 procedere,
2713 1917 2866 1998 quia
2879 1915 3305 1997 AugustinuS,
3319 1931 3509 2014 super
3531 1915 3830 1982 Genesim
3843 1915 3885 1992 ²,

2338 2028 2613 2107 quatuor
2652 2023 2873 2087 modos
2899 2023 3078 2104 ponit
3093 2071 3111 2103 ,
3146 2040 3310 2105 quos
3348 2022 3546 2087 etiam
3586 2022 3888 2103 Magister

2339 2131 2593 2196 adducit
2615 2131 2686 2193 in
2709 2129 2938 2194 littera.

2421 2238 2580 2302 ltem
2603 2237 2855 2303 videtur
2872 2236 3195 2320 superflua
3227 2258 3243 2301 ι
3265 2234 3705 2319 Philosophus
3721 2233 3884 2299 enim

2341 2364 2475 2410 non
2502 2346 2681 2429 ponit
2705 2345 2827 2410 nisi
2847 2345 3008 2409 duos
3026 2346 3246 2409 modos
3270 2368 3286 2423 ;
3311 2346 3459 2409 dicit
3476 2344 3661 2410 enim
3678 2344 3702 2379 ¹
3719 2341 3882 2426 quod

2343 2473 2532 2520 omne
2549 2454 2722 2537 quod
2748 2453 2894 2537 quis
2918 2452 3121 2531 novit,
3150 2453 3393 2519 discens
3419 2454 3522 2518 vel
3545 2451 3879 2519 inveniens

2340 2560 2541 2624 novit.

2423 2667 2610 2750 Resp.
2637 2666 2987 2733 Dicendum
3007 2668 3179 2752 quod
3205 2668 3430 2733 divisio
3459 2667 3692 2733 Isidori
3723 2666 3883 2730 suffl-

2346 2775 2518 2840 ciens
2548 2779 2672 2857 est,
2702 2779 2765 2839 et
2795 2794 3070 2841 consona
3096 2776 3308 2842 verbis
3334 2776 3714 2858 Augustini.
3747 2773 3885 2840 Suf-

2345 2882 2619 2947 ficientia
2646 2886 2864 2946 autem
2892 2886 3063 2964 patet
3094 2883 3185 2946 sic
3213 2904 3228 2946 ι
3269 2883 3469 2946 Omne
3499 2882 3681 2946 enim
3721 2879 3882 2962 quod

2348 2990 2669 3054 daemones
2704 2989 2949 3069 sciunt,
2979 2993 3092 3053 aut
3126 2989 3335 3054 sciunt
3378 2988 3754 3069 cognitione
3791 2986 3885 3048 in-

2348 3103 2497 3163 nata
2516 3147 2532 3176 ,
2564 3100 2627 3162 et
2665 3098 2756 3162 sic
2781 3097 3083 3163 dicuntur
3109 3097 3269 3162 scire
3300 3095 3601 3162 acumine
3628 3111 3880 3172 sensus;

2348 3209 2461 3270 aut
2496 3206 2857 3287 cognitione
2893 3206 3202 3288 acquisita
3245 3227 3260 3269 z
3306 3204 3413 3268 sed
3452 3203 3741 3285 cognitio
3781 3219 3882 3264 ac-

2349 3314 2584 3397 quisita
2613 3317 2816 3397 potest
2856 3333 2989 3378 esse
3021 3314 3353 3398 dupliciter
3389 3331 3405 3376 :
3443 3317 3557 3376 aut
3599 3313 3682 3377 de
3703 3308 3884 3373 rebus

2350 3440 2496 3505 quae
2524 3422 2797 3486 subsunt
2833 3422 3104 3499 rationi,
3138 3425 3200 3485 et
3236 3421 3375 3485 haec
3401 3438 3513 3502 per
3553 3418 3881 3501 experien-

2349 3531 2508 3595 tiam
2544 3531 2983 3609 addiscuntur3
3038 3534 3152 3594 aut
3195 3530 3275 3594 de
3317 3530 3508 3593 rebus
3544 3546 3698 3610 quae
3745 3526 3885 3588 sunt

2352 3658 2545 3722 supra
2566 3688 2583 3720 ,
2623 3644 2686 3704 et
2710 3639 2799 3703 sic
2842 3658 2955 3721 per
2987 3639 3441 3703 revelationem
3481 3635 3880 3719 superiorum

2352 3747 2716 3831 spirituum.
2757 3747 2941 3826 Quod
2977 3766 3134 3828 ergo
3170 3747 3468 3829 objicitur
3508 3745 3585 3809 de
3628 3744 3879 3822 Augus-

2352 3857 2508 3933 tin0,
2541 3857 2880 3921 dicendum
2907 3856 3079 3939 quod
3120 3856 3248 3920 duo
3285 3854 3459 3918 modi
3495 3852 3880 3917 reducuntur

2354 3963 2434 4028 ad
2457 3982 2685 4029 unum.
2717 3964 2794 4027 Et
2821 3964 3054 4028 iterum
3074 4011 3090 4039 ‚
3116 3962 3517 4044 Augustinus
3547 3957 3759 4040 magis
3781 3972 3878 4017 as-

2354 4072 2563 4154 signat
2607 4072 2826 4138 modos
2856 4071 3238 4155 praedicendi
3277 4071 3493 4133 futura
3512 4115 3528 4143 ,
3561 4082 3758 4149 quam
3784 4079 3878 4125 co·

2355 4181 2737 4262 gnoscendi;
2786 4169 3208 4261 Philosophus
3235 4181 3451 4240 autem
3488 4174 3770 4256 loquitur
3810 4167 3879 4230 de

2357 4288 2721 4368 cognitione
2753 4286 3060 4369 acquisita
3075 4334 3092 4364 ,
3125 4284 3266 4364 vel,
3306 4285 3360 4347 si
3402 4281 3780 4364 generaliter
3811 4275 3881 4338 de

2356 4397 2532 4460 omni
2551 4445 2568 4476 ,
2625 4401 2780 4459 tunc
2833 4396 2951 4459 sub
3008 4393 3375 4460 inventione
3420 4383 3881 4473 comprehendit

2358 4523 2579 4569 sensus
2599 4521 2903 4581 acumen,
2929 4505 2994 4567 et
3022 4499 3480 4584 experientiam
3505 4502 3874 4580 temporum·

3008 4692 3146 4737 DUB.
3186 4689 3256 4734 11.

2718 4809 2907 4862 Partim
2937 4822 2968 4859 a
2989 4807 3178 4859 sanctis
3199 4777 3410 4870 angelis,
3436 4806 3536 4854 etc.
3591 4854 3594 4857 Α

2442 4936 2660 5001 Innuit
2703 4934 3001 5016 Magister
3017 4982 3035 5012 ,
3082 4931 3255 5015 quod
3311 4930 3634 4994 daemones
3678 4924 3873 5004 aliqua

2363 5048 2755 5126 cognoscunt
2781 5064 2820 5107 a
2844 5043 3075 5106 sanctis
3101 5038 3376 5121 angeliS,
3402 5054 3547 5119 quae
3580 5036 3666 5120 ab·
3684 5026 3873 5097 omni-

2363 5152 2604 5237 potenti
2627 5150 2754 5217 Deo
2779 5150 3049 5227 discunt,
3071 5151 3261 5230 jussu
3286 5147 3424 5228 ejus
3449 5143 3569 5207 sibi
3600 5137 3870 5206 revelan-

2360 5262 2552 5326 tibus.

2444 5368 2674 5435 Contra
2701 5388 2716 5432 ε
2748 5367 3078 5432 Daemones
3101 5367 3252 5432 sunt
3274 5357 3514 5425 inimici
3545 5357 3655 5425 Dei
3683 5358 3742 5420 et
3763 5366 3862 5415 an·
