4125 6225
422 2691 633 2737 Fundam.

640 394 760 455 216
887 388 895 396 ’

639 524 763 589 fuit
801 524 890 588 ibi
935 525 1357 607 praeceptum,
1395 525 1460 588 et
1499 523 1920 606 permissum;
1961 520 2181 585 dieen-

642 632 797 696 dum
827 632 997 715 quod
1024 631 1358 714 permissio
1386 630 1607 695 multis
1645 629 1851 695 modis
1876 627 2181 709 accipitur

643 739 714 803 in
742 739 1088 821 Scriptura.
1120 737 1334 803 Primo
1369 738 1561 802 modo
1590 738 1820 801 dicitur
1841 737 2180 818 permissio

644 865 774 910 non
792 847 1119 924 cohibere;
1143 847 1306 910 sicut
1329 845 1637 908 Dominus
1655 843 1962 926 permittit
1989 842 2179 920 mala,

647 954 799 1035 quia
833 972 966 1017 non
994 954 1246 1017 cohibet
1279 974 1294 1015 :
1327 956 1391 1017 et
1415 952 1538 1016 hoc
1566 951 1755 1014 modo
1797 953 1891 1012 est
1919 948 2184 1029 signum

647 1063 994 1127 voluntatis
1020 1063 1254 1127 divinae
1268 1062 1635 1126 distinctum
1663 1062 1883 1123 contra
1900 1076 2185 1140 praecep-

646 1174 814 1234 tum.
852 1170 995 1234 Alio
1027 1169 1251 1245 mode,
1288 1186 1419 1232 non
1456 1167 1687 1249 punire
1714 1165 2180 1247 temporaliter;

651 1277 821 1340 etsie
842 1276 1071 1341 dicitur
1087 1275 1339 1339 libellus
1356 1273 1604 1356 repudii
1629 1273 1909 1354 permitti
1926 1273 1997 1334 in
2016 1273 2188 1337 Mal-

651 1385 807 1449 thoeo
836 1389 889 1446 ¹:
920 1384 1170 1465 Moyses
1199 1381 1289 1447 ad
1304 1381 1622 1447 duritiam
1641 1387 1919 1446 vestram
1947 1380 2189 1460 permi-

651 1493 762 1558 sit.
816 1489 1028 1554 Tertio
1093 1490 1316 1565 mode,
1377 1506 1509 1552 non
1569 1486 1905 1569 prohibere
1923 1533 1940 1561 ,
1999 1489 2077 1549 ut
2117 1486 2188 1550 in

651 1596 903 1662 Psalmo
921 1599 944 1633 ²
964 1619 979 1662 ε
1009 1596 1386 1663 Irascimini
1405 1602 1466 1663 et
1483 1596 1677 1661 nolite
1690 1609 1947 1675 peccare
1962 1615 1988 1673 ;
2009 1592 2190 1657 Glos-

652 1724 723 1769 sa
755 1723 774 1768 t
811 1728 844 1766 α
872 1703 1185 1769 Permittit
1214 1704 1386 1786 quod
1412 1703 1798 1768 necessitatis
1825 1706 1950 1776 est,
1977 1701 2040 1765 id
2061 1703 2187 1779 est,

652 1831 784 1878 non
828 1812 1140 1896 prohibet.
1188 1832 1219 1870 n
1275 1810 1519 1889 Quarto,
1558 1810 1781 1885 mode,
1825 1810 2190 1891 permittere

616 1932 635 1940 ·
654 1923 749 1985 est
765 1921 981 1983 minus
997 1919 1244 1982 bonum
1258 1918 1620 1999 indulgere,
1645 1916 1725 2000 (α)
1746 1934 1937 1998 super
1953 1915 2114 1980 illud
2128 1917 2149 1951 ⁸
2169 1937 2185 1979 :

656 2027 716 2092 H
720 2042 788 2093 oc
799 2033 1004 2093 autem
1012 2025 1158 2092 dieo
1172 2025 1519 2091 secundum
1530 2023 2028 2107 indamnatam,
2043 2026 2161 2086 etc.
2170 2070 2189 2102 ,

658 2133 873 2199 Glossa
901 2153 919 2198 ε
952 2157 983 2195 <1
1007 2133 1342 2199 Permittit.
1368 2154 1400 2192 n

1175 2349 1530 2430 QUAESTIO
1568 2348 1676 2416 Ill.

906 2506 1003 2563 An
1030 2507 1166 2563 Deus
1191 2505 1379 2562 debeat
1404 2505 1556 2561 mala
1576 2505 1888 2577 permittere
1903 2500 1944 2554 ⁴.

742 2670 973 2736 Utrum
1013 2671 1236 2736 debeat
1270 2670 1439 2735 Deus
1478 2669 1648 2733 mala
1686 2667 2089 2751 permittere;
2136 2666 2201 2727 et

664 2780 839 2861 quod
873 2780 999 2856 sic,
1028 2779 1283 2845 videtur
1306 2783 1329 2818 ⁸
1360 2799 1378 2842 ε
1406 2774 1757 2842 Abundam
1791 2769 2201 2839 tabernacula

658 2885 1074 2970 proedonum,
1103 2889 1249 2965 etc.;
1281 2884 1666 2966 Gregorius⁶
1697 2903 1714 2947 ε
1743 2905 1772 2943 α
1789 2880 2201 2963 Omnipotens

663 2995 834 3060 Deus
858 2994 1034 3077 quod
1062 2993 1205 3058 fieri
1230 3011 1364 3057 non
1391 2991 1687 3075 prohibet
1701 3038 1720 3070 ,
1736 2990 1989 3072 ,iustum
2011 2991 2108 3053 est
2127 2988 2204 3051 ut

664 3103 805 3168 fleri
834 3104 1020 3168 sinat.
1054 3124 1087 3163 n

746 3209 903 3275 ltem
920 3210 1085 3274 Deus
1099 3200 1285 3273 debet
1300 3223 1678 3271 conservare
1699 3204 1990 3269 ordinem
2003 3221 2201 3287 quem

665 3318 984 3383 instituit:
1022 3318 1132 3382 sed
1167 3335 1317 3381 cum
1355 3314 1522 3379 Deus
1560 3316 1799 3378 creavit
1835 3313 2200 3394 hominem,

666 3424 838 3519 dedit
868 3422 931 3489 ei
953 3425 1220 3488 liberam
1245 3422 1643 3488 voluntatem
1673 3442 1690 3484 t
1718 3419 1829 3484 sed
1859 3420 2057 3485 libera
2085 3439 2202 3486 vo-

664 3534 881 3597 luntas
892 3532 1143 3612 dicitur,
1160 3550 1237 3596 eo
1255 3531 1427 3613 quod
1446 3530 1641 3593 libere
1668 3532 1874 3613 potest
1890 3529 2202 3613 quidquid

667 3640 810 3704 vult
836 3657 856 3702 ε
887 3658 1045 3721 ergo
1064 3639 1118 3702 si
1135 3638 1278 3706 vult
1294 3638 1564 3717 malum,
1589 3641 1793 3719 potest
1814 3637 1884 3700 in
1911 3638 2160 3701 malurn
2184 3659 2200 3702 :

668 3765 827 3830 ergo
845 3764 995 3811 cum
1013 3764 1146 3810 non
1173 3747 1395 3810 debeat
1419 3746 1670 3809 auferre
1699 3744 1950 3808 homini
1978 3748 2206 3827 poten-

666 3859 824 3922 tiam
868 3875 1067 3939 quam
1105 3857 1306 3934 dedit,
1348 3856 1534 3921 debet
1575 3854 1789 3939 ipsum
1834 3856 2206 3940 permittere

667 3982 948 4047 peccare.

748 4066 909 4132 Item
922 4116 941 4146 ,
962 4067 1210 4132 malum
1234 4067 1599 4149 frequenter
1620 4069 1716 4131 est
1730 4067 1976 4132 occasio
1997 4071 2202 4151 majo-

668 4176 758 4239 ris
784 4174 937 4238 boni
970 4196 985 4238 ε
1017 4174 1125 4239 sed
1162 4192 1296 4238 non
1336 4177 1546 4254 tieret,
1585 4174 1710 4239 nisi
1750 4176 1998 4239 malum
2037 4195 2204 4259 prae-

670 4282 986 4362 cessisset,
1026 4285 1102 4347 ut
1130 4285 1300 4364 patet
1332 4282 1402 4345 in
1439 4282 1731 4364 passione
1771 4282 2000 4347 Christi
2047 4310 2061 4349 :
2097 4285 2208 4349 sed

669 4391 847 4455 decet
869 4408 1020 4454 eum
1048 4391 1283 4468 facere,
1309 4394 1375 4454 et
1403 4390 1797 4472 permittere,
1826 4392 1894 4455 id
1913 4392 2088 4474 quod
2113 4398 2209 4457 est

668 4496 778 4561 via
799 4498 881 4562 ad
912 4498 1141 4562 melius
1167 4516 1185 4562 t
1216 4516 1374 4578 ergo
1400 4517 1551 4562 cum
1573 4516 1705 4561 non
1740 4500 1936 4582 possit
1961 4499 2207 4564 malum

668 4604 874 4670 facere
890 4654 908 4685 ,
930 4606 1141 4669 solum
1168 4605 1352 4669 debet
1377 4606 1761 4688 permittere.

751 4713 910 4777 Item
962 4713 1128 4777 Deus
1180 4713 1396 4777 omnia
1439 4713 1588 4776 facit
1637 4717 1893 4796 propter
1947 4713 2207 4779 laudem

669 4839 895 4885 suam:
921 4822 1117 4884 sedin
1141 4821 1324 4884 malis
1341 4822 1778 4887 manifestatur
1800 4825 1937 4889 laus
1965 4827 2208 4892 divinae

663 4930 930 5011 ,iustitiae
957 4933 1021 4992 et
1052 4930 1502 4993 misericordiae
1534 4948 1551 4992 ε
1584 4949 1740 5013 ergo
1778 4932 1830 4996 si
1864 4951 1993 4997 non
2021 4935 2209 4999 debet

735 5076 754 5110 ¹
775 5075 979 5138 Mami„
1005 5087 1122 5138 xlx,
1144 5076 1191 5124 8.
1212 5101 1274 5112 —
1293 5076 1315 5110 ¹
1335 5076 1413 5125 Ps.
1441 5086 1510 5141 lv,
1538 5079 1585 5125 5.
1603 5101 1668 5112 —
1687 5075 1748 5126 ⁸1
1781 5076 2047 5145 Cor.‚v11,
2072 5084 2120 5131 6.
2145 5107 2208 5121 -

668 5147 690 5181 ὅ
709 5147 791 5211 Cf.
817 5150 1019 5211 scotus,
1052 5151 1065 5199 1
1100 5149 1258 5206 Seni„
1287 5147 1405 5198 dist.
1432 5159 1593 5210 xnvu,
1622 5160 1674 5211 q.
1694 5161 1813 5211 un.;
1843 5150 2010 5211 AEgid.
2036 5153 2205 5218 Rom„

670 5221 687 5270 l
720 5221 880 5279 Sem„
905 5220 1022 5270 dist.
1044 5233 1207 5283 van,
1229 5235 1280 5283 p.
1306 5221 1368 5281 Il,
1393 5235 1443 5285 q.
1467 5232 1537 5285 113
1567 5221 1827 5284 Richard„
1855 5224 1868 5271 Ι
1900 5224 2057 5285 Sem„
2086 5226 2205 5278 dist.

669 5303 833 5356 van,
855 5307 909 5357 q.
928 5303 1020 5354 1115
1053 5294 1229 5356 Steph.
1253 5293 1461 5356 Brulet„
1488 5294 1503 5342 I
1526 5295 1684 5357 Seni„
1713 5292 1832 5343 dist.
1852 5306 2014 5361 vau,
2037 5312 2090 5362 q.
2114 5310 2205 5363 1115

735 5383 798 5445 (a)
831 5380 1005 5446 Suppl.
1037 5386 1109 5433 ut.
1128 5408 1192 5420 —-
1220 5382 1285 5447 (b)
1314 5384 1435 5436 Cat.
1460 5383 1581 5436 edit.
1613 5383 1842 5435 obviare.

1766 382 2394 451 SENTENTIARUM
2433 384 2583 450 LIB.
2627 383 2679 449 1.

2291 521 2495 585 facere
2543 524 2766 586 contra
2813 519 3371 603 amplificationem
3411 537 3549 585 suae
3583 520 3817 598 laudis,

2293 646 2425 693 non
2452 629 2636 694 debet
2659 629 2966 712 impedire
2990 646 3072 691 ne
3092 627 3259 691 mala
3277 629 3470 691 fiant:
3498 646 3680 712 erge,
3704 633 3820 692 etc.

2375 738 2603 803 Contra
2639 759 2653 801 ε
2691 744 2751 801 1.
2790 737 2812 771 '¹
2847 738 2990 803 Non
3021 737 3226 803 solum
3267 738 3384 819 qui
3420 736 3586 803 talia
3627 745 3826 818 ayunt
3858 746 3926 790 Ad
3955 757 4046 801 opp·
4123 697 4124 706 ἶ

2295 848 2488 932 diqni
2504 857 2659 916 sunt
2680 854 2894 927 morte,
2914 847 3028 914 sed
3056 849 3173 930 qui
3195 849 3601 914 consentiunt
3615 871 3641 920 ;
3665 845 3832 910 Glos-

2296 975 2366 1019 sa
2397 978 2412 1020 ε
2452 979 2483 1017 <1
2507 955 2873 1021 Consentire
2907 959 3003 1019 est
3041 957 3273 1033 faeere,
3311 973 3460 1017 cum
3500 953 3700 1035 possis
3729 971 3834 1016 ar-
3917 940 3929 951 ’

2297 1082 2536 1145 guere:
2566 1085 2596 1122 υ
2634 1082 2815 1144 ergo,
2848 1082 2996 1127 cum
3029 1062 3194 1126 Deus
3217 1062 3413 1143 possit
3435 1061 3757 1142 corrigere
3774 1065 3835 1125 et

2295 1172 2604 1254 impedire
2628 1172 2908 1252 malum3
2940 1171 2996 1234 si
3024 1170 3335 1253 permittit
3357 1174 3418 1233 et
3452 1174 3646 1248 tacet,
3679 1187 3832 1232 con-

2297 1279 2519 1342 sentit:
2549 1277 2658 1342 sed
2685 1279 2797 1360 qui
2819 1278 3263 1355 consentiunt,
3286 1275 3471 1358 digni
3500 1279 3658 1340 sunt
3675 1293 3838 1339 mor-

2298 1388 2360 1449 te
2397 1407 2412 1449 :
2449 1403 2643 1466 ergo,
2682 1390 2800 1450 etc.

2378 1495 2439 1555 2.
2481 1490 2639 1555 Item
2679 1491 3112 1573 Augustinus,
3161 1488 3238 1556 de
3286 1490 3565 1556 civitate
3614 1488 3733 1554 Dei
3758 1490 3782 1526 ⁸
3815 1509 3838 1549 .-

2309 1620 2340 1657 α
2364 1599 2460 1662 Ad
2489 1599 2845 1664 innocentis
2865 1598 3151 1662 officium
3177 1616 3308 1661 non
3338 1598 3551 1661 solum
3571 1596 3843 1679 pertinet

2298 1707 2542 1770 nemini
2569 1709 2814 1772 malum
2856 1707 3125 1785 inferre,
3165 1706 3274 1771 sed
3306 1706 3497 1769 etiam
3527 1724 3567 1769 a
3591 1707 3842 1787 peccato

2301 1813 2593 1879 cohibere
2621 1831 2638 1877 ε
2670 1835 2699 1874 n
2729 1833 2887 1896 ergo
2912 1815 2968 1878 si
3008 1814 3173 1878 Deus
3198 1831 3329 1877 non
3357 1813 3650 1891 cohibet,
3691 1828 3840 1875 cum

2301 1922 2531 2004 possit:
2553 1922 2716 1988 Deus
2740 1942 2872 1986 non
2901 1927 2996 1987 est
3022 1922 3355 1986 innocens,

2383 2032 2444 2091 3.
2476 2028 2634 2092 Item
2657 2029 2902 2092 ratione
2920 2029 3203 2107 videtur3
3226 2028 3378 2109 quia
3396 2043 3629 2091 omnes
3646 2026 3846 2090 virtu·

2302 2141 2397 2202 tes
2421 2142 2656 2202 nostrae
2681 2139 2911 2202 debent
2939 2137 3173 2200 habere
3203 2135 3536 2216 exemplar
3570 2134 3638 2196 in
3673 2133 3798 2197 Deo
3826 2156 3841 2198 ι

2303 2240 2412 2304 sed
2439 2241 2508 2304 in
2536 2242 2719 2305 nobis
2753 2244 2847 2303 est
2868 2240 3075 2303 virtus
3102 2238 3216 2302 zeli
3249 2258 3266 2301 ε
3299 2255 3456 2317 ergo
3480 2240 3548 2299 et
3578 2236 3647 2298 in
3673 2236 3799 2300 Deo
3828 2258 3842 2298 ε

2304 2348 2416 2412 sed
2440 2349 2612 2413 zelus
2617 2396 2641 2428 ,
2684 2351 2999 2432 quantum
3046 2351 3279 2430 potest,
3318 2345 3542 2410 obviat
3586 2344 3659 2426 (b)
3715 2363 3849 2425 pec-

2306 2462 2475 2536 cato;
2506 2475 2665 2539 ergo
2707 2456 2762 2519 si
2797 2456 2965 2520 Deus
3000 2455 3190 2519 habet
3226 2453 3470 2532 zelum,
3518 2457 3846 2535 quantum

2308 2566 2532 2646 potest,
2561 2563 2777 2628 obviat
2807 2582 2824 2626 ι
2862 2580 3019 2643 ergo
3039 2609 3057 2639 ,
3087 2567 3209 2626 etc.

2386 2675 2448 2735 4.
2481 2670 2688 2736 Item·⁹
2727 2693 2744 2735 z
2791 2671 3112 2736 Universa>
3137 2670 3263 2735 vioe
3289 2666 3558 2734 Domini
3595 2665 3849 2732 miseri-

2309 2779 2562 2860 cordia,
2595 2786 2655 2846 et
2681 2782 2917 2846 veritas
2945 2801 2968 2844 .·
2995 2779 3050 2841 si
3083 2795 3241 2860 ergo
3264 2775 3581 2859 permittit
3598 2777 3847 2857 justum

2309 2906 2568 2970 peccare
2583 2936 2601 2967 ,
2631 2892 2745 2952 aut
2767 2891 2863 2951 est
2884 2885 3330 2950 misericordiae
3350 2932 3368 2962 ,
3398 2887 3512 2947 aut
3529 2881 3801 2964 justitiae
3829 2898 3846 2944 :

2308 3014 2440 3059 non
2456 2996 2927 3076 misericordiae,
2945 2997 3191 3059 constat
3206 3015 3223 3072 ;
3241 3011 3361 3056 nec
3372 2994 3397 3075 j
3409 2991 3677 3068 ustitiae,
3705 2990 3853 3074 quia

2302 3105 2520 3188 justus
2546 3125 2676 3171 non
2700 3105 2937 3171 meruit
2962 3103 3186 3169 eadere
3217 3125 3233 3167 τ
3262 3120 3418 3183 ergo
3436 3150 3454 3182 ,
3485 3104 3613 3166 etc.

2848 3357 3297 3426 CONCLUSIO.

2312 3518 2485 3587 Deus,
2518 3519 2632 3571 mm
2663 3516 2887 3587 propter
2909 3512 3145 3570 ordinem
3173 3510 3415 3567 universi
3433 3548 3449 3573 ,
3491 3512 3612 3563 tum
3631 3514 3852 3581 propter

2383 3606 2624 3663 ordinem
2650 3607 2810 3676 finis,
2849 3607 2964 3660 iam
2991 3605 3052 3658 in
3081 3603 3314 3672 gloriam
3344 3599 3662 3669 electorum,
3692 3611 3849 3669 quam

2381 3699 2444 3752 in
2472 3695 2682 3752 laudem
2702 3710 2871 3762 suam,
2895 3696 3073 3767 potest
3099 3692 3251 3747 mala
3271 3691 3609 3762 permittere.

2393 3856 2580 3940 Resp.
2611 3855 2694 3920 ad
2727 3853 2889 3934 Arg.
2918 3850 3270 3916 Dicendum
3297 3847 3469 3930 quod
3507 3847 3675 3911 Deus
3704 3861 3849 3927 per-

2315 3966 2509 4030 mittit
2533 3963 2705 4028 mala
2736 3962 2909 4038 fieri,
2945 3965 3008 4027 et
3041 3959 3166 4023 hoe
3195 3955 3679 4038 ordinatissime.
3715 3953 3846 4017 Du-

2315 4075 2461 4157 plex
2486 4078 2581 4138 est
2592 4072 2765 4136 enim
2783 4069 2938 4133 ordo
2961 4085 3181 4132 rerum
3206 4088 3221 4130 ε
3243 4063 3421 4128 Unus
3435 4063 3505 4126 in
3523 4062 3845 4138 universe,

2316 4182 2475 4245 alter
2497 4181 2569 4245 in
2595 4180 2831 4256 finem;
2864 4180 2928 4241 et
2953 4179 3222 4256 uterque
3260 4170 3467 4251 exigit
3492 4168 3664 4251 quod
3689 4166 3850 4230 Deus

2316 4289 2639 4372 permittat
2654 4287 2822 4351 mala
2839 4284 3001 4349 fieri.
3024 4281 3190 4349 Ordo
3209 4279 3446 4363 quippe
3461 4276 3532 4340 in
3550 4270 3850 4340 universo

2316 4399 2551 4480 exigit,
2597 4396 2755 4479 quia
2799 4393 2879 4458 ad
2927 4390 3376 4475 perfectionem
3420 4381 3853 4449 universitatis

2316 4523 2570 4570 necesse
2594 4504 2720 4566 fuit
2735 4500 2877 4565 fieri
2900 4502 3255 4563 creaturam
3276 4492 3534 4558 arbitrio
3559 4492 3846 4564 liberam,

2317 4617 2380 4677 et
2405 4629 2664 4694 peccare
2690 4611 3042 4691 potentem;
3074 4604 3182 4668 sed
3209 4598 3677 4666 administratio
3702 4594 3851 4659 uni-

2316 4717 2632 4783 versitatis
2660 4719 2783 4790 est,
2808 4719 2882 4778 ut
2910 4714 3073 4776 Deus
3098 4712 3190 4774 sic
3211 4729 3315 4774 res
3337 4707 3621 4773 conditas
3645 4701 3849 4768 admi-

2315 4831 2571 4905 nistret,
2605 4831 2681 4891 ut
2706 4844 2813 4890 eas
2851 4842 3044 4906 agere
3075 4820 3367 4906 proprios
3403 4822 3615 4882 motus
3654 4816 3844 4891 sinat,

2317 4939 2481 5002 sicut
2517 4936 2671 5002 dicit
2712 4933 3114 5015 Augustinus
3139 4932 3216 5009 ¹⁰,
3261 4927 3339 4994 de
3388 4927 3663 4993 Civitate
3708 4922 3841 4987 Dei.

2317 5105 2453 5155 Petr.
2477 5101 2542 5151 de
2565 5101 2794 5161 Terent„
2831 5097 2849 5146 1
2888 5096 3048 5156 Seni„
3076 5091 3191 5144 dist.
3215 5102 3357 5142 xnvn
3375 5128 3392 5154 ,
3418 5104 3473 5154 q.
3498 5101 3577 5140 111.
3598 5114 3657 5125 —
3687 5086 3709 5121 ⁸
3726 5080 3844 5141 lob,

2315 5187 2413 5235 xn,
2436 5178 2560 5225 6.—
2578 5173 2765 5232 ‘Gt-eg.
2789 5170 2981 5233 Magn„
3005 5164 3188 5216 Moral.
3214 5166 3266 5213 in
3293 5162 3402 5223 lob,
3430 5161 3481 5211 in
3502 5161 3641 5210 hunc
3659 5157 3841 5206 locum.

2313 5248 2593 5308 —⁷Rom.,
2630 5257 2681 5307 1,
2714 5246 2875 5294 232.—
2900 5239 2924 5275 ⁸
2945 5242 3093 5305 Aug„
3135 5236 3196 5286 de
3233 5236 3384 5286 Civit.
3415 5234 3543 5292 Dei,
3585 5231 3670 5280 Iib-
3703 5225 3842 5284 xlx,

2317 5334 2363 5370 c.
2385 5318 2681 5370 xv1.-⁹Ps.
2698 5316 3005 5377 xxw‚10.—
3023 5312 3065 5346 ¹⁰
3079 5312 3227 5373 Aug„
3243 5306 3306 5357 de
3326 5307 3480 5359 civit.
3501 5304 3610 5367 Dei,
3629 5300 3715 5351 lib.
3733 5295 3841 5354 vll,

2317 5405 2363 5442 c.
2383 5402 2509 5442 xxx.
