4125 6225
365 3450 574 3497 fundam.

588 397 707 460 318

588 532 851 595 tenebra
870 533 1075 613 potest
1098 528 1222 593 dici
1253 530 1545 609 respectu
1571 526 1701 604 Dei,
1741 530 1805 590 et
1842 529 2137 608 respectu

590 636 814 703 formae
840 656 969 719 qua
992 635 1341 719 perficitur.

672 751 732 810 6.
766 745 947 823 Quod
987 744 1284 826 objicitur
1304 790 1319 820 ,
1361 742 1533 823 quod
1568 744 1837 807 materia
1873 759 2005 805 non
2044 744 2140 804 est

591 852 747 917 illud
763 902 779 929 ‚
831 871 961 933 quo
1005 849 1226 914 omnia
1265 854 1755 927 mensurantur3
1796 847 2138 913 dicendum

593 959 768 1042 quod
790 958 935 1021 licet
967 958 1163 1039 aliqui
1192 956 1539 1021 voluerunt
1563 956 1769 1019 dicere
1795 956 1966 1037 quod
1994 973 2135 1018 ma-

593 1066 789 1145 teria,
846 1066 1090 1128 ratione
1140 1082 1269 1146 qua
1313 1067 1406 1127 est
1451 1063 1942 1127 fundamentum
1961 1111 1977 1138 ‚
2031 1062 2142 1126 dat

592 1190 731 1235 esse
758 1172 988 1249 fixum,
1015 1171 1171 1233 etin
1197 1188 1271 1233 ea
1295 1169 1543 1233 ratione
1573 1173 1669 1233 est
1694 1170 1858 1233 ratio
1883 1187 2141 1233 mensu-

598 1277 804 1353 randi,
835 1278 987 1359 quia
1012 1276 1157 1358 plus
1183 1276 1347 1358 sapit
1374 1280 1437 1340 et
1454 1277 1787 1358 participat
1803 1277 1881 1339 de
1908 1281 2141 1339 natura

599 1385 855 1466 generis
894 1383 1262 1448 substantiae
1287 1431 1304 1463 ,
1348 1384 1519 1466 quod
1568 1383 1775 1464 magis
1820 1383 1887 1446 in
1932 1384 2140 1465 seipso

594 1494 892 1557 fulcitum
918 1497 1041 1570 est;
1070 1496 1285 1555 tamen
1305 1492 1463 1555 illud
1486 1511 1617 1555 non
1637 1497 1731 1555 est
1751 1493 2140 1556 conveniens

601 1602 842 1679 dicere,
879 1601 1055 1682 quod
1085 1600 1222 1681 ipsa
1270 1600 1535 1663 materia
1575 1600 1657 1662 sit
1692 1599 1849 1662 illud
1887 1618 2094 1663 unum
2116 1648 2135 1678 ,

599 1726 750 1772 cum
776 1708 897 1771 hoc
925 1706 1147 1797 debeat
1176 1725 1311 1769 esse
1337 1724 1475 1768 com
1484 1706 1903 1786 pletissimum
1922 1754 1939 1784 ,
1979 1706 2142 1769 sicut

599 1817 833 1882 dicitur
865 1817 936 1879 in
970 1815 1025 1878 X
1054 1816 1280 1898 primae
1328 1813 1750 1896 Philosophiae
1783 1822 1800 1856 ¹
1830 1814 2003 1896 quod
2045 1815 2144 1878 al-

600 1923 762 1988 bedo
788 1927 881 1987 est
904 1940 1206 1987 mensura
1234 1921 1528 1985 omnium
1555 1922 1865 1986 colorum.
1898 1922 1975 1986 Et
1999 1922 2141 1986 ideo

601 2031 940 2095 dicendum
1006 2031 1178 2112 quod
1251 2048 1385 2094 non
1447 2032 1746 2113 ponimus
1806 2033 2141 2095 materiam

601 2156 839 2216 unam,
869 2138 1019 2218 quia
1049 2137 1188 2220 ipsa
1218 2137 1299 2200 sit
1337 2154 1675 2217 mensura3
1705 2139 1815 2203 sed
1851 2139 2004 2221 quia
2026 2187 2044 2218 ,
2089 2140 2141 2201 si

601 2263 735 2309 non
762 2249 858 2308 est
886 2245 1148 2308 materia
1172 2263 1305 2308 una
1322 2293 1339 2323 ,
1366 2245 1756 2326 impossibile
1792 2250 1885 2310 est
1906 2265 2142 2328 ponere

602 2353 860 2435 aliquod
901 2371 1110 2416 unum
1145 2371 1524 2416 mensurans
1548 2401 1564 2430 ,
1602 2371 1749 2417 cum
1786 2353 1942 2418 illud
1971 2373 2143 2437 prae-

602 2463 919 2542 supponat
947 2459 1147 2523 illam.
1189 2457 1354 2535 Quid
1383 2463 1600 2523 autem
1626 2460 1710 2522 sit
1738 2459 1895 2523 illud
1933 2479 2141 2523 unum

602 2568 774 2650 quod
803 2571 895 2631 est
922 2585 1223 2631 mensura
1250 2568 1543 2630 omnium
1571 2585 1719 2649 quae
1749 2568 1994 2631 suntin
2023 2585 2140 2647 ge-

601 2692 755 2738 nere
802 2674 1171 2738 substantiae
1187 2722 1204 2750 ,
1252 2673 1375 2738 hoc
1427 2678 1521 2738 est
1565 2674 1826 2739 alterius
1867 2675 2136 2757 inquisi-

601 2781 812 2845 tionis.

1079 2999 1487 3077 QUAESTIO
1532 2999 1661 3064 ΙΙΙ.

604 3166 695 3223 An
732 3169 966 3224 materia
993 3167 1353 3239 corporalium
1383 3170 1435 3221 et
1469 3165 1894 3237 incorporalium
1927 3168 2140 3222 sicana

1226 3269 1444 3310 numero
1462 3254 1506 3309 ¹.

681 3421 909 3509 Utrum
948 3420 1214 3486 materia
1258 3420 1691 3503 spiritualium
1735 3425 1800 3485 et
1838 3438 2140 3504 corpora-

599 3531 761 3595 lium
788 3531 872 3594 sit
905 3550 1038 3595 una
1077 3531 1431 3595 secundum
1470 3547 1816 3595 numerum
1840 3579 1858 3610 ,
1888 3534 2002 3595 aut
2038 3550 2141 3596 se-

599 3637 884 3702 cundum
933 3639 1243 3702 unitatem
1284 3637 1511 3716 aliam3
1559 3640 1624 3702 et
1667 3636 1841 3720 quod
1883 3637 1965 3700 sit
2007 3656 2141 3701 una

598 3763 873 3810 numero
892 3786 910 3822 2,
943 3746 1198 3811 videtur
1223 3748 1316 3810 sic
1350 3768 1366 3811 z
1398 3746 1601 3810 Omne
1639 3744 1800 3807 illud
1839 3743 2011 3825 quod
2049 3745 2141 3809 ita

596 3856 694 3917 est
718 3871 927 3925 unum
944 3854 1114 3935 quod
1133 3872 1263 3917 non
1286 3853 1510 3936 recipit
1527 3850 2021 3931 distinctionem,
2046 3855 2142 3915 est

597 3978 807 4025 unum
832 3978 1145 4025 numero:
1169 3960 1435 4025 materia
1452 3977 1564 4043 per
1588 3957 1930 4023 essentiam
1954 3975 2139 4023 suam

597 4069 688 4132 ita
722 4072 817 4131 est
861 4086 1069 4132 unum
1109 4069 1280 4150 quod
1315 4066 1582 4131 omnino
1615 4064 1861 4129 nullam
1910 4063 2142 4128 habeat

600 4175 1068 4240 distinctionem
1122 4175 1477 4239 secundum
1529 4191 1716 4237 suam
1761 4171 2101 4236 essentiam
2118 4219 2136 4252 ,

599 4283 752 4365 quia
778 4283 989 4346 omnis
1014 4282 1329 4347 distinctio
1355 4284 1450 4345 est
1475 4299 1514 4344 a
1538 4280 1745 4345 forma
1776 4302 1791 4344 ε
1830 4298 1987 4361 ergo
2023 4297 2137 4342 ne-

600 4409 771 4454 coese
814 4393 908 4454 est
945 4390 1276 4455 materiam
1315 4389 1385 4452 in
1421 4388 1723 4453 omnibus
1763 4404 1899 4451 esse
1942 4404 2141 4450 unam

603 4515 897 4562 numero.

685 4606 843 4670 Item
871 4623 1064 4670 omne
1089 4604 1260 4687 quod
1289 4608 1382 4668 est
1406 4620 1617 4668 unum
1632 4650 1650 4680 ,
1682 4604 1776 4667 est
1800 4619 2009 4666 unum
2037 4601 2142 4664 vel

606 4731 841 4796 genere
863 4761 881 4791 ,
918 4712 1023 4776 vel
1046 4713 1252 4794 specie
1274 4759 1293 4791 ,
1321 4711 1426 4778 vel
1451 4728 1723 4775 numero
1750 4712 1773 4747 ⁸
1806 4732 1821 4773 ε
1852 4709 1962 4772 sed
1997 4726 2143 4772 ma-

605 4822 766 4885 teria
796 4838 929 4884 non
950 4823 1045 4883 est
1085 4819 1307 4883 eadem
1345 4819 1414 4881 in
1455 4816 1887 4900 spiritualibus
1910 4819 1974 4880 et
1998 4833 2139 4880 cor-

606 4929 930 5012 poralibus
953 4926 1197 5003 unitate
1224 4926 1479 5008 generis
1493 4973 1510 5005 ,
1557 4923 1661 4989 vel
1700 4924 1927 5007 speciei
1944 4973 1962 5001 ‚
1990 4942 2143 4988 cum

672 5090 690 5127 ¹
710 5090 879 5151 Arist..¹
905 5085 1181 5153 MetaphyS.
1206 5086 1295 5137 lib.
1317 5088 1377 5149 X,
1403 5089 1541 5137 cont.
1564 5087 1644 5135 24.
1663 5111 1725 5120 —-
1747 5082 1769 5115 ¹
1789 5083 1871 5147 Cf,
1894 5083 2142 5134 Alexand.

610 5160 836 5225 Mensis,
864 5175 915 5224 p.
946 5162 1023 5224 ΙΙ,
1060 5175 1118 5223 q.
1142 5170 1281 5223 nu,
1326 5159 1519 5209 memb.
1544 5159 1605 5221 23
1638 5158 1690 5208 S.
1722 5155 1973 5219 Thomas,
2014 5170 2067 5220 p.
2093 5158 2140 5221 l,

612 5248 661 5354 ἦ.
700 5245 842 5296 utu,
876 5235 971 5283 art.
996 5241 1062 5295 23
1107 5235 1159 5281 et
1200 5233 1243 5281 11
1278 5232 1435 5291 Seni„
1472 5229 1589 5280 dist.
1624 5240 1724 5290 xn,
1755 5230 1853 5277 art.
1886 5231 1946 5291 13
1982 5229 2142 5289 Scot„

681 5302 837 5362 Seni„
860 5303 976 5353 dist.
998 5313 1094 5364 111,
1118 5316 1172 5364 q.
1191 5312 1242 5365 13
1278 5301 1446 5365 AEgid.
1465 5301 1638 5363 Rom„
1660 5299 1703 5348 11
1727 5298 1885 5359 Seni„
1907 5297 2024 5350 dist.
2045 5311 2142 5363 xil,

608 5389 667 5439 q.
692 5371 1267 5438 n1,nrt.4;Richa1-d.‚
1296 5374 1340 5421 ΙΙ
1367 5374 1525 5436 sent„
1548 5371 1670 5421 (fist.
1693 5382 1790 5434 111,
1816 5374 1983 5435 arte,
2013 5385 2066 5437 q.
2091 5382 2145 5434 13

1714 379 2340 457 SENTENTIARUM
2378 388 2529 455 Lm.
2575 376 2654 455 11.

2247 524 2358 588 illa
2394 525 2474 589 sit
2515 526 2724 590 solum
2761 545 2800 590 a
2831 527 3039 591 forma
3083 545 3101 591 t
3143 545 3304 608 ergo
3326 574 3345 606 ,
3392 545 3431 591 a
3480 526 3781 596 divisione

2247 632 2608 710 sufficienti,
2639 635 2905 698 materia
2932 639 3027 698 est
3055 653 3189 698 una
3219 652 3514 698 numero.

2327 737 2484 801 Item
2522 743 2724 805 status
2750 742 3063 823 perfectus
3087 760 3220 805 non
3253 745 3459 823 potest
3496 761 3633 807 esse
3668 745 3783 808 nisi

2253 843 2324 907 in
2350 863 2484 909 uno
2511 851 2533 886 ⁴
2569 865 2585 909 :
2617 865 2775 929 ergo
2801 849 2965 912 sicut
2991 852 3085 912 est
3111 853 3311 912 status
3333 849 3404 912 in
3430 867 3670 930 genere
3696 851 3781 914 ef-

2250 953 2523 1016 ficientis
2549 958 2611 1018 et
2638 956 2816 1035 finiS,
2846 957 2935 1018 ita
2971 956 3037 1018 in
3064 973 3299 1036 genere
3324 957 3610 1020 materiae
3639 978 3654 1020 ε
3685 959 3784 1021 sed

2246 1060 2316 1124 in
2358 1079 2594 1141 genere
2632 1063 2959 1126 efficientis
2996 1064 3220 1145 primi,
3261 1067 3325 1127 et
3361 1064 3508 1126 finis
3547 1065 3782 1144 ultimi,

2247 1168 2338 1230 sic
2363 1171 2459 1230 est
2485 1173 2686 1232 status
2713 1169 2884 1251 quod
2909 1188 3117 1234 unum
3143 1169 3355 1233 solum
3384 1175 3481 1234 est
3509 1172 3787 1253 primum

2248 1275 2530 1340 efficiens
2553 1294 2666 1358 per
2683 1277 3043 1356 essentiam,
3067 1278 3146 1340 ad
3170 1278 3342 1360 quod
3365 1279 3586 1341 omnia
3610 1280 3787 1343 redu-

2249 1388 2484 1447 cuntur
2507 1406 2522 1446 :
2551 1402 2709 1465 ergo
2733 1384 2986 1449 videtur
3010 1383 3324 1461 similiter,
3347 1403 3499 1448 cum
3517 1405 3600 1448 ex
3617 1392 3787 1468 parte

2248 1491 2651 1555 resolutionis
2685 1493 2767 1555 sit
2806 1496 3007 1556 status
3044 1492 3113 1555 in
3154 1494 3424 1556 essentia
3467 1493 3782 1573 materiae,

2248 1597 2418 1677 quod
2444 1597 2552 1660 illa
2577 1597 2658 1660 sit
2683 1616 2815 1661 una
2837 1616 3135 1662 numero.

2329 1702 2487 1767 ltem
2535 1722 2684 1768 cum
2725 1705 2956 1769 dicitur
2990 1727 3005 1769 :
3068 1728 3099 1766 α
3142 1705 3400 1770 Materia
3438 1705 3668 1788 lapidis
3702 1710 3790 1771 est

2249 1812 2537 1890 materia,
2565 1834 2596 1871 n
2632 1818 2694 1876 et
2718 1834 2732 1876 ε
2769 1835 2800 1872 (ι
2826 1811 3084 1876 Materia
3108 1812 3320 1893 angeli
3337 1818 3434 1877 est
3448 1815 3732 1892 materia,
3754 1836 3781 1873 ο

2250 1921 2364 1981 aut
2389 1918 2619 1982 dicitur
2644 1920 2940 2000 univoce,
2969 1922 3086 1982 aut
3107 1919 3460 2001 aequivoce,
3488 1927 3604 1984 aut
3624 1921 3789 1986 idem

2249 2032 2632 2113 praedicatur
2667 2032 2746 2096 de
2780 2051 2847 2096 se
2879 2055 2894 2095 ε
2934 2033 3040 2097 sed
3079 2052 3211 2097 non
3245 2033 3604 2115 aequivoce,
3644 2035 3794 2116 quia

2247 2141 2404 2202 tunc
2442 2140 2713 2221 angelus
2750 2143 2813 2204 et
2853 2140 3015 2222 lapis
3062 2140 3390 2222 aequivoce
3433 2141 3792 2205 dicerentur

2249 2249 2655 2328 substantiae3
2699 2267 2832 2312 non
2869 2250 3145 2313 univoce
3163 2297 3180 2328 ,
3230 2249 3383 2331 quia
3427 2250 3787 2315 univocatio

2250 2359 2346 2418 est
2382 2355 2591 2419 solum
2636 2356 2707 2418 in
2743 2355 2997 2434 formiS,
3039 2360 3102 2419 et
3136 2356 3205 2418 in
3246 2355 3350 2419 his
3389 2374 3538 2438 quae
3574 2357 3789 2422 dicunt

2247 2463 2525 2525 formam
2561 2485 2575 2527 t
2607 2479 2765 2544 ergo
2793 2466 3060 2545 oportet,
3092 2464 3258 2545 quod
3288 2464 3460 2528 idem
3485 2465 3784 2546 praedice-

2248 2571 2357 2632 tur
2373 2568 2456 2645 ‚de
2479 2587 2546 2632 se
2581 2591 2595 2632 ε
2629 2587 2788 2650 ergo
2817 2570 2869 2632 si
2902 2570 3167 2634 materia
3190 2570 3415 2653 lapidis
3437 2575 3501 2634 et
3528 2572 3787 2635 materia

2201 2678 2208 2686 '
2247 2674 2462 2755 angeli
2489 2693 2621 2739 non
2658 2681 2810 2741 sunt
2831 2676 3047 2758 plures
3074 2677 3357 2741 materiae
3373 2726 3389 2753 ‚
3418 2677 3526 2740 sed
3564 2678 3782 2754 unica,

2248 2786 2441 2846 restat
2482 2784 2654 2865 quod
2698 2785 2963 2849 materia
3013 2788 3109 2849 est
3143 2784 3213 2847 in
3256 2783 3689 2866 spiritualibus
3729 2786 3788 2846 et

2248 2891 2677 2972 corporalibus
2701 2909 2971 2956 numero
2998 2909 3150 2956 una.

2327 2995 2486 3062 ltem
2508 2999 2944 3080 intelligamus
2970 2987 3305 3063 materiam
3329 2997 3464 3061 sive
3488 2996 3786 3080 spiritua·

2245 3103 2409 3168 lium
2427 3153 2443 3184 ,
2475 3105 2610 3170 sive
2652 3105 3078 3188 corporalium
3102 3154 3118 3182 ,
3158 3123 3272 3188 per
3303 3104 3787 3170 abstractionem

2248 3212 2329 3274 ab
2363 3213 2666 3276 omnibus
2701 3212 2923 3277 formis
2943 3261 2962 3292 ,
2992 3212 3372 3293 intelligitur
3414 3213 3683 3276 materia
3716 3217 3788 3276 ut

2247 3318 2538 3400 simplex,
2566 3318 2952 3400 intelligitur
2980 3319 3246 3383 materia
3274 3322 3349 3382 ut
3367 3319 3587 3396 unica,
3611 3318 3786 3383 nullo

2249 3426 2437 3490 modo
2464 3426 2904 3509 multiplicata,
2926 3445 3043 3490 nec
3073 3426 3406 3490 distincta:
3433 3426 3544 3490 sed
3565 3426 3786 3489 formae

2247 3534 2770 3615 supervenientes
2815 3551 2946 3597 non
2989 3537 3242 3596 mutant
3279 3533 3618 3597 essentiam
3648 3551 3788 3596 ma-

2246 3641 2425 3705 teriae
2446 3690 2464 3721 ,
2504 3642 2613 3706 sed
2655 3642 2864 3705 solum
2903 3659 3038 3705 esse
3072 3663 3087 3705 z
3131 3659 3289 3722 ergo
3335 3642 3392 3703 si
3431 3640 3612 3723 prius
3657 3644 3792 3705 erat

2249 3749 2512 3812 materia
2527 3797 2544 3829 ,
2586 3754 2901 3831 quantum
2927 3749 3008 3812 ad
3033 3748 3370 3812 essentiam
3383 3795 3401 3825 ,
3434 3748 3625 3812 unica
3663 3766 3786 3812 nu-

2251 3874 2450 3935 mero,
2478 3874 2635 3937 ergo
2663 3859 2728 3920 et
2750 3875 2922 3920 nunc
2949 3874 3098 3919 cum
3126 3855 3317 3919 habet
3340 3857 3599 3919 formaS.

2331 3962 2488 4026 Item
2532 3962 2968 4045 intelligamus
3010 3981 3123 4045 per
3172 3963 3562 4046 impossibile
3615 3962 3785 4044 quod

2248 4069 2417 4135 Deus
2457 4071 2534 4135 de
2575 4088 2708 4134 uno
2747 4070 2953 4153 lapide
2992 4072 3226 4135 faceret
3266 4070 3606 4151 angelum;
3637 4074 3789 4133 tunc

2250 4183 2607 4243 mutaretur
2639 4178 2879 4257 forma,
2911 4182 2975 4242 et
3014 4196 3150 4242 esse
3185 4177 3469 4241 materiae
3489 4226 3506 4257 ,
3545 4177 3654 4241 sed
3693 4195 3786 4240 es-

2250 4284 2457 4348 sentia
2497 4287 2661 4348 esset
2689 4284 2867 4347 salva
2911 4306 2925 4349 z
2969 4302 3126 4365 ergo
3168 4285 3435 4349 materia
3457 4333 3475 4361 ,
3525 4302 3676 4348 eum
3712 4284 3790 4347 sit

2250 4411 2384 4456 una
2407 4410 2520 4474 per
2542 4391 2902 4471 essentiam,
2936 4391 3127 4455 etiam
3159 4391 3227 4454 in
3256 4390 3376 4454 hac
3403 4396 3786 4455 transmuta-

2250 4500 2422 4562 tione
2457 4502 2557 4562 est
2598 4498 2774 4561 illius
2802 4498 3171 4561 mutationis
3215 4498 3576 4579 subjectum
3627 4521 3641 4563 ε
3682 4498 3785 4562 sed

2250 4606 2360 4670 illa
2387 4605 2658 4670 mutatio
2685 4608 2780 4668 est
2804 4623 2935 4668 una
2959 4621 3232 4667 numero
3281 4627 3295 4667 ε
3331 4622 3487 4686 ergo
3530 4605 3787 4669 materia

2250 4730 2366 4794 per
2382 4711 2719 4776 essentiam
2744 4714 2961 4774 manet
2991 4729 3124 4774 una
3150 4729 3443 4775 numero.
3473 4712 3786 4793 Arguitur

2252 4835 2409 4898 ergo
2432 4819 2522 4882 sic
2553 4840 2567 4881 :
2602 4817 2668 4881 Si
2707 4818 2776 4880 in
2810 4817 2919 4915 illo
2959 4818 3190 4898 angelo
3226 4817 3316 4882 sic
3361 4818 3698 4901 producto,
3727 4822 3789 4882 et

2250 4923 2455 5007 lapide
2499 4925 2948 5007 praeexistente
2966 4972 2983 5004 ,
3033 4928 3128 4987 est
3171 4926 3439 4989 materia
3484 4944 3616 4990 una
3659 4945 3785 4991 nu-

2252 5050 2467 5113 mer03
2500 5036 2565 5096 et
2583 5037 2838 5096 tantum
2855 5032 3045 5096 distat
3071 5032 3177 5097 ille
3200 5033 3471 5114 angelus
3492 5052 3531 5097 a
3559 5038 3788 5097 natura

2254 5156 2503 5220 Durand.,
2533 5157 2574 5205 11
2602 5156 2761 5217 Seni„
2784 5156 2899 5206 dist.
2922 5166 3018 5216 xn,
3037 5166 3090 5219 q.
3115 5165 3157 5219 ις
3187 5156 3268 5207 Jo.
3293 5158 3535 5222 Baccon.,
3563 5159 3604 5208 ll
3631 5160 3786 5219 sent„

2254 5228 2498 5291 dist.x1v,
2518 5242 2573 5292 q.
2592 5238 2642 5290 1;
2663 5226 2842 5279 Thom.
2864 5228 3064 5291 Arg.,11
3080 5227 3238 5289 Seni„
3260 5228 3376 5278 dist.
3392 5241 3486 5293 x11,
3508 5243 3558 5293 q.
3577 5234 3720 5292 1,art.
3738 5232 3784 5280 ⁴.

2254 5300 2349 5338 —⁸
2372 5300 2548 5364 Arist„
2578 5299 2740 5364 Topic.
2781 5299 2870 5349 lib.
2901 5300 3028 5349 1.-
3053 5299 3077 5334 ⁸
3099 5299 3192 5363 ld„
3223 5300 3520 5365 Hetoephys„
3548 5301 3636 5351 lib.
3665 5300 3782 5363 xli,

2254 5384 2302 5421 c.
2320 5369 2434 5435 ult.;
2457 5370 2658 5435 Phyeic.
2679 5369 2767 5420 lib.
2785 5371 2922 5422 Vffl.
