4125 6225
701 413 824 474 492

689 545 914 612 vinam
948 565 963 608 ε
997 538 1340 608 animalem
1359 557 1441 604 ex
1458 538 1704 622 seipsa,
1734 537 2229 603 intellectualem

689 672 771 719 ex
803 649 1139 716 influentia
1187 647 1508 729 angelica,
1553 649 1619 711 et
1658 645 1946 710 divinam
1992 663 2076 710 ex
2119 644 2227 708 in-

498 777 666 836 nupto·
687 758 954 825 fluentia
994 757 1238 822 divina.
1278 753 1400 819 Sed
1441 755 1564 818 ista
1604 753 1831 836 positio
1871 758 1964 816 est
2009 757 2230 816 contra

452 839 592 886 batur.

451 901 608 960 Opinio

453 964 611 1010 cathol.

687 868 1022 935 veritatem
1050 862 1426 930 catholicam
1449 866 1511 926 et
1537 861 1732 944 piam.
1759 859 1879 938 Qui
1903 860 2080 924 enim
2106 859 2230 924 hoc

688 976 1073 1057 posuerunt,
1103 989 1237 1036 non
1259 969 1712 1035 intellexerunt
1737 969 2091 1033 libertatem
2118 986 2231 1031 ar-

686 1080 861 1145 bitrii
881 1129 897 1157 ,
937 1097 1055 1143 nec
1084 1078 1317 1143 animae
1346 1077 1757 1159 dignitatem,
1790 1094 1908 1139 nec
1947 1074 2229 1139 beatitu-

688 1188 858 1253 dinis
909 1186 1362 1251 sublimitatem
1402 1201 1420 1246 :
1465 1184 1581 1267 qui
1631 1184 1682 1247 si
1736 1182 2225 1258 intellexissent,

689 1299 854 1363 sicut
901 1298 1124 1361 beatus
1168 1295 1575 1377 Augustinus
1625 1290 1930 1375 egregius
1978 1290 2228 1365 doctor,

688 1407 802 1490 qui
827 1407 846 1441 ¹
877 1404 1089 1488 posuit
1121 1402 1404 1467 animam
1438 1398 1806 1465 immediate
1829 1416 1869 1461 a
1893 1397 2020 1461 Deo
2046 1413 2229 1460 com·-

689 1513 884 1599 pleri,
915 1517 977 1576 et
1009 1511 1286 1590 moveri,
1316 1513 1381 1574 et
1409 1507 1752 1573 beatificari
1772 1555 1789 1586 ,
1823 1505 2132 1570 dixissent
2161 1506 2235 1568 ut

683 1606 913 1686 ⁸beatus
956 1618 1386 1701 Augustinus,
1428 1616 1606 1680 Unde
1649 1615 1874 1679 beatus
1916 1611 2233 1693 Augusti-

1831 396 2452 468 SENTENTIARUM
2493 397 2643 465 LIB.
2686 396 2770 466 II.

2341 536 2617 600 calorem
2655 538 2872 601 natum
2908 540 3006 602 est
3044 537 3377 604 infundere
3406 541 3516 606 :et
3557 556 3675 624 per
3707 539 3881 605 hunc

2344 643 2610 708 modum
2636 647 2731 707 est
2757 643 3145 709 inflammari
3172 646 3244 710 in
3273 647 3744 731 spiritualibus,
3771 648 3880 712 ubi

2341 752 2602 816 flamma
2623 757 2719 816 cst
2740 771 2923 817 amor
2944 748 3223 835 di'vinus,
3249 774 3381 820 non
3403 776 3487 821 ex
3509 758 3650 839 ipsa
3671 757 3881 823 anima

2342 859 2706 942 productuS,
2736 861 2844 924 sed
2874 861 3082 943 potius
3107 881 3147 926 a
3172 858 3299 927 Deo
3331 863 3582 929 infusus
3607 887 3625 929 t
3650 868 3715 929 et
3743 864 3881 931 ideo

2339 966 2514 1030 hunc
2543 967 2816 1033 calorem
2850 986 2984 1032 non
3011 973 3217 1051 potest
3240 971 3311 1035 111
3344 973 3530 1036 nobis
3554 972 3882 1056 angelicus

2341 1074 2601 1157 spiritus
2643 1074 2911 1152 efficere,
2939 1094 3310 1160 quanquam
3337 1079 3552 1163 aliquo
3591 1078 3780 1145 modo
3803 1082 3880 1146 ad

2341 1183 2480 1264 ejus
2506 1182 2975 1265 susceptionem
3003 1186 3197 1267 possit
3221 1203 3339 1251 nos
3362 1187 3664 1252 excitare.

2868 1420 3224 1500 QUAESTIO
3265 1426 3346 1491 ll.

2345 1571 2439 1629 An
2464 1575 2651 1644 anqeli
2674 1576 2969 1633 mittantur
2995 1577 3072 1632 ad
3092 1578 3519 1636 illuminandum
3541 1585 3782 1639 nonnam
3802 1586 3881 1641 in-

2946 1668 3211 1724 tellectum
3230 1668 3275 1725 ⁸.

689 1748 842 1806 nus,
885 1728 1280 1809 ubicumque
1319 1726 1397 1790 de
1438 1726 1652 1789 mente
1693 1721 2000 1804 loquitur,
2036 1720 2235 1784 istum
2358 1712 2371 1725 ’

691 1854 972 1902 errorem
1000 1834 1304 1917 extirpat,
1331 1832 1667 1896 ostendens
1694 1828 1866 1911 quod
1888 1828 1976 1891 ita
2001 1827 2232 1891 imme-

690 1944 856 2009 diate
883 1943 1099 2008 anima
1127 1940 1484 2006 secundum
1513 1943 1795 2002 mentem
1824 1935 2053 2000 unitur
2083 1935 2229 2015 Deo,

690 2053 855 2116 sicut
879 2055 943 2115 et
968 2069 1149 2115 mens
1170 2049 1482 2132 angelica.
1509 2046 1575 2112 Si
1599 2049 1817 2111 autem
1840 2044 2235 2125 intelligatur

689 2160 971 2226 secundo
1006 2159 1219 2238 mod0‚
1253 2158 1344 2221 sic
1376 2157 1568 2222 habet
1594 2155 1931 2220 veritatem
1961 2172 1978 2218 ε
2010 2158 2075 2218 et
2111 2153 2235 2218 hoc

691 2269 882 2334 modo
915 2267 1226 2333 intellexit
1250 2266 1472 2331 beatus
1498 2263 1840 2347 Dionysius
1866 2263 1936 2326 in
1958 2261 2126 2326 libro
2151 2261 2232 2328 de

697 2373 1143 2451 Hierarchia²,
1170 2377 1234 2438 et
1272 2390 1387 2455 per
1421 2372 1597 2435 hunc
1630 2369 1821 2436 etiam
1849 2368 2117 2433 modum
2152 2370 2236 2433 ab

691 2480 943 2564 Angelo
971 2481 1208 2547 dicitur
1235 2477 1548 2562 Propheta
1581 2477 1773 2541 fuisse
1811 2476 2127 2541 incensus.
2156 2475 2237 2541 Et

690 2607 807 2672 per
845 2589 968 2654 hoc
1006 2591 1178 2672 patet
1213 2584 1538 2670 responsio
1574 2584 1655 2650 ad
1691 2584 1822 2650 duo
1864 2584 2075 2667 prima
2113 2583 2233 2648 ob-

679 2697 872 2778 jecta.

773 2808 832 2881 1,
873 2806 913 2866 2
953 2804 1015 2866 et
1055 2805 1115 2866 3.
1158 2801 1258 2866 Ad
1305 2798 1460 2864 illud
1499 2817 1657 2864 vero
1697 2797 1866 2881 quod
1906 2792 2230 2881 objicitur,

691 2909 859 2992 quod
894 2910 1141 2974 bonum
1172 2912 1268 2972 est
1301 2908 1680 2973 diffusivum
1715 2907 1852 2984 sui3
1892 2905 2234 2971 dicendum

690 3016 864 3099 quod
899 3016 1153 3082 diffusio
1190 3016 1520 3098 dupliciter
1557 3018 1761 3098 potest
1796 3032 1931 3078 esse
1953 3031 1994 3077 a
2019 3013 2228 3078 bono:

691 3127 805 3187 aut
833 3142 947 3206 per
973 3124 1236 3187 modum
1271 3122 1840 3206 multiplicationis,
1874 3122 2037 3186 sicut
2063 3121 2234 3186 calor

689 3232 794 3297 vel
818 3232 1038 3297 lumen
1066 3233 1297 3297 dicitur
1318 3251 1384 3296 se
1408 3230 1792 3308 diffundere3
1825 3233 1939 3293 aut
1967 3248 2080 3312 per
2101 3246 2235 3294 mo-

691 3339 849 3404 dum
896 3339 1073 3403 utilis
1112 3339 1521 3422 operationiS,
1565 3356 1680 3421 per
1721 3356 1917 3420 quem
1966 3337 2233 3402 modum

691 3447 924 3512 dicitur
950 3448 1159 3512 bonus
1184 3447 1379 3512 homo
1411 3446 1756 3511 bonitatem
1784 3465 1967 3512 suam
1993 3447 2233 3510 diffun-

690 3555 875 3632 dere,
913 3554 1072 3619 dum
1116 3555 1196 3619 ad
1235 3554 1358 3618 hoc
1394 3557 1694 3638 operatur
1728 3558 1792 3618 et
1833 3554 2111 3634 laborat,
2156 3559 2235 3619 ut

690 3662 796 3727 alii
835 3663 1184 3727 bonitatem
1212 3679 1346 3726 non
1384 3662 1465 3725 ab
1504 3662 1673 3744 ipso,
1717 3662 1826 3726 sed
1859 3681 1897 3725 a
1930 3661 2055 3726 Deo
2084 3681 2232 3726 sus-

690 3771 929 3854 cipiant
961 3789 978 3834 :
1014 3774 1079 3834 et
1123 3789 1238 3854 per
1284 3770 1460 3833 hunc
1503 3768 1768 3833 modum
1819 3768 2233 3851 intelligenda

690 3883 782 3943 est
823 3878 1081 3944 diffusio
1118 3878 1189 3942 in
1226 3878 1503 3943 bonitate
1538 3877 1642 3943 vel
1680 3876 1983 3942 charitate
2022 3896 2230 3960 ange-

685 3986 831 4052 lica.

768 4099 830 4158 4.
874 4093 973 4159 Ad
1009 4092 1169 4157 illud
1203 4091 1373 4174 quod
1408 4091 1729 4175 objicitur,
1764 4092 1935 4176 quod
1975 4092 2231 4158 inflam-

690 4206 937 4265 matum
983 4202 1288 4283 junctum
1342 4200 1783 4264 inflammabili
1835 4200 2228 4282 inflammat3

689 4307 1027 4372 dicendum
1064 4306 1237 4390 quod
1265 4324 1500 4371 verum
1535 4311 1631 4371 est
1677 4307 1933 4389 quando
1967 4307 2077 4371 illa
2120 4308 2232 4372 in-

689 4413 1039 4478 flammatio
1086 4417 1180 4478 est
1224 4431 1339 4496 per
1385 4413 1788 4478 eductionem
1833 4413 2107 4497 alicujus
2154 4413 2234 4479 de

691 4520 958 4585 materia
990 4542 1004 4585 :
1036 4520 1123 4584 ibi
1168 4520 1343 4584 enim
1377 4520 1548 4602 quod
1583 4524 1678 4585 est
1720 4520 1789 4583 in
1823 4527 1999 4601 actu,
2030 4525 2235 4604 potest

691 4630 960 4696 educere
978 4630 1217 4714 aliquid
1239 4630 1413 4712 quod
1431 4632 1615 4695 estin
1636 4631 1937 4713 potentia.
1963 4630 2232 4708 Quando

689 4756 845 4803 vero
890 4737 1136 4822 aliquid
1178 4737 1369 4802 habet
1415 4738 1802 4801 inflammari
1846 4756 1960 4821 per
2005 4739 2235 4804 caloris

690 4844 1105 4921 infusionem,
1136 4861 1270 4907 non
1303 4842 1494 4908 habet
1525 4844 1886 4925 veritatem,
1919 4847 2078 4927 quia
2112 4845 2235 4911 hoc

691 4952 881 5017 modo
905 4970 1037 5016 non
1061 4951 1501 5016 inflammatur
1526 4951 1767 5034 aliquid
1789 4952 1914 5016 nisi
1938 4972 2053 5035 per
2079 4971 2233 5018 con-

684 5060 1087 5144 junctionem
1122 5058 1224 5123 sui
1252 5077 1401 5123 cum
1437 5057 1752 5142 principio
1777 5059 2029 5142 caloris,
2061 5061 2235 5144 quod

754 5260 773 5294 ¹
808 5260 959 5322 Aug„
1002 5258 1055 5307 in
1091 5259 1230 5310 Joan.
1271 5260 1421 5308 tract.
1464 5268 1625 5322 xxm,
1656 5271 1709 5308 n.
1751 5261 1797 5310 5.
1835 5285 1898 5297 —
1922 5259 2140 5324 ’Dion.,
2174 5260 2236 5311 de

692 5328 815 5382 Coel.
844 5328 1105 5394 Hier-arch,
1147 5344 1192 5380 c.
1230 5341 1326 5382 xm
1365 5329 1421 5381 in
1447 5330 1567 5381 fine.
1601 5355 1667 5367 —
1698 5329 1721 5366 ⁸
1750 5330 1834 5394 Cf.
1875 5332 2131 5384 Francisc.
2167 5333 2233 5384 de

691 5401 875 5468 mayn,
910 5404 954 5454 11
995 5402 1156 5464 Seni„
1190 5401 1308 5454 dist.
1341 5412 1457 5467 vn,
1491 5415 1543 5467 q.
1589 5413 1652 5455 111
1663 5417 1681 5468 ς
1711 5403 1889 5468 Steph.
1929 5405 2139 5471 Brulef.‚
2185 5406 2228 5456 11

2425 1821 2652 1889 Utrum
2672 1826 2944 1908 angelus
2968 1829 3257 1895 mittatur
3286 1831 3367 1897 ad
3389 1831 3878 1901 illuminandum
3903 1859 3960 1904 11
3980 1872 4059 1915 opp„

2343 1936 2637 1995 nostrum
2680 1933 3110 2015 intellectum3
3147 1940 3211 2001 et
3240 1936 3411 2020 quod
3446 1939 3572 2018 sic,
3603 1941 3874 2022 videtur,

2344 2039 2498 2122 quia
2524 2040 2615 2104 ita
2640 2039 2793 2123 dicit
2818 2040 3159 2126 Dionysius
3188 2045 3259 2109 in
3284 2045 3447 2110 libro
3463 2046 3543 2113 de
3575 2048 3877 2132 Angelica

2343 2146 2724 2216 Hierarcltia
2755 2149 2778 2184 ⁶
2808 2170 2834 2213 .·
2870 2173 2902 2211 α
2930 2149 3255 2217 Ordinatio
3300 2171 3613 2236 congruae
3658 2156 3877 2222 diluci-

2344 2254 2617 2319 dationis
2640 2256 2992 2322 claritatem
3022 2259 3232 2342 primo
3259 2267 3676 2343 apparentem
3693 2312 3712 2344 ,
3731 2266 3876 2331 etin

2345 2363 2613 2445 copiosis
2641 2363 3060 2430 effusionibus
3086 2366 3649 2433 excellentissimas
3677 2372 3876 2436 mani-

2344 2468 2528 2536 festat
2556 2473 2858 2537 essentias
2888 2492 2906 2537 ε
2935 2478 3000 2538 et
3038 2492 3154 2557 per
3193 2493 3301 2539 eas
3320 2524 3341 2556 ,
3386 2495 3535 2560 quae
3576 2483 3872 2562 possunt,

2344 2578 2635 2643 essentiae
2662 2579 2958 2645 divinum
2992 2581 3376 2665 participant
3402 2584 3678 2651 radium.
3711 2610 3743 2647 ι
3781 2587 3876 2653 Ex

2343 2685 2465 2750 hac
2489 2685 2675 2751 litera
2693 2688 3024 2753 manifeste
3042 2688 3368 2770 colligitur
3383 2690 3558 2773 quod
3583 2692 3748 2758 Deus
3763 2712 3875 2760 nos

2342 2792 2661 2859 illuminat
2686 2795 3115 2860 mediantibus
3140 2796 3410 2878 angelis.

2423 2906 2485 2965 2.
2508 2901 2690 2984 Item,
2711 2903 2780 2966 in
2799 2903 2963 2968 libro
2987 2902 3065 2970 de
3084 2904 3263 2972 Motu
3284 2905 3517 2973 Cordis
3533 2906 3623 2971 ita
3649 2908 3869 2972 diffini-

2345 3012 2454 3073 tur
2472 3012 2688 3075 anima
2716 3032 2732 3075 2
2772 3034 2803 3073 (ι
2829 3011 3063 3075 Anima
3091 3016 3185 3076 est
3209 3013 3565 3078 substantia
3591 3015 3874 3099 incorpo-

2345 3137 2483 3198 rea,
2520 3118 2996 3200 intellectualis,
3029 3139 3249 3186 earum
3294 3121 3871 3204 illuminationum,

2342 3217 2491 3309 quae
2535 3231 2750 3291 sunta
2777 3228 3019 3310 primo,
3059 3227 3285 3292 ultima
3309 3229 3701 3296 revelatione
3734 3251 3874 3315 per-

2342 3334 2611 3416 ceptiva.
2644 3356 2674 3393 n
2714 3334 2888 3415 Ergo
2931 3334 3100 3399 inter
3126 3334 3581 3401 revelationem
3611 3339 3871 3419 animae,

2343 3443 2406 3504 et
2423 3440 2649 3519 Deum,
2671 3459 2822 3505 cum
2841 3442 3107 3525 percipit
3128 3442 3690 3524 illuminationem,
3719 3446 3875 3511 cadit

2342 3548 2434 3612 ibi
2460 3548 2583 3613 alia
2629 3549 2930 3614 revelatio
2978 3550 3187 3614 media
3217 3573 3231 3615 ε
3275 3552 3385 3615 sed
3426 3551 3566 3616 haec
3612 3571 3746 3617 non
3787 3557 3875 3618 est

2342 3655 2470 3719 nisi
2521 3656 2824 3721 revelatio
2875 3656 3247 3721 substantiae
3294 3658 3606 3740 angelicae
3658 3682 3673 3724 ε
3722 3678 3872 3741 6130

2342 3762 2600 3852 videtur
2621 3764 2795 3845 quod
2818 3765 3033 3829 anima
3058 3765 3464 3830 illuminetur
3488 3786 3528 3831 a
3552 3766 3681 3832 Deo
3698 3815 3715 3847 ,
3750 3785 3872 3833 me·

2341 3875 2553 3940 diante
2587 3875 2842 3957 angelo.

2423 3987 2484 4047 3.
2525 3982 2684 4047 Item
2722 3983 2937 4065 angeli
2981 3987 3135 4049 sunt
3174 3984 3421 4049 lumina
3468 3985 3817 4068 spiritualia
3853 4009 3868 4052 :

2340 4091 2449 4156 sed
2478 4092 2631 4174 quia
2661 4091 3015 4156 intellectus
3041 4097 3254 4158 noster
3284 4111 3485 4175 agens
3515 4093 3738 4160 lumen
3761 4098 3868 4177 est,

2342 4203 2503 4269 dum
2542 4222 2610 4269 se
2651 4204 2968 4268 convertit
2996 4221 3191 4286 super
3221 4205 3703 4287 phantasmata,
3733 4209 3871 4272 ahs-

2341 4313 2573 4392 trahit,
2608 4317 2672 4377 et
2699 4314 2997 4397 depurat‚
3031 4318 3096 4379 et
3124 4314 3245 4378 hoc
3289 4313 3478 4379 modo
3511 4313 3865 4381 illuminat:

2342 4438 2502 4503 ergo
2519 4419 2574 4483 si
2600 4421 2928 4501 angelicus
2953 4421 3305 4486 intellectus
3328 4421 3533 4486 multo
3567 4425 3777 4507 magis
3812 4424 3874 4487 in

2343 4532 2491 4591 actu
2517 4531 2613 4591 est
2634 4545 2829 4608 quam
2857 4531 3092 4604 noster,
3120 4545 3279 4610 ergo
3308 4528 3513 4593 multo
3542 4532 3754 4612 magis
3778 4530 3874 4594 in-

2343 4634 2662 4699 tellectum
2721 4638 3014 4699 nostrum
3078 4633 3443 4717 possibilem
3512 4636 3873 4703 illuminare

2344 4745 2568 4826 potest.

2424 4852 2485 4912 4.
2517 4847 2673 4913 Item
2692 4847 2958 4932 planum
2985 4852 3081 4913 est
3104 4850 3278 4932 quod
3302 4850 3518 4932 angeli
3538 4852 3744 4918 multa
3766 4870 3871 4917 no·

2344 4955 2442 5021 bis
2481 4955 2768 5020 revelant
2797 4955 3151 5038 spiritualia
3168 5004 3186 5036 ,
3218 4974 3365 5038 quae
3390 4975 3523 5021 non
3547 4964 3700 5024 sunt
3734 4963 3873 5024 nata

2345 5063 2569 5127 cadere
2594 5066 2659 5127 et
2691 5063 2922 5145 recipi,
2961 5080 3079 5127 nec
3108 5062 3187 5126 111
3212 5081 3433 5144 sensu,
3465 5084 3583 5130 nec
3623 5066 3693 5130 in
3717 5066 3872 5130 ima-

2343 5262 2505 5322 Sena,
2523 5259 2640 5311 dist.
2663 5270 2717 5324 x,
2736 5274 2786 5325 q.
2805 5270 2859 5311 1v
2872 5275 2890 5324 3
2913 5260 3064 5311 Joan.
3082 5259 3148 5311 de
3169 5259 3387 5323 Bassol„
3409 5261 3453 5312 ΙΙ
3476 5261 3639 5325 Seni„
3660 5261 3774 5314 dist.
3797 5273 3868 5326 11,

2346 5347 2398 5399 q.
2421 5345 2468 5397 13
2496 5332 2623 5384 Gab.
2646 5331 2780 5397 Biel,
2812 5332 2855 5381 ll
2875 5331 3035 5392 sent„
3071 5331 3190 5384 dist.
3223 5342 3379 5398 lx,q.
3410 5343 3451 5383 1.
3480 5357 3544 5369 —
3568 5334 3591 5369 ὃ
3611 5331 3783 5399 Dion.,
3817 5332 3872 5383 de

2345 5402 2469 5456 σαι.
2496 5401 2782 5469 Hier-arch„
2825 5416 2873 5454 c.
2898 5413 3017 5454 xm.
