4125 6225
1119 342 1124 347 '
1255 328 1450 394 DIST.
1493 326 1700 393 XLIV.
1745 324 1928 391 ΛΒΤ.
1973 325 2022 390 Ι.
2069 326 2367 403 QUAEST.
2406 326 2506 391 lv,

279 463 429 548 quod
444 466 757 548 quamvis
773 466 1018 548 aliquid
1037 483 1166 530 non
1190 465 1272 529 sit
1288 463 1610 548 optimum
1629 462 1703 526 in
1722 478 1813 537 se,

275 578 469 636 tamen
487 573 745 656 optime
758 574 1114 638 ordinatur.
1139 572 1215 636 Et
1228 570 1598 653 exemplum
1615 569 1816 651 hujus

275 684 426 764 patet
443 681 514 744 in
543 682 845 763 partibus
862 680 1168 763 corporiS‚
1191 684 1254 745 et
1280 680 1352 744 in
1385 698 1457 744 re
1479 679 1813 758 artificiali,

275 789 343 852 in'
359 807 482 870 qua
522 794 623 853 oet
665 790 1116 866 consonantia,
1153 792 1216 853 et
1253 788 1613 861 harmonia,
1650 787 1816 850 sieut

158 898 254 939 Μ
276 895 333 959 in
357 895 626 960 cithara.
674 895 985 973 Quamvis
1024 895 1202 959 enim
1234 896 1506 959 nobilior
1547 895 1629 959 sit
1653 894 1813 958 situs

129 963 204 1015 μ.

274 1002 422 1066 oculi
464 1021 677 1084 quam
727 1003 940 1085 pediS,
988 1007 1204 1066 tamen
1241 1002 1296 1065 si
1332 1002 1810 1067 consideremus

275 1114 614 1192 utrumque
670 1110 1031 1175 secundum
1070 1126 1264 1174 suum
1310 1108 1594 1173 officium
1611 1155 1629 1187 ‚
1672 1112 1807 1173 tam

275 1216 478 1281 oculus
504 1234 721 1299 quam
747 1236 860 1300 pes
878 1217 1116 1300 optime
1142 1216 1358 1280 situati
1379 1219 1532 1281 sunt
1558 1216 1625 1280 in
1654 1219 1810 1296 toto,

272 1320 349 1382 ita
363 1319 533 1400 quod
561 1337 690 1383 nec
717 1320 944 1383 oculus
971 1318 1198 1382 melius
1222 1318 1381 1401 pede
1397 1367 1415 1397 ‚
1451 1336 1567 1382 nec
1596 1337 1632 1382 e
1655 1337 1813 1382 con-

273 1443 470 1504 vers03
521 1429 588 1490 et
627 1426 719 1491 ita
763 1426 917 1489 dicit
950 1425 1358 1506 Augustinus
1384 1442 1577 1508 super
1609 1427 1804 1493 Joan-

273 1551 398 1598 nem
423 1535 476 1612 ¹,
515 1533 700 1615 quod
733 1533 898 1597 sieut
935 1532 1202 1614 angelus
1236 1533 1476 1616 optime
1512 1535 1583 1597 in
1614 1533 1808 1614 coe10‚

275 1640 350 1702 ita
369 1640 776 1705 vermiculus
801 1641 1039 1723 optime
1060 1641 1129 1704 in
1153 1641 1307 1719 imo,
1335 1641 1500 1703 sicut
1519 1641 1587 1704 in
1613 1644 1804 1705 terra.

274 1745 340 1812 Et
364 1747 663 1813 similiter
676 1752 941 1831 apparet
957 1748 1026 1811 in
1050 1747 1292 1812 eithara
1315 1767 1332 1811 ι
1353 1752 1618 1830 possunt
1635 1748 1808 1814 enim

274 1871 476 1919 omnes
495 1855 761 1920 chordae
781 1856 871 1921 ita
889 1855 1359 1937 proportionari
1374 1904 1392 1934 ‚
1423 1856 1598 1938 quod
1623 1856 1679 1919 si
1699 1856 1813 1921 ali-

274 1978 385 2042 qua
410 1962 719 2026 tendatur
741 1965 816 2026 ut
840 1962 1027 2026 detur
1058 1962 1116 2025 ei
1140 1962 1365 2028 melior
1390 1981 1617 2042 sonus»,
1644 1982 1811 2045 nun-

275 2085 450 2150 quam
474 2069 843 2133 remanebit
873 2071 1304 2135 consonantia.
1338 2067 1643 2135 Similiter
1669 2071 1809 2135 dic-

274 2174 460 2238 tiones
500 2180 778 2257 possunt
816 2174 1098 2240 ordinari
1140 2177 1220 2242 ad
1252 2177 1619 2242 faciendum
1654 2197 1807 2242 ver-

273 2299 427 2361 sum,
453 2284 546 2348 ita
571 2283 746 2366 quod
765 2302 850 2348 ex
875 2283 999 2347 illis
1015 2285 1394 2350 dictionibus
1416 2285 1808 2368 impossibile

275 2396 354 2454 εει
387 2392 524 2455 fleri
567 2409 837 2457 versum
874 2391 1107 2456 melius
1149 2393 1515 2460 ordinatum
1561 2413 1578 2458 τ
1618 2393 1808 2459 sicin

278 2500 577 2582 proposito
605 2499 1122 2580 intelligendum.

737 2729 1148 2809 QUAESTIO
1190 2728 1309 2797 IV.

306 2880 389 2937 An
416 2882 552 2939 Deus
571 2885 825 2956 pomer-it
858 2886 1035 2953 facere
1060 2883 1316 2939 mundum
1343 2885 1707 2954 antiquiorem
1722 2885 1766 2941 ².

131 3050 258 3103 run.
345 3033 565 3100 Utrum
596 3036 883 3120 potuerit
905 3036 1108 3100 faeere
1134 3035 1453 3100 mundum
1476 3037 1805 3121 antiquio-

277 3160 425 3221 rem3
447 3150 511 3208 et
529 3145 704 3227 quod
727 3144 839 3222 sic,
868 3144 1123 3209 videtur
1152 3149 1175 3183 ⁸
1205 3165 1221 3205 ι
1247 3145 1421 3210 Mille
1439 3147 1604 3210 anni
1627 3144 1805 3227 apud

278 3249 451 3316 Deum
476 3256 652 3318 sicut
680 3269 817 3317 una
848 3251 1009 3318 dies.
1040 3251 1118 3315 Et
1149 3252 1220 3314 in
1247 3252 1493 3333 psalmo
1519 3253 1540 3286 ⁴
1573 3272 1590 3316 ε
1624 3252 1803 3318 Mille

279 3360 419 3424 anni
435 3366 584 3425 ante
601 3360 814 3426 oculos
839 3367 982 3426 tuos
1004 3366 1318 3442 tanquam
1336 3359 1477 3426 dies
1505 3360 1805 3427 hesterna

280 3481 397 3546 ‹111oe
427 3470 784 3550 pra-terim
829 3467 967 3550 pari
1011 3468 1256 3531 ratione
1297 3471 1559 3531 centum
1601 3468 1804 3532 millia

279 3589 580 3640 annorum
617 3597 633 3638 ι
668 3593 829 3657 ergo
855 3575 908 3637 si
937 3574 1102 3638 Deus
1126 3575 1332 3656 potuit
1363 3575 1566 3638 facere
1595 3594 1795 3639 mun-

281 3679 413 3746 dum
428 3688 574 3748 ante
589 3684 759 3748 diem
773 3683 1160 3761 hesternam,
1181 3682 1389 3763 potuit
1408 3699 1523 3763 per
1539 3687 1798 3746 centum

284 3789 456 3853 millia
497 3808 826 3854 annorum
853 3794 999 3853 ante
1035 3810 1051 3851 ε
1082 3792 1143 3851 et
1172 3787 1228 3851 si
1255 3787 1408 3866 hoc,
1440 3791 1602 3851 esset
1629 3788 1797 3852 anti-

282 3897 482 3975 quior:
515 3916 708 3986 ergO‚
739 3901 859 3961 ete.

343 4002 490 4069 Item
526 4005 744 4070 divina
781 4004 1061 4087 potentia
1094 4008 1159 4068 et
1188 4004 1468 4089 operatio
1511 4020 1644 4067 non
1669 4003 1793 4068 de-

282 4112 483 4188 pendet
508 4129 626 4176 nec
655 4131 695 4176 a
719 4110 1020 4189 materia,
1051 4129 1169 4175 nee
1195 4131 1236 4175 a
1261 4117 1545 4193 tempore
1576 4131 1593 4175 ε
1632 4130 1791 4195 ergo

282 4234 388 4297 qua
408 4221 648 4283 ratione
677 4224 882 4301 potest
907 4219 976 4281 in
999 4236 1131 4282 uno
1161 4218 1454 4296 instanti,
1482 4223 1692 4301 potest
1721 4220 1792 4282 in

281 4322 381 4388 alio
409 4350 422 4389 :
452 4328 560 4391 sed
587 4345 716 4408 qua
757 4325 1001 4389 ratione
1040 4327 1111 4389 in
1150 4326 1518 4408 posteriori,
1566 4327 1790 4391 eadem

283 4432 491 4498 ratione
522 4434 592 4496 in
620 4432 817 4516 priori
851 4456 865 4496 ε
896 4437 959 4497 et
991 4432 1046 4496 si
1071 4433 1237 4513 hoc,
1270 4433 1553 4499 mundus
1583 4435 1795 4516 potuit

282 4537 392 4604 fleri
413 4542 742 4625 antiquior
777 4561 795 4606 ε
835 4560 1025 4624 ergO‚
1056 4547 1178 4607 eto.

345 4646 486 4713 Item
509 4650 729 4714 divina
754 4650 1023 4715 essentia
1062 4654 1126 4714 et
1165 4649 1452 4732 potentia
1491 4650 1611 4715 fuit
1640 4656 1791 4718 ante

281 4757 552 4839 temporis
594 4757 983 4840 principium
1019 4762 1171 4821 :aut
1216 4775 1374 4840 ergo
1405 4758 1529 4822 fuit
1566 4764 1790 4842 potens

282 4863 593 4939 producere
620 4867 772 4927 ante
790 4912 806 4937 ‚
835 4869 1108 4928 autnon
1139 4887 1154 4929 ε
1189 4866 1242 4928 si
1271 4883 1402 4930 non
1421 4914 1438 4943 ‚
1472 4885 1629 4948 ergo
1654 4874 1791 4933 erat

281 4963 559 5052 impotens
586 4989 603 5034 τ
628 4971 681 5033 si
702 4970 812 5048 sic,
838 4987 996 5052 ergo
1013 4971 1224 5053 potuit
1244 4971 1446 5037 facere
1470 4972 1788 5038 mundum

283 5081 595 5161 autequam
629 5079 882 5144 faceret.

326 5235 497 5303 ¹Aug.,
530 5254 647 5304 sup.
673 5240 818 5289 Joan.
845 5241 1011 5292 Tract.
1034 5253 1055 5293 1
1073 5275 1089 5302 ‚
1115 5255 1169 5292 n.
1194 5243 1270 5292 13.
1292 5265 1354 5279 -
1373 5241 1397 5276 ¹
1417 5241 1496 5305 Cf.
1527 5242 1785 5308 Richard.,

282 5301 409 5370 Sext„
433 5310 567 5376 dist.-
588 5322 738 5375 κων,
765 5325 815 5376 q.
855 5325 944 5378 1113
975 5313 1155 5378 Steph.
1195 5313 1404 5379 Brulef„
1435 5315 1454 5364 1
1482 5314 1641 5376 Sent„
1666 5313 1785 5369 dist.

3358 331 3470 390 167

2010 460 2170 527 Item
2188 511 2207 540 .,
2254 481 2381 544 ego
2419 480 2643 547 quaero
2685 466 2910 527 utrum
2948 460 3226 544 potuerit
3264 460 3473 526 faeere

1927 575 2070 654 post
2102 592 2118 635 ε
2151 571 2203 635 si
2228 571 2348 648 sic,
2380 572 2488 636 sed
2509 590 2639 637 non
2663 574 2758 636 est
2777 572 2981 652 major
3004 568 3165 633 ratio
3194 568 3271 633 de
3300 571 3466 651 post,

1929 696 2125 759 quam
2150 676 2227 742 de
2253 682 2399 741 ante
2433 701 2446 741 :
2481 696 2638 758 ergo
2670 677 2807 760 pari
2836 677 3079 740 ratione
3118 675 3329 758 potuit
3367 674 3468 739 fa-

1927 803 2069 849 cere
2095 789 2274 863 ante;
2308 790 2421 849 aut
2448 785 2503 848 si
2528 804 2660 849 non
2691 784 2901 867 potuit
2923 787 3096 866 post,
3127 800 3247 846 nec
3273 785 3422 845 ante
3445 831 3464 862 ,

1927 897 1990 957 et
2009 892 2100 955 ita
2124 909 2377 957 neeesse
2408 893 2532 957 fuit
2565 893 2740 975 quod
2770 896 2925 956 tuno
2965 913 2981 955 t
3013 909 3171 971 ergo
3209 889 3466 955 videtur

1925 1000 2099 1082 quod
2135 998 2532 1081 compulsus,
2578 1004 2641 1064 et
2665 1017 2800 1063 non
2837 997 3239 1064 voluntarius
3268 1015 3466 1061 mun-

1924 1109 2083 1172 dum
2107 1108 2253 1173 fecit
2269 1112 2444 1173 tunc.

1926 1293 1934 1302 ι
2004 1214 2129 1280 Sed
2152 1218 2371 1279 contra
2407 1236 2422 1277 ι
2456 1219 2515 1277 1.
2546 1213 2710 1279 Ante
2738 1212 3129 1296 principium
3150 1212 3459 1296 temporis
3496 1219 3567 1263 Ad
3601 1233 3705 1278 01³1»-

1923 1323 2085 1387 nihil
2106 1328 2242 1387 erat
2261 1321 2384 1385 nisi
2401 1321 2722 1385 aeternitas
2744 1343 2759 1385 ε
2787 1340 2945 1402 ergo
2964 1321 3016 1384 si
3041 1321 3245 1403 potuit
3267 1339 3463 1385 mun-

1922 1431 2079 1495 dum
2097 1431 2298 1494 facere
2321 1432 2469 1493 ante
2494 1429 2881 1511 principium
2904 1428 3228 1511 temporis,
3254 1427 3462 1510 potuit

1919 1539 2124 1602 facere
2150 1536 2303 1602 etin
2336 1536 2686 1600 aeternitate
2715 1555 2731 1598 ι
2763 1537 2871 1601 sed
2907 1534 3075 1617 quod
3109 1533 3305 1597 habet
3328 1551 3464 1596 esse

1919 1644 1990 1707 in
2008 1645 2389 1721 aeternitate,
2432 1648 2603 1707 caret
2644 1642 2959 1725 principio
2994 1665 3009 1703 :
3055 1646 3118 1705 et
3144 1639 3305 1704 nihil
3335 1640 3461 1703 tale

1919 1755 2126 1835 potest
2159 1770 2292 1816 esse
2320 1754 2603 1815 creatum
2631 1768 2715 1814 ex
2738 1749 2943 1814 nihilo
2985 1770 2999 1813 ε
3032 1766 3190 1828 ergo
3207 1795 3225 1827 ‚
3255 1753 3372 1812 etc.

1999 1864 2062 1923 2.
2107 1858 2301 1936 Item,
2332 1858 2389 1921 si
2422 1858 2629 1941 potuit
2653 1858 2858 1921 faeere
2888 1859 3037 1920 ante
3057 1903 3075 1935 ,
3112 1860 3389 1937 ponatur
3439 1877 3455 1919 ε

1918 1968 2209 2032 similiter
2244 1985 2402 2048 ergo
2429 1983 2650 2049 quaero
2681 1967 2905 2028 utrum
2945 1967 3127 2038 ante,
3158 1966 3223 2025 et
3256 1962 3346 2026 sic
3387 1962 3456 2025 in

1918 2074 2245 2138 infinitum
2289 2097 2304 2137 ε
2349 2073 2458 2138 sed
2503 2072 2828 2136 infinitum
2866 2089 2906 2134 a
2946 2073 3125 2152 parte
3169 2073 3317 2134 ante
3362 2073 3458 2133 est

1918 2184 2236 2245 aeternum
2270 2203 2285 2244 ι
2319 2199 2477 2263 ergo
2517 2179 2573 2243 si
2603 2178 2809 2262 potuit
2835 2177 2905 2241 in
2948 2177 3274 2242 infinitum
3308 2186 3457 2242 ante

1915 2290 2151 2363 facere,
2181 2288 2388 2371 potuit
2414 2288 2605 2351 etiam
2627 2286 2707 2349 ab
2734 2290 2975 2349 aeterno
3003 2308 3018 2348 :
3063 2285 3117 2349 si
3139 2302 3295 2365 ergo
3324 2302 3457 2348 non

1915 2396 2124 2480 potuit
2159 2396 2365 2460 facere
2402 2394 2721 2458 mundum
2746 2395 3095 2469 aeternum‚
3138 2393 3292 2474 quia
3323 2408 3457 2455 non

1914 2508 2076 2567 esset
2096 2503 2334 2579 faetuS,
2363 2520 2521 2583 ergo
2550 2520 2668 2565 nec
2694 2499 3145 2582 antiquiorem.

1999 2614 2058 2673 3.
2093 2610 2250 2675 Item
2273 2628 2530 2676 necesse
2568 2610 2665 2672 est
2692 2606 3015 2671 mundum
3043 2605 3277 2670 habere
3297 2604 3452 2668 fini-

1916 2722 2048 2783 tam
2067 2718 2469 2782 durationem
2494 2734 2532 2778 a
2554 2717 2731 2797 parte
2757 2715 2904 2775 ante
2936 2717 2957 2751 ⁵
2993 2734 3008 2775 :
3045 2711 3244 2775 sedin
3274 2711 3453 2776 omni

1915 2826 2098 2890 finito
2129 2843 2381 2889 necesse
2423 2826 2518 2887 est
2555 2820 2788 2886 alicubi
2834 2822 3032 2899 stare,
3073 2820 3241 2884 ultra
3280 2817 3453 2900 quod

1839 2960 1850 2971 ·
1915 2950 2048 2997 non
2076 2935 2279 3015 potest
2304 2931 2444 2995 fleri
2476 2943 2852 3013 progressus
2880 2926 3030 2990 :sed
3058 2944 3188 3008 qua
3209 2925 3453 2988 ratione

1915 3043 2118 3102 statur
2144 3039 2213 3101 in
2239 3038 2453 3121 aliquo
2477 3036 2738 3099 instanti
2769 3033 2980 3112 finito,
3012 3036 3213 3095 statur
3252 3031 3321 3093 in
3345 3030 3453 3094 illo

1912 3147 1981 3211 in
2008 3166 2139 3230 quo
2161 3148 2450 3212 conditus
2477 3150 2571 3211 est
2602 3147 2884 3211 mundus
2909 3164 2925 3208 :
2955 3161 3135 3225 erg0,
3166 3145 3286 3205 etc.

1994 3259 2053 3318 4.
2100 3255 2258 3320 Item
2291 3255 2600 3338 principio
2643 3253 2840 3317 totius
2882 3248 3275 3332 antiquitatis
3321 3264 3452 3310 non

1913 3367 2118 3445 potest
2142 3363 2383 3445 aliquid
2421 3362 2592 3441 fleri,
2621 3361 2725 3427 vel
2756 3358 3023 3442 eogitari
3063 3356 3394 3438 antiquius
3431 3376 3446 3418 :

1912 3471 2022 3535 sed
2046 3476 2329 3553 tempus,
2362 3469 2469 3534 vel
2500 3487 2752 3545 aevum,
2798 3465 2968 3549 quod
3003 3463 3265 3546 ineoepit
3301 3480 3451 3525 cum

1911 3578 2156 3643 mundo
2173 3627 2191 3658 ,
2225 3583 2319 3642 est
2350 3578 2545 3641 totius
2581 3573 2974 3658 antiquitatis
3003 3569 3392 3653 principium
3425 3587 3443 3631 ι

1910 3703 2068 3768 ergo
2091 3686 2285 3750 etiam
2303 3704 2433 3749 non
2457 3683 2666 3767 potuit
2682 3681 2920 3765 aliquid
2942 3697 3077 3748 esse
3094 3679 3446 3762 antiquius,

2397 3937 2952 4008 CONCLUSIO.

1908 4104 2046 4158 Deus
2066 4103 2253 4173 potuit
2275 4099 2525 4157 mundum
2552 4102 2914 4170 antiquiorem
2941 4112 3118 4154 creare
3135 4138 3151 4165 ,
3181 4099 3243 4153 in
3268 4112 3446 4167 quan-

1979 4195 2093 4246 tum
2128 4193 2314 4262 potuit
2358 4192 2536 4258 facere
2581 4193 2783 4261 tempus
2824 4191 2951 4244 ante
2979 4189 3108 4257 hoo,
3154 4190 3205 4242 et
3247 4188 3309 4241 in
3343 4186 3444 4240 illo

1975 4282 2153 4349 facere
2176 4278 2466 4334 mundum:
2498 4294 2607 4334 non
2638 4281 2817 4334 tamen
2841 4280 2919 4334 sio
2944 4279 3121 4346 facere
3136 4316 3152 4343 ,
3185 4277 3318 4346 quin
3342 4274 3445 4329 ha-

1982 4368 2124 4425 beret
2144 4371 2504 4442 principium.

1985 4540 2171 4624 Resp.
2192 4540 2271 4605 ad
2288 4541 2448 4623 Arg.
2480 4539 2660 4618 Quod
2683 4558 2834 4604 cum
2851 4538 3187 4623 quaeritur,
3214 4541 3439 4602 utrum

1905 4653 2070 4719 Deus
2096 4653 2374 4736 potuerit
2393 4653 2599 4716 faeere
2627 4651 2944 4716 mundum
2971 4650 3401 4732 antiquiorem
3416 4699 3435 4730 ,

1902 4767 2112 4847 potest
2125 4762 2394 4856 intelligi
2408 4761 2745 4845 dupliciter
2765 4781 2782 4828 ς
2802 4765 2914 4825 aut
2931 4760 3019 4824 ita
3036 4759 3208 4842 quod
3223 4759 3438 4841 ipsum

1903 4870 2211 4935 creaverit
2265 4870 2347 4934 ab
2399 4874 2639 4934 aeterno
2657 4918 2674 4946 ‚
2733 4887 2886 4933 cum
2924 4867 3302 4951 produxerit
3354 4884 3436 4930 ex

1900 4981 2210 5061 tempore,
2263 4982 2328 5042 et
2371 4981 2525 5042 tunc
2571 4981 2733 5041 esset
2778 4974 3136 5058 antiquior;
3187 4977 3302 5038 aut
3345 4967 3437 5037 ita

1899 5186 2041 5237 xmv,
2066 5189 2119 5239 q.
2138 5186 2221 5238 1v3
2252 5175 2383 5225 Petr.
2409 5174 2472 5224 de
2499 5175 2727 5235 Tar-ant„
2752 5173 2772 5222 1
2800 5171 2960 5232 Seni„
2984 5169 3103 5220 dist.
3125 5181 3265 5231 xm,
3288 5183 3340 5234 q.
3364 5182 3433 5221 ιν.

1899 5247 2051 5297 —811
2074 5247 2232 5309 Petra,
2256 5257 2334 5306 111,
2356 5248 2465 5294 8.-
2495 5246 2511 5274 ⁴
2534 5245 2616 5295 Ps.
2639 5254 2854 5308 mxxix,
2871 5243 3019 5293 4.—⁸
3038 5242 3211 5304 Arist„
3235 5240 3433 5307 Phym'c.

1897 5317 1989 5369 lib.
2011 5318 2114 5380 111,
2142 5320 2282 5367 cont.
2300 5318 2377 5369 56.
