4125 6225
1499 463 1875 535 DISTlNCT.
1915 466 2023 535 111.
3228 470 3342 537 307

174 603 289 675 sed
312 606 715 676 voluntatem
748 606 987 674 malam
1013 604 1414 697 puniendam
1436 624 1575 673 esse
1600 604 1997 683 credendum
2045 614 2179 692 est;
2230 630 2350 676 nec
2384 605 2529 697 ejus
2568 615 2874 676 naturam
2915 606 3348 697 significatam
3415 615 3548 666 sacto·

3403 682 3538 726 malos
3551 698 3564 726 :

181 744 313 790 esse
343 746 493 791 cum
522 723 762 791 dicitur
796 748 811 789 ε
844 726 986 790 Hoc
1014 733 1111 791 est
1135 721 1407 789 initium
1432 722 1744 812 fiqmentz'
1767 724 1892 790 Dei
1914 775 1932 808 ,
1964 731 2117 807 etc.‚
2148 724 2260 792 sed
2287 747 2524 815 corpus
2548 744 2848 811 aereum,
2881 724 3061 816 quod
3093 724 3210 791 tali
3235 745 3348 792 vo-
3416 746 3551 788 verba

176 839 418 906 luntati
447 839 695 928 aptavit
721 839 928 923 Deus;
960 838 1065 906 vel
1094 838 1304 928 ipsam
1330 836 1810 913 ordinationem
1858 837 2015 924 Dei,
2048 839 2120 906 in
2147 862 2282 931 qua
2308 862 2462 909 eum
2491 840 2775 910 invitum
2806 840 3003 909 etiam
3032 839 3185 909 fecit
3221 840 3352 907 uti·
3398 809 3590 915 Jffimffe-

178 954 308 1023 lem
336 955 567 1041 bonis;
600 956 702 1022 vel
733 955 941 1047 ipsius
967 955 1186 1045 angeli
1214 955 1534 1023 facturam
1568 978 1582 1020 ε
1618 953 1921 1045 quia.etsi
1968 956 2298 1045 praesciret
2327 955 2502 1024 Deus
2527 956 2866 1024 voluntate
2891 956 3143 1024 malum
3171 955 3351 1025 futu-
3377 934 3591 1049 ‘flffihfik

178 1092 356 1155 rum,
388 1071 538 1139 fecit
566 1079 784 1139 tamen
811 1094 990 1155 eum,
1022 1070 1375 1163 providens
1401 1078 1649 1162 quanta
1676 1070 1755 1138 de
1781 1069 1899 1138 illo
1930 1093 2050 1139 sua
2076 1071 2366 1140 bonitate
2395 1079 2560 1139 esset
2586 1072 2901 1140 facturus».
2930 1072 3353 1161 Figmentum
3398 1070 3576 1163 522⁰„ss

182 1208 337 1275 ergo
368 1186 483 1254 Dei
510 1187 774 1273 dicitur,
806 1189 963 1279 quia
986 1210 1137 1255 cum
1161 1188 1352 1255 sciret
1375 1209 1529 1254 eum
1549 1187 1724 1255 Deus
1749 1187 2091 1256 voluntate
2119 1187 2370 1255 malum
2399 1188 2729 1273 futurum,
2754 1195 2830 1256 ut
2855 1188 3045 1256 bonis
3063 1195 3348 1275 noceret,
3399 1183 3516 1227 Μ’·

180 1303 424 1371 creavit
450 1311 667 1370 tamen
699 1303 894 1371 illum
912 1357 928 1387 ,
969 1312 1043 1371 ut
1067 1303 1146 1371 de
1175 1303 1507 1381 illobonis
1531 1303 1893 1394 prodesset;
1925 1302 2049 1370 hoc
2072 1312 2292 1371 autem
2319 1302 2472 1371 fecit
2494 1355 2512 1390 ,
2554 1310 2629 1372 ut
2653 1303 2974 1372 illudatur
3009 1305 3092 1372 ei.
3124 1303 3355 1372 Illudi-

186 1426 291 1487 tur
318 1419 496 1486 enim
525 1419 626 1505 ei,
658 1442 810 1487 cum
838 1419 1075 1487 sanctis
1107 1417 1368 1507 proficit
1396 1419 1668 1486 tentatio
1696 1418 1750 1508 ej
1762 1442 1859 1488 uS.
1892 1418 2077 1486 Sicut
2105 1427 2170 1487 et
2198 1418 2354 1486 mali
2379 1417 2677 1487 homines
2702 1472 2718 1503 ‚
2752 1442 2918 1511 quos
2946 1420 3119 1487 Deus
3147 1420 3356 1488 malos

182 1533 439 1603 iuturos
485 1534 885 1625 praeviden5‚
944 1534 1188 1602 creavit
1229 1544 1442 1602 tamen
1471 1534 1552 1602 ad
1591 1543 1965 1602 sanctorum
2003 1534 2359 1602 utilitatem
2385 1587 2403 1621 ‚
2434 1535 2811 1603 illuduntur
2835 1557 2989 1602 eum
3017 1544 3358 1627 praestatur

183 1651 418 1719 sanctis
446 1673 673 1719 eorum
718 1650 1071 1719 tentatione
1107 1650 1455 1741 profectus.
1499 1650 1627 1718 Sed
1673 1650 1808 1741 ipse
1844 1658 1939 1717 est
1975 1649 2240 1717 initium
2262 1703 2281 1736 ,
2312 1650 2467 1742 quia
2493 1650 2804 1742 praecedit
2829 1650 3251 1742 antiquitate,
3298 1659 3363 1719 et

183 1767 551 1858 principatu
586 1766 877 1835 malitiae.
912 1767 1069 1835 Haec
1113 1774 1336 1835 autem
1371 1767 1595 1835 illusio
1636 1765 1712 1833 fit
1737 1767 1987 1854 angelis
2030 1765 2255 1849 maliS,
2299 1775 2363 1833 et
2399 1766 2783 1834 hominibus
2812 1766 3004 1834 malis
3031 1820 3049 1852 ,
3089 1789 3204 1857 per
3248 1790 3365 1835 an-

181 1883 360 1972 gelos
386 1891 642 1951 sanctos
664 1935 681 1969 ‚
720 1883 878 1974 quia
914 1882 1136 1951 subdit
1170 1882 1262 1950 eis
1303 1882 1570 1971 angelos
1608 1882 1816 1951 malos
1839 1935 1856 1968 ‚
1897 1890 1960 1949 et
2006 1882 2307 1950 homines
2344 1882 2582 1969 malm,
2623 1890 2866 1950 utnon
2894 1891 3218 1973 quantum
3261 1884 3364 1951 ni·-

185 2007 452 2085 tuntur,
500 1999 612 2066 sed
640 2007 965 2090 quantum
992 1998 1306 2066 sinuntur
1331 1999 1602 2090 possint.
1634 2024 1668 2065 »
1721 1999 1879 2068 Ecce
1917 2008 2142 2089 aperte
2180 2000 2464 2068 ostendit
2497 2000 2782 2091 qualiter
2819 1999 3126 2090 praedicta
3163 1999 3363 2084 verba

180 2113 760 2203 subintelligenda
787 2115 962 2197 sint,
992 2121 1058 2182 et
1086 2115 1447 2203 angelicam
1478 2122 1784 2182 naturam
1813 2115 2054 2182 bonam
2083 2124 2365 2183 creatam
2393 2137 2530 2183 esse
2555 2116 2802 2183 asserit.
3033 2098 3037 2106 Δ

274 2231 527 2299 Deinde
554 2231 840 2322 qualiter
866 2231 1068 2297 verba
1092 2230 1359 2299 Domini
1387 2253 1535 2322 quae
1562 2254 1761 2321 supra
1788 2231 2006 2323 posuit
2032 2283 2049 2311 ‚
2082 2230 2456 2322 accipienda
2482 2230 2612 2298 sint
2628 2284 2645 2317 ‚
2677 2231 3093 2320 Augustinus
3114 2233 3358 2324 aperit,
3389 2259 3496 2366 dou?
3515 2271 3602 2367 ff

3419 2336 3445 2366 0
3471 2337 3514 2366 m
3579 2345 3600 2359 .

183 2346 301 2414 ubi
326 2347 525 2415 etiam
553 2369 673 2414 sua
700 2368 845 2439 quae
890 2346 1197 2438 praedixit
1224 2345 1426 2414 verba
1480 2345 1914 2433 determinat,
1956 2347 2293 2415 evidenter
2333 2347 2555 2415 dicens
2598 2347 2865 2437 angelos
2914 2349 3120 2416 bonos
3163 2348 3362 2416 fuisse
3410 2386 3585 2442 „gem

187 2472 460 2547 creat05‚
495 2470 558 2530 et
592 2470 731 2552 post
761 2462 1179 2548 creationem,
1212 2462 1594 2554 interposita
1621 2462 1847 2554 aliqua
1875 2463 2159 2549 morula,
2189 2463 2513 2548 cecidisse,
2543 2465 2636 2531 ita
2663 2463 2971 2555 inquiens
2998 2477 3018 2512 ¹
3055 2488 3072 2532 τ
3106 2490 3143 2531 α
3172 2462 3363 2545 Quod
3433 2453 3563 2553 ἓξὲξ,

183 2586 456 2670 putatur
485 2577 786 2646 diabolus
815 2601 1161 2670 nunquam
1188 2578 1261 2646 in
1289 2579 1561 2647 veritate
1589 2579 1833 2647 stetisse
1854 2633 1872 2666 ,
1903 2600 2249 2670 nunquam
2279 2579 2535 2648 beatam
2563 2579 2768 2648 vitam
2804 2579 3066 2648 duxisse
3092 2632 3110 2667 ,
3140 2579 3252 2648 sed
3280 2579 3363 2647 ab
3390 2585 3605 2678 g‘ffiff

3518 2697 3602 2739 dis-

185 2693 379 2761 initio
404 2693 737 2780 cecidisse,
779 2716 912 2762 non
943 2697 1033 2761 sic
1078 2693 1525 2783 accipiendum
1570 2701 1700 2780 est,
1740 2703 1817 2763 ut
1856 2695 2072 2763 malus
2117 2719 2157 2764 a
2195 2696 2368 2764 bono
2412 2695 2547 2763 Deo
2590 2703 2843 2763 creatus
2881 2718 3015 2764 esse
3051 2701 3356 2786 putetur,
3388 2708 3603 2813 εξὲνῃή-

185 2810 378 2901 quasi
407 2809 489 2877 ab
516 2809 704 2877 initio
731 2832 866 2879 non
893 2809 1194 2878 cecidisse
1221 2810 1567 2879 diceretur.
1598 2810 1746 2882 Non
1773 2811 1951 2879 enim
1978 2811 2238 2901 cecidit,
2283 2812 2339 2879 si
2381 2812 2530 2881 talis
2558 2865 2576 2899 ,
2624 2812 2866 2881 scilicet
2898 2812 3114 2881 malus
3151 2810 3362 2880 factus
3410 2820 3585 2926 3:332

185 2934 282 2994 est
310 2952 326 2993 ε
356 2949 397 2993 a
420 2949 556 3018 quo
585 2926 761 2994 enim
789 2929 1088 2996 caderet?
1116 2927 1353 2996 Factus
1381 2950 1534 3017 ergo
1561 2929 1769 3019 priuS,
1794 2929 2012 2996 statim
2040 2951 2080 2996 a
2104 2928 2375 2996 veritate
2398 2951 2465 2996 se
2497 2927 2733 2996 avertit
2758 2928 3024 3025 propria
3048 2936 3362 3021 potestate
3407 2947 3585 3052 ⁸⁰33*

186 3042 544 3110 delectatus
573 3067 590 3114 t
621 3043 952 3136 beataeque
978 3043 1128 3112 vitae
1157 3044 1570 3112 dulcedinem
1603 3067 1738 3114 non
1777 3042 2106 3134 gustavit,
2147 3066 2350 3136 quam
2393 3065 2527 3111 non
2574 3043 2803 3135 utique
2832 3051 3158 3137 acceptam
3183 3042 3366 3114 fasti·
3415 3076 3582 3178 gmon

182 3159 384 3246 divit;
417 3159 529 3228 sed
557 3160 839 3229 nolendo
864 3161 1176 3252 accipere,
1208 3161 1445 3230 amisit.
1480 3160 1605 3229 Sui
1632 3183 1787 3250 ergo
1813 3184 1999 3230 casus
2018 3160 2325 3253 praescius
2343 3183 2477 3230 esse
2505 3182 2640 3232 non
2659 3159 2897 3252 potuit,
2921 3160 3084 3253 quia
3107 3161 3365 3252 sapien·
3416 3201 3460 3239 ε,
3486 3202 3583 3252 90⁸2

182 3276 279 3344 tia
319 3276 575 3345 fructus
599 3286 695 3344 est
718 3275 999 3367 pietatis.
1031 3276 1360 3346 Continuo
1390 3285 1610 3346 autem
1642 3284 1718 3346 ut
1762 3278 1972 3345 factus
1992 3286 2136 3363 est,
2177 3277 2438 3362 cecidit,
2469 3299 2603 3346 non
2634 3277 2716 3345 ab
2744 3298 2821 3344 eo
2859 3276 3041 3368 quod
3077 3278 3356 3369 accepit,
3388 3261 3599 3367 „2¹:⁸22

186 3391 301 3460 sed
322 3392 406 3459 ab
431 3414 511 3460 eo
534 3392 709 3483 quod
732 3392 1099 3483 accepisset,
1123 3392 1179 3460 si
1195 3391 1332 3461 Deo
1352 3381 1546 3462 sussdi
1562 3392 1904 3462 voluisset.
1930 3417 1966 3458 η
1999 3393 2160 3461 Ecce
2180 3392 2288 3461 hic
2312 3401 2533 3485 aperte
2560 3391 2847 3464 declarat
2863 3393 3131 3482 angelos
3155 3394 3361 3462 bonos
3408 3384 3579 3431 ΜΝ·

181 3517 435 3576 creatos
460 3507 659 3577 fuisse
680 3560 700 3594 ‚
725 3517 789 3575 et
814 3507 1373 3600 postereationem
1399 3508 1700 3577 cecidisse
1724 3561 1742 3596 ,
1782 3519 1847 3577 et
1878 3508 2007 3577 fuit
2033 3509 2129 3577 ibi
2165 3509 2395 3600 aliqua
2423 3509 2682 3578 morula
2702 3560 2721 3595 ‚
2763 3508 2914 3576 licet
2942 3508 3355 3578 brevissima.

178 3623 380 3705 Quod
407 3622 721 3712 Origenes
737 3624 1082 3693 confirmat
1100 3646 1292 3715 super
1310 3624 1743 3708 Ezechielem,
1770 3624 1989 3694 dicens
2007 3640 2029 3674 ²
2056 3649 2073 3692 ε
2112 3624 2445 3716 «Serpens
2469 3625 3059 3693 hostisoontrarius
3070 3626 3356 3715 veritati,

178 3763 321 3808 non
349 3750 568 3807 tamen
596 3763 634 3807 a
660 3739 1009 3832 principio,
1039 3763 1158 3808 nec
1183 3741 1403 3809 statim
1430 3764 1629 3833 supra
1648 3748 1871 3834 pectus
1889 3749 1955 3808 et
1980 3748 2276 3811 ventrem
2303 3763 2497 3809 suum
2524 3740 2920 3838 ambulavit3
2950 3742 3119 3809 sicut
3146 3743 3360 3811 Adam

179 3863 245 3925 et
277 3857 420 3926 Eva
441 3879 575 3924 non
602 3856 1280 3948 statim-peccaverunt
1297 3909 1313 3940 ,
1342 3857 1434 3925 ita
1463 3864 1531 3934 et,
1552 3879 1816 3949 serpens
1842 3857 2201 3949 aliquando
2236 3855 2366 3924 fuit
2391 3878 2528 3924 non
2557 3878 2824 3948 serpens
2846 3908 2865 3942 ,
2895 3858 3145 3925 cumin
3175 3881 3364 3949 para-

175 3974 324 4042 diso
350 3972 735 4041 deliciarum
762 3980 1153 4042 moraretur.
1183 3971 1360 4041 Deus
1388 3974 1561 4041 enim
1593 3973 1917 4041 malitiam
1943 3995 2079 4040 non
2108 3971 2283 4040 fecit.
2315 3997 2350 4038 »
2386 3959 2548 4040 Ecce
2574 3979 2793 4063 aperte
2821 3973 2980 4040 dicit
3004 3982 3151 4065 post
3187 3998 3362 4044 crea-

174 4091 431 4158 tionem
456 4142 475 4175 ,
505 4088 887 4181 interposita
910 4088 1207 4177 morula,
1237 4068 1560 4158 cecidisse.
1601 4088 1886 4181 Ideoque
1930 4088 2049 4157 illa
2093 4087 2296 4159 verba
2322 4087 2413 4156 sic
2440 4087 2813 4178 accipienda
2839 4088 3148 4159 videntur
3178 4116 3194 4158 :
3226 4094 3362 4160 Ho-

174 4206 426 4275 mic-ida
454 4217 598 4273 erat
624 4204 706 4273 ab
733 4205 953 4294 initio,
986 4205 1091 4275 vel
1121 4201 1441 4291 mendax;
1468 4205 1537 4273 id
1563 4211 1704 4292 est,
1735 4205 1954 4273 statim
1981 4211 2127 4296 post
2152 4204 2447 4290 initium,
2479 4202 2747 4297 quando
2771 4203 2896 4271 sibi
2923 4206 3359 4296 aequalitatem

173 4322 299 4391 Dei
322 4321 665 4415 promisit,
695 4331 759 4390 et
782 4322 1070 4414 seipsum
1097 4321 1363 4408 occidit,
1395 4321 1513 4414 qui
1536 4319 1731 4390 homo
1758 4321 1999 4390 dicitur
2034 4321 2106 4388 in
2131 4319 2498 4409 Evangelio
2513 4325 2556 4387 ³.
2594 4319 2727 4388 Nec
2755 4320 2825 4389 in
2852 4321 3122 4390 veritate
3148 4323 3354 4413 stetit,

171 4441 341 4532 quia
366 4438 439 4507 in
468 4460 545 4506 ea
571 4437 902 4525 nonfuit,
934 4438 1044 4507 sed
1072 4437 1156 4507 ab
1181 4437 1375 4506 initio
1404 4438 1716 4530 temporis
1738 4491 1757 4524 ,
1807 4438 1876 4506 id
1923 4446 2059 4524 est,
2092 4437 2310 4504 statim
2337 4445 2483 4528 post
2521 4436 2788 4505 initium
2836 4439 3142 4530 temporis
3175 4462 3362 4532 apos-

172 4555 437 4626 tatavit.
467 4554 688 4624 Potest
714 4554 910 4624 etiam
943 4561 1009 4622 et
1031 4554 1123 4622 sic
1149 4554 1355 4645 aemipi
1383 4553 1593 4624 illud:
1627 4554 1727 4623 Ab
1754 4553 1953 4622 initio
1979 4550 2318 4621 homicida
2344 4551 2512 4643 fuit,
2544 4553 2648 4622 vel
2675 4554 2982 4641 mendax,
3024 4555 3093 4623 id
3119 4565 3245 4644 est,
3278 4580 3361 4625 ex

168 4694 317 4764 quo
343 4670 545 4740 homo
572 4671 702 4740 fuit
714 4670 1040 4760 conditus,
1070 4691 1269 4762 quem
1286 4691 1405 4761 per
1421 4669 1744 4740 invidiam
1771 4671 1844 4739 in
1868 4677 2148 4740 mortem
2171 4668 2621 4761 praecipitavit,
2646 4677 2711 4737 et
2727 4670 3045 4740 fallaciter
3070 4672 3352 4743 seduxit.

166 4788 282 4857 Ex
308 4786 635 4879 praedictis
659 4809 816 4877 ergo
851 4786 1064 4879 liquet
1090 4786 1358 4876 angelos
1385 4786 1593 4856 bonos
1618 4809 1844 4856 omnes
1868 4809 2007 4856 esse
2033 4792 2281 4855 creatos
2298 4837 2316 4873 ‚
2347 4792 2412 4853 et
2438 4792 2582 4877 post
2607 4785 2999 4857 creationem
3037 4789 3357 4881 quosdam

164 4903 489 4973 cecidisse
510 4927 557 4974 n
584 4903 757 4971 bono
786 4902 966 4995 quod
994 4901 1420 4990 habuissent,
1450 4902 1507 4970 si
1532 4902 1983 4994 perstitissent.

271 5018 402 5086 Hic
432 5017 686 5110 inquiri
706 5019 875 5087 solet
905 5043 920 5104 ‚²
948 5041 1156 5111 quam
1180 5018 1568 5110 sapientiam
1607 5019 1985 5088 habuerunt
2008 5025 2162 5087 ante
2187 5039 2412 5086 casum
2438 5017 2546 5086 vel
2569 5019 3175 5089 confirmationem?
3202 5021 3361 5091 Erat
3439 5056 3562 5109 Quod

165 5137 253 5206 in
283 5135 383 5206 eis
408 5133 653 5228 triplex
680 5134 1001 5204 naturalis
1026 5134 1314 5226 cognitio
1328 5188 1348 5224 ,
1378 5158 1511 5228 qua
1549 5136 1838 5205 sciebant
1863 5135 2038 5228 quod
2069 5134 2222 5204 facti
2247 5140 2434 5203 erant
2450 5185 2470 5220 ‚
2501 5142 2567 5202 et
2591 5156 2632 5202 a
2671 5156 2807 5225 quo
2830 5133 2985 5203 facti
3020 5144 3246 5226 erant,
3297 5147 3362 5207 et
3409 5119 3584 5226 1¹:15¹ss

250 5391 273 5425 ¹
298 5395 454 5455 Aug„
492 5389 553 5438 de
583 5389 705 5438 Gen.
728 5389 796 5439 ad
817 5389 943 5453 litt„
968 5389 1061 5439 lib.
1084 5392 1148 5440 xl
1166 5427 1185 5454 ,
1216 5405 1261 5440 c.
1286 5402 1447 5455 xxm,
1480 5391 1648 5454 quoad
1677 5403 1902 5440 sensum.
1926 5414 1990 5427 —
2013 5388 2242 5452 ¹Origen
2267 5424 2284 5450 ,
2314 5386 2501 5437 Homil.
2522 5396 2573 5451 1,
2617 5385 2750 5435 circa
2777 5385 2899 5437 illud
2928 5388 3127 5452 Ezech„
3163 5401 3175 5439 ι
3199 5407 3211 5439 :
3251 5393 3366 5442 Vidi

177 5463 337 5525 quasi
355 5460 778 5525 speeiemaleom.
800 5488 854 5498 —-
875 5461 1122 5527 unuh„
1144 5463 1638 5526 xm,28:1nim»5cus
1657 5462 1799 5512 homo
1824 5460 1914 5511 hoc
1937 5461 2079 5522 fecit.
