4125 6225
742 424 860 487 396

742 556 838 618 est
861 553 1311 634 rectificabilis,
1340 571 1458 619 nec
1484 553 1626 633 fuit,
1661 572 1701 617 a
1726 557 2011 636 tempore
2039 569 2123 617 ex
2149 568 2278 633 quo

743 661 971 726 cecidit
1003 685 1017 724 :
1053 661 1207 744 qnia
1228 662 1402 725 enim
1426 661 1548 726 t'uit
1563 664 1745 725 extra
1771 664 2010 725 statum
2036 658 2275 739 meriti,

751 770 1097 836 certissime
1122 771 1401 836 revelata
1436 774 1530 834 est
1560 770 1617 834 ei
1659 789 1776 835 sua
1818 769 2172 846 damnatio·‚
2217 771 2279 832 et

759 877 928 956 ide0,
957 877 1123 941 sicut
1146 878 1311 941 beati
1324 896 1458 942 non
1481 880 1747 960 possunt
1764 876 1992 940 timere
2010 876 2280 940 damna-

745 985 1016 1065 tionem,
1056 985 1143 1048 ita
1167 984 1435 1067 angelus
1458 985 1696 1063 malus,
1738 988 1994 1066 propter
2019 982 2277 1046 certitu-

745 1090 961 1155 dinem
1003 1092 1459 1170 damnationiS,
1493 1109 1625 1154 non
1664 1093 1868 1174 potest
1897 1107 2151 1172 sperare
2179 1107 2281 1151 sa-

745 1199 946 1263 lutem
964 1248 981 1276 ,
1017 1203 1081 1263 et
1104 1205 1360 1283 propter
1390 1198 1737 1263 absentiam
1762 1197 1989 1278 gratiae
2011 1215 2141 1261 non
2173 1215 2284 1277 po·

745 1312 867 1372 test
890 1308 1228 1391 poenitere,
1277 1312 1341 1372 et
1378 1307 1519 1371 ideo
1552 1325 1671 1370 nec
1719 1306 1928 1370 bonus
1966 1323 2123 1368 esse.
2171 1303 2284 1368 His

747 1415 903 1480 visis
919 1465 937 1496 ,
971 1415 1149 1480 facile
1175 1420 1270 1479 est
1301 1415 1519 1479 omnia
1543 1415 1790 1497 objecta
1814 1413 2081 1477 solvere.

831 1528 891 1587 1.
930 1522 1028 1586 Ad
1067 1522 1223 1586 illud
1267 1521 1439 1604 quod
1488 1521 1789 1604 objicitur
1809 1570 1828 1600 ,
1871 1520 2041 1603 quod
2084 1524 2286 1602 potest

747 1647 884 1693 esse
931 1629 1311 1694 condonatio
1378 1629 1828 1692 misericordiae
1855 1676 1873 1705 ‚
1944 1628 2286 1692 dicendum

747 1736 917 1820 quod
947 1739 1148 1819 potest
1176 1737 1253 1801 de
1283 1736 1565 1819 potentia
1590 1737 1911 1811 absoluta;
1937 1736 2048 1800 sed
2076 1735 2151 1799 de
2173 1754 2288 1817 po-

746 1844 947 1907 tentia
962 1843 1252 1907 ordinata
1267 1862 1413 1925 quae
1430 1849 1730 1925 operatur
1741 1842 2098 1907 secundum
2117 1842 2291 1907 ordi-

747 1969 897 2014 nem
908 1950 1232 2033 sapientiae
1241 2000 1257 2028 ,
1269 1956 1331 2016 et
1341 1951 1523 2015 illum
1533 1951 1823 2015 ordinem
1836 1949 2000 2014 Deus
2008 1969 2137 2014 non
2149 1968 2286 2014 cor-

746 2059 1020 2140 rumpit,
1044 2058 1174 2122 imo
1211 2059 1660 2123 inviolabiliter
1691 2064 1924 2135 servat,
1951 2077 2083 2122 non
2107 2059 2291 2122 debet

748 2184 906 2246 esse,
925 2184 1044 2230 nec
1061 2171 1437 2249 potestesse:
1455 2166 1606 2248 quia
1616 2165 1953 2230 consilium
1972 2165 2083 2230 Dei
2097 2166 2293 2230 etdis-

750 2272 976 2354 positio
1007 2291 1138 2337 non
1167 2278 1369 2356 potest
1396 2272 1875 2355 mutarialiqua
1898 2273 2166 2337 ratione.
2193 2273 2293 2336 Ad

748 2379 2294 2464 illudquoddicit,qu0dsummedebetmanifestari

753 2487 1207 2567 misericordia,
1228 2488 1566 2552 dicendum
1588 2488 1759 2571 quod
1774 2488 1865 2552 ita
1877 2488 2061 2552 debet
2077 2487 2294 2551 mani-

750 2596 963 2661 festari
990 2595 1445 2672 misericordia,
1471 2602 1546 2659 ut
1569 2596 2004 2659 manifestetur
2025 2600 2090 2659 et
2104 2596 2296 2678 justi-

721 2783 727 2790 ,
751 2703 875 2767 tia:
899 2708 962 2766 et
975 2703 1116 2767 ideo
1138 2703 1418 2767 decrevit
1434 2704 1654 2769 divina
1677 2703 1922 2768 bonitas
1936 2703 2007 2765 in
2032 2703 2295 2767 homine

753 2810 1113 2889 infirmiori,
1129 2814 1194 2874 et
1214 2810 1679 2887 miserabiliori,
1704 2810 2298 2874 manifestaremise-

753 2918 1126 2997 ricordiam;
1158 2923 1222 2982 et
1256 2937 1508 2982 summe
1548 2918 2009 2994 manifestavit,
2040 2918 2296 3001 quando

758 3027 1093 3109 unigenito
1104 3046 1233 3092 non
1249 3028 1526 3110 pepercit
1542 3049 1556 3091 ε
1572 3028 1640 3091 in
1654 3027 1958 3109 angelicis
1970 3027 2298 3109 spiritibus

757 3135 991 3218 placuit
1015 3135 1329 3218 justitiam
1356 3136 1783 3215 manifestare,
1816 3141 1879 3200 et
1910 3136 2297 3218 sapientissi-

758 3261 885 3321 me,
908 3248 972 3307 et
996 3243 1467 3324 elegantissime
1484 3243 1718 3307 factum
1735 3247 1849 3322 est,
1873 3244 2026 3325 quia
2044 3244 2299 3308 miseri-

759 3350 969 3413 cordia
996 3368 1129 3413 non
1159 3351 1366 3414 aufert
1389 3350 1725 3433 justitiam,
1759 3369 1877 3419 nec
1901 3369 1937 3414 e
1963 3369 2295 3415 convers0.

760 3455 839 3520 Et
857 3456 998 3520 ideo
1011 3458 1248 3522 erravit
1263 3458 1571 3539 Origenes
1585 3460 1629 3534 ¹,
1646 3460 1758 3539 qui
1772 3462 1978 3522 totum
1995 3458 2166 3523 dedit
2182 3460 2300 3523 mi-

760 3558 1120 3624 sericordiae
1164 3560 1309 3639 Dei,
1353 3567 1415 3624 et
1455 3561 1712 3625 abstulit
1745 3561 1958 3626 locum
1983 3563 2252 3643 Justitiae
2280 3581 2296 3625 :

761 3667 933 3749 quod
952 3670 1252 3750 quamvis
1272 3686 1403 3732 non
1422 3670 1504 3732 sit
1527 3674 1720 3732 tantae
1740 3670 2082 3751 impietatiS
2105 3671 2173 3733 in
2191 3689 2303 3734 su-

761 3775 1038 3858 perficie,
1075 3780 1291 3840 tamen
1318 3777 1582 3859 aequalis
1613 3777 1845 3842 erroris
1872 3781 1967 3840 est
1986 3778 2237 3841 auferre
2265 3797 2305 3841 a

763 3881 888 3946 Deo
915 3887 1131 3947 actum
1149 3885 1443 3965 justitiae,
1470 3885 1632 3948 sicut
1657 3884 1909 3948 auferre
1930 3888 2146 3948 actum
2175 3885 2305 3948 mi-

762 3988 1142 4054 sericordiae.
1165 3990 1264 4056 Ad
1293 3992 1449 4055 illud
1468 3991 1639 4073 quod
1657 3992 1957 4073 objicitur
1977 3992 2055 4057 de
2090 3993 2304 4057 dolore

762 4098 1174 4179 poenitentiae,
1205 4100 1375 4181 quod
1406 4104 1611 4181 potest
1632 4117 1768 4162 esse
1795 4099 1864 4162 in
1896 4100 2175 4178 diabolo;
2204 4101 2303 4164 di-

762 4206 1038 4270 cendum
1080 4208 1250 4288 quod
1294 4206 1472 4271 dolor
1509 4206 1898 4289 poenitentiae
1926 4212 2021 4270 est
2055 4207 2306 4271 duobus

764 4313 970 4376 modis
999 4335 1015 4376 ι
1051 4314 1286 4396 aliquis·
1305 4315 1477 4377 enim
1519 4315 1685 4378 dolet
1709 4316 1786 4380 de
1825 4316 2013 4397 culpa
2052 4320 2308 4397 propter

764 4421 1076 4485 damnum
1103 4422 1273 4504 quod
1300 4421 1603 4500 incurrit,
1640 4427 1703 4486 et
1729 4422 2059 4486 laesionem
2085 4470 2103 4499 ‚
2136 4426 2201 4487 et
2221 4423 2309 4486 sic

766 4530 978 4593 dolere
1006 4534 1209 4611 potest
1235 4529 1380 4611 quis
1407 4548 1490 4592 ex
1514 4530 1694 4611 puris
1719 4530 2141 4610 naturalibuS,
2175 4531 2310 4595 sive

767 4636 978 4716 gratia
1002 4635 1203 4717 gratis
1230 4637 1396 4716 data,
1414 4642 1477 4700 et
1493 4641 1646 4700 tunc
1666 4637 1854 4717 dolet,
1880 4637 2137 4720 quando
2166 4657 2310 4701 ma-

759 4744 969 4824 jorem
989 4744 1178 4807 sentit
1194 4743 1543 4824 laesionem,
1568 4763 1764 4826 quam
1782 4746 2259 4810 delectationem
2288 4769 2305 4824 ;

765 4850 931 4914 hanc
956 4850 1243 4915 diabolus
1267 4851 1455 4915 modo
1479 4870 1610 4916 non
1635 4852 1826 4916 habet
1843 4858 2103 4935 propter
2121 4853 2313 4918 habi-

765 4960 1057 5024 tudinem
1080 4960 1414 5043 peccandi3
1446 4961 1556 5024 sed
1582 4964 1795 5023 tamen
1824 4962 2167 5026 habiturus
2194 4967 2311 5042 est,

766 5086 915 5131 cum
958 5068 1396 5131 absorbebitur
1437 5085 1477 5130 a
1522 5068 1728 5149 poenis
1764 5074 1903 5150 post
1935 5052 2256 5150 judicium
2290 5090 2307 5133 ε

765 5174 875 5238 sed
895 5176 1267 5256 poenitentia
1292 5175 1433 5239 haec
1450 5193 1580 5238 non
1604 5174 1881 5256 disponit
1900 5174 1977 5238 ad
2005 5178 2308 5257 gratiam,

768 5280 900 5345 imo
961 5282 1170 5345 solum
1233 5287 1328 5346 est
1374 5299 1565 5364 poena
1596 5328 1613 5357 ‚
1664 5282 1819 5363 quia
1873 5283 1962 5346 sic
2015 5286 2317 5366 poenituit

831 5405 850 5439 ¹
870 5404 1098 5469 origen„
1120 5407 1237 5455 Peri
1254 5405 1411 5471 arcia,
1436 5398 1524 5456 lih'.
1546 5406 1585 5470 1,
1607 5419 1651 5455 c.
1672 5417 1723 5471 v,
1750 5418 1819 5458 vl.

1874 409 2493 482 SENTENTIARUM
2531 411 2684 478 LIB.
2728 411 2809 478 11.
2877 455 2882 464 ·

2389 551 2583 615 etiam
2598 550 2630 614 J
2635 550 2814 615 udas.
2836 550 2982 614 Alio
3001 550 3192 614 modo
3207 552 3301 614 est
3316 549 3497 615 dolor
3503 552 3901 633 poenitentiae,

2387 657 2641 740 quando
2668 658 2814 740 quis
2843 657 3013 723 dolet
3039 658 3116 721 de
3147 657 3366 741 culpa,
3399 657 3552 740 quia
3585 657 3693 722 Dei
3717 660 3907 723 offen-

2388 768 2571 833 siva:
2601 768 2790 833 ethic
2816 769 2996 833 dolor
3026 767 3301 851 disponit
3324 768 3404 832 ad
3432 768 3857 851 poenitentiam
3888 793 3904 836 ε

2389 881 2451 941 et
2472 877 2580 940 bic
2598 895 2727 942 non
2747 882 2841 941 est
2860 878 2998 941 sine
3015 877 3223 959 gratia
3240 876 3441 958 gratis
3459 876 3606 941 data
3628 899 3643 940 ε
3666 881 3730 940 et
3751 877 3911 941 hunc

2390 984 2672 1049 dolorem
2699 984 3009 1064 diabolus,
3040 983 3145 1049 vel
3170 983 3514 1062 daemoneS,
3533 983 3767 1048 habere
3790 1003 3909 1048 non

2390 1097 2675 1175 possunt,
2706 1092 2861 1175 quia
2884 1095 3038 1156 sunt
3067 1099 3249 1155 extra
3275 1095 3508 1155 statum
3537 1091 3609 1156 in
3646 1109 3774 1174 quo
3806 1091 3911 1156 da·-

2390 1202 2499 1263 tur
2524 1200 2757 1279 gratia,
2790 1203 2854 1263 et
2879 1198 3418 1281 irregressibiliter
3436 1203 3590 1262 sunt
3609 1203 3784 1263 extra
3813 1203 3913 1264 :et

2391 1305 2480 1369 ita
2504 1309 2676 1388 patet
2701 1305 2886 1370 illud.

2472 1415 2535 1491 2,
2576 1417 2636 1492 3,
2667 1417 2708 1476 4
2751 1416 2816 1477 et
2840 1417 2901 1477 5.
2947 1411 3046 1477 Ad
3084 1412 3239 1476 fflud
3277 1413 3449 1495 quod
3486 1413 3781 1496 objicitur
3817 1432 3914 1478 se-

2394 1519 2603 1584 cundo
2621 1567 2640 1599 ,
2692 1520 2863 1584 unde
2913 1519 3131 1583 veniat
3167 1520 3667 1601 impossibilitas3
3711 1539 3916 1585 conce-

2394 1626 2677 1691 dendum
2703 1626 2873 1709 quod
2900 1644 3033 1690 non
3063 1626 3240 1690 venit
3267 1645 3348 1690 ex
3379 1633 3554 1709 parte
3595 1628 3740 1707 Dei,
3769 1629 3916 1694 sicut

2396 1733 2737 1798 ostendunt
2763 1740 2891 1798 tres
2914 1734 3141 1816 primae
3169 1733 3483 1812 rationes;
3510 1754 3627 1800 nec
3649 1756 3735 1801 ex
3763 1741 3918 1818 parte

2397 1847 2649 1907 naturae
2676 1844 2913 1925 angeli,
2944 1848 3261 1926 quantum
3289 1849 3385 1908 est
3416 1844 3493 1909 de
3519 1863 3618 1925 se,
3650 1846 3918 1910 sicutos-

2397 1951 2671 2014 tendunt
2695 1954 2823 2015 tres
2860 1951 3135 2015 rationes
3172 1951 3454 2015 secundo
3489 1951 3628 2017 loco
3679 1953 3916 2035 posi1ae3

2398 2076 2516 2122 nec
2558 2058 2750 2121 etiam
2797 2075 2880 2120 ex
2927 2062 3104 2139 parte
3167 2058 3638 2139 magnitudinis
3679 2061 3920 2143 peccati,

2399 2169 2712 2246 quantum
2749 2168 2844 2227 est
2868 2162 2946 2227 de
2972 2182 3070 2240 se,
3100 2164 3263 2227 sicut
3297 2166 3643 2230 ostendunt
3669 2172 3799 2230 troe
3829 2185 3924 2230 ra-

2399 2272 2601 2335 tiones
2627 2271 2870 2335 ultimae
2902 2292 2917 2334 t
2950 2271 3058 2335 sed
3091 2271 3213 2335 hoc
3236 2270 3428 2336 habet
3470 2273 3661 2355 culpa
3701 2274 3927 2337 ratione

2400 2382 2621 2443 statuS.
2653 2378 2815 2457 Quia
2839 2381 3012 2444 enim
3046 2384 3140 2444 est
3179 2380 3483 2445 voluntas
3514 2385 3702 2445 extra
3734 2382 3928 2446 meriti

2401 2491 2638 2551 statum
2656 2537 2674 2565 ,
2717 2489 2895 2552 abest
2931 2489 3142 2553 omnis
3185 2489 3425 2569 gratia,
3457 2489 3611 2571 quia
3659 2489 3730 2553 in
3779 2494 3930 2552 statu

2401 2593 2831 2659 damnationis
2882 2595 3059 2660 adest
3107 2595 3463 2677 desperatio
3515 2595 3863 2660 certissima
3911 2614 3923 2656 :

2404 2719 2550 2784 quae
2596 2703 2745 2766 duae
2785 2706 2935 2766 sunt
2988 2703 3381 2767 conditiones
3424 2704 3692 2768 omnino
3735 2705 3930 2785 dispo-

2403 2814 2626 2874 nentes
2658 2811 3055 2876 voluntatem
3086 2811 3167 2875 ad
3197 2810 3773 2894 impossibilitatem
3806 2831 3932 2876 rec-

2404 2917 2719 2981 titudinis.

2483 3029 2544 3088 6.
2574 3022 2816 3088 Tamen
2851 3024 3012 3089 illud
3049 3024 3220 3107 quod
3246 3024 3542 3107 objicitur
3562 3073 3579 3104 ,
3609 3025 3784 3107 quod
3815 3044 3932 3089 non

2406 3138 2610 3217 potest
2638 3133 2860 3197 venire
2885 3152 2965 3197 ex
2991 3136 3169 3216 parte
3192 3135 3467 3216 peccati,
3491 3134 3648 3215 quia
3675 3152 3808 3197 non
3827 3152 3938 3197 ex-

2406 3244 2568 3308 cedit
2594 3243 2662 3307 in
2705 3242 3029 3306 infinitum
3079 3247 3408 3326 peccatum
3441 3243 3760 3321 hominis3
3801 3244 3940 3326 qui-

2408 3353 2556 3416 dam
2589 3353 2936 3416 voluerunt
2973 3352 3244 3428 solvere,
3284 3352 3454 3434 quod
3480 3352 3635 3426 im0,
3677 3352 3828 3433 quia
3855 3352 3940 3413 in-

2411 3459 2697 3523 tellectus
2749 3458 3078 3539 angelicus
3128 3462 3223 3521 est
3272 3457 3595 3521 deiformis
3613 3505 3632 3535 ,
3688 3462 3752 3520 et
3813 3457 3940 3521 ideo

2408 3566 2709 3646 intelligit
2733 3565 2799 3627 in
2829 3564 3121 3642 instanti;
3157 3563 3512 3641 rationalis,
3542 3563 3682 3627 sive
3706 3562 3944 3627 collati-

2408 3692 2555 3751 vuS,
2586 3673 2657 3735 in
2683 3676 2991 3753 tempore.
3022 3669 3099 3732 Et
3118 3670 3278 3749 ideo,
3303 3671 3454 3753 quia
3473 3676 3806 3752 peccatum
3831 3688 3943 3734 an·

2411 3780 2539 3862 geli
2570 3784 2664 3842 est
2696 3783 2918 3841 contra
2959 3777 3331 3841 deiformem
3369 3776 3798 3857 intellectum,
3838 3796 3942 3841 ex·

2411 3887 2578 3951 cedit
2603 3885 3247 3968 improportionaliter
3281 3889 3612 3967 peccatum
3649 3884 3942 3957 hominis,

2413 3994 2577 4058 sicut
2593 3994 2760 4057 linea
2776 3993 2865 4055 im
2872 3991 3484 4074 proportionabiliter
3499 3991 3748 4054 excedit
3762 4009 3947 4073 punc·

2413 4107 2576 4181 tum,
2606 4106 2670 4165 et
2699 4107 2952 4182 tempus
2978 4101 3239 4164 instans.
3280 4099 3401 4164 Sed
3438 4117 3571 4162 non
3611 4099 3738 4163 hoc
3767 4117 3949 4181 opor-

2413 4215 2503 4274 tet
2545 4209 2751 4272 dicere
2777 4256 2794 4287 ,
2821 4207 2973 4291 quia
3015 4226 3148 4271 non
3189 4211 3433 4290 oportet
3474 4206 3647 4288 quod
3696 4205 3949 4270 morbus

2414 4316 2782 4380 incurabilis
2805 4314 3152 4378 curabilem
3180 4314 3442 4379 excedat
3480 4314 3551 4377 in
3579 4313 3944 4389 infinitum;

2415 4426 2571 4506 quia
2593 4441 2762 4488 unus
2789 4423 3051 4486 morbus
3072 4421 3187 4504 qui
3211 4422 3281 4484 in
3299 4439 3431 4484 uno
3449 4424 3618 4484 statu
3641 4425 3740 4484 est
3763 4438 3948 4484 cura·-

2417 4532 2583 4610 bilis,
2611 4548 2726 4611 per
2752 4534 3152 4593 crementum
3179 4529 3314 4592 sive
3342 4545 3455 4610 per
3473 4527 3948 4597 diuturnitatem

2417 4640 2490 4704 flt
2515 4638 2882 4701 incurabilis
2927 4659 2942 4700 :
2980 4637 3070 4701 ita
3109 4639 3206 4700 est
3245 4635 3575 4699 manifeste
3618 4635 3691 4697 in
3728 4635 3944 4699 morbo

2418 4745 2753 4829 corporali.
2811 4744 3115 4809 Similiter
3166 4742 3462 4809 videmus
3510 4743 3842 4807 manifeste
3891 4743 3953 4804 in

2421 4855 2645 4918 morbo
2670 4850 3023 4935 spirituali:
3062 4853 3394 4933 peccatum
3417 4847 3592 4912 enim
3619 4852 3768 4912 ante
3789 4866 3955 4912 mor-

2420 4966 2551 5026 tem
2578 4964 2674 5023 ast
2699 4958 3002 5036 curabile,
3033 4957 3165 5021 solo
3195 4960 3408 5019 autem
3434 4973 3702 5019 excessu
3742 4955 3954 5019 mortis

2422 5069 2493 5131 fit
2536 5065 2907 5131 incurabile.
2954 5063 3258 5129 Similiter
3301 5062 3599 5128 videmus
3645 5064 3712 5126 in
3757 5081 3948 5127 casu:

2421 5176 2536 5257 qui
2561 5174 2735 5237 enim
2759 5172 2927 5236 cadit
2940 5172 3019 5235 de
3046 5171 3181 5235 loco
3209 5188 3441 5252 parum
3468 5170 3798 5249 eminenti,
3829 5188 3951 5233 non

2424 5280 2730 5357 moritur3
2763 5278 2877 5360 qui
2906 5280 3123 5342 autem
3155 5276 3233 5341 de
3266 5276 3432 5340 turri
3457 5276 3659 5356 cadit,
3687 5276 3822 5341 sine
3851 5294 3946 5340 re-

2424 5388 2633 5455 medio
2649 5386 2903 5452 laeditur
2928 5408 2944 5450 ε
2961 5386 3070 5450 sed
3085 5391 3301 5450 tamen
3314 5383 3696 5466 magnitudo
3711 5402 3845 5449 non
3865 5384 3952 5448 est
