4125 6225
715 440 835 500 410

1359 635 1498 681 mm.
1546 635 1638 683 lv.

716 764 860 817 Sicut
877 779 1002 831 ergo
1028 770 1257 833 mentem
1281 771 1513 822 nostram
1533 771 1859 835 justificando
1884 770 2128 834 formare,
2153 772 2250 821 etc.

793 894 1024 960 Contra
1055 919 1071 962 ε
1105 895 1170 962 Si
1197 899 1319 962 hoc
1340 918 1569 966 verum
1603 904 1717 981 est,
1741 906 1901 965 tunc
1918 900 2081 964 sicut
2108 918 2254 982 gra-

709 1001 800 1065 tia
825 1007 919 1066 est
960 1022 999 1066 a
1025 1004 1152 1069 Deo
1173 1054 1191 1083 ,
1220 1007 1399 1072 nullo
1431 1009 1619 1072 modo
1661 1028 1701 1072 a
1725 1012 1958 1072 natura
1995 1007 2100 1072 vel
2131 1025 2252 1090 po-

710 1109 908 1173 tentia
945 1116 1154 1176 creata
1173 1162 1191 1191 ,
1223 1114 1476 1179 videtur
1510 1116 1680 1198 quod
1708 1114 1996 1179 similiter
2039 1114 2252 1179 omnis

713 1215 838 1280 alia
873 1217 1080 1282 forma
1105 1219 1187 1282 sit
1211 1239 1250 1283 a
1277 1222 1410 1286 solo
1438 1221 1564 1287 Deo
1602 1242 1620 1286 :
1650 1240 1807 1303 ergo
1841 1238 2043 1303 agens
2069 1239 2253 1285 crea-

707 1329 851 1390 tum
876 1329 1120 1393 nullam
1144 1330 1417 1396 formam
1444 1333 1711 1397 inducit.

789 1432 975 1516 Resp.
999 1435 1348 1501 Dicendum
1376 1439 1547 1520 quod
1559 1439 1629 1503 Β.
1648 1439 2052 1521 Augustinus
2063 1438 2249 1506 valde

705 1541 1022 1606 subtiliter
1045 1543 1332 1626 loquitur
1352 1551 1414 1611 et
1441 1549 1771 1629 veraciter,
1801 1549 1855 1612 si
1885 1550 2082 1614 verba
2107 1551 2163 1630 ej
2171 1567 2249 1613 us

703 1666 857 1713 sane
895 1649 1363 1733 intelligantur.
1406 1654 1559 1719 Vult
1600 1675 1758 1738 ergo
1791 1656 2030 1734 dicere,
2074 1656 2248 1739 quod

703 1755 867 1820 sicut
906 1759 1187 1822 mentem
1220 1764 1504 1826 nostram
1533 1763 1944 1844 ‚iustificando
1969 1763 2248 1827 formare

703 1879 836 1925 non
863 1868 1067 1945 potest
1091 1868 1215 1929 nisi
1243 1868 1407 1933 Deus
1424 1917 1442 1948 ‚
1474 1870 1627 1951 quia
1652 1870 1862 1951 gratia
1886 1888 2018 1934 non
2041 1874 2139 1934 est
2166 1888 2245 1934 ex

701 1968 948 2052 aliqu0‚
978 1974 1088 2038 sed
1114 1976 1325 2056 potius
1360 1994 1441 2039 ex
1485 1977 1721 2057 nihilo,
1752 1977 1852 2042 vel
1878 1981 2040 2052 esset
2070 1977 2246 2041 abire

699 2076 770 2139 in
794 2077 1152 2159 infinitum3
1182 2082 1271 2144 sic
1299 2082 1654 2148 formarum
1684 2085 2019 2149 seminales
2048 2084 2246 2149 ratio-

698 2202 813 2248 nes
833 2232 851 2263 ,
886 2186 1018 2249 sive
1061 2188 1414 2254 formarum
1461 2192 1703 2274 primas
1737 2192 2039 2257 essentias
2073 2192 2246 2257 solus

697 2290 865 2356 Deus
902 2298 1107 2375 potest
1146 2298 1530 2378 producere3
1562 2298 1717 2363 alias
1753 2299 1927 2364 enim
1970 2303 2087 2363 aut
2119 2318 2243 2363 ne-

696 2416 867 2464 cesse
919 2406 1017 2466 est
1072 2421 1206 2468 esse
1249 2424 1332 2469 ex
1371 2407 1607 2485 nihilo,
1651 2411 1763 2471 aut
1806 2408 1875 2470 in
1915 2407 2243 2472 infinitum

696 2509 895 2575 abire.
926 2511 981 2575 N
984 2532 1069 2577 on
1096 2533 1254 2598 ergo
1277 2517 1576 2600 intelligit
1593 2517 2003 2599 Augustinus
2028 2519 2242 2602 quoad

695 2616 1100 2685 eductionem
1134 2622 1211 2706 (a)
1237 2625 1461 2689 formae
1491 2626 1569 2690 de
1600 2627 1878 2709 potentia
1890 2627 1961 2689 in
1996 2630 2236 2707 actum,

693 2740 889 2804 quam
935 2732 1121 2793 vocat
1160 2731 1473 2796 actionem
1510 2734 1789 2816 quodam
1827 2733 2016 2798 modo
2050 2737 2239 2799 exte-

693 2830 960 2912 riorem3
980 2837 1088 2901 sed
1101 2840 1314 2921 potius
1330 2842 1543 2924 quoad
1562 2842 2048 2925 productionem
2067 2843 2240 2908 illius

692 2941 1018 3007 seminalis
1040 2947 1306 3011 rationis
1323 2967 1471 3031 quae
1496 2954 1590 3013 est
1616 2951 1887 3015 essentia
1907 2950 2024 3030 rei,
2055 2950 2239 3016 aliter

693 3064 761 3111 se
781 3048 1026 3117 habens
1050 3071 1199 3119 cum
1228 3057 1417 3121 estin
1446 3058 1746 3140 potentia,
1779 3058 1939 3124 etin
1966 3063 2135 3125 actu.

1342 3244 1481 3292 DUB.
1527 3246 1594 3293 V.

1064 3358 1192 3410 Illud
1216 3374 1421 3426 quoque
1447 3362 1734 3428 sciendum,
1758 3367 1856 3415 etc.

773 3478 996 3545 Innuit
1014 3480 1339 3564 Magister,
1361 3488 1535 3568 quod
1560 3489 1775 3570 angeli
1802 3489 1958 3552 mali
1986 3490 2091 3554 vel
2108 3490 2235 3556 (131-

691 3606 913 3652 1110335
943 3590 1239 3671 quaedam
1266 3599 1520 3676 possent
1551 3614 1664 3678 per
1689 3601 1941 3661 naturae
1972 3598 2227 3662 subtili-

686 3697 882 3758 tatem
905 3743 923 3774 ,
955 3714 1101 3778 quae
1126 3717 1257 3762 non
1281 3706 1547 3783 possunt
1576 3709 1832 3787 propter
1867 3704 1976 3767 Dei
2004 3705 2232 3787 prohi-

686 3801 1015 3867 bitionem.
1039 3803 1269 3870 Contra
1287 3808 1407 3872 hoc
1426 3814 1540 3887 est,
1572 3811 1742 3894 quod
1760 3812 1925 3876 Deus
1948 3812 2038 3875 sic
2055 3813 2232 3878 dedit

686 3907 956 3972 virtutes
976 3910 1169 3974 rebus
1187 3960 1202 3988 ,
1237 3917 1301 3976 et
1324 3915 1415 3978 sic
1438 3916 1837 3981 administrat
1859 3937 1964 3982 eas
1979 3967 1996 3999 ,
2028 3924 2102 3983 ut
2121 3938 2229 3983 eas

686 4033 881 4097 agere
909 4019 1196 4099 proprios
1223 4025 1437 4085 motus
1469 4023 1668 4102 sinat,
1701 4024 1865 4088 sicut
1901 4026 2055 4090 dicit
2088 4027 2231 4092 Au-

686 4123 992 4205 gustinus
1025 4127 1068 4204 ¹3
1093 4127 1264 4192 unde
1287 4148 1546 4211 peccare
1587 4132 1871 4197 volentes
1893 4151 2023 4197 non
2045 4136 2227 4199 cohi-

684 4224 822 4308 bet,
853 4232 961 4295 sed
985 4232 1167 4313 sinit,
1209 4240 1404 4317 prout
1433 4239 1660 4303 volunt
1700 4258 1961 4321 peccare
2000 4259 2017 4304 z
2066 4260 2227 4324 ergo

684 4337 822 4416 pari
846 4339 1091 4404 ratione
1118 4360 1250 4406 non
1276 4344 1457 4409 debet
1476 4347 1860 4427 angelorum
1878 4350 2227 4431 potentiam

685 4442 1005 4509 cohibere.
1659 4452 1679 4477 ⁶

761 4549 947 4633 Resp.
972 4553 1317 4621 Dicendum
1338 4560 1509 4642 quod
1531 4560 1698 4626 Deus
1713 4564 2072 4628 voluntates
2092 4581 2228 4628 non

679 4657 931 4722 cohibet
978 4667 1234 4744 propter
1258 4665 1473 4747 legem
1501 4667 1806 4732 libertatis
1824 4718 1842 4748 ,
1893 4689 2094 4753 quam
2131 4673 2223 4736 eis

679 4765 930 4843 statuit;
964 4767 1073 4831 sed
1097 4769 1273 4850 justo
1311 4773 1552 4853 judicio
1578 4774 1655 4838 de
1704 4777 1877 4840 malo
1919 4777 1992 4841 in
2033 4780 2220 4861 pejus

678 4891 866 4938 ruere
894 4878 1242 4958 permittit:
1272 4882 1377 4946 sed
1416 4883 1723 4948 virtutem
1753 4887 2084 4968 restringit
2105 4889 2224 4969 ju-

677 4978 842 5044 dicio
864 4999 1050 5065 33333
1070 4987 1275 5069 just03
1302 4989 1457 5071 quia
1479 4991 1761 5071 operatio
1781 4994 2081 5074 potentiae
2101 5043 2118 5070 ,
2149 4999 2223 5059 ut

675 5085 1040 5169 frequenter
1064 5091 1134 5154 in
1151 5093 1252 5156 his
1275 5095 1387 5177 qui
1406 5097 1690 5178 potentia
1707 5097 2086 5181 abutuntur,
2112 5105 2210 5166 est

739 5280 758 5314 ¹
777 5284 926 5346 Aug„
956 5285 1017 5334 cle
1048 5287 1155 5339 Civ.
1181 5290 1303 5351 Dei,
1329 5291 1416 5340 lib.
1439 5294 1549 5356 Vll,
1572 5309 1617 5342 c.
1640 5305 1765 5343 xxx.
1784 5321 1845 5331 —
1862 5296 1885 5329 ²
1906 5297 1988 5359 Cf.
2012 5299 2064 5349 S.
2087 5297 2217 5348 Tho·

676 5362 805 5414 maa,
826 5366 878 5415 p.
900 5356 939 5417 1,
960 5370 1011 5419 q.
1035 5369 1146 5420 vm,
1170 5366 1265 5412 art.
1284 5365 1342 5424 5;
1369 5369 1421 5413 et
1438 5379 1488 5429 q.
1508 5377 1659 5428 Lxu’,
1687 5369 1784 5416 art.
1808 5371 1857 5429 ¹;
1884 5369 2011 5418 etde
2042 5369 2215 5432 Ver-it„

677 5431 731 5488 q.
748 5432 862 5490 vm,
882 5430 979 5476 art.
1003 5432 1059 5478 14
1072 5444 1090 5492 ς
1121 5433 1248 5481 etde
1270 5433 1427 5497 Μαῖο,
1451 5450 1503 5500 q.
1524 5447 1632 5500 xw,
1652 5443 1747 5489 art.
1769 5441 1828 5502 53
1851 5439 2022 5504 AEgid.
2043 5441 2216 5503 Rom„

1846 438 2467 508 SENTENTIARUM
2505 441 2656 507 LIB.
2701 442 2780 508 11.

2364 574 2446 640 ad
2470 576 2745 642 aliorum
2772 578 3184 643 afflictionem
3202 584 3265 645 et
3284 582 3706 663 punitionem.
3733 587 3883 665 Quo·

2362 682 2538 747 niam
2567 684 2772 766 igitur
2799 684 3009 749 omnis
3036 705 3227 769 poena
3252 688 3439 753 debet
3461 708 3595 755 esse
3616 694 3818 775 Justa,
3836 695 3884 758 si

2361 787 2602 854 habens
2627 791 2976 874 potentiam
3022 791 3259 876 injuste
3303 795 3534 877 affligit
3554 845 3571 875 ‚
3615 800 3720 866 vel
3755 801 3886 865 vult

2360 892 2681 980 affligere,
2711 901 2897 965 debet
2913 902 3191 983 potentia
3212 906 3524 986 compesci
3549 924 3680 971 non
3706 909 3885 972 ratio-

2361 1021 2443 1069 ne
2465 1007 2606 1087 ejus
2623 1007 2735 1090 qui
2758 1008 2917 1089 agit,
2939 1007 3050 1072 sed
3072 1010 3315 1074 ratione
3335 1013 3477 1093 ejus
3494 1012 3606 1095 qui
3633 1015 3884 1095 patitur,

2359 1112 2486 1174 nisi
2535 1114 2842 1178 altissima
2879 1113 2989 1179 Dei
3021 1115 3268 1198 judicia
3315 1117 3493 1183 aliud
3544 1121 3885 1203 requirant.

2360 1218 2542 1296 Quod
2556 1238 2714 1303 ergo
2737 1222 3055 1303 objicitur,
3082 1224 3253 1306 quod
3268 1244 3370 1289 res
3388 1244 3581 1307 agere
3609 1229 3887 1311 proprios

2356 1331 2571 1392 motus
2595 1329 2776 1409 sinit,
2798 1348 2930 1395 non
2956 1331 3333 1414 intelligitur
3359 1334 3531 1416 quod
3559 1353 3695 1399 non
3717 1354 3884 1399 com-

2358 1438 2569 1516 pescat
2606 1435 2915 1500 virtutem
2961 1455 3075 1520 per
3122 1440 3471 1505 contrarias
3513 1446 3846 1524 potestates
3868 1467 3883 1521 ;

2356 1542 2466 1606 sed
2492 1542 2645 1624 quia
2669 1546 2922 1607 tantum
2950 1543 3102 1610 sinit
3125 1563 3340 1627 agere,
3369 1553 3692 1631 quantum
3714 1569 3884 1618 suam

2347 1649 2665 1730 justitiam
2690 1651 2870 1716 decet
2894 1651 3285 1734 permittere.

2827 1892 3312 1964 ARTICULUS
3357 1897 3411 1966 1.

2433 2077 2530 2140 Ad
2554 2077 3038 2162 intelligentiam
3060 2082 3263 2166 hujus
3292 2085 3515 2167 partis,
3545 2089 3888 2154 secundum

2354 2181 2483 2246 duo
2502 2203 2650 2267 quae
2671 2186 2973 2269 Magister
2997 2189 3399 2271 determinat,
3433 2193 3564 2259 duo
3584 2214 3887 2277 (111331311-

2352 2290 2459 2352 tur
2490 2308 2507 2353 z
2539 2292 2823 2373 primum
2855 2300 2952 2360 est
2978 2296 3058 2360 de
3088 2298 3456 2379 cognitione
3481 2301 3882 2381 daemonum

2352 2397 2709 2462 secundum
2737 2405 2832 2464 est
2859 2403 2938 2465 de
2965 2402 3256 2485 ipsorum
3290 2405 3537 2471 virtute
3565 2427 3762 2492 super
3786 2427 3885 2473 re-

2349 2516 2500 2564 rum
2528 2506 2961 2586 productione.
3011 2509 3187 2574 Circa
3215 2512 3502 2594 primum
3542 2502 3675 2579 tria
3711 2534 3884 2599 (1333-

2348 2612 2585 2675 runtur
2617 2637 2631 2678 ε
2665 2615 2949 2695 primum
2972 2665 2989 2697 ,
3024 2621 3250 2683 utrum
3272 2621 3455 2685 cadat
3481 2622 3552 2685 in
3576 2623 3882 2689 daemoni·

2350 2716 2471 2781 bus
2519 2719 2800 2806 deceptio
2821 2772 2840 2805 ‚
2890 2726 3024 2792 sive
3070 2745 3251 2792 error
3298 2729 3465 2795 circa
3505 2733 3880 2814 praesenti&

2348 2830 2699 2895 secundum
2724 2880 2741 2912 ,
2772 2836 2993 2897 utrum
3033 2835 3273 2901 oblivio
3315 2837 3483 2902 circa
3524 2842 3878 2922 praeterita;

2345 2941 2607 3007 tertium
2627 2988 2645 3021 ,
2677 2945 2900 3006 utrum
2926 2945 3346 3026 praecognitio
3374 2947 3542 3014 circa
3566 2949 3808 3015 1111313.

2866 3183 3276 3263 QUAESTIO
3317 3183 3367 3251 1.

2344 3330 2437 3386 An
2463 3331 2526 3385 in
2553 3328 2877 3386 doemonibus
2904 3329 3068 3388 cadat
3094 3330 3332 3404 deceptio
3362 3334 3507 3389 circa
3526 3336 3878 3408 praesentia&

2424 3480 2606 3558 Quod
2643 3479 2930 3563 deceptio
2970 3482 3152 3547 cadat
3177 3482 3247 3545 in
3285 3483 3693 3551 daemonibus
3728 3488 3883 3552 circa
3909 3520 3967 3564 u
3989 3530 4064 3573 ,μμ

2340 3589 2678 3672 praesentia
2701 3637 2718 3669 ,
2748 3589 3001 3653 videtur
3022 3590 3086 3653 ³:
3123 3592 3444 3668 Quoniam
3489 3609 3623 3660 non
3648 3595 3882 3677 proba-

2340 3704 2565 3766 verunt
2578 3699 2796 3765 habere
2814 3698 3012 3764 Deum
3031 3700 3106 3763 in
3127 3701 3397 3778 notitia,
3432 3701 3720 3771 tradidit
3745 3704 3881 3772 illos

2343 3810 2508 3875 Deus
2534 3810 2609 3874 in
2633 3807 2969 3890 reprobum
2994 3823 3249 3874 sensum
3275 3829 3302 3873 .·
3339 3808 3463 3873 1103
3490 3810 3643 3874 dicit
3673 3813 3874 3894 Apos-

2339 3917 2504 3981 tolus
2527 3917 2602 3981 de
2624 3915 3020 3979 hominibus.
3045 3914 3112 3979 Si
3130 3932 3287 3996 ergo
3310 3933 3516 3998 aeque,
3539 3917 3648 3981 vel
3675 3918 3879 4000 magis

2309 4041 2598 4096 ,severus
2638 4026 2732 4087 est
2772 4023 2937 4086 Deus
2978 4023 3047 4085 111
3081 4023 3347 4104 angelos
3367 4071 3386 4103 ,
3437 4041 3596 4105 ergo
3623 4026 3878 4090 videtur

2337 4130 2507 4213 quod
2534 4131 2663 4194 dati
2689 4129 2934 4194 suntin
2959 4130 3302 4212 reprobum
3331 4149 3593 4195 sensum
3624 4152 3643 4196 ε
3675 4133 3876 4196 sedin

2338 4237 2637 4302 omnibus
2660 4238 2892 4301 talibus
2915 4238 3082 4302 cadit
3099 4255 3312 4303 error:
3335 4256 3495 4320 ergo
3515 4287 3533 4318 ,
3560 4243 3683 4303 etc.
3715 4239 3784 4304 Si
3809 4245 3877 4302 tu

2335 4347 2505 4410 dicas
2523 4346 2693 4428 quod
2711 4346 2868 4410 illud
2887 4345 3265 4427 intelligitur
3277 4346 3356 4410 de
3373 4364 3565 4410 sensu
3585 4346 3654 4410 in
3680 4364 3874 4427 agen·

2335 4453 2459 4533 dis,
2487 4471 2619 4518 non
2646 4454 2715 4517 in
2741 4454 3230 4535 cognoscendis;
3261 4458 3481 4518 contra
3511 4476 3527 4518 :
3557 4454 3874 4536 Augusti-

2333 4577 2458 4623 nus
2479 4560 2649 4639 dicit,
2681 4575 2874 4642 super
2903 4561 3190 4626 Genesim
3215 4559 3304 4626 ad
3325 4562 3608 4627 litteram
3623 4561 3669 4641 ⁴,
3701 4561 3872 4643 quod

2333 4667 2485 4730 mali
2516 4666 2728 4749 angeli
2755 4668 3205 4749 intelliguntur
3229 4686 3346 4750 per
3374 4668 3688 4748 tenebras,
3720 4668 3870 4732 boni

2331 4793 2486 4842 vero
2530 4794 2643 4856 per
2681 4775 2890 4838 lucem
2938 4796 2954 4838 t
3003 4774 3111 4838 sed
3161 4774 3427 4839 tenebra
3461 4775 3671 4858 magis
3722 4775 3871 4840 dicit

2329 4881 2749 4964 privationem
2767 4881 3050 4961 luminis,
3076 4900 3272 4964 quam
3293 4882 3517 4947 caloris
3542 4905 3558 4948 :
3595 4901 3754 4963 3130
3774 4881 3872 4947 vi-

2328 4991 2516 5055 detur
2545 4992 2718 5074 quod
2766 4991 3048 5072 cognitio
3092 5009 3322 5056 eorum
3359 4992 3444 5055 sit
3483 4991 3860 5057 obscurata:

2329 5117 2486 5183 ergo
2510 5104 2574 5165 et
2602 5100 2804 5165 errori
2829 5100 3135 5182 subjecta.

2329 5298 2370 5345 Il
2400 5297 2558 5356 Seni„
2576 5295 2692 5346 dist.
2714 5308 2806 5360 vu,
2836 5310 2969 5360 (1.11,
2989 5302 3083 5346 art.
3106 5299 3165 5359 35
3200 5295 3377 5359 Stepb.
3402 5295 3611 5359 Brulcf„
3641 5295 3861 5358 118333,

2327 5369 2445 5419 dist.
2471 5379 2542 5419 vn
2559 5404 2576 5430 ,
2606 5381 2659 5431 q.
2687 5379 2757 5417 1x.
2778 5394 2836 5404 --
2855 5369 2878 5401 ⁸
2895 5369 3052 5429 Rom„
3076 5379 3124 5430 1,
3156 5369 3232 5417 28.
3252 5392 3317 5403 —
3337 5366 3359 5401 δ
3376 5371 3529 5431 Aug..
3557 5366 3617 5416 de
3649 5365 3770 5416 Gen.
3795 5363 3864 5414 ad

2328 5439 2454 5500 litt„
2480 5438 2569 5502 lib.
2605 5440 2616 5486 Ι
2632 5474 2651 5501 ,
2679 5453 2725 5487 3.
2745 5449 2944 5489 xvu.-
2967 5440 3033 5503 (a)
3054 5437 3142 5488 ΔΙ.
3168 5438 3551 5488 deductionem.
