4125 6225
32 3171 203 3223 Fundam.

1256 429 1452 506 DlST.
1497 429 1598 500 IV.
1643 428 1825 497 ART.
1869 425 1948 494 ΙΙ.
1992 425 2379 507 QUAEST.1.

231 575 461 651 futuxae
504 585 731 650 salutis
769 583 963 664 erigit
1014 580 1305 645 animum
1349 577 1414 639 et
1457 570 1760 646 delectat,

230 712 379 775 ergo
393 742 411 772 ,
459 712 609 758 cum
649 691 848 775 aliqui
892 691 1096 754 essent
1143 681 1428 750 salvandi
1445 727 1464 758 ,
1508 679 1763 744 videtur

230 801 395 885 qnod
420 801 643 867 saitem
663 798 888 864 debuit
901 797 991 862 eis
1015 795 1154 861 dari
1173 787 1562 877 praescientia
1580 785 1755 864 talis;

228 911 468 973 constat
495 910 671 973 enim
696 905 869 990 quod
896 903 1123 988 potuit.

304 1018 365 1080 2.
413 1015 603 1093 Item,
649 1014 704 1078 si
739 1031 872 1077 non
907 1012 1170 1076 fuerunt
1208 1007 1287 1072 de
1321 1003 1524 1070 salute
1568 999 1758 1079 certi,

229 1141 382 1204 ergo
434 1126 785 1207 potuerunt
841 1115 1298 1184 rationabiliter
1348 1109 1643 1177 dubitare
1700 1107 1765 1171 et

228 1232 491 1296 timere:
521 1230 630 1295 sed
655 1230 849 1293 timor
870 1242 1129 1310 poenam
1153 1223 1373 1288 habet:
1395 1235 1554 1300 ergo
1574 1232 1764 1300 prena

229 1343 371 1403 ante
399 1338 652 1421 culpam
675 1356 693 1401 :
716 1337 827 1401 sed
848 1336 971 1400 hoc
983 1334 1078 1397 est
1097 1327 1581 1396 inconveniens:
1605 1340 1765 1405 ergo

229 1445 515 1529 sequitur
552 1444 725 1528 quod
756 1443 849 1507 1111
880 1442 1104 1506 saltem
1134 1436 1494 1504 debuerunt
1529 1431 1760 1497 certifi-

230 1553 382 1632 cari,
411 1553 523 1636 qui
552 1555 733 1616 erant
752 1549 1060 1615 salvandi.

307 1665 366 1724 3.
411 1659 571 1725 ltem
625 1657 1107 1743 propinquiores
1166 1655 1350 1719 erant
1415 1646 1633 1730 angeli
1682 1644 1765 1709 ad

231 1769 536 1850 gloriam,
580 1785 776 1850 quam
820 1785 937 1829 uos
973 1765 1044 1828 in
1087 1759 1358 1826 miseriis
1400 1754 1762 1823 constitutit

231 1893 383 1958 ergo
416 1875 641 1940 saltem
680 1879 923 1939 tantam
964 1869 1405 1936 certitudinem
1431 1865 1534 1930 vel
1561 1862 1766 1944 majo·

231 2001 362 2050 rem
392 1977 767 2063 habebant,'
789 1985 1097 2065 quantam
1131 1994 1248 2043 nos
1281 1974 1613 2041 habemus.
1644 1969 1766 2034 Sed

231 2110 345 2156 nos
382 2092 700 2156 habemus
736 2088 1180 2153 certitudinem
1229 2083 1403 2166 spei:
1446 2097 1604 2161 ergo
1644 2076 1767 2160 ipsi

232 2198 549 2264 habebant
593 2198 781 2276 hanc,
830 2195 936 2262 vel
982 2193 1174 2257 aliam
1207 2212 1224 2256 :
1271 2189 1381 2255 sed
1426 2188 1596 2253 hanc
1635 2203 1767 2250 non

232 2305 569 2385 habebant,
603 2304 758 2386 quia
785 2318 930 2385 spes
955 2302 1050 2364 est
1081 2301 1253 2363 certa
1286 2293 1636 2379 expectatio
1660 2294 1763 2356 fu-

231 2418 387 2479 turae
427 2412 598 2478 beati
606 2411 842 2476 tudinis
884 2407 1269 2492 proveniens
1305 2422 1389 2469 ex
1440 2402 1651 2485 gratia
1704 2402 1769 2464 et

232 2522 511 2587 meritis:
547 2538 699 2584 cum
734 2536 893 2601 ergo
927 2516 1049 2599 ipsi
1095 2533 1228 2579 11011
1261 2511 1572 2578 haberent
1614 2525 1768 2590 gra·

230 2632 380 2695 tiam
418 2635 487 2696 et
524 2628 753 2693 merita
795 2621 1338 2696 certitudinaliter,
1380 2635 1635 2702 sperare
1676 2614 1768 2679 eis

230 2739 440 2803 fuisset
470 2734 917 2820 praesumptio:
947 2749 1080 2796 non
1106 2747 1267 2812 ergo
1296 2727 1617 2791 habebant
1637 2739 1769 2788 cer-

229 2845 566 2912 titudinem
583 2845 740 2926 spei.
761 2841 883 2907 Sed
900 2858 1030 2905 11011
1053 2841 1147 2903 est
1163 2836 1356 2902 aliam
1374 2835 1548 2914 dare,
1570 2847 1766 2916 quam

231 2952 694 3030 certitudinem,
727 2968 859 3034 prae
868 2948 1147 3013 scientiae
1170 2943 1275 3010 vel
1318 2939 1762 3018 revelationis;

230 3077 379 3144 ergo
402 3059 666 3125 videtur
690 3055 1010 3142 aliquibus
1033 3053 1259 3119 saltem
1280 3068 1420 3118 esse
1444 3051 1680 3117 datam.

306 3167 541 3234 Contra
579 3188 596 3233 :
644 3165 797 3232 Plus
847 3170 942 3230 est
991 3165 1142 3229 dare
1192 3159 1635 3227 certitudinem
1688 3156 1768 3223 de

230 3274 427 3357 gloria
447 3325 469 3356 ,
521 3292 719 3357 quam
764 3272 915 3338 dare
970 3271 1284 3354 gratiam3
1332 3267 1552 3334 multis
1595 3265 1767 3330 enim

230 3380 389 3448 Deus
412 3383 531 3448 dat
552 3381 856 3464 gratiam,
876 3378 1114 3463 quibus
1134 3380 1352 3441 tamen
1376 3392 1511 3440 non
1528 3372 1771 3438 revelat

230 3489 750 3557 certitudinaliter
801 3504 984 3553 suam
1042 3484 1361 3568 gloriam:
1415 3499 1575 3564 ergo
1618 3497 1769 3546 cum

230 3615 353 3663 non
387 3595 739 3663 habuerint
765 3593 1044 3678 gratiam
1061 3641 1082 3672 ,
1108 3591 1277 3658 sicut
1310 3608 1509 3673 supra
1530 3588 1768 3673 proba·

231 3708 364 3771 tum
405 3708 540 3785 est,
586 3706 760 3787 patet
807 3702 981 3786 quod
1019 3718 1138 3766 nec
1187 3697 1544 3765 stabilitatis
1596 3714 1769 3780 prae-

229 3811 584 3878 scientiam.

306 3919 464 3985 ltem
503 3916 823 3996 diabolus,
865 3915 1002 3981 sive
1042 3914 1296 3981 Lucifer
1309 3961 1327 3992 ,
1369 3930 1503 3979 non
1542 3912 1770 3977 habuit

229 4025 700 4109 praescientiam
737 4024 817 4088 de
854 4026 1053 4103 statu,
1083 4023 1237 4105 quia
1261 4040 1396 4087 non
1434 4023 1573 4086 erat
1616 4037 1770 4103 per-

228 4149 613 4201 mansurus:
643 4149 802 4214 ergo
829 4132 883 4195 si
908 4131 1041 4215 ipse
1062 4130 1182 4195 fuit
1206 4130 1433 4213 plenus
1463 4127 1773 4212 sapientia

229 4241 289 4301 et
301 4240 621 4321 perfectus
636 4235 862 4300 decore
881 4236 1053 4300 inter
1063 4251 1308 4314 omnes,
1324 4233 1580 4299 videtur
1597 4230 1771 4315 quod

230 4344 385 4409 1111111
410 4343 525 4410 alii
548 4343 942 4409 habuerunt.

305 4452 463 4518 ltem
503 4450 861 4517 ostenditur
897 4467 1012 4534 per
1052 4448 1500 4514 deductionem
1536 4445 1618 4512 ad
1643 4446 1771 4511 du-

231 4559 373 4642 plex
399 4560 901 4625 inconveniens:
945 4574 1155 4621 unum
1193 4554 1650 4621 inconveniens
1677 4555 1774 4618 est

233 4667 558 4735 excusatio
596 4666 830 4733 diaboli
849 4713 870 4743 ,
915 4665 1052 4730 sive
1090 4663 1194 4730 sui
1236 4663 1519 4747 peccati:
1561 4664 1775 4747 posset

235 4776 403 4841 enim
430 4777 511 4842 de
534 4778 790 4858 peccato
807 4791 926 4839 suo
953 4770 1232 4855 quodam
1252 4770 1443 4836 modo
1473 4787 1543 4834 se
1569 4787 1773 4835 excu-

235 4900 394 4965 sare,
415 4884 572 4967 quia
596 4881 925 4947 scientiam
949 4897 1083 4945 11011
1104 4880 1352 4959 habuit,
1380 4896 1579 4962 quam
1606 4877 1777 4943 Deus

238 4985 376 5050 aliis
397 4984 646 5069 angelis
671 4984 862 5051 dedit.
899 4982 1092 5049 Aliud
1111 4981 1571 5048 inconveniens
1592 4980 1777 5047 vide-

238 5096 343 5158 tur
370 5093 687 5160 accusatio
709 5091 856 5171 Dei;
887 5091 1042 5175 quia
1064 5094 1212 5155 ante
1237 5089 1495 5155 videtur
1516 5088 1777 5173 punisse

239 5201 461 5281 1110105,
481 5220 677 5286 quam
702 5201 859 5267 mali
883 5200 1145 5278 ruerint,
1170 5201 1234 5264 et
1259 5197 1433 5281 quod
1458 5201 1606 5264 ante
1632 5216 1780 5281 gra-

240 5310 394 5376 tiam
407 5331 614 5393 suam,
635 5311 771 5377 sive
789 5311 1033 5377 donum
1046 5307 1348 5387 scientiae,
1367 5307 1775 5385 subtraxerit,

307 5437 493 5502 ¹Aug.,
519 5437 581 5488 de
608 5437 759 5489 civit.
788 5437 915 5498 Dei,
940 5435 1029 5486 lib.
1052 5436 1148 5500 xl,
1175 5448 1222 5486 c.
1243 5444 1320 5498 xi,
1344 5444 1460 5495 xm,
1484 5444 1577 5484 xv.

461 5579 473 5588 .
558 5543 709 5592 1011.
749 5543 820 5591 11.

3297 435 3415 497 353

1873 583 2072 647 quam
2097 566 2238 630 aliis
2261 566 2454 646 dedit,
2484 567 2597 650 qui
2624 584 2758 631 non
2777 566 3222 650 praecellebant
3245 567 3416 649 ipsos

1873 689 1992 738 nec
2018 675 2246 739 merito
2273 675 2448 755 vitae,
2474 694 2593 740 nec
2617 675 2926 759 dignitate
2950 679 3223 741 naturae.

2416 951 2869 1020 CONCLUSIO.

1873 1102 2087 1177 Anqelo
2125 1120 2234 1161 non
2264 1106 2381 1174 tuit
2406 1104 2544 1161 data
2569 1108 2911 1177 praescientia
2942 1109 3030 1163 sui
3052 1110 3264 1176 status,
3301 1122 3416 1163 cum

1947 1195 2081 1251 talis
2106 1195 2315 1250 notitia
2334 1195 2523 1267 potius
2546 1194 2623 1250 ad
2638 1198 2949 1269 prmium,
2971 1212 3135 1267 quam
3162 1194 3239 1252 ad
3255 1199 3416 1252 meri-

1948 1288 2062 1340 tum
2085 1287 2323 1356 spectare
2347 1283 2620 1341 videatur.

1956 1441 2142 1526 Resp.
2192 1443 2272 1508 ad
2308 1443 2586 1525 Argum.
2629 1441 2807 1509 Circa
2845 1444 2969 1510 hoc
3013 1446 3251 1529 duplex
3294 1447 3420 1514 fuit
3444 1480 3652 1530 ruffin·

1875 1552 2114 1635 opinio,
2143 1550 2308 1617 sicut
2331 1552 2539 1633 tangit
2565 1551 2868 1635 Magister
2892 1553 2960 1617 in
2996 1553 3230 1621 littera.
3261 1556 3420 1634 Qui-

1875 1658 2024 1724 dam
2053 1658 2230 1724 enim
2268 1659 2477 1725 dicere
2510 1661 2856 1725 voluerunt
2883 1662 3054 1743 quod
3089 1662 3272 1726 bonis
3306 1663 3420 1746 qui

1875 1766 2279 1850 permansuri
2319 1770 2535 1843 erant,
2578 1767 2724 1832 data
2766 1771 2859 1831 est
2901 1767 3202 1834 revelatio
3220 1818 3238 1847 ,
3284 1770 3420 1836 sive

1875 1872 2276 1956 praescientia
2296 1891 2432 1938 suae
2453 1874 2836 1953 stabilitatis3
2858 1878 2920 1939 et
2939 1875 3083 1955 hoc,
3101 1876 3241 1941 loco
3260 1877 3417 1960 spei,

1875 1981 2122 2045 ratione
2141 1982 2330 2063 cujus
2340 1983 2481 2064 jam
2506 1983 2789 2064 quodam
2812 1982 3000 2047 modo
3020 1984 3186 2048 beati
3214 1988 3417 2049 erant.

1877 2085 1955 2151 Et
1971 2087 2339 2153 innituntur
2356 2088 2449 2152 illi
2470 2090 2669 2153 verbo
2685 2090 3058 2172 Augustini,
3077 2091 3249 2174 quod
3272 2091 3424 2156 dicit

1878 2194 2219 2277 opinando,
2235 2210 2428 2278 super
2443 2197 2731 2263 Genesim
2750 2196 2839 2262 ad
2848 2196 3129 2264 litteram
3145 2220 3170 2262 .·
3188 2221 3220 2260 α
3233 2197 3421 2263 Forte

1878 2300 2044 2366 Deus
2079 2302 2332 2368 diabolo
2362 2302 2647 2368 revelare
2689 2303 2897 2369 noluit
2927 2304 3082 2387 quid
3107 2305 3416 2383 facturus»,

1880 2409 1983 2474 vel
2024 2426 2332 2491 passurus
2388 2413 2592 2489 esset3
2635 2410 2882 2476 caeteris
2935 2430 3091 2476 vero
3136 2412 3422 2477 revelare

1877 2517 2115 2596 voluit,
2158 2515 2330 2599 quod
2367 2516 2439 2580 in
2476 2516 2744 2583 veritate
2787 2519 3078 2582 mansuri
3120 2524 3350 2583 essent.
3381 2540 3413 2580 ι

1879 2623 2019 2689 Alia
2054 2629 2151 2688 est
2191 2624 2452 2708 positio,
2498 2625 2672 2708 quod
2699 2626 2893 2689 nullis
2938 2625 3084 2691 data
3123 2631 3219 2691 est
3246 2644 3423 2711 prae-
3462 2663 3598 2710 9052,
3617 2669 3659 2709 2,

1877 2731 2142 2796 scientia
2161 2731 2262 2795 sui
2278 2735 2481 2796 status
2499 2752 2516 2810 ;
2545 2730 2699 2813 quia
2719 2730 2954 2797 habere
2976 2733 3422 2799 certitudinem

1878 2836 1957 2900 de
1983 2853 2104 2901 sua
2123 2836 2598 2921 permansione,
2614 2839 2709 2902 est
2729 2838 3011 2920 cognitio
3029 2840 3239 2922 magis
3253 2858 3424 2924 speo-

1879 2946 2018 3007 tans
2066 2944 2148 3009 ad
2199 2946 2439 3008 statum
2482 2944 2734 3028 praemii
2750 2992 2767 3024 ‚
2817 2963 3013 3028 quam
3058 2948 3140 3012 ad
3181 2950 3421 3013 statum

1879 3050 2127 3119 meriti:
2158 3055 2221 3116 et
2253 3051 2452 3136 hujus
2475 3052 2741 3135 signum
2767 3055 2885 3133 est,
2916 3054 3090 3137 quod
3115 3054 3282 3121 Deus
3309 3060 3423 3122 aut
3533 3116 3540 3127 ,

1877 3159 2306 3242 paucissimiS,
2350 3165 2464 3226 aut
2507 3161 2703 3226 nullis
2743 3161 3021 3243 revelat,
3070 3169 3428 3247 quantum-

1879 3286 2158 3351 cumque
2179 3267 2421 3334 dilectis
2446 3274 2512 3334 et
2537 3270 2783 3349 amiciS,
2812 3288 2881 3336 se
2911 3271 3431 3339 certitudinaliter

1883 3376 2353 3457 glorificandos.
2384 3376 2537 3442 Haec
2573 3378 2747 3443 enim
2782 3380 3065 3461 cognitio
3099 3381 3312 3463 potius
3335 3384 3430 3446 est

1882 3484 2226 3567 expediens
2252 3484 2332 3548 ad
2366 3484 2812 3567 gaudendum,
2840 3504 3037 3570 quam
3064 3488 3145 3554 ad
3170 3507 3424 3554 meren-

1881 3591 2073 3671 dum;
2098 3591 2273 3657 unde
2302 3592 2455 3675 quia
2478 3592 2695 3674 angeli
2719 3597 2900 3658 erant
2925 3594 2996 3658 in
3021 3598 3192 3660 statu
3216 3597 3428 3662 meriti

1880 3718 2126 3778 omneS,
2157 3700 2311 3783 quia
2333 3701 2624 3766 nondum
2650 3704 2832 3765 erant
2855 3701 3047 3781 beati,
3067 3702 3212 3769 ideo
3236 3703 3431 3769 nullis

1879 3806 2027 3872 data
2052 3813 2148 3872 est
2172 3807 2314 3872 haec
2346 3807 2654 3889 cognitio.
2690 3807 2769 3873 Et
2793 3809 2935 3874 haec
2959 3810 3189 3893 positio
3219 3811 3430 3893 magis

1881 3917 1979 3979 est
1997 3914 2415 3993 rationabiliS‚
2445 3918 2509 3979 et
2545 3914 2757 3997 magis
2783 3916 2991 4000 placet
3017 3916 3344 4000 Magistm,
3368 3923 3432 3983 et

1883 4021 2093 4105 magis
2111 4026 2418 4087 consonat
2443 4021 2657 4086 verbis
2675 4022 3045 4104 Augustini,
3072 4025 3238 4090 sicut
3260 4030 3433 4108 patet

1882 4129 1953 4194 in
1977 4129 2187 4195 littera
2204 4177 2221 4208 ,
2248 4129 2413 4196 etde
2437 4128 2713 4197 civitate
2735 4131 2856 4197 Dei
2871 4132 2915 4211 ¹,
2941 4132 3051 4197 ubi
3079 4132 3232 4197 dicit
3256 4134 3430 4216 quod

1880 4255 2067 4321 pares
2081 4237 2344 4302 fuerunt
2361 4237 2592 4320 Angeli
2610 4241 2927 4321 quantum
2945 4238 3026 4303 ad
3040 4239 3432 4305 conditiones

1882 4350 2030 4410 ante
2056 4345 2335 4428 lapsum.
2365 4343 2543 4410 Unde
2580 4344 2634 4409 si
2668 4345 2904 4411 alicubi
2930 4346 3191 4412 videtur
3220 4348 3432 4413 dicere

1883 4449 2315 4529 contrarium;
2340 4449 2391 4511 si
2419 4448 2564 4531 quis
2591 4448 2884 4531 inspiciat
2907 4449 3284 4532 adjacentia,
3318 4453 3432 4515 aut

1882 4556 2224 4639 opinand0,
2256 4559 2371 4620 aut
2395 4555 2747 4639 quaerendo
2776 4555 2967 4621 dicit:
3008 4558 3071 4621 et
3111 4557 3253 4622 ideo
3286 4557 3429 4622 haec

1883 4662 2114 4746 positio
2139 4662 2351 4744 magis
2376 4666 2472 4727 est
2498 4662 2793 4728 tenenda.

1944 4775 2028 4836 Χ1.
2090 4771 2191 4837 Ad
2238 4769 2396 4836 illud
2448 4789 2609 4853 ergo
2659 4771 2833 4854 quod
2874 4770 3206 4854 objicitur,
3256 4774 3428 4855 quod

1887 4880 2055 4946 Deus
2097 4879 2269 4946 dedit
2306 4879 2553 4962 angelis
2596 4877 3163 4963 praecognitionem
3208 4897 3429 4944 rerum

1888 4987 2405 5065 mundanarum3
2452 4986 2792 5052 dicendum
2833 4985 3008 5069 quod
3036 5003 3169 5051 non
3211 4990 3306 5051 est
3344 4986 3432 5051 si-
3551 5028 3565 5045 .

1889 5093 2074 5174 mile,
2107 5093 2262 5176 quia
2294 5093 2574 5176 cognitio
2599 5093 2886 5158 universi
2910 5095 3149 5175 spectat
3176 5093 3258 5158 ad
3281 5111 3432 5177 per-

1889 5201 2226 5267 fectionem
2268 5199 2579 5265 naturalis
2626 5198 3056 5280 cognitionis:
3104 5200 3213 5264 sed
3260 5204 3434 5266 certa

1893 5306 2175 5391 cognitio
2215 5306 2315 5370 sui
2361 5310 2559 5370 status
2584 5309 2825 5389 spectat
2863 5305 2943 5369 ad
2985 5307 3434 5389 perfectionem

1894 5414 2154 5497 gloriae:
2183 5416 2247 5477 et
2275 5412 2418 5477 ideo
2445 5411 2650 5476 solum
2679 5410 2863 5475 debet
2889 5412 3049 5493 dari,
3083 5415 3339 5496 quando
3365 5415 3436 5481 in

3042 5524 3123 5587 23
