4125 6225
407 927 476 973 Ad
493 940 598 984 opp.

634 355 714 415 60

623 505 760 551 oese
789 487 1043 551 falsum.
1075 485 1144 551 Si
1167 504 1322 551 vere
1355 490 1569 551 motus
1587 486 1695 570 (a),
1725 489 1933 552 omnis
1956 495 2174 554 motus

624 595 879 678 proprie
901 595 1105 659 dictus
1135 594 1333 659 habet
1356 594 1537 676 prius
1562 599 1625 658 et
1651 596 1984 677 posterius,
2003 600 2066 660 et
2093 598 2175 660 si·

623 704 790 778 tum,
816 705 878 765 et
918 706 1208 785 tempus,
1238 705 1300 764 et
1340 718 1533 766 omne
1580 700 1703 766 tale
1738 705 1834 766 est
1870 704 2175 770 successi-

624 827 823 873 vum:
857 826 1037 888 ergo,
1067 812 1184 871 etc.

708 915 939 978 Contra
962 932 978 977 :
1002 920 1032 978 1
1047 961 1063 977 .
1094 932 1207 997 per
1227 914 1672 995 Augustinum
1689 915 1759 977 in
1784 915 1947 979 libro
1970 917 2171 991 Quin-

626 1038 747 1104 que
776 1022 1278 1109 Responsionum
1301 1043 1324 1082 .·
1349 1045 1378 1080 α
1403 1020 1640 1086 Radius
1666 1040 1799 1086 non
1826 1023 2010 1087 eitius
2026 1043 2176 1106 per-

624 1130 803 1192 venit
830 1131 911 1193 ad
941 1129 1078 1193 loca
1100 1130 1579 1212 propinquiora,
1600 1149 1796 1213 quam
1818 1131 1898 1195 ad
1927 1131 2000 1214 (b)
2036 1132 2175 1196 loca

630 1237 976 1300 remotiora
1003 1239 1021 1272 ¹
1045 1259 1104 1299 :n
1143 1241 1206 1301 et
1231 1242 1477 1301 constat
1494 1238 1667 1321 quod
1690 1242 2027 1321 pertransit
2044 1259 2181 1304 me·

625 1344 805 1408 dium
830 1362 1027 1424 :ergo
1054 1344 1109 1407 si
1136 1344 1344 1408 virtus
1362 1344 1653 1426 angelica
1679 1362 1812 1410 non
1837 1350 1932 1409 est
1959 1346 2177 1410 minus

630 1453 879 1532 potenS,
919 1451 1028 1513 sed
1059 1452 1286 1531 magis,
1314 1456 1505 1533 patet,
1537 1455 1655 1515 etc.

707 1562 768 1622 2.
801 1557 984 1634 Item,
1011 1557 1434 1641 Philosophus
1462 1560 1691 1641 probat
1726 1560 1897 1641 quod
1933 1559 1987 1623 si
2014 1564 2178 1624 esset

627 1684 942 1741 vacuum,
971 1684 1101 1729 non
1144 1672 1308 1730 esset
1346 1667 1599 1736 motus‘
1628 1689 1642 1730 ε
1671 1667 1782 1730 sed
1820 1666 1991 1730 idem
2031 1666 2181 1730 facit

628 1773 843 1855 ipsum
872 1774 1146 1856 spatium
1182 1773 1434 1855 Angelo
1457 1822 1474 1852 ,
1502 1774 1672 1856 quod
1707 1773 1859 1837 facit
1899 1792 2178 1839 vacuum

630 1881 879 1962 corpori
898 1884 1091 1958 moto,
1123 1880 1277 1963 quia
1302 1880 1361 1943 ei
1388 1880 1565 1944 nullo
1592 1880 1784 1944 modo
1812 1880 2068 1960 resistit,
2096 1880 2180 1944 si-

631 1990 738 2051 cut
778 2004 896 2051 nec
938 2006 1219 2051 vacuum
1253 2006 1271 2050 ι
1301 2005 1458 2068 ergo
1508 1986 1764 2051 videtur
1819 1986 1990 2069 quod
2041 1987 2176 2070 ipse

632 2094 925 2176 Angelus
954 2095 1164 2159 subito
1187 2095 1403 2177 ipsum
1432 2098 1841 2178 pertranseat.

712 2206 771 2266 3.
801 2203 981 2281 Item,
1013 2222 1205 2267 omne
1246 2203 1417 2286 quod
1459 2204 1813 2267 successive
1854 2205 2176 2282 movetur,

632 2312 867 2394 partim
895 2312 1084 2375 estin
1112 2311 1389 2374 termino
1431 2330 1470 2374 a
1511 2329 1664 2393 quo,
1696 2310 1930 2393 partim
1961 2311 2030 2374 in
2058 2315 2182 2375 ter-

631 2419 810 2482 mino
832 2417 909 2481 ad
936 2436 1131 2501 quem
1150 2419 1172 2454 ⁸
1201 2419 1345 2483 :sed
1365 2436 1555 2482 omne
1574 2418 1696 2481 tale
1724 2422 1817 2481 est
1842 2419 2134 2500 partibile
2157 2441 2173 2483 :

632 2545 793 2606 ergo
820 2544 1075 2590 necesse
1116 2530 1211 2589 est
1245 2526 1575 2607 Angelum
1614 2544 1751 2591 esse
1795 2525 2178 2608 partibilem,

633 2637 752 2697 aut
775 2652 905 2696 non
927 2638 1229 2697 movetur
1245 2633 1618 2697 successive.

713 2744 774 2802 4.
808 2738 990 2817 Item,
1022 2758 1215 2803 omne
1239 2739 1411 2821 quod
1450 2739 1645 2803 simul
1670 2759 1737 2803 se
1764 2740 2085 2820 transfert,
2119 2744 2184 2804 et

634 2847 841 2912 totum
869 2847 1085 2924 simul,
1124 2865 1258 2911 non
1304 2847 1659 2911 successive
1697 2852 1992 2912 movetur
2023 2869 2038 2911 ε
2073 2847 2181 2911 sed

632 2953 921 3036 Angelus
944 2955 1136 3019 simul
1164 2975 1233 3019 se
1276 2956 1596 3034 transfert,
1630 2975 1779 3019 cum
1808 2957 1888 3020 sit
1914 2955 2182 3021 omnino

632 3063 904 3146 simplex
931 3087 944 3127 :
975 3082 1133 3146 ergo
1159 3064 1229 3129 in
1257 3064 1545 3141 instanti,
1567 3069 1631 3129 et
1657 3083 1788 3129 non
1825 3065 2180 3130 successive

633 3178 959 3238 movetur.

713 3284 773 3344 5.
811 3280 990 3361 Item,
1007 3287 1227 3346 motus
1252 3282 1646 3346 successivus
1673 3286 1768 3346 est
1792 3282 2183 3365 compositus

632 3391 692 3451 et
717 3389 1039 3453 accidens:
1062 3394 1125 3453 et
1150 3391 1409 3454 nullum
1436 3389 1725 3453 accidens
1751 3390 2178 3471 compositum

631 3502 723 3560 est
747 3497 813 3560 in
832 3498 1116 3580 subjecto
1131 3496 1405 3579 simplici
1426 3518 1441 3560 z
1467 3496 1573 3560 sed
1603 3494 1897 3576 Angelus
1915 3499 2008 3558 est
2022 3496 2178 3559 sim-

632 3603 780 3686 plex
809 3622 826 3667 :
857 3622 1014 3685 ergo
1047 3623 1179 3668 non
1223 3608 1318 3667 est
1356 3603 1718 3684 subjectum
1773 3606 1985 3668 motus
2025 3623 2180 3668 suc-

631 3711 892 3774 cessivi:
925 3712 1035 3776 sed
1080 3711 1313 3775 mobile
1359 3716 1453 3775 est
1498 3712 1861 3794 subjectum
1916 3715 2129 3776 motus
2161 3733 2175 3775 ε

632 3836 814 3900 ergO‚
846 3824 966 3882 etc.

1141 3978 1660 4047 CONCLUSIO.

630 4143 870 4214 Anqelus
894 4148 1136 4201 movetur
1155 4161 1256 4217 per
1276 4144 1506 4201 medium
1533 4145 1816 4209 successivo
1844 4147 1996 4201 motu
2011 4186 2031 4210 ,
2062 4148 2178 4201 tum

694 4238 920 4307 propter
945 4235 1269 4291 distantiam
1300 4235 1496 4300 medii,
1529 4241 1641 4290 tum
1676 4237 1907 4306 propter
1932 4249 2040 4290 suoe
2058 4237 2179 4290 vir-

703 4326 836 4379 tutis
859 4325 1241 4380 limitationem
1256 4343 1273 4378 ε
1304 4329 1489 4381 etcum
1510 4340 1617 4380 non
1633 4325 1709 4379 sit
1735 4323 1821 4378 ibi
1846 4325 2174 4387 resistentia,

700 4416 948 4470 successio
975 4414 1084 4469 illa
1111 4412 1316 4469 dicitur
1340 4415 1682 4485 imperfecta.

711 4571 897 4654 Resp.
927 4572 1008 4636 ad
1046 4572 1203 4654 Arg.
1252 4571 1601 4637 Dicendum
1638 4572 1810 4655 quod
1850 4572 2015 4636 circa
2053 4571 2180 4635 hoc

631 4682 968 4744 senserunt
992 4678 1187 4760 aliqui
1214 4678 1665 4744 diversimode.
1703 4677 1977 4755 Quidam
2004 4677 2178 4740 enim

631 4786 933 4850 dhrerunt
959 4785 1153 4868 quod,
1178 4786 1331 4867 quia
1360 4786 1651 4867 Angelus
1673 4791 1768 4848 est
1792 4784 2090 4866 simpleX,
2119 4788 2183 4848 et

631 4894 909 4976 spatium
957 4892 1381 4975 compositum
1405 4940 1422 4969 ,
1477 4891 1650 4974 quod
1706 4896 1841 4954 tam
1889 4890 2179 4971 Angelus

632 5024 829 5088 quam
855 5007 995 5088 ejus
1024 5005 1230 5069 virtus
1269 5008 1363 5068 est
1400 5005 1601 5087 spatio
1638 5002 2181 5085 improportiona-

698 5121 845 5171 ¹lmo
864 5125 1100 5183 constat,
1139 5134 1203 5171 ex
1245 5119 1573 5185 physicorum
1610 5118 1982 5167 modernorum
2021 5131 2179 5181 expe-

632 5193 866 5245 rimentis
880 5233 893 5255 ,
914 5194 1116 5243 radium
1136 5194 1284 5245 citius
1305 5194 1372 5243 ad
1403 5190 1793 5257 propinquiora,
1831 5203 1985 5256 quam
2003 5191 2070 5241 ad
2105 5205 2182 5241 re-

699 5276 761 5339 (α)
793 5277 879 5325 Hoe
895 5290 1048 5338 voces,
1065 5291 1188 5327 vere
1202 5280 1395 5339 motus,
1418 5274 1596 5324 desunt
1612 5277 1721 5325 coet.
1741 5272 1864 5325 edit.
1878 5298 1943 5311 —-
1962 5272 2027 5337 (b)
2053 5274 2178 5324 Goet.

633 5346 757 5399 edit.
783 5346 915 5398 deest
942 5348 1026 5400 ad.
1053 5372 1117 5387 —
1151 5349 1207 5415 (c)
1236 5347 1360 5400 Coe.
1382 5346 1487 5398 edit
1515 5346 1636 5397 add.
1665 5346 1738 5398 in.

1767 351 2391 419 SENTENTIARUM
2427 352 2578 419 LlB.
2622 354 2673 419 1.

2280 489 2425 554 bilis
2458 513 2472 554 ε
2505 493 2568 553 et
2583 490 2726 554 ideo
2749 490 2956 553 virtus
2977 491 3119 573 ejus
3134 490 3400 555 omnino
3418 489 3618 553 vincit
3633 507 3823 572 supra

2282 598 2594 679 spatium,
2625 597 2780 661 adeo
2820 596 2994 680 quod
3025 598 3235 662 subito
3273 601 3337 661 et
3359 600 3540 660 motu
3577 595 3824 677 impro-

2282 704 2688 788 portionabili
2713 706 2992 787 spatium
3018 703 3379 788 pertransit,
3401 707 3463 767 et
3483 705 3578 767 est
3602 701 3827 783 hujus-

2282 811 2455 875 modi
2484 815 2695 875 motus
2719 831 2915 895 supra
2936 818 3257 876 naturam.
3289 810 3367 876 Et
3389 808 3695 894 quoniam
3712 808 3827 873 dir-

2283 919 2448 983 sscile
2499 919 2754 984 videtur
2806 919 3165 1001 intelligere
3216 919 3389 1001 quod
3440 920 3829 1001 pertranseat

2284 1025 2593 1105 medium,
2615 1027 2775 1109 quin
2790 1027 2956 1090 sitin
2978 1026 3273 1108 pluribus
3293 1025 3579 1109 partibus
3599 1022 3823 1101 medii;

2285 1135 2349 1197 et
2375 1151 2610 1215 ponere
2638 1133 2810 1215 quod
2835 1132 3049 1196 subito
3071 1136 3406 1197 moveatur
3422 1135 3487 1195 et
3501 1130 3582 1193 sit
3599 1130 3670 1193 in
3691 1129 3830 1212 plu·

2284 1240 2467 1304 ribus
2493 1241 2780 1323 partibus
2807 1241 3023 1320 medii,
3046 1245 3140 1305 est
3166 1259 3402 1324 ponere
3430 1240 3499 1302 in
3524 1237 3631 1303 illo
3651 1240 3834 1302 motu

2286 1348 2459 1431 quod
2486 1349 2568 1412 sit
2596 1348 2886 1430 pluribus
2911 1347 2983 1411 in
3013 1346 3166 1411 locis
3191 1347 3416 1425 simul;
3448 1349 3512 1410 et
3538 1345 3665 1410 hoc
3692 1362 3837 1410 om-

2285 1455 2445 1518 nino
2469 1455 2821 1519 absurdum
2861 1457 2958 1517 est
2996 1454 3205 1518 dicere
3243 1455 3321 1518 de
3353 1452 3602 1534 Angelo
3621 1500 3641 1531 ,
3673 1451 3838 1516 sicut

2285 1561 2505 1626 dicunt
2524 1562 2757 1641 sancti,
2796 1564 2862 1626 et
2883 1560 3283 1645 philosophi,
3312 1562 3378 1624 et
3401 1560 3689 1624 doctores
3723 1577 3836 1622 ca-

2286 1668 2504 1733 tholici
2548 1669 2618 1732 in
2659 1669 2784 1733 hoc
2825 1668 3213 1732 concordant
3252 1667 3439 1731 :ideo
3488 1664 3837 1730 dicendum

2288 1780 2384 1840 est
2412 1776 2580 1859 quod
2608 1776 2897 1858 Angelus
2923 1794 3056 1840 non
3085 1779 3380 1839 movetur
3403 1792 3518 1857 per
3546 1772 3840 1837 medinm

2288 1887 2468 1947 motu
2483 1882 2716 1962 subit0‚
2733 1883 2841 1946 sed
2864 1882 3239 1946 successivo.
3257 1880 3519 1964 Propter
3530 1879 3705 1963 quod
3726 1897 3842 1944 no·

2286 1989 2556 2054 tandum
2578 1990 2748 2071 quod
2769 1990 2834 2053 in
2861 1992 3041 2053 motu
3067 1989 3184 2072 qui
3211 1988 3607 2053 successivus
3633 1992 3731 2052 est
3761 1987 3839 2068 (c)

2288 2097 2684 2160 successione
2733 2098 3029 2179 perfecta,
3064 2100 3158 2160 est
3200 2094 3511 2160 successio
3552 2112 3635 2159 ex
3681 2114 3844 2178 qua·

2289 2203 2564 2286 druplici
2591 2222 2781 2267 causa
2818 2225 2833 2265 ε
2879 2202 3089 2285 prima
3124 2207 3221 2266 est
3261 2201 3458 2267 medii
3497 2201 3842 2281 distantia;

2289 2311 2588 2390 secunda,
2615 2309 2803 2373 medii
2831 2308 3225 2387 resistentia3
3257 2308 3443 2372 tertia
3468 2310 3564 2372 est
3580 2308 3846 2391 partibi-

2286 2416 2430 2480 litas
2463 2416 2742 2495 mobilis;
2784 2420 3017 2498 quarta
3054 2419 3149 2479 est
3191 2415 3406 2479 finitas
3439 2415 3697 2478 virtutis
3717 2463 3734 2496 ,
3762 2434 3846 2480 eo

2289 2524 2459 2606 quod
2500 2523 2699 2586 ssnitae
2738 2522 2996 2586 virtutis
3034 2522 3292 2605 proprie
3336 2525 3431 2585 est
3461 2539 3723 2586 movere
3770 2523 3850 2586 in

2288 2633 2598 2712 tempore,
2617 2630 2895 2693 maxime
2925 2647 3034 2712 per
3047 2629 3363 2706 medium3
3391 2628 3616 2711 quinta
3635 2631 3851 2711 potest

2288 2755 2423 2801 esse
2473 2737 2684 2801 finitas
2727 2742 2790 2801 et
2817 2737 3114 2801 limitatio
3160 2736 3432 2800 mobilis.
3480 2736 3850 2801 Conceden-

2291 2843 2448 2906 dum
2476 2849 2571 2907 est
2604 2863 2762 2926 ergo
2802 2846 2973 2927 quod
3013 2848 3228 2908 motus
3268 2844 3500 2926 Angeli
3545 2862 3660 2926 per
3701 2862 3851 2908 me-

2290 2950 2473 3014 dium
2500 2970 2632 3015 non
2667 2955 2763 3014 est
2799 2952 3076 3034 perfecta
3116 2952 3509 3015 successione
3533 2953 3853 3016 successi·-

2289 3076 2435 3138 VUS,
2466 3059 2622 3142 quia
2648 3059 2859 3124 deficit
2883 3059 2972 3123 ibi
2999 3059 3359 3124 resistentia
3384 3059 3593 3142 spatii,
3616 3064 3679 3124 et
3701 3077 3853 3143 par-

2289 3168 2547 3232 tibilitas
2583 3167 2835 3231 mobilis
2854 3190 2870 3245 ;
2903 3172 3000 3231 est
3041 3171 3257 3230 tamen
3293 3167 3691 3231 successivus
3727 3186 3851 3232 ra-

2289 3274 2464 3339 tione
2487 3275 2798 3339 distantiae
2827 3274 3036 3357 spatii,
3067 3274 3134 3337 in
3162 3293 3291 3356 qua
3318 3293 3451 3338 non
3473 3278 3852 3357 potestesse

2290 3383 2482 3446 simul
2512 3401 2624 3465 per
2649 3385 2848 3446 totam
2868 3428 2885 3458 ,
2915 3385 2979 3445 et
3018 3382 3262 3446 ratione
3295 3381 3560 3444 finitatis
3584 3381 3852 3446 virtutis

2291 3490 2607 3554 moventis
2626 3537 2641 3566 ,
2668 3506 2815 3570 quae
2844 3506 2976 3552 non
3004 3488 3251 3552 excedit
3284 3488 3567 3551 medium
3590 3488 3851 3572 impro-

2291 3595 2796 3679 portionabiliter
2831 3616 2848 3673 ;
2890 3594 3031 3658 ideo
3068 3612 3187 3657 nec
3222 3593 3371 3656 facit
3409 3598 3664 3658 motum
3719 3596 3848 3659 im-

2289 3702 2823 3786 proportIonalern
2873 3701 3084 3765 medio
3141 3696 3430 3763 omnino.
3482 3699 3561 3763 Et
3609 3719 3850 3766 conce-

2243 3804 2252 3813 '
2289 3811 2513 3875 dendae
2540 3812 2693 3873 sunt
2717 3808 2990 3871 rationes
3015 3807 3354 3890 probantes
3378 3811 3629 3871 motum
3656 3808 3849 3873 illum

2289 3936 2404 4001 per
2425 3918 2703 4000 spatium
2729 3934 2864 3980 esse
2882 3907 3338 3979 successivum.
3366 3912 3607 3978 Tamen
3635 3915 3851 3998 prima

2289 4026 2451 4090 ratio
2493 4025 2832 4108 sophistIca
2871 4027 2995 4101 est3
3031 4023 3141 4087 sed
3175 4022 3328 4087 alibi
3356 4028 3380 4062 ¹·
3418 4022 3804 4088 dissolvetur
3825 4072 3845 4103 ‚

2291 4152 2442 4197 cum
2475 4137 2707 4214 agetur
2747 4132 2824 4195 de
2855 4129 3228 4194 transitione
3268 4129 3455 4211 panis
3491 4129 3565 4194 in
3609 4148 3849 4213 corpus

2292 4239 2540 4317 Christi,
2572 4239 2682 4302 ubi
2710 4238 2901 4301 habet
2921 4237 3138 4300 locum
3159 4254 3380 4300 suum.

2373 4351 2432 4409 1.
2457 4346 2553 4410 Ad
2579 4345 2738 4409 illud
2758 4343 2928 4426 quod
2956 4343 3253 4426 objicitur
3277 4342 3449 4425 quod
3467 4341 3685 4406 radius
3706 4361 3844 4408 non

2291 4456 2477 4520 citius
2503 4454 2828 4538 pervenit,
2858 4453 3202 4517 dicendum
3229 4452 3400 4535 quod
3428 4452 3843 4533 Augustinus

2289 4566 2578 4647 loquitur
2596 4564 2949 4629 secundum
2971 4563 3556 4645 perceptibilitatem
3582 4579 3838 4639 sensuS,

2292 4674 2460 4756 quod
2490 4690 2711 4736 sensus
2732 4690 2864 4735 non
2892 4671 3161 4753 percipit
3181 4670 3435 4734 radium
3473 4669 3662 4732 citius
3688 4686 3840 4751 per-

2291 4780 2511 4843 venire
2545 4779 2623 4843 ad
2661 4777 3120 4861 propinquiora
3153 4776 3326 4856 loca,
3369 4794 3565 4858 quam
3607 4775 3689 4839 ad
3732 4793 3843 4839 re-

2292 4887 2592 4963 motiora;
2633 4904 2765 4949 non
2813 4885 2968 4967 quia
3005 4884 3359 4948 secundum
3401 4902 3540 4947 rem
3587 4901 3721 4947 non
3757 4883 3845 4947 sit

2290 4995 2382 5058 ibi
2409 5012 2558 5058 vere
2594 4994 2772 5077 prius
2811 4998 2875 5056 et
2908 4992 3240 5075 posterius.
3272 4989 3450 5055 Unde
3489 4990 3543 5054 si
3588 4989 3843 5054 dicatur

2293 5129 2515 5179 motiora
2540 5127 2654 5177 lora
2697 5126 2998 5191 pervenire,
3037 5129 3090 5176 et
3125 5124 3182 5175 in
3232 5126 3332 5174 hoc
3375 5123 3635 5174 consentit
3672 5125 3841 5175 Bona-

2290 5204 2540 5262 ventura‚
2585 5203 2640 5249 ut
2666 5212 2788 5248 mox
2810 5198 3004 5262 patebit
3024 5211 3112 5247 ·ex
3145 5210 3281 5259 resp.
3311 5195 3377 5245 ad
3403 5206 3444 5245 1.
3485 5221 3550 5233 —
3582 5194 3605 5227 ¹
3655 5196 3835 5259 Arist„

2291 5270 2490 5336 Physic.
2534 5270 2624 5320 lib.
2658 5272 2723 5321 IV
2741 5307 2760 5334 ,
2785 5274 2925 5320 cont.
2963 5270 3043 5320 66.
3062 5293 3130 5305 -
3159 5267 3183 5303 ⁸
3215 5266 3391 5330 Arist„
3418 5265 3620 5331 Physie.
3649 5264 3741 5317 lib.
3768 5267 3834 5332 V,

2292 5346 2431 5394 cont.
2453 5345 2533 5393 12.
2559 5366 2621 5380 —
2648 5341 2672 5378 δ
2690 5342 2804 5393 Lib.
2827 5341 2916 5407 IV,
2940 5339 3059 5391 dist..
3076 5350 3156 5403 ιι,
3182 5352 3236 5404 q.
3256 5349 3309 5389 v.
