4125 6225
1049 420 1243 485 DIST.
1288 419 1339 485 l.
1377 420 1608 486 PART.
1652 422 1732 487 Π.
1775 422 1956 488 ART.
2006 422 2053 487 1.
2100 420 2401 500 QUAEST.
2447 426 2498 490 I.

193 557 368 621 uno?
409 555 668 622 Difficile
711 560 806 622 est
827 557 1210 638 intelligere,
1233 561 1299 621 et
1323 556 1523 638 aliqui
1553 558 1718 621 circa

188 664 306 728 hoc
320 669 718 732 erraverunt.
734 666 1003 744 Quidam
1019 665 1192 729 enim
1210 664 1510 728 dixerunt
1520 665 1715 748 quod,

189 774 482 854 quamvis
506 794 679 839 unus
704 779 865 839 esset
903 792 1122 838 rerum
1146 772 1471 849 Conditor,
1502 778 1719 838 tamen

187 880 390 943 multa
421 887 484 945 et
521 882 702 947 varia
742 882 889 946 facit
931 883 1185 963 propter
1236 880 1715 945 multitudinem

186 986 538 1052 formarum
572 989 913 1067 idealium;
944 988 1053 1053 sed
1089 987 1247 1052 illud
1285 986 1716 1069 improbatum

187 1098 277 1157 aet
303 1095 372 1158 in
393 1094 599 1177 primo
622 1095 786 1161 libro
812 1097 854 1175 ¹,
889 1096 1001 1159 ubi
1029 1094 1378 1159 ostenditur
1399 1094 1571 1177 quod
1585 1112 1718 1158 om-

186 1220 295 1266 nes
327 1202 454 1266 illae
480 1220 690 1267 unum
731 1205 884 1266 sunt
900 1250 917 1279 ‚
963 1219 1083 1266 nec
1124 1204 1218 1265 est
1246 1201 1316 1263 in
1343 1199 1470 1264 Deo
1496 1219 1717 1266 secun-

116 1356 124 1363 ·
187 1312 341 1376 dum
361 1330 499 1376 rem
532 1312 696 1377 alius
722 1329 1034 1377 numerus
1052 1330 1247 1395 quam
1270 1330 1710 1393 personarum.

188 1418 399 1502 Aliqui
428 1438 582 1485 vero
608 1420 814 1485 dicere
840 1421 1206 1502 voluerunt,
1236 1419 1406 1501 quod
1429 1420 1552 1483 hoc
1579 1426 1716 1484 erat

184 1533 441 1610 propter
507 1524 983 1593 multitudinem
1045 1527 1404 1591 mediorum
1479 1548 1494 1590 :
1552 1527 1716 1592 Deus

187 1634 359 1697 enim
379 1684 397 1712 ‚
424 1653 572 1699 cum
598 1636 679 1698 sit
704 1654 878 1699 unus
906 1638 971 1698 et
987 1651 1238 1698 summe
1274 1633 1576 1718 simpla,
1605 1634 1713 1698 in-

187 1739 425 1803 tellexit
453 1758 543 1821 se,
581 1744 734 1806 etse
756 1740 1198 1823 intelligendo,
1225 1743 1288 1805 et
1314 1742 1476 1805 nihil
1513 1742 1710 1819 aliud,

184 1847 484 1929 produxit
511 1848 787 1930 primam
816 1848 1339 1930 intelligentiam3
1376 1852 1440 1913 et
1462 1848 1570 1913 illa
1610 1850 1715 1913 in-

184 1955 530 2037 telligentia
590 1958 898 2022 intellexit
946 1977 1013 2022 se
1072 1963 1135 2023 et
1176 1957 1376 2021 Deum
1396 2005 1413 2034 ‚
1457 1961 1522 2021 et
1573 1956 1714 2022 ideo

184 2063 484 2145 produxit
510 2064 639 2128 duo
657 2112 675 2143 ‚
705 2065 937 2129 scilicet
968 2065 1158 2130 aliam
1186 2065 1673 2146 intelligentiam
1690 2113 1709 2145 ,

185 2174 243 2234 et
262 2171 486 2235 orbem
514 2190 742 2252 suum;
774 2175 839 2237 et
865 2173 954 2236 sic
976 2172 1429 2252 descendendO,
1461 2176 1524 2236 et
1545 2173 1710 2236 mul-

186 2277 542 2359 tiplicando.
574 2278 652 2342 Et
678 2279 798 2343 ista
825 2280 1039 2363 opinio
1076 2281 1146 2344 in
1170 2281 1437 2345 lectione
1468 2298 1712 2363 praece-

186 2384 349 2449 denti
376 2386 401 2420 ¹
436 2389 530 2450 est
569 2387 926 2470 improbata
949 2436 966 2467 ,
997 2387 1108 2452 ubi
1152 2386 1504 2452 ostenditur
1542 2388 1714 2470 quod

185 2491 344 2557 Deus
372 2495 739 2558 immediate
772 2494 1059 2577 producit
1103 2495 1343 2558 omnia.
1377 2494 1570 2558 Tertii
1609 2494 1711 2557 di-

184 2603 414 2664 xerunt
439 2602 613 2683 quod
641 2602 983 2667 multitudo
1004 2620 1225 2667 rerum
1257 2605 1392 2667 erat
1417 2621 1456 2666 a
1477 2601 1714 2685 princi-

185 2707 286 2788 pio
312 2708 508 2772 unico
541 2711 796 2792 propter
823 2709 1301 2774 multitudinem
1334 2713 1398 2774 et
1426 2709 1713 2773 infinita-

186 2818 308 2878 tem
334 2816 786 2897 ressexionum,
813 2818 1046 2899 quihus
1071 2817 1331 2881 divinus
1356 2817 1713 2882 intellectus

184 2941 372 3005 supra
398 2943 468 2988 se
494 2924 861 3005 reflectitur,
887 2930 950 2990 et
976 2926 1276 3008 intelligit
1298 2944 1387 3006 se,
1409 2930 1474 2991 et
1490 2926 1714 2990 intelli-

184 3031 278 3112 git
303 3050 369 3096 se
396 3032 755 3114 intelligere
773 3081 790 3112 ,
821 3037 885 3097 et
908 3034 997 3097 sic
1023 3052 1228 3117 usque
1256 3033 1335 3097 ad
1363 3017 1708 3097 infinitum.

184 3138 299 3204 Sed
339 3140 500 3205 illud
536 3141 699 3204 nihil
728 3146 862 3205 est:
899 3142 1108 3224 primo
1135 3144 1217 3221 (α)
1249 3189 1265 3218 ,
1291 3142 1443 3223 quia
1482 3141 1712 3205 falsum

185 3252 273 3310 aet
300 3250 472 3330 quod
500 3249 568 3312 in
605 3248 733 3313 Deo
759 3250 844 3313 sit
877 3249 1217 3313 multitudo
1244 3248 1668 3313 reflexionum
1691 3297 1709 3327 ‚

185 3375 326 3421 cum
352 3359 522 3424 Deus
552 3359 634 3424 sit
661 3379 854 3424 suum
882 3360 1262 3441 intelligere;
1292 3361 1447 3425 item
1472 3379 1554 3424 ex
1592 3360 1715 3425 hoc

184 3483 517 3550 nunquam
545 3469 909 3550 proveniret
960 3468 1032 3551 (b)
1080 3467 1206 3531 nisi
1248 3467 1577 3531 diversitas
1606 3486 1714 3532 se-

186 3576 463 3640 cundum
491 3593 861 3640 numerum.
892 3576 966 3640 Et
977 3575 1119 3640 ideo
1141 3576 1369 3658 positio
1395 3580 1567 3640 recta
1592 3580 1709 3656 est,

187 3684 347 3763 quod
374 3683 723 3748 multitudo
741 3685 809 3747 in
829 3686 1022 3748 rebus
1044 3687 1137 3748 est
1159 3702 1199 3747 a
1215 3684 1527 3767 principio
1551 3701 1709 3762 uno,

188 3790 331 3871 quia
360 3795 457 3855 est
510 3791 796 3874 primum
829 3790 1216 3873 principium
1249 3793 1438 3856 unice
1475 3811 1707 3857 unum.

189 3892 347 3970 Quia
392 3894 571 3958 enim
614 3898 708 3957 est
748 3893 1133 3977 principium
1173 3893 1538 3976 simpliciter
1577 3897 1712 3979 pri-

188 4018 384 4081 mum,
410 4001 558 4065 ideo
599 4001 965 4066 faecundum
1002 4003 1065 4064 et
1089 4004 1311 4082 potens
1346 4005 1441 4065 est
1463 4002 1714 4067 faecun-

187 4107 370 4171 ditate
408 4107 667 4171 infinita
693 4111 756 4170 et
779 4106 1115 4171 immensa.
1142 4104 1210 4170 Si
1246 4107 1420 4170 enim
1465 4109 1712 4188 unitaS‚

188 4232 326 4297 quae
355 4218 454 4279 est
498 4214 705 4297 prima
731 4214 799 4278 in
847 4232 1083 4295 genere
1108 4215 1384 4292 numeri,
1413 4216 1509 4279 est
1534 4215 1716 4299 prin-

189 4321 418 4404 cipium
433 4341 475 4386 a
492 4341 621 4405 quo
640 4326 904 4405 possunt
915 4321 1146 4385 infiniti
1160 4310 1415 4385 numeri
1428 4325 1647 4404 egredi
1665 4325 1708 4405 ⁸,

189 4432 245 4491 et
264 4434 542 4512 punctus
567 4449 607 4493 a
631 4448 759 4512 quo
798 4430 1064 4493 inflnitae
1098 4429 1281 4493 lineae
1306 4477 1323 4505 ‚
1356 4448 1514 4512 ergo
1543 4432 1715 4514 quod

191 4542 279 4600 est
292 4537 663 4621 simpliciter
692 4538 978 4620 primum
1000 4539 1095 4601 est
1131 4537 1219 4600 ita
1251 4540 1509 4620 potens,
1542 4539 1713 4622 quod

190 4646 453 4709 omnino
490 4644 901 4710 immensum.
947 4643 1209 4727 Propter
1248 4662 1406 4727 ergo
1427 4645 1718 4710 immen-

189 4752 436 4816 sitatem
464 4751 715 4816 infinita
741 4755 946 4834 potest
968 4774 993 4818 .·
1022 4752 1131 4817 sed
1163 4754 1421 4835 propter
1447 4752 1714 4817 immen-

189 4859 380 4924 sitatis
424 4859 1015 4924 manifestationem·
1046 4860 1251 4923 multa
1286 4858 1363 4923 de
1402 4861 1717 4927 thesauris

191 4969 318 5032 suis
341 4969 609 5051 profert3
652 4988 785 5033 non
814 4971 1030 5034 omnia
1049 5017 1065 5046 ‚
1108 4971 1262 5053 quia
1300 4972 1560 5036 effectus
1585 4992 1715 5038 non
1768 5053 1771 5056 ,

189 5077 387 5156 potest
427 5077 671 5159 aequari
708 5077 932 5141 virtuti
969 5077 1170 5160 ipsius
1215 5077 1440 5161 primae
1484 5098 1712 5146 causae.

192 5177 346 5258 Quia
370 5203 529 5250 vero
560 5187 655 5249 est
688 5186 870 5250 unice
900 5204 1134 5268 unum,
1162 5186 1306 5251 ideo
1328 5188 1717 5270 simplicissi-

255 5325 348 5376 ¹1n
379 5326 519 5377 Seni.
556 5327 643 5379 lib.
674 5328 733 5393 1,
771 5327 885 5380 dist.
909 5340 1077 5393 xm,
1115 5344 1167 5395 q.
1192 5341 1253 5382 11.
1278 5358 1333 5368 —
1366 5333 1572 5399 ²HuJus
1599 5333 1717 5386 dist.

256 5413 318 5478 (a)
344 5417 467 5468 Goet.
490 5416 611 5467 edit.
638 5417 952 5482 primum.-·-
973 5418 1041 5484 (b)
1063 5420 1379 5484 perveniret.

3243 433 3356 493 261

1828 575 2034 639 mum,
2087 561 2152 623 et
2201 559 2824 643 spiritualissimum,
2876 566 2940 628 et
2984 563 3364 646 perfectissi-

1827 684 2044 745 mum,
2109 669 2172 730 et
2225 667 2379 749 quia
2434 668 3008 752 simplicissimum,
3065 670 3369 735 maximae

1827 772 2166 855 potentiae;
2207 774 2362 856 quia
2406 775 2986 857 spiritualissimum
3006 827 3024 858 ‚
3058 778 3362 843 maximae

1825 882 2185 964 sapientiae;
2216 883 2370 966 quia
2397 884 2949 966 perfectissimum,
2989 888 3082 950 est
3115 885 3367 949 bonita-

1826 991 1905 1053 tis
1928 1008 2203 1055 summae
2234 1013 2250 1056 2
2282 992 2438 1073 quia
2467 992 2766 1058 maximae
2796 996 3127 1077 potentiae,
3162 994 3367 1057 multa

1825 1101 2066 1180 potest3
2097 1098 2248 1180 quia
2273 1098 2578 1163 maximae
2611 1101 2941 1184 sapientiae
2964 1149 2981 1178 ‚
3017 1101 3222 1165 multa
3247 1120 3368 1166 no-

1824 1204 1948 1268 vit:
1972 1205 2125 1286 quia
2151 1223 2424 1270 summae
2450 1206 2745 1271 bonitatis
2767 1255 2786 1286 ‚
2819 1207 3022 1272 multa
3051 1207 3195 1271 vult
3217 1226 3368 1290 pro-

1824 1312 2055 1377 ducere
2084 1316 2237 1376 etse
2262 1312 2771 1392 communicare3
2805 1316 2868 1377 et
2890 1312 3032 1377 ideo
3062 1332 3101 1376 a
3120 1313 3355 1395 princi-

1824 1419 1930 1502 pio
1952 1437 2110 1500 unc,
2136 1419 2290 1502 quia
2316 1419 2604 1502 primum
2625 1421 2690 1484 et
2722 1438 2953 1499 unum,
2981 1419 3115 1484 exit
3144 1420 3363 1483 multi-

1824 1526 2001 1590 tudo,

1904 1639 1934 1696 1
1948 1681 1964 1697 .
2004 1632 2194 1711 Quod
2214 1650 2372 1714 ergo
2400 1631 2721 1715 objicitur,
2747 1632 2920 1714 quod
2943 1632 3117 1697 idem
3144 1632 3364 1697 simili-

1820 1744 1918 1805 ter
1945 1759 2012 1805 se
2028 1741 2291 1818 hahens,
2320 1744 2465 1818 etc.;
2497 1739 2839 1804 dicendum
2863 1740 3034 1823 quod
3062 1740 3365 1823 intelligi-

1821 1851 1932 1912 tur
1978 1849 2048 1911 in
2098 1846 2200 1910 his
2247 1846 2587 1928 agentibus
2607 1894 2624 1922 ‚
2678 1864 2959 1930 quorum
3012 1846 3219 1911 virtus
3269 1852 3366 1912 est

1822 1959 2058 2019 arctata
2083 1959 2147 2021 et
2171 1955 2481 2019 limitata:
2518 1957 2581 2018 et
2615 1955 2738 2020 hoc
2763 1973 2896 2020 non
2921 1955 3113 2020 habet
3149 1955 3362 2021 locum

1821 2063 1890 2127 in
1909 2062 2036 2128 Deo
2047 2111 2063 2127 .

1901 2175 1963 2235 2.
2015 2170 2195 2249 Quod
2241 2170 2538 2253 objicitur
2586 2190 2604 2233 τ
2659 2192 2691 2232 α
2737 2170 2795 2234 Α
2820 2171 2991 2235 bono
3031 2188 3165 2236 non
3211 2177 3365 2237 sunt

1821 2280 2019 2361 mala3
2050 2301 2082 2341 ι»
2103 2278 2446 2344 dicendum
2468 2279 2641 2361 quod
2667 2296 2799 2342 non
2832 2280 2926 2342 est
2951 2278 3182 2359 simile,
3208 2280 3364 2362 quia

1821 2386 1990 2451 mala
2018 2389 2081 2449 et
2105 2385 2263 2449 falsa
2293 2384 2514 2449 dicunt
2536 2385 2931 2468 privationes
2953 2388 3016 2449 et
3045 2385 3360 2467 defectus3

1821 2500 1884 2560 et
1915 2494 2054 2558 ideo
2082 2511 2214 2557 non
2239 2491 2479 2557 habent
2506 2511 2766 2557 causam
2804 2492 3180 2558 efficientem
3197 2541 3215 2574 ,
3254 2494 3363 2559 sed

1819 2601 2239 2676 deficientem,
2269 2600 2526 2682 qualem
2560 2618 2692 2664 non
2722 2599 2898 2664 decet
2938 2618 3073 2664 aese
3108 2598 3351 2667 Deum:

1819 2709 1928 2773 sed
1961 2706 2302 2785 multitudo
2327 2710 2421 2770 est
2435 2706 2684 2789 positi0,
2706 2709 2770 2772 et
2790 2707 2933 2772 ideo
2958 2726 3220 2773 causam
3240 2710 3356 2775 ha-

1818 2817 1927 2881 bet
1956 2816 2340 2880 effectivam.

1900 2925 1960 2984 3.
1992 2919 2173 2997 Quod
2200 2918 2499 3001 objicitur
2534 2919 2614 2982 de
2646 2918 2989 3001 archetypo
3030 2921 3094 2983 et
3137 2919 3348 2983 sensi-

1819 3036 1932 3101 bili
1976 3034 2220 3099 mundo
2239 3083 2256 3115 ‚
2300 3034 2636 3099 dicendum
2677 3033 2850 3117 quod
2895 3033 3030 3116 ipse
3067 3032 3357 3099 imitatur

1818 3144 2000 3209 illum
2050 3143 2122 3207 in
2168 3139 2482 3226 quantum
2525 3145 2759 3225 potost3
2808 3141 2918 3205 sed
2960 3141 3171 3205 deficit
3214 3164 3229 3206 ε
3288 3142 3360 3207 in

1818 3251 1926 3314 illo
1960 3251 2133 3315 enim
2161 3254 2253 3313 est
2278 3268 2534 3314 summa
2558 3247 2968 3333 pulchritudo
2995 3267 3110 3331 per
3137 3249 3359 3313 omni-

1819 3359 2074 3423 modam
2100 3359 2448 3436 unitatem;
2476 3357 2582 3421 hic
2605 3360 2824 3421 autem
2851 3356 2906 3420 si
2934 3360 3097 3422 esset
3117 3359 3356 3440 unitaS,

1818 3486 1951 3532 non
1978 3471 2140 3532 esset
2172 3463 2579 3550 pulchritudo
2598 3514 2615 3545 ‚
2656 3464 2809 3548 quia
2842 3482 2973 3528 non
3008 3468 3172 3529 esset
3204 3466 3362 3532 ordo

1818 3595 1937 3642 nec
1964 3576 2259 3660 perfectio
2288 3596 2306 3639 ι
2336 3579 2401 3639 et
2423 3574 2567 3638 ideo
2598 3577 2673 3637 ut
2702 3573 2986 3638 mundus
3004 3574 3115 3637 hic
3137 3574 3364 3638 imita-

1820 3690 1998 3750 retur
2021 3686 2092 3747 in
2117 3684 2496 3767 perfectione
2532 3684 2596 3746 et
2621 3680 3097 3765 pulchritudine
3114 3729 3132 3759 ‚
3171 3697 3363 3764 opor-

1817 3792 1943 3858 tuit
1965 3792 2138 3875 quod
2172 3792 2436 3855 haberet
2475 3787 2958 3854 multitudinem
2981 3836 2999 3869 ,
3042 3791 3118 3852 ut
3157 3788 3364 3853 multa

1819 3901 2095 3965 facerent
2120 3899 2290 3982 quod
2321 3915 2530 3963 unum
2555 3897 2759 3961 facere
2786 3915 2901 3980 per
2929 3914 2996 3961 se
3038 3914 3171 3960 non
3220 3915 3363 3980 pos-

1822 4011 1937 4073 set.

1901 4119 1961 4179 4.
1991 4112 2172 4191 Quod
2205 4112 2433 4176 ultimo
2477 4109 2773 4192 objicitur
2821 4110 2901 4175 de
2946 4109 3363 4192 generatione

1821 4228 1885 4288 et
1940 4219 2283 4305 spiratione
2306 4268 2324 4300 ,
2375 4221 2513 4301 jam
2563 4220 2774 4301 patet,
2826 4217 2981 4300 quia
3034 4222 3057 4258 ⁸
3098 4218 3362 4298 genitus

1822 4330 2084 4414 aequalis
2109 4327 2441 4411 generanti
2468 4344 2581 4410 per
2607 4325 2823 4390 omnia
2851 4325 3076 4408 implet
3110 4327 3174 4388 et
3212 4324 3364 4389 imi-

1820 4441 1994 4502 tatur
2017 4437 2232 4518 ipsum
2262 4453 2280 4497 ε
2310 4432 2598 4497 similiter
2634 4436 2699 4496 et
2736 4429 3012 4515 Spiritus
3045 4434 3309 4498 ,sanctus
3339 4454 3356 4495 ε

1821 4548 1885 4609 et
1914 4543 2055 4608 ideo
2082 4540 2504 4625 superflueret
2518 4538 2711 4604 aliam
2727 4556 2964 4622 ponere
2980 4555 3351 4621 personam:

1822 4654 1930 4719 sed
1951 4672 2083 4717 non
2105 4651 2196 4715 sic
2214 4652 2309 4715 est
2333 4649 2404 4713 in
2430 4650 2741 4726 creatura,
2772 4665 2919 4729 quae
2954 4644 3253 4710 bonitatis
3281 4643 3364 4706 fi-

1821 4762 1975 4826 nitae
2002 4764 2098 4825 est
2130 4782 2145 4824 ε
2175 4759 2318 4824 ideo
2345 4756 2517 4840 quod
2543 4773 2676 4819 non
2700 4754 2909 4837 potuit
2933 4769 3156 4835 capere
3185 4768 3363 4814 crea-

1822 4874 1968 4934 tura
1992 4869 2062 4932 in
2083 4885 2175 4944 se,
2206 4864 2443 4947 accepit
2474 4863 2755 4946 quodam
2782 4861 2971 4925 modo
2998 4860 3067 4921 in
3093 4857 3214 4922 sibi
3255 4876 3363 4922 so-

1823 4978 1941 5056 cia,
1969 4978 2046 5040 ut
2070 4974 2161 5038 sic
2187 4991 2269 5038 ex
2303 4970 2524 5037 multis
2552 4987 2688 5034 una
2713 4965 3120 5051 perficeretur
3161 4983 3362 5030 mun-

1824 5246 2156 5367 partlghart
2176 5246 2226 5309 2,
2254 5255 2308 5308 q.
2329 5237 2586 5295 11.-·⁸In
2609 5237 2746 5289 Seni.
2774 5235 2941 5301 lib.l,
2969 5232 3089 5285 dist.
3111 5244 3180 5297 11,
3212 5245 3265 5298 q.
3285 5242 3361 5283 ιν.
