4125 6225
1137 382 1330 448 DIST.
1376 383 1424 448 1.
1470 381 1699 447 PART.
1747 383 1793 447 1.
1839 382 2020 447 ART.
2069 382 2116 445 1.
2164 378 2462 457 QUAEST.
2505 378 2579 443 11.

3353 387 3474 447 245

287 519 636 585 aecundum
656 518 1114 602 Philosophum
1143 523 1208 583 et
1231 518 1541 583 rationem
1568 536 1819 583 necesse
1924 518 2124 582 flnitae
2156 515 2352 580 simul
2390 514 2874 597 comprehendit
2903 514 3173 579 infinita.
3210 514 3277 580 Si
3304 514 3475 581 dicas

284 632 377 691 est
413 644 652 709 ponere
694 630 932 691 statum
975 626 1045 689 in
1089 626 1191 690 his
1207 676 1224 705 ,
1259 644 1407 709 quae
1439 626 1818 691 ordinantur
1923 625 2096 708 quod
2117 641 2250 687 non
2277 627 2371 686 est
2390 621 2871 700 inconveniens,
2895 623 3067 706 quod
3094 622 3288 687 unica
3304 623 3474 688 simi·

282 734 634 799 secundum
671 733 959 797 ordinem
986 752 1195 798 causae
1212 782 1228 809 ‚
1260 752 1418 814 ergo
1449 734 1519 797 in
1544 752 1816 816 genera-

283 842 452 906 tione
479 838 852 904 animalium
871 858 1124 904 necesse
1149 845 1243 904 est
1270 857 1503 922 ponere
1531 840 1813 922 primum

281 947 517 1010 animal
548 965 565 1009 :
621 950 684 1010 et
720 948 1000 1012 mundus
1044 966 1175 1013 non
1221 948 1343 1012 fuit
1386 948 1524 1011 sine
1564 947 1815 1010 anima-

278 1055 476 1120 libus:
510 1073 692 1137 ergo,
724 1060 841 1119 etc.

353 1161 567 1226 Tertia
610 1162 953 1244 propositio
981 1166 1075 1226 est
1114 1162 1252 1226 ista.
1289 1160 1682 1243 Impossibile
1719 1165 1813 1225 est

274 1270 523 1333 infinita
569 1269 938 1351 pertransiri
970 1270 987 1304 ¹
1022 1288 1038 1332 :
1090 1270 1199 1333 sed
1240 1270 1294 1332 si
1347 1269 1632 1333 mundus
1681 1288 1811 1334 non

274 1377 490 1459 coepit,
536 1376 803 1439 infinitae
840 1376 1265 1440 revolutiones
1304 1376 1599 1440 fuerunt:
1653 1394 1810 1458 ergo

274 1483 660 1566 impossibile
682 1487 777 1546 est
802 1482 940 1546 illas
964 1482 1367 1565 pertransiri:
1403 1502 1561 1565 ergo
1581 1484 1810 1567 impos-

272 1590 450 1654 sibile
489 1591 609 1654 fuit
658 1591 957 1665 devenire
1012 1610 1212 1674 usque
1261 1592 1342 1657 ad
1385 1592 1571 1656 hanc.
1623 1591 1691 1657 Si
1736 1597 1811 1657 tu

273 1698 442 1762 dicas
474 1700 643 1781 quod
677 1717 809 1762 non
837 1703 987 1763 sunt
1013 1701 1418 1782 pertransita,
1450 1701 1605 1782 quia
1634 1702 1811 1766 nulla

274 1804 392 1868 ruit
430 1805 673 1887 prima,
726 1811 836 1871 aut
876 1807 1047 1888 quod
1097 1808 1288 1870 etiam
1332 1808 1494 1872 hene
1544 1814 1812 1890 possunt

273 1913 640 1994 pertransiri
666 1913 737 1977 in
767 1918 1049 1997 tempore
1076 1915 1354 1995 infinito,
1390 1933 1504 1998 per
1528 1915 1651 1979 hoc
1676 1934 1808 1980 non

275 2021 522 2085 evades.
555 2019 786 2097 Quaero
811 2022 984 2085 enim
1006 2042 1046 2085 a
1070 2026 1129 2086 te
1146 2027 1369 2087 utrum
1394 2023 1607 2106 aliqua
1627 2041 1811 2088 revo-

271 2129 429 2193 lutio
474 2128 862 2211 praecesserit
904 2130 1277 2195 hodiernam
1327 2130 1396 2194 in
1441 2131 1767 2195 infinitum
1785 2181 1803 2212 ,

271 2254 353 2299 an
382 2236 583 2299 nulla.
610 2235 677 2300 Si
699 2237 897 2314 nulla,
924 2255 1080 2318 ergo
1106 2255 1328 2301 omnes
1353 2238 1551 2302 finitae
1575 2238 1810 2303 distant

269 2344 347 2407 ab
366 2344 519 2407 hac:
552 2361 710 2425 ergo
728 2348 875 2407 sunt
893 2362 1115 2408 omnes
1140 2344 1366 2423 finitae;
1399 2364 1555 2427 ergo
1572 2346 1809 2411 habent

270 2451 675 2533 principium.
726 2449 792 2515 Si
837 2451 1056 2534 aliqua
1107 2452 1177 2514 in
1227 2452 1555 2516 infinitum
1592 2453 1804 2533 distat,

272 2577 491 2641 quaero
511 2560 588 2622 de
618 2559 1012 2623 revolutione
1038 2577 1185 2641 quae
1208 2559 1570 2624 immediate
1593 2562 1807 2644 sequi-

271 2670 376 2729 tur
399 2666 599 2744 illam,
632 2670 853 2730 utrum
881 2666 1065 2730 distet
1094 2667 1159 2729 in
1179 2665 1536 2732 infinitum:
1568 2670 1801 2748 sinon,

270 2791 426 2855 ergo
452 2791 571 2836 nec
598 2773 706 2836 illa
731 2773 938 2851 distat,
969 2773 1276 2855 quoniam
1304 2775 1483 2839 finita
1508 2776 1808 2841 distantia

269 2886 361 2945 est
404 2883 572 2946 inter
618 2885 990 2963 utramque;
1034 2881 1089 2943 si
1123 2899 1277 2945 vero
1316 2882 1503 2946 distat
1542 2884 1606 2945 in
1651 2884 1803 2947 infl-

271 2989 511 3067 nitum,
543 2988 831 3051 similiter
857 3005 1078 3070 quaero
1107 2987 1184 3051 de
1218 2989 1423 3065 tertia,
1466 2994 1529 3053 et
1553 2995 1800 3072 quarta,

268 3103 330 3162 et
347 3097 435 3161 sic
458 3098 528 3161 in
554 3097 879 3161 infinitum
904 3119 920 3160 ι
952 3115 1109 3177 ergo
1132 3115 1263 3162 non
1289 3098 1498 3180 magis
1522 3099 1708 3164 distat
1725 3101 1804 3165 ab

268 3205 386 3268 hac
428 3223 595 3284 una,
643 3222 839 3287 quam
876 3205 955 3266 ab
988 3205 1142 3267 alia:
1186 3223 1343 3285 ergo
1380 3224 1511 3268 una
1548 3224 1681 3271 non
1714 3211 1808 3271 est

268 3316 411 3377 ante
436 3314 660 3377 aliam:
691 3330 849 3393 ergo
877 3330 1098 3375 omnes
1127 3317 1278 3376 sunt
1305 3312 1514 3376 simul.

347 3419 583 3497 Quarta
621 3420 962 3502 propositio
997 3423 1092 3483 est
1118 3420 1255 3482 ista.
1290 3420 1682 3503 Impossibile
1711 3427 1805 3488 est

268 3526 517 3591 infinita
553 3546 593 3590 a
621 3528 858 3591 virtute
888 3526 1067 3589 finita
1094 3528 1580 3608 comprehendi:
1613 3531 1721 3594 sed
1749 3531 1803 3594 si

270 3636 549 3699 mundus
602 3652 735 3697 non
788 3633 1016 3715 coepit,
1078 3633 1326 3698 infinita
1376 3638 1801 3718 comprehen-

268 3742 511 3806 duntur
540 3762 579 3806 a
604 3741 840 3805 virtute
879 3740 1099 3803 finita:
1128 3759 1284 3822 ergo
1303 3790 1320 3818 ‚
1352 3747 1468 3807 etc.
1506 3742 1802 3810 Probatio

268 3849 526 3932 majoris
566 3867 679 3931 per
718 3866 786 3911 se
823 3851 1012 3929 patet.
1060 3847 1264 3912 Minor
1299 3851 1649 3915 ostenditur
1687 3853 1799 3934 sic,

264 3956 675 4039 supponendo
712 3954 912 4019 Deum
949 3957 1157 4020 solum
1192 3974 1327 4021 esse
1366 3958 1620 4022 virtutis
1656 3966 1800 4026 actu

262 4063 551 4139 infinItae,
575 4067 637 4126 et
653 4064 869 4127 omnia
883 4064 1005 4127 alia
1027 4064 1261 4128 habere
1279 4066 1627 4147 finitatem3
1654 4086 1804 4132 rur-

263 4188 406 4234 sum
424 4169 841 4252 supponendo
867 4171 1037 4253 quod
1062 4174 1275 4234 motus
1300 4171 1437 4234 caeli
1463 4191 1800 4256 nunquam

263 4278 378 4341 fuit
416 4278 554 4341 sine
599 4277 952 4340 substantia
998 4277 1314 4360 spirituali
1359 4284 1596 4360 creata,
1651 4302 1800 4365 quae

262 4386 361 4450 vel
399 4387 615 4468 ipsum
657 4385 884 4448 faceret
909 4433 927 4464 ,
958 4386 1059 4449 vel
1099 4385 1321 4450 saltem
1362 4399 1794 4472 cognosceret3

262 4510 521 4556 rursum
554 4493 675 4556 hoc
708 4492 1054 4574 supposito,
1088 4494 1258 4576 quod
1286 4495 1634 4563 substantia
1668 4500 1800 4583 spi-

262 4603 507 4667 ritualis
529 4602 687 4665 nihil
709 4601 1126 4667 obliviscitur:
1161 4604 1214 4666 si
1242 4623 1398 4686 ergo
1422 4606 1635 4689 aliqua
1667 4609 1797 4691 spi-

263 4710 509 4774 ritualis
545 4709 897 4774 substantia
921 4709 1177 4774 virtutis
1216 4712 1415 4776 finitae
1457 4714 1649 4778 simul
1676 4717 1799 4781 fuit

263 4837 411 4882 cum
450 4818 642 4897 coelo,
684 4817 864 4880 nulla
897 4817 1017 4881 fuit
1051 4819 1366 4884 revolutio
1412 4822 1553 4886 coeli
1597 4841 1796 4905 quam

264 4942 391 4988 non
438 4928 896 5005 cognosceret:
929 4928 992 4987 et
1034 4942 1165 4989 non
1209 4930 1304 4989 est
1348 4927 1587 4996 oblita:
1642 4949 1799 5013 ergo

265 5049 486 5097 omnae
512 5034 660 5094 actu
697 5033 1019 5110 cognoscit
1050 5055 1065 5096 ε
1099 5037 1162 5096 et
1186 5034 1447 5098 fuerunt
1487 5036 1795 5102 infinitae:

265 5157 422 5220 ergo
478 5136 694 5219 aliqua
745 5137 1090 5219 spiritualis
1141 5141 1495 5207 substantia
1546 5145 1801 5211 virtutis

332 5301 349 5334 ¹
382 5298 555 5357 Arist„
584 5297 771 5345 Foster.
800 5297 889 5348 lib.
916 5299 964 5360 I;
992 5297 1054 5349 de
1075 5300 1240 5363 Coelo,
1264 5302 1354 5353 lib.
1392 5306 1487 5369 lll,
1527 5308 1666 5356 cont.
1708 5310 1797 5371 193

272 5370 469 5434 Pity-sic.
496 5367 586 5418 lib.
610 5368 695 5417 Vl.
726 5369 1016 5433 -2Arist.‚
1044 5371 1104 5421 de
1134 5372 1289 5437 Coelo,
1316 5374 1404 5426 lib.
1438 5379 1476 5440 l,
1507 5383 1645 5429 cont.
1673 5381 1764 5430 124
1779 5395 1795 5441 3

1921 731 2190 796 litudine
2226 734 2568 812 cognosc-at
2594 747 2818 794 omnes
2853 730 3286 795 revolutiones
3324 750 3472 816 quae

1919 843 2072 904 sunt
2103 839 2392 921 ejusdem
2419 838 2679 921 speciei,
2705 841 2768 902 et
2793 839 3059 904 omnino
3091 840 3468 922 consimiles,

1919 948 2220 1030 objicitur
2249 947 2422 1029 quod
2450 964 2581 1009 non
2629 949 2879 1009 tantum
2926 948 3297 1027 cognoverit
3340 949 3473 1013 cir-

1918 1055 2287 1131 culationeS,
2327 1053 2438 1117 sed
2483 1071 2712 1116 earum
2755 1054 3054 1133 effectus;
3104 1058 3168 1119 et
3211 1056 3472 1122 effectus

1917 1161 2085 1224 varii
2101 1165 2165 1224 et
2187 1160 2420 1225 diversi
2439 1162 2592 1223 sunt
2608 1160 2877 1238 infiniti,
2908 1164 3118 1242 patet:
3141 1179 3322 1243 erge,
3346 1166 3464 1229 etc.

2004 1266 2239 1343 Quinta
2294 1269 2390 1331 est
2446 1266 2585 1330 ista.
2639 1264 3033 1348 Impossibile
3080 1271 3174 1330 est
3219 1267 3472 1333 infinita

1921 1377 2118 1440 simul
2142 1394 2277 1439 esse
2293 1377 2315 1411 ²
2344 1375 2490 1438 :sed
2512 1373 2566 1437 si
2593 1374 2879 1438 mundus
2905 1377 3001 1438 est
3028 1378 3308 1439 aeternus
3334 1375 3471 1442 sine

1916 1484 2257 1566 principio,
2288 1501 2438 1547 cum
2459 1500 2592 1546 non
2620 1481 2701 1545 sit
2728 1481 2864 1545 sine
2892 1481 3180 1559 homine,
3212 1488 3472 1565 propter

1917 1590 2248 1655 hominem
2289 1589 2460 1654 enim
2498 1591 2648 1653 sunt
2685 1587 2966 1670 quodam
3007 1589 3198 1654 modo
3224 1592 3464 1670 omnia,

1915 1701 1979 1760 et
2001 1697 2199 1760 homo
2224 1697 2412 1760 duret
2437 1695 2617 1758 finito
2650 1698 2958 1778 tempore,
2991 1694 3195 1777 igitur
3230 1696 3467 1761 infiniti

1913 1806 2209 1870 homines
2234 1804 2516 1868 fuerunt.
2543 1801 2666 1867 Sed
2684 1806 2846 1885 quot
2871 1802 3133 1867 fuerunt
3145 1803 3464 1883 homineS,

1912 1917 2006 1977 tot
2032 1913 2266 1976 animae
2305 1910 2643 1975 rationales
2670 1910 2973 1973 fuerunt:
3003 1928 3162 1992 ergo
3199 1910 3468 1978 infinitae

1911 2021 2177 2085 fuerunt
2203 2020 2460 2084 animae.
2489 2018 2610 2083 Sed
2632 2021 2787 2099 quot
2809 2018 3045 2082 animae
3065 2017 3355 2099 fuerunt,
3377 2023 3470 2085 tot

1882 2132 2085 2217 sunt,
2120 2127 2272 2210 quia
2296 2128 2447 2190 sunt
2473 2124 2698 2188 formae
2724 2123 3271 2207 incorruptibiles;
3304 2145 3465 2208 ergo

1912 2238 2182 2302 infinitae
2229 2242 2379 2301 sunt
2433 2237 2688 2300 animae.
2740 2234 2808 2300 Si
2850 2240 2925 2300 tu
2969 2236 3141 2301 dicas
3186 2238 3266 2302 ad
3317 2239 3463 2318 hoc,

1913 2347 2087 2429 quod
2125 2346 2448 2411 circulatio
2483 2350 2578 2409 est
2616 2346 2683 2408 in
2729 2344 3098 2427 animahuS,
3151 2346 3254 2412 vel
3293 2349 3467 2431 quod

1912 2472 2043 2518 una
2087 2453 2303 2517 anima
2330 2453 2518 2520 estin
2562 2452 2864 2518 omnibus
2900 2453 3308 2532 hominibus,
3331 2455 3466 2537 pri-

1912 2578 2098 2623 mum
2128 2565 2223 2624 est
2252 2578 2433 2624 error
2458 2561 2531 2623 in
2563 2559 2986 2642 philosophia,
3019 2561 3196 2642 quia,
3226 2564 3297 2624 ut
3324 2561 3466 2625 vult

1913 2667 2373 2751 PhilosophuS,
2415 2668 2713 2749 proprius
2754 2672 2931 2731 actus
2967 2672 3062 2730 est
3095 2668 3164 2730 in
3208 2669 3465 2750 propria

1914 2776 2225 2840 materia:
2278 2791 2435 2854 ergo
2479 2791 2609 2837 non
2652 2777 2860 2857 potest
2898 2774 3115 2852 anima
3150 2792 3297 2856 quae
3339 2775 3464 2838 fuit

1916 2886 2217 2969 perfectio
2247 2885 2461 2962 unius,
2494 2901 2628 2947 esse
2655 2883 2955 2966 perfectio
2982 2883 3242 2947 alterius
3267 2883 3461 2947 etiam

1917 2994 2273 3058 secundum
2319 2992 2794 3074 Philosophum.
2846 2989 3212 3054 Secundum
3263 2991 3460 3055 etiam

1913 3102 2125 3184 magis
2150 3104 2246 3166 est
2268 3119 2636 3178 erroneum,
2666 3097 2817 3182 quia
2851 3096 3055 3162 multo
3083 3097 3302 3161 minus
3329 3117 3460 3162 una

1913 3216 2009 3275 est
2038 3211 2257 3273 anima
2282 3209 2600 3273 omnium.

1993 3317 2228 3382 UItIma
2269 3318 2432 3381 ratio
2469 3317 2549 3380 ad
2599 3316 2720 3379 hoc
2762 3317 2877 3378 est.
2928 3313 3321 3396 Impossibile
3362 3317 3458 3378 est

1913 3425 2083 3508 quod
2111 3424 2302 3489 habet
2331 3442 2466 3487 esse
2499 3426 2639 3505 post
2680 3440 2812 3485 non
2847 3439 2980 3485 esse
2998 3469 3016 3500 ,
3046 3420 3282 3484 habere
3323 3438 3458 3486 esse

1913 3539 2252 3610 aeternum,
2293 3531 2598 3614 quoniam
2638 3531 2779 3594 haec
2806 3533 2899 3594 est
2924 3528 3270 3609 implicatio
3304 3524 3456 3593 c'on-

1914 3640 2343 3705 tradictionis⁸
2375 3641 2529 3703 :sed
2559 3638 2844 3702 mundus
2894 3638 3087 3701 habet
3138 3654 3272 3700 esse
3315 3640 3457 3719 post

1911 3764 2043 3811 non
2064 3764 2198 3811 esse
2222 3766 2239 3808 :
2266 3763 2422 3826 ergo
2440 3744 2825 3828 impossihile
2847 3746 2941 3806 est
2959 3760 3095 3807 esse
3114 3748 3451 3809 aeternum.

1914 3853 2094 3930 Quod
2115 3858 2332 3917 autem
2359 3852 2589 3916 habeat
2615 3870 2748 3915 esse
2775 3855 2916 3933 post
2940 3868 3073 3914 non
3108 3866 3266 3927 esse,
3303 3869 3455 3933 pro-

1911 3961 2101 4025 batur
2145 3961 2274 4023 sic:
2308 3960 2510 4023 Omne
2551 3958 2707 4022 illud
2741 3956 2912 4040 quod
2953 3957 3231 4022 totaliter
3262 3958 3456 4025 habet

1911 4089 2045 4135 esse
2072 4071 2154 4135 ab
2193 4070 2406 4152 aliquo
2444 4070 2721 4132 donante
2759 4086 2873 4150 per
2907 4068 3270 4145 essentiam,
3300 4087 3452 4150 pro-

1909 4178 2164 4243 ducitur
2200 4177 2282 4240 ab
2313 4177 2422 4240 illo
2449 4194 2533 4240 ex
2559 4174 2795 4239 nihilo:
2835 4175 2945 4239 sed
2973 4175 3258 4239 mundus
3287 4178 3452 4240 tota-

1908 4287 2050 4350 liter
2088 4286 2280 4349 habet
2321 4302 2456 4348 esse
2495 4302 2535 4347 a
2575 4282 2741 4347 Deo:
2790 4281 2900 4347 sed
2938 4300 3073 4347 non
3116 4298 3199 4344 ex
3249 4282 3449 4347 nihilo

1910 4395 2343 4473 materialiter,
2359 4410 2479 4455 nec
2493 4390 2826 4455 causaliter
2843 4407 2860 4452 :
2884 4406 3042 4471 ergo
3060 4388 3446 4455 ordinaliter.

1909 4501 2090 4579 Quod
2116 4505 2329 4566 autem
2356 4516 2548 4564 omne
2574 4497 2745 4579 quod
2780 4496 3056 4580 totaIIter
3081 4496 3451 4580 producitur

1908 4610 1990 4673 ah
2030 4609 2246 4690 aliquo
2280 4606 2609 4671 differente
2644 4621 2758 4685 per
2802 4603 3136 4667 essentiam
3151 4652 3169 4683 ‚
3219 4603 3450 4669 habeat

1909 4733 2043 4779 esse
2084 4732 2165 4778 ex
2196 4712 2394 4776 nihilo
2408 4759 2426 4789 ‚
2462 4716 2683 4793 patens
2717 4713 2846 4775 est:
2895 4728 3046 4773 nam
3076 4709 3247 4792 quod
3283 4712 3448 4774 tota-

1906 4820 2050 4883 liter
2067 4818 2459 4902 producitur,
2487 4814 2863 4898 producitur
2885 4814 3237 4880 secundum
3257 4820 3450 4881 mate-

1907 4927 2073 4990 riam
2098 4931 2162 4992 et
2191 4926 2496 4989 formam:
2529 4923 2640 4987 sed
2675 4922 2942 4986 materia
2975 4940 3107 4986 non
3140 4922 3333 4987 habet
3366 4942 3450 4988 ex

1909 5057 2038 5121 quo
2082 5038 2495 5121 producatur,
2543 5035 2695 5118 quia
2729 5052 2861 5100 non
2902 5052 2984 5098 ex
3026 5032 3189 5098 Deo:
3234 5035 3448 5098 mani-

1909 5145 2141 5210 festum
2192 5149 2287 5210 est
2328 5145 2529 5226 igitur
2546 5190 2565 5223 ‚
2616 5140 2787 5224 quod
2831 5159 2914 5205 ex
2966 5140 3189 5205 nihilo·
3243 5140 3449 5208 Minor

1909 5305 2106 5428 Physic5.
2147 5304 2235 5355 lib,
2265 5305 2305 5354 ΙΙ
2326 5342 2345 5368 ,
2389 5306 2531 5354 cont.
2566 5299 2773 5352 24.—⁸
2795 5299 2891 5365 ld.,
2934 5300 3132 5365 Physic.
3169 5301 3446 5371 lin-vm,

1914 5384 2054 5429 cont.
2110 5414 2121 5426 .
