4125 6225
1351 386 1548 455 ms‘r.
1592 387 1694 454 lx.
1739 388 1920 456 ΛΒΤ.
1965 389 2016 456 1.
2067 338 2519 470 QUAESTsm.
3413 401 3524 463 471

287 540 434 589 non
481 526 648 588 erat
687 523 811 588 nisi
855 524 1211 614 secundum
1255 522 1381 607 mai
1389 542 1566 589 orem
1605 525 1881 610 depura-

286 632 571 698 tionem
603 633 867 710 animae,
891 638 955 697 et
975 634 1416 699 remissionem
1440 635 1885 718 concupiscen-

288 742 410 806 tiae
430 790 452 822 ,
506 759 677 824 quae
714 741 962 806 obsistit
1003 760 1085 805 ne
1119 741 1337 806 anima
1379 743 1576 826 possit
1611 745 1883 827 perfecte

289 850 434 915 Deo
478 851 681 914 uniri
716 873 730 914 :
776 852 839 914 et
871 849 1013 914 ideo
1034 898 1052 929 ,
1082 851 1593 934 concupiscentia
1621 852 1883 917 omnino

293 958 654 1048 extincta,
703 960 918 1023 anima
953 963 1207 1025 tantum
1235 962 1461 1026 unitur
1486 962 1644 1041 Deo,
1674 982 1884 1046 quan-

292 1070 454 1131 tum
503 1070 664 1150 ejus
705 1071 908 1151 potest
941 1067 1178 1132 elevari
1218 1072 1448 1134 natura
1469 1118 1487 1150 ‚
1532 1073 1596 1134 et
1639 1072 1884 1135 tantam

293 1175 567 1240 dicitur
609 1176 846 1240 habere
881 1174 1156 1257 gratiam
1199 1198 1214 1239 :
1246 1179 1311 1239 et
1352 1176 1492 1241 ideo
1520 1178 1880 1260 ponebant,

296 1283 496 1367 quod
540 1284 770 1348 anima
805 1284 1080 1348 finaliter
1122 1302 1270 1366 quae
1310 1284 1575 1349 meliora
1612 1284 1889 1350 habebat

299 1391 656 1455 naturalia
673 1439 692 1470 ‚
747 1395 1057 1474 majorem
1107 1392 1369 1456 haberet
1418 1391 1715 1474 gratiam.
1765 1391 1888 1457 Sed

67 1484 272 1584 fflgm·
300 1499 433 1583 huj
446 1517 536 1562 us
568 1499 902 1583 positionis
940 1500 1429 1565 fundamentum
1454 1473 1889 1584 improbatum

306 1610 409 1670 est
442 1605 524 1669 in
569 1607 784 1688 primo
817 1606 982 1671 libro
1011 1609 1028 1642 ¹
1047 1655 1066 1688 ,
1097 1610 1160 1671 et
1195 1606 1471 1690 amplius
1496 1605 1889 1690 improbabi-

304 1718 428 1777 tur
485 1714 706 1791 infra,
760 1714 1158 1778 distinctione
1208 1733 1390 1780 xxv1.
1458 1712 1602 1798 Ipsa
1669 1718 1887 1780 autem

305 1822 564 1905 positio
587 1821 667 1886 de
688 1840 756 1886 se
776 1821 1208 1905 improbabilis
1232 1825 1347 1901 est,
1371 1825 1432 1885 et
1449 1825 1670 1886 contra
1687 1823 1889 1887 bonos

306 1948 547 1995 mores
573 1949 711 1995 esse
737 1931 991 1996 videtur
1022 1950 1039 1995 τ
1070 1930 1228 1994 dum
1264 1933 1516 1995 tantum
1537 1932 1761 1996 tribuit
1787 1932 1846 1996 ei
1868 1981 1886 2010 ,

308 2037 434 2121 qui
491 2057 737 2122 parum
784 2037 1031 2103 laborat
1083 2040 1146 2103 et
1196 2057 1431 2121 parum
1480 2038 1609 2103 Deo
1660 2040 1886 2120 servit,

310 2151 661 2230 quantum
686 2146 766 2223 ei,
795 2147 909 2231 qui
936 2147 1143 2228 magis
1165 2168 1183 2225 ;
1218 2147 1352 2210 imo
1375 2147 1540 2230 plus,
1565 2146 1620 2210 si
1645 2149 1892 2229 majora

311 2254 571 2319 habeat
595 2254 932 2330 naturalia,
965 2256 1026 2317 et
1052 2257 1410 2337 perseveret
1432 2257 1513 2334 (a)
1543 2255 1611 2318 in
1641 2255 1887 2336 gratia:

318 2363 508 2447 quod
539 2362 807 2428 omnino
833 2362 1183 2427 absurdum
1220 2366 1348 2443 est,
1378 2366 1442 2427 et
1467 2382 1581 2447 per
1616 2364 1894 2429 rationes

323 2471 776 2555 praecedentes
818 2470 1251 2553 improbatum
1304 2491 1320 2533 ε
1370 2475 1434 2534 et
1479 2469 1619 2534 ideo
1668 2489 1894 2535 conce-

327 2578 573 2644 dendae
599 2581 748 2641 sunt
770 2577 1045 2642 rationes
1071 2595 1217 2659 quae
1245 2576 1368 2641 hoc
1388 2577 1753 2642 ostendunt.
1785 2576 1893 2641 Ul-

329 2688 502 2755 tima
544 2691 763 2751 tamen
798 2686 961 2750 ratio
995 2705 1127 2750 non
1163 2686 1365 2767 cogit,
1407 2685 1559 2768 quia
1588 2685 1656 2748 in
1685 2685 1897 2749 distri-

330 2798 615 2863 butione
640 2797 998 2879 gratiarum
1015 2815 1136 2861 nec
1158 2795 1468 2878 capacitas
1485 2800 1757 2876 naturae,
1777 2815 1898 2862 nec

333 2909 486 2991 ejus
531 2904 890 2987 indigentia
928 2905 1360 2988 principaliter
1401 2906 1738 2988 pensatur3
1786 2905 1896 2970 sed

337 3014 590 3078 divinae
633 3013 1203 3096 praedestinationis
1242 3013 1565 3096 dispositio
1611 3016 1674 3076 et
1712 3032 1898 3078 men-

334 3142 523 3201 sura,
551 3124 905 3187 secundum
933 3142 1129 3206 quam
1153 3122 1424 3206 partitur
1446 3121 1612 3185 Deus
1638 3137 1898 3187 mensu-

338 3248 490 3297 ram
519 3230 699 3314 fidei,
729 3230 895 3296 sicut
915 3230 1068 3295 dicit
1092 3230 1432 3313 Apostolus
1457 3230 1504 3307 ²,
1543 3229 1898 3295 secundum

335 3342 524 3423 quod
561 3342 631 3404 in
671 3359 791 3405 sua
827 3340 1381 3424 praedestinatione
1410 3357 1671 3404 mensus
1697 3343 1790 3402 est
1813 3340 1893 3404 ei.

424 3455 457 3512 1
473 3499 488 3515 .
528 3449 629 3515 Ad
656 3449 816 3513 illud
842 3449 1013 3531 quod
1054 3448 1350 3530 oincitur
1373 3447 1445 3511 in
1471 3448 1895 3527 contrarium,

337 3560 523 3642 quod
566 3559 736 3624 dedit
781 3557 1131 3639 unicuique
1177 3557 1531 3621 secundum
1572 3557 1899 3641 propriam

338 3667 694 3746 virtutem3
741 3665 1084 3730 dicendum
1126 3666 1296 3747 quod
1344 3663 1690 3730 secundum
1748 3664 1901 3728 dicit

340 3774 436 3836 ibi
464 3773 867 3838 solummodo
891 3790 1148 3836 causam
1175 3772 1613 3855 disponentem
1643 3771 1722 3835 de
1744 3790 1899 3835 con-

345 3899 546 3963 gruo.
592 3880 670 3945 Et
702 3881 937 3945 iterum
973 3880 1184 3946 virtus
1211 3879 1300 3942 ibi
1331 3883 1600 3944 vocatur
1636 3882 1901 3943 conatus

348 3988 582 4068 cordia,
614 3987 883 4070 quinon
909 3986 1118 4050 solum
1142 3986 1293 4051 dicit
1317 3986 1747 4069 capacitatem,
1790 3986 1900 4051 sed

347 4095 550 4159 etiam
611 4093 924 4159 actualem
976 4095 1507 4177 praeparationem
1569 4115 1584 4156 :
1642 4096 1706 4156 et
1755 4093 1900 4159 ideo

349 4203 699 4267 auctoritas
726 4202 832 4266 illa
858 4219 992 4265 non
1017 4198 1209 4282 cogit.
1822 4227 1838 4243 ·

435 4314 499 4373 2.
529 4309 629 4373 Ad
667 4308 824 4373 illud
863 4308 1036 4392 quod
1074 4309 1176 4391 obj
1187 4308 1372 4372 icitur
1412 4308 1491 4373 de
1529 4307 1900 4373 auctoritate

353 4416 646 4500 Magistri
667 4468 685 4499 ,
715 4416 1007 4481 similiter
1031 4416 1375 4481 dicendum
1412 4417 1580 4500 quod
1626 4416 1717 4480 ibi
1754 4417 1904 4482 dicit

354 4526 834 4608 dispositionem
873 4526 952 4590 de
992 4543 1283 4606 congruo
1339 4546 1355 4589 t
1395 4527 1458 4589 et
1492 4525 1704 4608 magis
1743 4544 1903 4589 con-

359 4652 596 4716 gruam
649 4633 1126 4718 dispositionem
1175 4634 1325 4699 dicit
1375 4635 1540 4699 circa
1591 4633 1855 4716 angelos
1880 4683 1899 4714 ‚

361 4761 560 4825 quam
604 4743 772 4809 circa
820 4743 1115 4807 homines
1133 4792 1149 4823 ,
1205 4744 1284 4808 de
1333 4744 1567 4827 quibus
1620 4744 1907 4827 loquitur

274 4850 302 4923 s
363 4847 686 4931 Magister.
718 4848 877 4914 Boni
902 4850 1080 4914 enim
1129 4851 1378 4931 angeli,
1428 4850 1541 4933 qui
1579 4851 1661 4915 ad
1701 4850 1905 4915 Deum

366 4959 658 5022 conversi
682 4963 866 5039 sunt,
910 4959 1262 5023 secundum
1301 4959 1424 5023 hoc
1449 4959 1596 5041 plus
1635 4977 1703 5023 se
1732 4978 1906 5042 prae-

365 5069 798 5145 paraverunt,
826 5066 1179 5131 secundum
1215 5066 1389 5149 quod
1413 5065 1677 5130 meliora
1715 5068 1906 5129 natu-

367 5171 527 5236 ralia
546 5171 917 5238 habuerunt
939 5196 955 5238 ι
982 5174 1135 5256 quia
1155 5173 1424 5256 quilibet
1443 5173 1821 5238 movebatur
1838 5172 1908 5236 in

372 5278 577 5345 Deum
629 5282 982 5346 secundum
1042 5282 1250 5346 totum
1308 5281 1513 5346 cordis
1567 5285 1864 5346 conatum
1882 5331 1900 5361 ,

442 5407 460 5441 ¹
481 5407 611 5458 Dist.
629 5418 762 5460 xvn,
785 5410 880 5459 art.
909 5410 958 5470 2,
983 5422 1034 5472 q.
1059 5418 1118 5457 11.
1151 5434 1212 5445 —
1233 5407 1258 5441 ¹
1281 5408 1442 5468 Rom„
1465 5418 1577 5471 xn,
1607 5410 1652 5457 3.
1671 5433 1734 5445 -
1760 5408 1783 5443 ⁸
1808 5408 1909 5458 An-

1990 545 2142 592 cum
2184 546 2316 593 non
2353 529 2618 595 haberet
2661 530 3154 596 retardationem
3200 552 3219 596 t
3265 549 3400 597 non
3442 531 3534 597 sic

1990 637 2209 700 autem
2234 636 2421 701 estin
2445 636 2818 702 hominibus
2848 657 2865 702 ε
2902 642 2968 703 et
2990 638 3134 703 ideo
3174 638 3285 703 illa
3311 643 3529 705 aucto-

1989 746 2146 810 ritas
2173 747 2405 829 exponi
2432 748 2638 829 debet,
2669 747 2966 832 ampliari
2984 737 3123 814 'non
3148 749 3352 815 debet.

2073 854 2134 914 3.
2164 851 2259 915 Ad
2286 853 2446 918 illud
2482 855 2654 938 quod
2681 856 3004 939 objicitur,
3038 858 3210 939 quod
3251 856 3536 922 materiae

1993 957 2225 1023 melius
2256 959 2571 1044 dispositae
2609 962 2923 1046 imprimit
2955 964 3123 1030 Deus
3158 965 3535 1032 nobiliorem

1992 1064 2299 1148 formam3
2320 1068 2662 1134 dicendum
2680 1073 2850 1154 quod
2870 1091 3001 1137 non
3018 1077 3115 1138 est
3132 1073 3361 1152 simile,
3383 1074 3538 1158 quia

1994 1172 2260 1238 materia
2306 1174 2665 1259 disponitur
2718 1180 2798 1244 ad
2850 1179 3125 1244 formam
3178 1182 3539 1247 naturalem

1995 1280 2398 1364 dispositione
2434 1303 2581 1368 quae
2624 1289 2717 1350 est
2756 1288 3093 1353 necessitas
3122 1306 3139 1352 ε
3179 1289 3289 1353 sed
3330 1291 3539 1372 major

1994 1390 2306 1472 capacitas
2330 1393 2723 1458 naturalium
2748 1414 2879 1460 non
2912 1395 3189 1479 disponit
3223 1397 3303 1462 ad
3333 1400 3540 1481 majo-

1995 1514 2135 1562 rem
2180 1499 2455 1580 gratiam
2500 1502 2902 1586 dispositione
2957 1504 3346 1569 necessitatis
3368 1553 3386 1582 ,
3430 1505 3541 1570 sed

1996 1606 2207 1670 solum
2237 1609 2652 1690 congruitatis
2684 1633 2698 1674 :
2734 1614 2797 1675 et
2831 1612 2985 1694 quia
3023 1612 3348 1695 dispositio
3385 1631 3573 1677 con--

1996 1701 2297 1795 gruitat'is
2322 1716 2542 1780 multis
2579 1717 2784 1782 modis
2813 1721 3019 1802 potest
3057 1718 3376 1802 impediri,
3406 1718 3542 1787 sive

1997 1839 2113 1902 per
2136 1821 2498 1904 oppositum
2517 1872 2534 1900 ,
2564 1824 2700 1888 sive
2726 1842 2842 1906 per
2878 1825 3187 1906 majorem
3231 1826 3544 1907 congrui-

1996 1929 2216 2009 tatem,
2244 1948 2393 2012 quae
2422 1933 2623 2013 potest
2645 1949 2727 1996 ex
2750 1931 2963 2014 aliquo
2986 1930 3304 1996 accidente
3326 1949 3546 2014 super-

1997 2037 2219 2102 venire
2250 2037 2321 2101 in
2354 2038 2513 2119 alio;
2545 2039 2687 2104 ideo
2716 2039 2823 2104 illa
2850 2040 3012 2104 ratio
3039 2058 3170 2104 non
3201 2041 3541 2107 concludit.

2081 2148 2140 2207 4.
2185 2143 2283 2210 Ad
2321 2145 2482 2211 illud
2522 2147 2695 2229 quod
2740 2147 3043 2231 objicitur
3061 2195 3078 2228 ,
3128 2147 3300 2230 quod
3348 2147 3544 2213 homo

1999 2263 2131 2314 non
2162 2251 2354 2317 habet
2375 2254 2675 2336 gratiam,
2705 2255 2860 2337 quia
2881 2273 3016 2319 non
3042 2255 3302 2338 accipit;
3331 2254 3546 2320 dicen-

1999 2358 2160 2423 dum
2192 2361 2364 2442 quod
2402 2380 2632 2427 verum
2663 2364 2759 2425 est
2789 2383 2804 2425 :
2846 2362 2955 2426 sed
2988 2345 3077 2426 ¹ex
3115 2361 3240 2427 hoc
3276 2380 3411 2426 non
3442 2380 3542 2427 se-

2000 2465 2222 2549 quitur
2247 2467 2419 2550 quod
2458 2467 2599 2531 ideo
2631 2467 2824 2531 habet
2861 2469 3140 2550 gratiam
3157 2517 3175 2546 ,
3205 2469 3360 2551 quia
3388 2470 3549 2534 acci-

2000 2573 2131 2656 pit:
2155 2573 2321 2637 sicut
2344 2574 2493 2640 dicit
2519 2575 2859 2639 Anselmus
2875 2577 2921 2655 ³,
2946 2577 3101 2659 quia
3121 2576 3189 2640 in
3212 2578 3549 2660 privativis

2002 2683 2064 2744 et
2090 2681 2568 2746 contradictorie
2602 2682 2903 2765 oppositis
2937 2702 3071 2760 non
3111 2688 3286 2749 tenet
3324 2704 3550 2751 conse-

2003 2788 2262 2871 quentia
2293 2789 2361 2852 in
2405 2789 2543 2872 ipso
2562 2837 2579 2868 ,
2623 2789 2731 2853 sed
2773 2807 2809 2852 e
2855 2807 3158 2855 converso
3204 2810 3220 2852 z
3258 2795 3320 2856 et
3367 2792 3544 2876 ideo,

2003 2896 2169 2960 sicut
2200 2915 2333 2961 non
2370 2896 2736 2961 conceditur
2776 2897 2948 2980 quod
2976 2900 3288 2982 majorem
3320 2899 3551 2966 habeat

2003 3003 2301 3086 gratiam,
2330 3004 2482 3087 quia
2508 3005 2769 3088 accipit;
2800 3005 2889 3069 sic
2918 3023 3050 3070 non
3085 3010 3181 3071 est
3201 3008 3546 3072 conceden-

2006 3114 2164 3179 dum
2188 3114 2360 3196 quod
2387 3116 2699 3198 majorem
2725 3114 2955 3178 habeat
2979 3114 3257 3196 gratiam
3290 3134 3372 3180 ex
3409 3136 3551 3181 ma·

1999 3222 2129 3304 jori
2151 3222 2511 3305 capacitate.

2090 3333 2149 3393 5.
2190 3329 2287 3393 Ad
2329 3329 2489 3393 illud
2528 3328 2701 3412 quod
2733 3329 3066 3412 objicitur,
3105 3331 3278 3412 quod
3318 3334 3555 3396 natura

2007 3436 2284 3519 disponit
2309 3436 2388 3500 ad
2424 3436 2737 3518 gratiam3
2769 3436 3144 3516 dicendum,
3187 3437 3352 3501 sicut
3377 3438 3554 3502 dice·-

2006 3548 2219 3626 batur,
2243 3546 2415 3629 quod
2444 3564 2578 3609 non
2601 3548 2695 3609 est
2723 3544 2954 3621 simile,
2985 3544 3138 3627 quia
3161 3548 3391 3610 natura
3420 3564 3553 3611 non

2008 3659 2099 3723 sic
2122 3662 2405 3722 meretur
2432 3659 2729 3738 gratiam,
2759 3656 2922 3720 sicut
2942 3656 3151 3738 gratia
3172 3656 3468 3738 gloriam.

2088 3770 2149 3831 6.
2184 3766 2282 3831 Ad
2319 3765 2475 3828 illud
2517 3782 2671 3828 vero
2705 3762 2874 3845 quod
2919 3761 3339 3845 subiungitur
3381 3762 3555 3845 quod

2009 3872 2218 3956 gloria
2263 3874 2509 3956 perficit
2558 3877 2758 3938 totam
2810 3872 3220 3956 capacitatem
3263 3875 3513 3936 naturae
3530 3919 3550 3952 ,

2009 3981 2349 4045 dicendum
2382 3980 2553 4064 quod
2568 4029 2587 4061 ,
2612 3980 2777 4044 sicut
2802 3980 3007 4044 forma
3032 3979 3276 4062 perficit
3304 3979 3555 4061 capaci-

2008 4091 2207 4154 tatem
2250 4088 2534 4153 materiae
2573 4106 2705 4152 non
2748 4086 3117 4169 simpliciter
3140 4135 3157 4166 ‚
3204 4085 3315 4150 sed
3363 4087 3557 4168 prout

2010 4196 2215 4278 exigit
2242 4196 2564 4279 dispositio
2587 4194 3057 4279 superinducta,
3080 4194 3169 4257 sic
3191 4192 3400 4274 gloria
3418 4210 3556 4274 per·

2010 4306 2145 4370 ficit
2166 4308 2463 4370 naturam
2490 4323 2623 4369 non
2648 4302 3038 4386 simpliciter,
3066 4301 3175 4366 sed
3201 4302 3554 4391 secundum

2012 4415 2185 4497 quod
2212 4413 2511 4497 exigebat
2535 4412 2766 4495 gratia,
2790 4429 2937 4495 quae
2961 4410 3142 4494 prius
3158 4409 3362 4474 libero
3383 4409 3559 4473 arbi-

2012 4523 2136 4587 trio
2192 4524 2338 4587 data
2388 4525 2545 4587 erat.
2592 4521 2753 4586 Cum
2798 4524 3013 4585 autem
3054 4518 3143 4584 sic
3185 4504 3551 4603 perficitur,

2013 4632 2401 4696 sufficienter
2433 4628 2706 4713 perfecta
2731 4631 2825 4692 est
2841 4677 2859 4709 ,
2889 4625 3043 4710 quia
3077 4626 3388 4691 rectitudo
3408 4629 3552 4710 jus-

2015 4738 2171 4802 titiae
2196 4737 2428 4802 limitat
2451 4737 2802 4820 appetitum
2824 4739 3100 4812 naturae,
3126 4736 3202 4799 ut
3225 4751 3360 4798 non
3384 4734 3558 4800 ultra

2016 4851 2300 4931 appetat,
2350 4864 2550 4929 quam
2587 4844 2800 4927 gratia
2837 4841 3225 4926 promeruit,
3275 4841 3559 4907 maxime

2016 4974 2169 5021 cum
2197 4946 2381 5040 plene
2405 4954 2677 5020 sufficiat
2701 4952 2876 5037 quod
2900 4951 3067 5016 Deus
3086 4949 3207 5015 sibi
3237 4949 3556 5017 retribuit.

2099 5069 2161 5129 7.
2189 5064 2288 5128 Ad
2329 5063 2490 5128 illud
2535 5061 2708 5145 quod
2734 5060 2964 5124 ultimo
3008 5057 3343 5141 objicitur,
3385 5057 3557 5140 quod

2018 5171 2329 5256 capacitas
2352 5173 2605 5235 naturae
2632 5168 2965 5233 ordinatur
2986 5166 3067 5231 ad
3092 5164 3366 5248 gloriam
3396 5166 3560 5231 fina-

2019 5334 2186 5398 selm„
2213 5332 2274 5383 de
2304 5346 2422 5382 casu
2449 5328 2681 5391 Diaboli,
2708 5342 2753 5378 c.
2790 5339 2870 5378 ln.
2908 5326 3037 5379 Vide
3072 5330 3245 5379 tamen
3290 5325 3345 5376 in
3374 5324 3464 5376 lib.
3495 5324 3513 5374 Ι
3538 5361 3555 5390 ,

2020 5407 2137 5458 dist.
2159 5418 2245 5457 11..
2265 5430 2329 5443 —
2357 5403 2421 5468 (α)
2443 5401 2520 5453 ΑΙ.
2550 5402 2863 5465 perseverat.
