4125 6225
341 1125 350 1134 .
431 1087 499 1130 Ad
517 1099 619 1144 opp.

666 426 785 487 588

662 559 806 623 tum
834 556 1032 633 aeris,
1061 555 1152 619 ita
1179 552 1523 618 luminaria
1565 553 1647 618 ad
1674 555 1978 617 ornatum
2005 550 2146 614 coeli
2179 571 2194 613 :

662 665 770 729 sed
815 682 1024 729 unum
1062 666 1160 727 est
1200 678 1429 744 corpus
1475 659 1639 724 aeris
1656 708 1675 740 ,
1732 660 1904 743 quod
1938 661 2209 723 ornatur

662 771 962 837 omnibus
1005 770 1233 834 avibus
1274 787 1292 831 ε
1340 785 1498 849 ergo
1534 767 1675 850 pari
1705 766 1948 830 ratione
1995 783 2205 829 unum

664 895 894 960 corpus
929 878 1072 942 eoeli
1091 924 1111 955 ,
1139 875 1314 959 quod
1360 878 1626 939 ornatur
1672 873 1971 939 omnibus
2010 871 2209 935 lumi-1

661 985 951 1050 naribus..

742 1092 842 1156 Ad
868 1091 1231 1175 oppositum
1257 1091 1555 1173 arguitur
1588 1089 1680 1153 sic
1726 1110 1740 1152 ε
1784 1093 1837 1150 1.
1881 1084 2205 1150 Numerus

665 1201 845 1265 venit
885 1201 956 1262 in
981 1199 1353 1282 corporibus
1378 1200 1433 1281 ej
1445 1197 1668 1262 usdem
1715 1199 1964 1259 naturae
2003 1210 2087 1255 ex
2108 1191 2205 1256 di-

663 1308 908 1374 visione
934 1307 1218 1371 continui
1253 1324 1269 1369 :
1309 1306 1418 1370 sed
1455 1305 1640 1369 orbes
1670 1303 2071 1386 planetarum
2107 1301 2202 1366 di—

664 1418 900 1479 cuntur
922 1432 1056 1478 esse
1083 1418 1323 1497 septem
1351 1416 1485 1476 tam
1502 1431 1541 1476 a
1567 1410 1985 1484 naturalibUS‚
2007 1426 2205 1491 quam

664 1507 1124 1585 mathematicis
1151 1539 1167 1583 :
1198 1539 1357 1602 ergo
1378 1524 1532 1583 sunt
1550 1518 1931 1583 discontinui
1960 1516 2206 1596 :igitur

586 1685 598 1708 ,
662 1629 1008 1695 luminaria
1034 1628 1175 1693 coeli
1204 1646 1334 1692 non
1375 1627 1626 1691 suntin
1668 1626 1891 1690 eodem
1939 1641 2205 1707 corpore

662 1738 988 1802 continuo.
1039 1741 1044 1747 “

742 1850 803 1908 2.
847 1843 1004 1909 Item
1029 1842 1416 1927 impossibile
1442 1843 1538 1905 est
1579 1840 1708 1905 duo
1753 1857 2020 1922 corpora
2054 1855 2203 1920 quae

661 1957 1008 2018 moventur
1033 1951 1300 2017 diversis
1326 1948 1591 2014 omnino
1614 1952 1678 2012 et
1700 1946 2034 2030 disparatis
2064 1964 2204 2010 mo-

662 2061 852 2139 tibus,
883 2060 1237 2123 secundum
1255 2075 1447 2121 suum
1474 2060 1682 2120 totum
1703 2074 1839 2119 esse
1859 2054 2160 2118 continua
2181 2072 2198 2116 ε

661 2168 769 2233 sed
787 2169 970 2232 orbes
987 2168 1409 2249 planetarum,
1427 2165 1590 2228 sicut
1598 2164 1819 2227 dicunt
1829 2161 2198 2241 astronomi,

662 2280 1006 2340 moventur
1044 2276 1262 2338 contra
1301 2272 1598 2337 ultimam
1636 2271 1955 2352 sphaeram
1992 2291 2008 2333 z
2045 2287 2203 2351 ergo

660 2381 1050 2464 impossibile
1078 2385 1173 2444 est
1199 2380 1278 2444 ad
1302 2379 1578 2444 invicem
1605 2377 1985 2443 continuari.

741 2495 800 2554 3.
837 2490 997 2553 Item
1037 2489 1461 2552 Damascenns
1485 2486 1552 2549 in
1587 2484 2029 2549 numeratione
2068 2502 2203 2549 coe-

659 2601 870 2664 lorum
889 2598 1225 2678 distinguit
1239 2600 1260 2631 ¹
1284 2594 1519 2659 coelum
1541 2598 1782 2677 septem
1805 2592 2205 2674 planetarum

661 2726 702 2771 a
734 2707 891 2770 coelo
921 2705 1249 2769 stellarum
1294 2725 1310 2767 ι
1346 2702 1456 2766 sed
1483 2720 1618 2766 non
1661 2704 1863 2778 esset,
1894 2700 1947 2762 si
1974 2717 2207 2782 corpus

662 2812 821 2876 illud
840 2861 857 2892 ,
909 2813 977 2875 in
1005 2828 1134 2893 quo
1181 2813 1333 2874 sunt
1373 2807 1646 2892 planetae
1672 2810 1736 2871 et
1777 2804 1975 2869 stellae
1993 2853 2011 2882 ,
2041 2808 2208 2869 esset

663 2923 1042 2987 continuum
1077 2942 1092 2984 ι
1120 2937 1301 3002 ergo,
1329 2923 1446 2982 etc.

742 3034 804 3094 4.
837 3028 1016 3107 Item,
1044 3027 1099 3092 si
1126 3026 1344 3091 omnia
1379 3023 1728 3089 luminaria
1753 3026 1962 3088 essent
1995 3023 2063 3085 in
2092 3023 2206 3086 tir-

665 3140 989 3203 mamento
1019 3135 1224 3219 posita
1244 3184 1262 3214 ,
1304 3134 1394 3197 ita
1434 3132 1606 3216 quod
1644 3132 1716 3196 in
1764 3151 1897 3197 uno
1944 3150 2206 3214 corpore

663 3244 991 3321 continuo,
1021 3247 1176 3308 tunc
1216 3259 1439 3306 omnes
1475 3239 1671 3304 stellae
1699 3243 1907 3303 essent
1937 3240 2112 3316 flxae,
2143 3242 2210 3303 et

663 3353 861 3417 nullae
887 3351 1172 3416 erraticae
1201 3368 1218 3412 ε
1257 3349 1310 3412 si
1345 3366 1506 3429 ergo
1536 3347 1679 3413 aliae
1706 3348 2006 3413 dicuntur
2028 3349 2201 3425 fixae,

665 3461 805 3524 alise
847 3459 1134 3524 erraticae
1156 3507 1174 3538 ,
1205 3457 1461 3522 videtur
1509 3456 1680 3539 quod
1723 3456 1944 3538 positae
1983 3457 2206 3521 sintin

666 3568 790 3632 alio
818 3584 1102 3650 corpore.

747 3680 806 3740 5.
836 3676 870 3740 J
877 3679 1032 3739 uxta
1070 3675 1193 3739 hoc
1222 3674 1538 3756 quaeritur
1566 3690 1765 3755 quare
1792 3671 1957 3736 Deus
1991 3671 2207 3755 plures

664 3783 811 3847 fecit
824 3782 1053 3861 stellas,
1072 3800 1264 3865 quam
1280 3781 1512 3845 fecerat
1529 3780 1836 3863 planetas,
1852 3780 1985 3845 sive
2004 3798 2209 3862 quare

665 3892 882 3974 plures
910 3894 1060 3956 sunt
1088 3890 1284 3955 stellae
1309 3890 1482 3970 flxae,
1508 3907 1706 3971 quam
1731 3887 2043 3952 erraticae.

1210 4147 1658 4216 CONCLUSIO.

668 4306 801 4365 caelz·
831 4306 1131 4363 luminaria
1155 4306 1341 4378 posita
1364 4309 1491 4361 sunt
1516 4307 1579 4361 in
1597 4304 1853 4378 pluribus
1872 4302 2120 4368 orbibus,
2143 4305 2207 4359 in

735 4416 950 4473 corpore
979 4403 1159 4456 tamen
1183 4415 1290 4455 uno
1319 4401 1592 4465 continuo,
1615 4397 1758 4470 quod
1777 4400 1992 4454 nomine
2015 4399 2206 4467 firma-

737 4491 909 4546 menti
936 4489 1224 4561 Scriptura
1251 4492 1427 4544 vocat.

748 4648 932 4731 Resp.
968 4648 1047 4711 ad
1074 4648 1233 4729 Arg.
1257 4647 1357 4710 Ad
1379 4646 1829 4730 praedictorum
1846 4646 2209 4729 intelligen-

669 4757 829 4821 tiam
848 4760 942 4820 est
958 4755 1335 4834 notandum,
1360 4754 1530 4837 quod
1548 4754 1902 4818 secundum
1925 4771 2210 4820 commu·

670 4883 820 4929 nem
849 4863 1214 4946 opinionem
1241 4862 1640 4945 loquentium
1677 4862 1841 4926 circa
1881 4862 2047 4926 hanc
2072 4881 2208 4927 ma-

668 4971 898 5036 teriam
917 5019 933 5046 ,
974 4971 1110 5036 sive
1158 4969 1550 5035 naturalium
1572 5018 1589 5049 ,
1621 4972 1756 5034 sive
1796 4970 2210 5035 mathemati-

671 5098 896 5145 corum
911 5128 928 5157 ‚
973 5079 1319 5143 luminaria
1361 5079 1654 5143 locantur
1696 5078 1768 5141 in
1803 5078 2070 5142 diversis
2098 5096 2211 5142 or·-

670 5186 857 5251 bibus
887 5209 901 5250 :
939 5186 1079 5251 baec
1115 5192 1331 5252 autem
1375 5186 1723 5265 distinctio,
1762 5185 1896 5250 sive
1934 5185 2208 5250 diversi-

672 5296 768 5356 tas
794 5293 1071 5368 orbium,
1105 5295 1457 5359 secundum
1497 5293 1731 5357 melius
1755 5293 2208 5373 intelligente&

738 5418 757 5454 ⁸
779 5418 1034 5482 Damaso„
1059 5418 1119 5468 de
1134 5418 1259 5470 Fide
1278 5418 1495 5480 πτήσει,
1522 5418 1610 5470 lib.
1638 5420 1710 5483 ιι,
1741 5432 1789 5470 c.
1810 5430 1863 5471 vr
1891 5422 1943 5469 et
1959 5430 2051 5470 vn.

1796 411 2420 482 SENTENTIARUM
2459 415 2609 481 LIB.
2655 416 2732 481 11.

2311 568 2445 615 non
2478 551 2655 615 venit
2700 568 2783 615 ex
2823 549 3224 616 distinctione
3266 550 3621 616 formarum
3643 599 3661 631 ,
3691 553 3852 618 sicut

2313 658 2801 740 distinguuntur
2838 677 2949 723 aer
2993 662 3058 722 et
3110 676 3312 740 aqua3
3367 676 3485 723 nec
3537 659 3717 724 venit
3771 680 3854 725 ex

2311 765 2878 831 discontinuatione
2908 766 3287 849 superficiei,
3317 767 3482 832 sicut
3508 768 3856 850 distingui-

2311 879 2419 940 tur
2445 875 2606 959 lapis
2645 895 2685 940 a
2707 876 2913 960 lapide
2956 897 2971 940 ε
3022 875 3132 939 sed
3162 876 3342 940 venit
3375 894 3459 940 ex
3492 876 3854 942 diversitate

2313 989 2609 1049 motuum
2661 1007 2676 1049 ε
2734 984 3069 1049 diversitas
3116 986 3332 1048 autem
3373 986 3666 1049 motuum
3722 1004 3855 1051 non

2311 1092 2472 1157 tollit
2500 1092 2983 1156 continuitatem
3004 1092 3073 1155 in
3102 1110 3178 1156 eo
3198 1089 3367 1174 quod
3392 1094 3486 1155 est
3509 1092 3761 1169 subtile,
3791 1097 3855 1159 et

2311 1199 2393 1262 ad
2422 1201 2673 1263 motum
2723 1198 2933 1263 habile
2957 1245 2974 1276 ,
3016 1198 3180 1262 sicut
3223 1198 3549 1262 manifeste
3592 1205 3853 1282 apparet

2310 1305 2379 1370 in
2408 1324 2599 1389 aqua,
2620 1307 2877 1388 quando
2903 1305 3258 1388 secundum
3276 1306 3562 1371 diversas
3577 1307 3682 1370 sui
3705 1326 3853 1390 par·-

2311 1417 2405 1478 tes
2430 1416 2511 1478 ad
2538 1414 2822 1479 diversas
2849 1418 3149 1479 movetur
3177 1412 3523 1495 positiones
3536 1461 3553 1489 ,
3581 1418 3645 1477 et
3670 1414 3851 1479 simi-

2310 1522 2452 1586 liter
2478 1522 2547 1584 in
2574 1539 2741 1601 aere,
2773 1539 2854 1585 ex
2885 1521 3005 1584 hoc
3029 1524 3247 1585 tamen
3269 1537 3403 1583 non
3429 1519 3852 1588 discontinua-

2309 1633 2438 1694 tur.
2466 1629 2832 1694 Secundum
2865 1628 3032 1692 banc
3069 1628 3273 1709 igitur
3305 1627 3719 1710 positionem,
3747 1630 3850 1694 di-

2310 1736 2582 1802 cendum
2628 1741 2722 1800 est
2773 1736 3121 1800 luminaria
3161 1734 3303 1799 coeli
3343 1735 3549 1816 posita
3596 1755 3734 1802 esse
3783 1738 3852 1802 in

2310 1843 2604 1927 pluribus
2656 1845 2920 1909 orbibus
2947 1893 2966 1924 ,
3023 1844 3092 1907 in
3140 1861 3403 1926 corpore
3454 1847 3672 1907 tamen
3722 1863 3850 1908 uno

2310 1952 2643 2031 continu0,
2675 1954 2845 2035 quod
2876 1951 3201 2035 Scriptura
3233 1954 3417 2016 vocat
3451 1951 3715 2015 nomine
3742 1952 3853 2015 fir·

2310 2060 2661 2125 mamenti:
2694 2064 2760 2125 et
2785 2059 2926 2124 ideo
2955 2060 3101 2124 dicit
3126 2059 3345 2124 omnia
3369 2057 3714 2121 luminaria
3740 2077 3851 2141 po-

2308 2170 2428 2233 sita
2455 2187 2589 2234 esse
2618 2169 2689 2233 in
2714 2170 3117 2234 firmamento
3139 2168 3281 2233 coeli
3313 2191 3327 2234 :
3366 2170 3538 2234 unde
3574 2169 3853 2234 rationes

2310 2277 2389 2341 ad
2432 2276 2600 2340 hanc
2632 2281 2880 2359 partem
2915 2276 3192 2341 inductae
3222 2279 3374 2341 sunt
3408 2275 3846 2340 concedendae.

2392 2389 2451 2447 1.
2489 2383 2587 2448 Ad
2633 2385 2792 2449 illud
2836 2385 3010 2468 quod
3040 2383 3371 2465 objicitur,
3403 2384 3576 2467 quod
3615 2401 3855 2448 nume-

2310 2511 2423 2558 rus
2477 2496 2571 2557 est
2614 2511 2695 2557 ex
2755 2494 3068 2559 divisione
3122 2492 3450 2570 continui;
3511 2491 3851 2556 dicendum

2311 2601 2485 2682 quod
2511 2620 2739 2667 verum
2767 2604 2862 2666 est
2893 2601 2971 2666 de
3007 2601 3115 2665 illo
3141 2618 3436 2679 numero,
3462 2600 3536 2663 in
3561 2618 3692 2682 quo
3729 2619 3856 2665 nu-

2313 2710 2644 2769 merantur
2669 2723 2937 2789 corpora
2955 2705 3011 2787 ej
3020 2704 3512 2780 usdemnaturae
3529 2704 3597 2767 in
3618 2721 3855 2784 genere

2312 2813 2595 2892 entium3
2627 2814 2736 2878 sed
2768 2831 2897 2877 non
2937 2817 3030 2877 est
3054 2830 3285 2878 verum
3322 2811 3399 2876 de
3426 2829 3698 2876 numero
3726 2828 3856 2894 quo

2313 2925 2738 2985 numerantur
2783 2938 3051 3004 corpora
3095 2920 3166 2983 in
3213 2937 3451 3001 genere
3489 2918 3850 2984 mobilium.

2314 3026 2414 3092 Ad
2436 3027 2612 3092 bunc
2633 3028 2834 3110 igitur
2859 3045 3207 3092 numerum
3231 3025 3591 3090 faciendum
3622 3024 3859 3088 sufficit

2312 3136 2448 3201 sola
2476 3142 2775 3202 motuum
2803 3136 3158 3202 distinctio:
3187 3135 3364 3201 etsie
3392 3137 3488 3198 est
3514 3134 3585 3197 in
3617 3151 3855 3217 propo-

2314 3244 2455 3309 sito.

2395 3357 2455 3416 2.
2505 3351 2601 3416 Ad
2655 3351 2811 3416 illud
2858 3351 3029 3434 quod
3083 3349 3379 3433 objicitur
3400 3397 3417 3426 ,
3461 3348 3632 3432 quod
3673 3349 3858 3412 orbes

2314 3460 2716 3542 planetarum
2780 3463 3125 3524 moventur
3182 3457 3510 3523 contrariis
3578 3456 3859 3521 motibus

2315 3568 2586 3651 sphaerae
2623 3568 2868 3633 ultimae
2885 3616 2903 3645 ,
2934 3586 3093 3648 ergo
3115 3565 3710 3644 discontinuantur3
3754 3565 3857 3629 di-

2316 3677 2590 3742 cendum
2614 3677 2786 3758 quod
2826 3694 2959 3740 non
2986 3676 3276 3757 sequitur
3308 3695 3323 3737 ε
3360 3673 3484 3736 hoc
3527 3672 3700 3736 enim
3729 3690 3860 3736 non

2316 3783 2510 3848 habet
2534 3785 2869 3849 veritatem
2916 3783 3039 3846 nisi
3068 3785 3131 3846 in
3180 3799 3441 3864 corpore
3492 3780 3690 3844 solido
3726 3802 3739 3843 ε
3788 3781 3857 3843 in

2317 3909 2578 3974 corpore
2600 3890 2773 3955 enim
2806 3890 3021 3955 subtili
3056 3893 3121 3954 et
3144 3907 3322 3964 raro,
3364 3887 3527 3952 sicut
3568 3891 3664 3951 est
3692 3906 3859 3970 aqua

2318 4001 2382 4063 et
2406 4015 2537 4075 aer,
2567 3997 2965 4061 manifestam
2999 3995 3189 4060 habet
3219 3995 3612 4059 instantiam.
3656 3994 3731 4058 In
3755 3994 3858 4058 his

2317 4106 2492 4170 enim
2515 4105 2832 4171 distinctio
2851 4107 3054 4188 potest
3086 4103 3307 4169 venire
3333 4121 3373 4166 a
3394 4102 3631 4167 virtute
3657 4106 3858 4166 moto·

2316 4215 2429 4294 ris,
2460 4214 2635 4279 salva
2665 4213 3078 4288 continuitate
3109 4211 3362 4277 mobilis
3380 4259 3397 4290 ,
3440 4214 3699 4293 propter
3735 4209 3857 4274 hoc

2318 4323 2490 4407 quod
2517 4325 2613 4386 est
2639 4321 2922 4385 maxime
2948 4320 3249 4385 obediens
3284 4319 3518 4384 motori
3537 4366 3554 4395 ,
3583 4336 3704 4382 nec
3741 4318 3856 4382 ha·

2317 4432 2471 4496 bent
2498 4429 2901 4513 superficiem
2944 4429 3033 4492 sic
3060 4427 3469 4493 terminatam
3494 4474 3511 4503 ‚
3541 4425 3708 4491 sicut
3742 4426 3858 4489 ha-

2318 4539 2469 4603 bent
2507 4556 2773 4621 corpora
2813 4537 3010 4602 solida
3051 4554 3068 4600 ε
3120 4538 3184 4600 et
3226 4534 3385 4599 illud
3430 4537 3602 4617 patet
3646 4534 3853 4616 plane,

2319 4664 2471 4711 cum
2498 4647 2627 4712 duo
2652 4645 2827 4710 venti
2855 4643 3124 4727 oppositi
3164 4641 3435 4726 perflant
3472 4640 3544 4704 in
3570 4659 3741 4719 aere,
3773 4641 3860 4704 ita

2320 4754 2493 4837 quod
2520 4770 2689 4817 unus
2711 4752 3002 4835 desuper,
3031 4754 3095 4815 et
3117 4751 3276 4814 alter
3301 4750 3542 4814 subter.

2401 4866 2459 4926 3.
2486 4861 2586 4924 Ad
2610 4859 2762 4924 illud
2807 4859 2980 4943 quod
3006 4857 3307 4940 objicitur
3341 4857 3420 4922 de
3446 4854 3855 4932 DamascenO,

2321 4971 2491 5053 quod
2517 4970 2750 5034 coelum
2791 4968 3191 5051 planetarum
3223 4963 3642 5045 distinguitur
3683 4983 3722 5028 a
3748 4965 3859 5028 fir-

2320 5080 2679 5156 mamento;
2721 5075 3063 5140 dicendum
3105 5071 3275 5156 quod
3312 5070 3626 5136 distinctio
3669 5071 3861 5136 coelo·

2320 5204 2469 5251 rum
2497 5184 2642 5267 plus
2667 5183 3017 5248 attenditur
3040 5179 3396 5244 secundum
3421 5179 3854 5243 diversitatem

2321 5292 2781 5379 proprietatum
2808 5293 2874 5354 et
2897 5292 3193 5355 motuum
3209 5335 3228 5366 ,
3262 5304 3457 5368 quam
3499 5286 3861 5351 attendatur

2323 5399 2677 5469 secundum
2711 5395 3350 5473 discontinuationem
3374 5410 3717 5478 corporum
3734 5441 3755 5474 ,
3782 5393 3863 5457 li-
