4125 6225
762 517 882 581 452

759 648 1190 715 mineralium.
1222 646 1302 712 Et
1340 646 1493 730 quia
1538 645 1657 711 iste
1701 647 1932 713 modus
1973 667 2108 714 non
2149 651 2300 716 latet

755 757 1101 834 daemones,
1133 759 1196 821 et
1216 757 1365 821 sunt
1395 753 1671 818 ministri
1697 754 1945 821 veloces
1961 805 1981 837 ,
2010 761 2300 840 potentes

754 884 904 950 quae
929 864 1280 931 necessarIa
1306 868 1457 928 sunt
1483 862 1562 928 ad
1601 863 1743 927 haec
1781 865 1995 929 statim
2039 868 2292 947 offerre,

751 972 893 1039 ideo
946 991 1172 1039 sensus
1226 974 1477 1037 nostros
1529 970 1894 1053 frequenter
1944 972 2291 1055 deludunt,

752 1081 1150 1146 ostendentes
1191 1098 1331 1145 rem
1360 1077 1542 1143 aliter
1578 1096 1775 1161 quam
1804 1079 1915 1159 sit,
1956 1078 2113 1143 dum
2151 1093 2295 1142 eam

751 1188 994 1254 faciunt
1050 1188 1232 1254 aliter
1279 1205 1476 1271 quam
1529 1204 1596 1250 se
1646 1186 1879 1251 habeat
1921 1204 2226 1271 apparere
2273 1208 2289 1249 ι

753 1295 925 1379 quod
950 1295 1213 1378 quidem
1241 1296 1315 1359 fit
1339 1311 1454 1378 per
1484 1293 1903 1359 variationem
1940 1294 2291 1375 modicam,

750 1403 1109 1468 inducendo
1133 1421 1278 1468 eam
1319 1401 1486 1466 circa
1530 1419 1852 1483 organum
1876 1451 1894 1481 ,
1938 1402 2043 1467 vel
2087 1402 2298 1485 objec-

747 1513 891 1576 tum
920 1532 936 1575 z
965 1528 1114 1593 quae
1159 1509 1420 1593 quidem
1455 1508 1723 1575 variatio
1750 1528 1882 1574 non
1931 1498 2296 1575 mutat'for-

747 1636 946 1698 mam,
975 1617 1084 1683 sed
1119 1617 1330 1683 solum
1370 1620 1572 1682 estex
1614 1616 1893 1699 quadam
1927 1617 2296 1682 accidentali

746 1724 1168 1803 adhaerentia,
1198 1728 1264 1789 et
1306 1727 1401 1789 est
1428 1728 1502 1788 ut
1528 1724 1770 1808 passio,
1811 1744 1944 1791 non
1982 1725 2297 1809 passibilis

507 1825 721 1935 mmm
747 1834 1040 1916 qualitas,
1071 1831 1360 1897 Tertium
1401 1833 1668 1897 modum
1707 1832 1798 1896 sic
1834 1850 2175 1915 possumus
2199 1833 2296 1896 in-

746 1946 1096 2028 telligere:
1143 1943 1265 2009 Res
1305 1943 1660 2027 siquidem,
1703 1963 1852 2028 quae
1891 1947 2124 2028 praesto
2175 1947 2291 2025 est,

745 2069 1008 2118 sensum
1046 2055 1340 2116 nostrum
1377 2051 1514 2116 sine
1541 2051 1777 2119 visibili
1814 2051 2141 2117 obstaculo
2181 2070 2295 2135 po-

744 2164 869 2226 test
919 2159 1260 2243 dupliciter
1308 2159 1504 2224 latere
1538 2179 1557 2224 t
1592 2163 1705 2224 aut
1748 2160 1902 2242 quia
1949 2159 2294 2242 impeditur

744 2267 956 2333 virtus
982 2285 1228 2347 sensuS,
1256 2284 1339 2331 ne
1364 2267 1693 2349 perveniat
1720 2267 1802 2331 ad
1829 2268 2145 2349 sensibile,
2178 2274 2296 2333 aut

745 2375 903 2458 quia
931 2375 1278 2459 impeditur
1304 2375 1543 2458 species
1575 2376 1918 2455 sensibilis,
1958 2396 2042 2441 ne
2069 2396 2290 2460 perve-

745 2481 884 2547 niat
908 2483 990 2549 ad
1012 2500 1306 2562 sensum3
1337 2487 1401 2547 et
1429 2487 1702 2567 utroque
1725 2485 1915 2550 modo
1944 2485 2294 2568 impeditur

745 2605 968 2654 sensus
988 2637 1006 2667 ,
1057 2608 1141 2655 ne
1186 2589 1493 2673 percipiat
1532 2592 1703 2674 quod
1743 2592 1863 2656 sibi
1905 2597 2001 2657 est
2033 2599 2288 2676 praesto.

745 2692 1103 2779 Utrumque
1156 2698 1373 2761 autem
1415 2696 1654 2761 borum
1709 2699 1860 2763 satis
1903 2701 2294 2766 credendum

745 2806 841 2867 oet
882 2822 1018 2868 esse
1051 2804 1345 2887 possibile
1384 2804 1609 2870 virtuti
1647 2805 1961 2871 daemonis
2002 2830 2017 2872 z
2050 2812 2115 2874 et
2152 2809 2294 2875 idco

745 2911 977 2976 dicitur
1026 2930 1210 2995 posse
1253 2912 1459 2977 facere
1501 2931 1617 2996 per
1655 2914 1824 2979 hanc
1867 2915 2045 2979 viam
2089 2920 2164 2979 ut
2209 2919 2293 3009 (α)

745 3016 1078 3083 hominem
1124 3019 1345 3084 reddat
1386 3020 1771 3087 invisibilem
1787 3071 1805 3103 ,
1858 3023 2032 3106 quod
2076 3027 2294 3088 tamen

746 3129 990 3190 certum
1016 3144 1149 3191 non
1177 3130 1306 3206 est;
1336 3128 1391 3191 si
1411 3131 1629 3193 tamen
1651 3133 1777 3208 est,
1805 3129 1928 3194 hac
1967 3130 2080 3196 via
2110 3149 2292 3214 posse

745 3230 886 3296 fleri
911 3250 1047 3298 non
1092 3238 1186 3299 est
1211 3234 1493 3302 multum
1534 3236 1923 3302 incredibile.
1967 3236 2082 3301 His
2112 3237 2291 3318 visiS,

747 3342 918 3424 patet
949 3343 1275 3425 responsio
1306 3343 1388 3408 ad
1427 3344 1851 3427 quaestionem
1880 3347 2289 3429 propositam,

747 3449 1059 3533 quoniam
1083 3451 1487 3517 terminanda
1513 3456 1607 3518 est
1640 3454 1709 3517 in
1746 3458 1993 3537 partem
2019 3455 2297 3521 affirma·

746 3554 950 3622 tivam
994 3580 1011 3621 ι
1059 3562 1233 3642 patet
1276 3559 1472 3627 etiam
1511 3560 1587 3626 in
1625 3565 1807 3645 parte
1845 3561 2174 3645 responsio
2214 3563 2296 3629 ad

749 3663 1015 3746 objecta.

564 3798 724 3843 sm...
832 3775 893 3835 1.
940 3770 1040 3837 Ad
1081 3772 1242 3839 illud
1286 3775 1460 3842 enim
1503 3776 1676 3860 quod
1732 3777 2066 3861 objicitur,
2125 3780 2298 3864 quod

507 3871 678 3966 Ψζξο
639 3859 723 3903 000
753 3895 978 3942 sensus
1002 3897 1135 3944 non
1168 3887 1338 3947 errat
1364 3884 1531 3948 circa
1570 3885 1906 3967 proprium
1938 3887 2289 3972 objectum3

544 3996 689 4102 pm·
751 3984 1092 4052 dicendum
1121 3990 1292 4072 quod
1317 3990 1441 4055 hoc
1468 3991 1850 4075 intelligitur
1866 4000 2182 4076 quantum
2204 3983 2300 4060 est

503 4058 726 4166 obie'emn
752 4090 831 4156 de
857 4093 959 4157 sui
997 4099 1270 4178 natura,
1307 4097 1486 4164 salva
1531 4099 1764 4163 scilicet
1791 4102 1998 4166 media
2026 4102 2298 4185 disposi-

508 4170 724 4290 ss‘ssssd‘
752 4197 924 4263 tione
965 4202 1232 4282 organi,
1274 4204 1504 4285 medii,
1534 4209 1598 4270 et
1630 4207 1879 4290 objecti.
1911 4207 2298 4290 intelligitur

752 4305 946 4370 etiam
971 4307 1049 4372 de
1073 4327 1266 4374 sensu
1295 4311 1666 4394 particulari
1688 4330 1801 4395 per
1827 4332 1916 4379 se.
1947 4311 2021 4379 ln
2042 4316 2164 4380 hac
2184 4335 2297 4382 au-

751 4414 886 4476 tem
898 4412 1290 4497 deceptione,
1307 4435 1533 4483 sensus
1547 4421 1926 4501 communis,
1944 4421 2084 4488 sive
2097 4422 2301 4507 phan-

752 4514 913 4580 tasia
938 4535 1086 4600 quae
1117 4518 1350 4585 dicitur
1373 4520 1697 4603 collativa,
1737 4523 2124 4590 admiscetur
2148 4545 2301 4591 sen-

753 4623 857 4688 sui
896 4625 1296 4711 particulari,
1322 4631 1387 4693 et
1401 4629 1653 4712 judicat
1676 4649 1814 4699 esse
1839 4633 2101 4700 alterius
2127 4636 2303 4719 quod

755 4725 1088 4797 est‘suum.

836 4841 899 4902 2.
925 4838 1024 4904 Ad
1043 4838 1207 4906 illud
1230 4843 1404 4926 quod
1433 4843 1754 4927 objicitur,
1792 4847 1964 4929 quod
1991 4849 2172 4914 nulla
2200 4869 2303 4917 res

756 4948 964 5029 potest
987 4947 1192 5013 videri
1222 4950 1343 5014 nisi
1369 4969 1484 5035 per
1521 4971 1709 5017 suam
1738 4954 2050 5038 speciem3
2082 4958 2304 5024 dicen-

761 5053 920 5118 dum
942 5056 1116 5137 quod
1144 5057 1420 5140 speciem
1445 5075 1565 5125 nec
1589 5060 1667 5125 de
1702 5080 1872 5127 novo
1899 5063 2033 5144 dat,
2075 5083 2196 5131 nec
2229 5067 2306 5133 de

761 5179 934 5230 novo
960 5163 1188 5231 offert·
1219 5166 1330 5232 sed
1352 5167 1529 5233 illam
1548 5187 1695 5253 quae
1721 5171 1956 5236 eratin
1972 5173 2307 5256 phantasia

829 5326 954 5391 ¹Gs.
982 5327 1149 5391 AEgid.
1174 5331 1344 5395 Rom„
1386 5332 1428 5382 ΙΙ
1461 5332 1620 5393 Seni..
1658 5331 1775 5384 dist.
1801 5345 1931 5399 vlu,
1960 5351 2012 5400 q.
2036 5349 2091 5403 1,
2120 5343 2216 5392 art.
2243 5344 2304 5405 5,

767 5395 976 5461 dub.2;
1018 5398 1399 5465 Bishai-duest!
1433 5368 2106 5474 Sent„dist.v111,art.2’,
2138 5425 2193 5476 q.
2217 5423 2305 5463 ιν.

835 5503 899 5567 (α)
932 5503 1054 5557 Gai.
1074 5504 1194 5558 edii.
1226 5513 1378 5557 et.-
1319 5509 1474 5575 -(ὸ)
1505 5510 1587 5564 ΔΙ.
1610 5511 1755 5565 facit.

1881 511 2508 581 SENTENTIARUM
2548 512 2701 579 ΗΒ.
2741 514 2824 580 ΙΙ.

2405 654 2539 715 tam
2568 650 2873 715 vivaciter
2896 649 3121 715 virtuti
3155 649 3249 713 illi
3277 648 3568 713 interiori
3591 646 3839 729 objicit,
3870 650 3940 711 ut

2407 759 2619 823 credat
2636 777 2703 824 se
2721 777 2861 823 rem
2884 758 3266 823 exteriorem
3286 756 3669 822 sensibiliter
3688 755 3937 820 intueri.

2487 871 2546 931 3.
2579 866 2677 931 Ad
2713 865 2868 931 illud
2902 865 3073 950 quod
3099 865 3419 949 objicitur,
3460 865 3634 948 quod
3660 864 3807 928 facit
3832 862 3943 927 ho-

2407 975 2650 1039 minem
2695 974 2901 1039 videri
2944 992 3201 1057 capram
3223 1022 3241 1054 ,
3296 977 3521 1038 utrum
3566 971 3675 1035 illa
3718 969 3942 1052 species

2403 1081 2683 1146 hominis
2700 1080 3022 1146 deferatur
3042 1080 3123 1145 ad
3142 1081 3356 1146 visum
3376 1101 3393 1158 ;
3417 1078 3764 1144 dicendum
3783 1076 3941 1160 quod

2402 1188 2683 1254 fortassis
2709 1189 2975 1272 impedit
3002 1207 3085 1253 ne
3110 1188 3447 1272 perveniat
3470 1187 3551 1251 ad
3579 1186 3819 1264 visum,
3848 1182 3942 1249 vel

2402 1296 2583 1363 visus
2606 1296 2688 1361 ad
2721 1315 2908 1376 eam,
2938 1295 3041 1361 vel
3069 1296 3292 1360 saltem
3320 1293 3585 1377 impedit
3610 1311 3693 1356 ne
3724 1309 3940 1374 perve-

2399 1403 2536 1466 niat
2559 1403 2637 1468 ad
2659 1402 3017 1487 judicium,
3044 1402 3199 1467 dum
3227 1402 3363 1467 loco
3389 1401 3571 1465 illius
3596 1399 3787 1464 offert
3811 1416 3942 1481 spe-

2402 1510 2568 1574 ciem
2603 1528 2852 1595 caprae,
2882 1529 3079 1594 quam
3118 1510 3311 1574 habet
3346 1509 3419 1573 in
3460 1508 3855 1592 phantasia:
3886 1509 3942 1570 et

2400 1616 2492 1681 sic
2517 1617 2675 1682 dum
2703 1617 2924 1702 aspicit
2948 1616 3029 1682 ad
3063 1634 3296 1700 corpus
3331 1616 3743 1695 humanum,
3784 1612 3940 1677 aesti-

2402 1728 2537 1788 mat
2563 1743 2629 1789 se
2657 1725 2875 1789 videre
2902 1742 3180 1808 capram.

2479 1836 2541 1895 4.
2582 1831 2682 1897 Ad
2718 1831 2877 1897 illud
2911 1832 3083 1915 quod
3121 1831 3465 1915 quaeritur,
3495 1831 3609 1896 ubi
3651 1832 3839 1896 faciat
3864 1832 3932 1914 (a)

2399 1940 2937 2020 immutationem,
2952 1941 3060 2005 vel
3076 1940 3243 2004 circa
3256 1957 3600 2022 organum,
3618 1939 3729 2004 vel
3745 1939 3936 2021 objec-

2399 2051 2581 2125 tum,
2618 2047 2724 2114 vel
2762 2048 3106 2127 virtutem3
3146 2048 3489 2113 dicendum
3537 2047 3715 2130 quod
3756 2048 3938 2129 potest

2400 2156 2605 2220 facere
2628 2203 2644 2233 ,
2684 2159 2749 2220 et
2776 2155 2927 2220 facit
2953 2156 3121 2220 circa
3155 2157 3378 2221 omnia
3407 2155 3549 2220 haec
3576 2173 3698 2238 pro
3722 2154 3856 2221 loeo
3883 2155 3937 2216 et

2399 2268 2718 2347 tempore,
2771 2264 2937 2328 sicut
2979 2264 3100 2328 sibi
3145 2265 3400 2329 videtur
3440 2264 3787 2347 expedire3
3835 2279 3937 2326 nec

2401 2374 2620 2436 tamen
2644 2371 2901 2436 videtur
2928 2370 3102 2454 quod
3128 2373 3211 2437 sit
3248 2390 3480 2437 verum
3516 2371 3899 2436 miraculum
3916 2417 3933 2449 ,

2400 2478 2553 2561 quia
2576 2496 2706 2543 non
2740 2485 2836 2542 est
2874 2478 2965 2542 ibi
2993 2496 3148 2543 vera
3174 2479 3532 2544 formarum
3561 2482 3935 2542 transmuta-

2398 2586 2488 2650 tio
2510 2635 2528 2666 ,
2560 2590 2676 2651 aut
2698 2586 2985 2651 inductio
3007 2635 3025 2664 ,
3070 2587 3180 2651 sed
3207 2588 3415 2652 solum
3442 2588 3743 2670 quaedam
3774 2592 3937 2651 tran-

2401 2692 2639 2773 sitoria,
2661 2697 2724 2757 et
2738 2694 2919 2776 quasi
2934 2700 3379 2761 momentanea
3394 2695 3782 2773 immutatio,
3798 2711 3932 2777 quae

2400 2821 2551 2868 cum
2588 2804 2874 2868 ostendat
2916 2803 3083 2867 circa
3120 2821 3261 2867 rem
3303 2821 3528 2868 veram
3570 2821 3711 2868 esse
3749 2809 3937 2868 trans-

2401 2911 2845 2988 mutationem,
2866 2929 2998 2976 non
3022 2915 3118 2975 est
3142 2929 3369 2977 verum
3400 2912 3813 2992 miraculum,
3834 2910 3933 2975 sed

2398 3037 2644 3086 vanum
2669 3022 2733 3085 et
2758 3018 2990 3084 falsum
3017 3017 3442 3102 praestigium.

2924 3254 3282 3335 QUAESTIO
3323 3253 3425 3322 lv.

2485 3411 2580 3468 An
2611 3409 2866 3468 doemonoe
2889 3412 3243 3482 cogitationes
3267 3412 3562 3466 immittere
3585 3411 3803 3481 possint
3820 3406 3858 3464 ¹.

2482 3559 2711 3627 Utrum
2733 3561 2991 3627 daemon
3030 3563 3226 3645 possit
3255 3560 3674 3643 cogitationes
3700 3559 3938 3625 immit-
3956 3585 4103 3636 m

2401 3673 2566 3749 tere;
2596 3674 2659 3735 et
2685 3670 2859 3753 quod
2886 3670 2977 3733 sic
2992 3717 3011 3749 ,
3044 3669 3297 3734 videtur
3323 3668 3533 3752 primo
3574 3669 3936 3733 auctoritate

2401 3777 2645 3844 Veteris
2686 3776 3071 3843 Testamenti
3112 3778 3183 3842 in
3225 3773 3479 3841 Psalmo
3520 3777 3545 3812 ²
3604 3776 3938 3842 :Immittit

2403 3887 2684 3971 Anqelus
2707 3887 2969 3954 Domini
2994 3887 3069 3953 in
3092 3886 3374 3951 circuitu
3392 3885 3765 3951 timentium
3784 3900 3936 3951 eum.

2405 3995 2473 4060 Si
2500 3995 2709 4061 bonus
2729 3994 3002 4077 angelus
3029 3997 3232 4076 potest
3247 3991 3617 4072 immittere,
3648 4011 3803 4056 cum
3828 3991 3941 4056 bo-

2404 4122 2530 4168 nus
2550 4108 2613 4169 et
2634 4103 2841 4167 malus
2861 4103 2991 4166 sint
3009 4101 3299 4184 ejusdem
3318 4106 3595 4177 naturae,
3614 4107 3808 4183 patet,
3828 4105 3937 4164 etc.

2486 4211 2645 4276 Item
2682 4210 3054 4275 auctoritate
3087 4208 3350 4274 ioannis
3389 4209 3647 4275 videtur
3670 4210 3701 4257 ἃ
3730 4229 3748 4274 z
3799 4209 3944 4275 Cum

2405 4318 2700 4386 diabolus
2743 4319 3030 4386 misisset
3071 4320 3147 4384 in
3187 4334 3295 4384 cor
3314 4366 3332 4398 ,
3377 4323 3450 4384 ut
3494 4318 3774 4385 traderet
3812 4333 3941 4385 eum

2407 4427 2635 4495 Iudas.
2658 4425 2781 4492 Sed
2800 4426 3049 4491 mittere
3062 4426 3131 4490 in
3148 4443 3281 4506 cor,
3300 4444 3435 4491 non
3450 4429 3546 4491 est
3562 4425 3738 4491 aliud
3756 4441 3944 4509 quam

2406 4536 2751 4601 immittere
2781 4555 2797 4600 ε
2828 4552 3010 4616 ergo,
3038 4537 3162 4598 etc.

2488 4643 2649 4708 ltem
2685 4642 3032 4724 Gregorius
3066 4641 3141 4706 in
3178 4639 3535 4708 Meo-atibus
3562 4661 3587 4706 .·
3624 4662 3657 4702 ι
3686 4637 3945 4720 Maligni

2409 4752 2669 4836 spiritus
2701 4751 2772 4814 in
2807 4748 3105 4815 cordibus
3148 4748 3589 4828 malignorum
3622 4745 3945 4828 cogitatio-

2410 4878 2526 4925 nes
2552 4858 2896 4923 immittere
2923 4875 3054 4922 non
3079 4856 3406 4921 desistunt.
3434 4875 3467 4915 ι

2492 4965 2653 5033 Item
2697 4966 3028 5049 suggestio
3067 4969 3161 5029 est
3207 4963 3469 5029 aculeus
3509 4961 3743 5027 diaboli
3790 4983 3807 5026 :
3847 4957 3951 5025 sed

2413 5074 2746 5157 suggestio
2773 5074 2936 5139 nihil
2971 5071 3144 5137 aliud
3171 5077 3264 5136 est
3295 5088 3492 5155 quam
3523 5085 3739 5154 pravae
3778 5066 3953 5149 eogi-

2415 5182 2670 5248 tationis
2710 5181 3021 5247 immissio
3060 5203 3079 5243 =
3127 5180 3182 5244 si
3225 5198 3383 5262 ergo
3427 5179 3713 5245 diabolus
3752 5177 3955 5260 potest

2417 5381 2600 5432 Thom.
2629 5382 2773 5445 Arg„
2810 5381 2853 5432 ll
2886 5381 3047 5444 Seni„
3089 5378 3209 5430 dist.
3231 5389 3361 5444 vul,
3390 5392 3441 5443 q.
3464 5391 3518 5443 1,
3548 5380 3642 5428 art.
3664 5379 3691 5426 3
3703 5389 3724 5438 5
3772 5371 3950 5439 Stepb.

2423 5451 2632 5516 BruleL,
2661 5453 2706 5502 ll
2732 5453 2889 5513 Seni„
2923 5451 3041 5503 dist.
3062 5461 3160 5502 vm
3173 5486 3192 5514 ,
3220 5463 3273 5515 q.
3293 5460 3350 5500 Χ.
3374 5476 3428 5488 --
3457 5449 3481 5486 ¹
3496 5450 3579 5501 Px.
3599 5458 3769 5500 xnm
3781 5483 3801 5510 ,
3822 5449 3872 5497 8.
3894 5469 3952 5483 -

2422 5523 2627 5588 Uvam,
2657 5534 2783 5586 1111,
2816 5525 2864 5573 2.
