<?xml version="1.0" encoding="UTF-8"?>
<!DOCTYPE html PUBLIC "-//W3C//DTD XHTML 1.0 Transitional//EN"
    "http://www.w3.org/TR/xhtml1/DTD/xhtml1-transitional.dtd">
<html xmlns="http://www.w3.org/1999/xhtml" xml:lang="en" lang="en">
 <head>
  <title>
</title>
<meta http-equiv="Content-Type" content="text/html;charset=utf-8" />
  <meta name='ocr-system' content='tesseract 3.04.00' />
  <meta name='ocr-capabilities' content='ocr_page ocr_carea ocr_par ocr_line ocrx_word'/>
</head>
<body>
  <div class='ocr_page' id='page_1' title='image "./srecardinalissb01peltgoog_0107.png"; bbox 0 0 4125 6225; ppageno 0'>
   <div class='ocr_carea' id='block_1_1' title="bbox 1545 472 3409 545">
    <p class='ocr_par' dir='ltr' id='par_1_1' title="bbox 1545 472 3409 545">
     <span class='ocr_line' id='line_1_1' title="bbox 1545 472 3409 545; baseline -0.01 -1"><span class='ocrx_word' id='word_1_1' title='bbox 1545 472 1916 545; x_wconf 86' lang='lat' dir='ltr'><strong>DISTINCT.</strong></span> <span class='ocrx_word' id='word_1_2' title='bbox 1959 474 2083 540; x_wconf 86' lang='lat' dir='ltr'><strong>XL.</strong></span> <span class='ocrx_word' id='word_1_3' title='bbox 3326 478 3409 539; x_wconf 84' lang='lat'><strong>93</strong></span> 
     </span>
    </p>
   </div>
   <div class='ocr_carea' id='block_1_2' title="bbox 269 614 1767 2526">
    <p class='ocr_par' dir='ltr' id='par_1_2' title="bbox 269 614 1767 2526">
     <span class='ocr_line' id='line_1_2' title="bbox 272 614 1762 703; baseline -0.003 -22"><span class='ocrx_word' id='word_1_4' title='bbox 272 616 549 703; x_wconf 81' lang='lat' dir='ltr'><strong>possibile:</strong></span> <span class='ocrx_word' id='word_1_5' title='bbox 572 636 603 674; x_wconf 70' lang='grc' dir='ltr'><strong>υ</strong></span> <span class='ocrx_word' id='word_1_6' title='bbox 637 615 747 679; x_wconf 89' lang='lat' dir='ltr'><strong>sed</strong></span> <span class='ocrx_word' id='word_1_7' title='bbox 770 615 822 678; x_wconf 92' lang='lat' dir='ltr'><strong>si</strong></span> <span class='ocrx_word' id='word_1_8' title='bbox 848 614 1125 679; x_wconf 76' lang='lat' dir='ltr'><strong>addatur</strong></span> <span class='ocrx_word' id='word_1_9' title='bbox 1152 619 1213 677; x_wconf 90' lang='lat' dir='ltr'><strong>et</strong></span> <span class='ocrx_word' id='word_1_10' title='bbox 1232 614 1592 697; x_wconf 87' lang='lat' dir='ltr'><strong>implicetur</strong></span> <span class='ocrx_word' id='word_1_11' title='bbox 1615 633 1762 678; x_wconf 90' lang='lat' dir='ltr'><strong>con-</strong></span> 
     </span>
     <span class='ocr_line' id='line_1_3' title="bbox 270 721 1760 807; baseline -0.005 -17"><span class='ocrx_word' id='word_1_12' title='bbox 270 726 393 791; x_wconf 84' lang='lat' dir='ltr'><strong>ditio</strong></span> <span class='ocrx_word' id='word_1_13' title='bbox 452 721 1018 807; x_wconf 74' lang='lat' dir='ltr'><strong>praedestinationis</strong></span> <span class='ocrx_word' id='word_1_14' title='bbox 1040 770 1056 797; x_wconf 86' lang='lat'>‚</span> <span class='ocrx_word' id='word_1_15' title='bbox 1097 721 1246 784; x_wconf 84' lang='lat' dir='ltr'><strong>facit</strong></span> <span class='ocrx_word' id='word_1_16' title='bbox 1305 722 1638 784; x_wconf 87' lang='lat' dir='ltr'><strong>veritatem</strong></span> <span class='ocrx_word' id='word_1_17' title='bbox 1691 721 1760 784; x_wconf 92' lang='lat' dir='ltr'><strong>in</strong></span> 
     </span>
     <span class='ocr_line' id='line_1_4' title="bbox 273 828 1760 913; baseline -0.005 -14"><span class='ocrx_word' id='word_1_18' title='bbox 273 835 423 907; x_wconf 79' lang='lat' dir='ltr'><strong>dicto,</strong></span> <span class='ocrx_word' id='word_1_19' title='bbox 448 835 505 894; x_wconf 90' lang='lat' dir='ltr'><strong>et</strong></span> <span class='ocrx_word' id='word_1_20' title='bbox 526 830 1100 913; x_wconf 84' lang='lat' dir='ltr'><strong>impossibilitatem</strong></span> <span class='ocrx_word' id='word_1_21' title='bbox 1128 829 1196 891; x_wconf 92' lang='lat' dir='ltr'><strong>in</strong></span> <span class='ocrx_word' id='word_1_22' title='bbox 1223 847 1399 907; x_wconf 81' lang='lat' dir='ltr'><strong>vem,</strong></span> <span class='ocrx_word' id='word_1_23' title='bbox 1425 828 1488 892; x_wconf 91' lang='lat' dir='ltr'><strong>id</strong></span> <span class='ocrx_word' id='word_1_24' title='bbox 1518 834 1630 908; x_wconf 83' lang='lat' dir='ltr'><strong>est,</strong></span> <span class='ocrx_word' id='word_1_25' title='bbox 1659 829 1760 892; x_wconf 89' lang='lat' dir='ltr'><strong>fa-</strong></span> 
     </span>
     <span class='ocr_line' id='line_1_5' title="bbox 272 936 1763 1019; baseline -0.004 -14"><span class='ocrx_word' id='word_1_26' title='bbox 272 942 338 1005; x_wconf 87' lang='lat' dir='ltr'><strong>cit</strong></span> <span class='ocrx_word' id='word_1_27' title='bbox 364 939 495 1002; x_wconf 90' lang='lat' dir='ltr'><strong>illud</strong></span> <span class='ocrx_word' id='word_1_28' title='bbox 534 939 772 1003; x_wconf 90' lang='lat' dir='ltr'><strong>dictum</strong></span> <span class='ocrx_word' id='word_1_29' title='bbox 808 957 963 1002; x_wconf 91' lang='lat' dir='ltr'><strong>cum</strong></span> <span class='ocrx_word' id='word_1_30' title='bbox 1009 936 1199 1001; x_wconf 92' lang='lat' dir='ltr'><strong>modo</strong></span> <span class='ocrx_word' id='word_1_31' title='bbox 1243 936 1763 1019; x_wconf 85' lang='lat' dir='ltr'><strong>impossibilitatis</strong></span> 
     </span>
     <span class='ocr_line' id='line_1_6' title="bbox 272 1042 1764 1128; baseline -0.006 -15"><span class='ocrx_word' id='word_1_32' title='bbox 272 1065 378 1113; x_wconf 80' lang='lat' dir='ltr'><strong>esse</strong></span> <span class='ocrx_word' id='word_1_33' title='bbox 397 1063 633 1125; x_wconf 79' lang='lat' dir='ltr'><strong>verum,</strong></span> <span class='ocrx_word' id='word_1_34' title='bbox 661 1048 882 1128; x_wconf 80' lang='lat' dir='ltr'><strong>utpote</strong></span> <span class='ocrx_word' id='word_1_35' title='bbox 905 1044 960 1106; x_wconf 92' lang='lat' dir='ltr'><strong>si</strong></span> <span class='ocrx_word' id='word_1_36' title='bbox 982 1042 1270 1107; x_wconf 84' lang='lat' dir='ltr'><strong>dicatur:</strong></span> <span class='ocrx_word' id='word_1_37' title='bbox 1302 1066 1332 1102; x_wconf 76' lang='grc' dir='ltr'>α</span> <span class='ocrx_word' id='word_1_38' title='bbox 1360 1042 1561 1106; x_wconf 91' lang='lat' dir='ltr'><strong>Istum</strong></span> <span class='ocrx_word' id='word_1_39' title='bbox 1588 1042 1764 1105; x_wconf 90' lang='lat' dir='ltr'><strong>dam-</strong></span> 
     </span>
     <span class='ocr_line' id='line_1_7' title="bbox 271 1150 1758 1237; baseline -0.004 -18"><span class='ocrx_word' id='word_1_40' title='bbox 271 1155 409 1233; x_wconf 84' lang='lat' dir='ltr'><strong>nari,</strong></span> <span class='ocrx_word' id='word_1_41' title='bbox 446 1158 502 1217; x_wconf 89' lang='lat' dir='ltr'><strong>et</strong></span> <span class='ocrx_word' id='word_1_42' title='bbox 540 1172 671 1218; x_wconf 90' lang='lat' dir='ltr'><strong>esse</strong></span> <span class='ocrx_word' id='word_1_43' title='bbox 698 1152 1221 1237; x_wconf 67' lang='lat' dir='ltr'><strong>praedestinatum</strong></span> <span class='ocrx_word' id='word_1_44' title='bbox 1250 1151 1472 1231; x_wconf 87' lang='lat' dir='ltr'><strong>simul,</strong></span> <span class='ocrx_word' id='word_1_45' title='bbox 1501 1154 1596 1214; x_wconf 90' lang='lat' dir='ltr'><strong>est</strong></span> <span class='ocrx_word' id='word_1_46' title='bbox 1636 1150 1758 1213; x_wconf 91' lang='lat' dir='ltr'><strong>im-</strong></span> 
     </span>
     <span class='ocr_line' id='line_1_8' title="bbox 269 1258 1762 1346; baseline -0.003 -21"><span class='ocrx_word' id='word_1_47' title='bbox 269 1261 518 1346; x_wconf 79' lang='lat' dir='ltr'><strong>possibile</strong></span> <span class='ocrx_word' id='word_1_48' title='bbox 549 1284 564 1325; x_wconf 72' lang='grc' dir='ltr'><strong><em>ε</em></strong></span> <span class='ocrx_word' id='word_1_49' title='bbox 609 1282 640 1320; x_wconf 80' lang='lat'><strong>1&gt;</strong></span> <span class='ocrx_word' id='word_1_50' title='bbox 697 1260 834 1325; x_wconf 82' lang='lat' dir='ltr'><strong>sive</strong></span> <span class='ocrx_word' id='word_1_51' title='bbox 872 1279 889 1323; x_wconf 71' lang='grc' dir='ltr'><strong><em>ε</em></strong></span> <span class='ocrx_word' id='word_1_52' title='bbox 939 1282 969 1321; x_wconf 76' lang='grc' dir='ltr'><strong>ιι</strong></span> <span class='ocrx_word' id='word_1_53' title='bbox 1009 1258 1210 1323; x_wconf 92' lang='lat' dir='ltr'><strong>Istum</strong></span> <span class='ocrx_word' id='word_1_54' title='bbox 1254 1258 1483 1324; x_wconf 88' lang='lat' dir='ltr'><strong>salvari</strong></span> <span class='ocrx_word' id='word_1_55' title='bbox 1529 1261 1591 1321; x_wconf 90' lang='lat' dir='ltr'><strong>et</strong></span> <span class='ocrx_word' id='word_1_56' title='bbox 1631 1275 1762 1321; x_wconf 90' lang='lat' dir='ltr'><strong>non</strong></span> 
     </span>
     <span class='ocr_line' id='line_1_9' title="bbox 271 1364 1762 1450; baseline -0.003 -18"><span class='ocrx_word' id='word_1_57' title='bbox 271 1387 378 1432; x_wconf 63' lang='lat' dir='ltr'><strong>esse</strong></span> <span class='ocrx_word' id='word_1_58' title='bbox 409 1368 924 1450; x_wconf 65' lang='lat' dir='ltr'><strong>praedestinatum</strong></span> <span class='ocrx_word' id='word_1_59' title='bbox 943 1416 960 1445; x_wconf 87' lang='lat'>‚</span> <span class='ocrx_word' id='word_1_60' title='bbox 989 1372 1084 1431; x_wconf 89' lang='lat' dir='ltr'><strong>est</strong></span> <span class='ocrx_word' id='word_1_61' title='bbox 1125 1367 1536 1449; x_wconf 88' lang='lat' dir='ltr'><strong>impossihile.</strong></span> <span class='ocrx_word' id='word_1_62' title='bbox 1577 1388 1608 1425; x_wconf 71' lang='lat' dir='ltr'><strong>n</strong></span> <span class='ocrx_word' id='word_1_63' title='bbox 1652 1364 1762 1431; x_wconf 78' lang='lat' dir='ltr'><strong>Vel</strong></span> 
     </span>
     <span class='ocr_line' id='line_1_10' title="bbox 271 1475 1763 1558; baseline -0.001 -19"><span class='ocrx_word' id='word_1_64' title='bbox 271 1476 418 1539; x_wconf 87' lang='lat' dir='ltr'><strong>aliter</strong></span> <span class='ocrx_word' id='word_1_65' title='bbox 428 1479 621 1558; x_wconf 87' lang='lat' dir='ltr'><strong>potest</strong></span> <span class='ocrx_word' id='word_1_66' title='bbox 643 1475 791 1551; x_wconf 83' lang='lat' dir='ltr'><strong>dici,</strong></span> <span class='ocrx_word' id='word_1_67' title='bbox 815 1475 988 1558; x_wconf 89' lang='lat' dir='ltr'><strong>quod</strong></span> <span class='ocrx_word' id='word_1_68' title='bbox 1008 1476 1252 1539; x_wconf 89' lang='lat' dir='ltr'><strong>dictum</strong></span> <span class='ocrx_word' id='word_1_69' title='bbox 1265 1475 1519 1554; x_wconf 81' lang='lat' dir='ltr'><strong>falsum,</strong></span> <span class='ocrx_word' id='word_1_70' title='bbox 1549 1476 1628 1557; x_wconf 87' lang='grc' dir='ltr'><strong>(α)</strong></span> <span class='ocrx_word' id='word_1_71' title='bbox 1647 1475 1763 1538; x_wconf 87' lang='lat' dir='ltr'><strong>ali-</strong></span> 
     </span>
     <span class='ocr_line' id='line_1_11' title="bbox 272 1581 1760 1666; baseline 0.001 -20"><span class='ocrx_word' id='word_1_72' title='bbox 272 1585 426 1663; x_wconf 76' lang='lat' dir='ltr'><strong>quus</strong></span> <span class='ocrx_word' id='word_1_73' title='bbox 471 1581 841 1646; x_wconf 88' lang='lat' dir='ltr'><strong>conditionis</strong></span> <span class='ocrx_word' id='word_1_74' title='bbox 877 1582 1203 1666; x_wconf 75' lang='lat' dir='ltr'><strong>implicitae</strong></span> <span class='ocrx_word' id='word_1_75' title='bbox 1241 1583 1314 1665; x_wconf 86' lang='lat' dir='ltr'><strong>(b)</strong></span> <span class='ocrx_word' id='word_1_76' title='bbox 1358 1601 1586 1646; x_wconf 86' lang='lat' dir='ltr'><strong>verum</strong></span> <span class='ocrx_word' id='word_1_77' title='bbox 1630 1583 1709 1647; x_wconf 91' lang='lat' dir='ltr'><strong>sit</strong></span> <span class='ocrx_word' id='word_1_78' title='bbox 1745 1604 1760 1647; x_wconf 90' lang='lat'>:</span> 
     </span>
     <span class='ocr_line' id='line_1_12' title="bbox 271 1690 1767 1773; baseline 0.001 -20"><span class='ocrx_word' id='word_1_79' title='bbox 271 1695 329 1753; x_wconf 86' lang='lat' dir='ltr'><strong>ut</strong></span> <span class='ocrx_word' id='word_1_80' title='bbox 364 1690 772 1754; x_wconf 89' lang='lat' dir='ltr'><strong>demonstrato</strong></span> <span class='ocrx_word' id='word_1_81' title='bbox 811 1690 1082 1773; x_wconf 89' lang='lat' dir='ltr'><strong>reprobo</strong></span> <span class='ocrx_word' id='word_1_82' title='bbox 1104 1740 1121 1769; x_wconf 81' lang='lat'>,</span> <span class='ocrx_word' id='word_1_83' title='bbox 1153 1690 1347 1753; x_wconf 90' lang='lat' dir='ltr'><strong>istum</strong></span> <span class='ocrx_word' id='word_1_84' title='bbox 1374 1690 1608 1754; x_wconf 88' lang='lat' dir='ltr'><strong>salvari</strong></span> <span class='ocrx_word' id='word_1_85' title='bbox 1623 1739 1643 1768; x_wconf 89' lang='lat'>‚</span> <span class='ocrx_word' id='word_1_86' title='bbox 1673 1696 1767 1754; x_wconf 85' lang='lat' dir='ltr'><strong>est</strong></span> 
     </span>
     <span class='ocr_line' id='line_1_13' title="bbox 271 1795 1762 1878; baseline 0.001 -20"><span class='ocrx_word' id='word_1_87' title='bbox 271 1795 498 1875; x_wconf 82' lang='lat' dir='ltr'><strong>falsum3</strong></span> <span class='ocrx_word' id='word_1_88' title='bbox 526 1796 678 1860; x_wconf 88' lang='lat' dir='ltr'><strong>adde</strong></span> <span class='ocrx_word' id='word_1_89' title='bbox 717 1795 1145 1860; x_wconf 87' lang='lat' dir='ltr'><strong>conditionem</strong></span> <span class='ocrx_word' id='word_1_90' title='bbox 1173 1796 1762 1878; x_wconf 73' lang='lat' dir='ltr'><strong>praedestinationis,</strong></span> 
     </span>
     <span class='ocr_line' id='line_1_14' title="bbox 271 1901 1764 1987; baseline 0.003 -24"><span class='ocrx_word' id='word_1_91' title='bbox 271 1904 320 1963; x_wconf 85' lang='lat' dir='ltr'><strong>ct</strong></span> <span class='ocrx_word' id='word_1_92' title='bbox 348 1901 447 1965; x_wconf 86' lang='lat' dir='ltr'><strong>fiet</strong></span> <span class='ocrx_word' id='word_1_93' title='bbox 476 1920 700 1966; x_wconf 82' lang='lat' dir='ltr'><strong>verum</strong></span> <span class='ocrx_word' id='word_1_94' title='bbox 737 1902 938 1965; x_wconf 87' lang='lat' dir='ltr'><strong>istum</strong></span> <span class='ocrx_word' id='word_1_95' title='bbox 979 1902 1247 1966; x_wconf 81' lang='lat' dir='ltr'><strong>saivari:</strong></span> <span class='ocrx_word' id='word_1_96' title='bbox 1281 1903 1335 1965; x_wconf 91' lang='lat' dir='ltr'><strong>si</strong></span> <span class='ocrx_word' id='word_1_97' title='bbox 1363 1907 1457 1967; x_wconf 89' lang='lat' dir='ltr'><strong>est</strong></span> <span class='ocrx_word' id='word_1_98' title='bbox 1482 1903 1764 1987; x_wconf 73' lang='lat' dir='ltr'><strong>praedes-</strong></span> 
     </span>
     <span class='ocr_line' id='line_1_15' title="bbox 271 2009 1765 2090; baseline 0.003 -18"><span class='ocrx_word' id='word_1_99' title='bbox 271 2009 502 2088; x_wconf 76' lang='lat' dir='ltr'><strong>tinatus,</strong></span> <span class='ocrx_word' id='word_1_100' title='bbox 542 2013 632 2073; x_wconf 91' lang='lat' dir='ltr'><strong>est</strong></span> <span class='ocrx_word' id='word_1_101' title='bbox 675 2027 933 2073; x_wconf 82' lang='lat' dir='ltr'><strong>verum.</strong></span> <span class='ocrx_word' id='word_1_102' title='bbox 973 2010 1168 2090; x_wconf 79' lang='lat' dir='ltr'><strong>Item,</strong></span> <span class='ocrx_word' id='word_1_103' title='bbox 1209 2011 1430 2075; x_wconf 89' lang='lat' dir='ltr'><strong>eodem</strong></span> <span class='ocrx_word' id='word_1_104' title='bbox 1464 2012 1765 2076; x_wconf 90' lang='lat' dir='ltr'><strong>demons-</strong></span> 
     </span>
     <span class='ocr_line' id='line_1_16' title="bbox 271 2116 1763 2197; baseline 0.004 -19"><span class='ocrx_word' id='word_1_105' title='bbox 271 2119 408 2179; x_wconf 83' lang='lat' dir='ltr'><strong>trato</strong></span> <span class='ocrx_word' id='word_1_106' title='bbox 422 2165 438 2194; x_wconf 89' lang='lat'>,</span> <span class='ocrx_word' id='word_1_107' title='bbox 463 2116 650 2180; x_wconf 87' lang='lat' dir='ltr'><strong>istum</strong></span> <span class='ocrx_word' id='word_1_108' title='bbox 678 2116 972 2181; x_wconf 88' lang='lat' dir='ltr'><strong>damnari</strong></span> <span class='ocrx_word' id='word_1_109' title='bbox 1000 2120 1093 2181; x_wconf 88' lang='lat' dir='ltr'><strong>est</strong></span> <span class='ocrx_word' id='word_1_110' title='bbox 1118 2137 1387 2197; x_wconf 83' lang='lat' dir='ltr'><strong>verum3</strong></span> <span class='ocrx_word' id='word_1_111' title='bbox 1417 2119 1574 2183; x_wconf 89' lang='lat' dir='ltr'><strong>adde</strong></span> <span class='ocrx_word' id='word_1_112' title='bbox 1605 2138 1763 2184; x_wconf 90' lang='lat' dir='ltr'><strong>con-</strong></span> 
     </span>
     <span class='ocr_line' id='line_1_17' title="bbox 274 2227 1763 2315; baseline 0.005 -25"><span class='ocrx_word' id='word_1_113' title='bbox 274 2227 538 2292; x_wconf 86' lang='lat' dir='ltr'><strong>ditionem</strong></span> <span class='ocrx_word' id='word_1_114' title='bbox 577 2228 1149 2310; x_wconf 75' lang='lat' dir='ltr'><strong>praedestinationis</strong></span> <span class='ocrx_word' id='word_1_115' title='bbox 1169 2280 1188 2311; x_wconf 88' lang='lat'>,</span> <span class='ocrx_word' id='word_1_116' title='bbox 1219 2235 1282 2295; x_wconf 89' lang='lat' dir='ltr'><strong>et</strong></span> <span class='ocrx_word' id='word_1_117' title='bbox 1325 2233 1436 2295; x_wconf 87' lang='lat' dir='ltr'><strong>fiet</strong></span> <span class='ocrx_word' id='word_1_118' title='bbox 1471 2232 1763 2315; x_wconf 88' lang='lat' dir='ltr'><strong>impossi-</strong></span> 
     </span>
     <span class='ocr_line' id='line_1_18' title="bbox 275 2331 1760 2420; baseline 0.005 -24"><span class='ocrx_word' id='word_1_119' title='bbox 275 2331 376 2396; x_wconf 90' lang='lat' dir='ltr'><strong>bile</strong></span> <span class='ocrx_word' id='word_1_120' title='bbox 405 2356 418 2396; x_wconf 75' lang='grc' dir='ltr'>ι</span> <span class='ocrx_word' id='word_1_121' title='bbox 446 2333 625 2398; x_wconf 90' lang='lat' dir='ltr'><strong>istum</strong></span> <span class='ocrx_word' id='word_1_122' title='bbox 656 2335 989 2414; x_wconf 84' lang='lat' dir='ltr'><strong>damnari,</strong></span> <span class='ocrx_word' id='word_1_123' title='bbox 1017 2336 1071 2399; x_wconf 89' lang='lat' dir='ltr'><strong>si</strong></span> <span class='ocrx_word' id='word_1_124' title='bbox 1111 2340 1203 2400; x_wconf 91' lang='lat' dir='ltr'><strong>est</strong></span> <span class='ocrx_word' id='word_1_125' title='bbox 1241 2338 1760 2420; x_wconf 83' lang='lat' dir='ltr'><strong>praedestinatus‚</strong></span> 
     </span>
     <span class='ocr_line' id='line_1_19' title="bbox 277 2440 1765 2526; baseline 0.005 -24"><span class='ocrx_word' id='word_1_126' title='bbox 277 2446 349 2502; x_wconf 62' lang='grc' dir='ltr'><strong>αἱ</strong></span> <span class='ocrx_word' id='word_1_127' title='bbox 373 2440 771 2522; x_wconf 81' lang='lat' dir='ltr'><strong>impossihile3</strong></span> <span class='ocrx_word' id='word_1_128' title='bbox 807 2446 873 2508; x_wconf 89' lang='lat' dir='ltr'><strong>et</strong></span> <span class='ocrx_word' id='word_1_129' title='bbox 913 2443 1066 2522; x_wconf 84' lang='lat' dir='ltr'><strong>hoc,</strong></span> <span class='ocrx_word' id='word_1_130' title='bbox 1105 2445 1497 2526; x_wconf 75' lang='lat' dir='ltr'><strong>conjunctim</strong></span> <span class='ocrx_word' id='word_1_131' title='bbox 1531 2445 1765 2510; x_wconf 85' lang='lat' dir='ltr'><strong>intelli-</strong></span> 
     </span>
    </p>
   </div>
   <div class='ocr_carea' id='block_1_3' title="bbox 275 2545 1145 2694">
    <p class='ocr_par' dir='ltr' id='par_1_3' title="bbox 275 2545 1145 2694">
     <span class='ocr_line' id='line_1_20' title="bbox 275 2545 470 2626; baseline 0.005 -17"><span class='ocrx_word' id='word_1_132' title='bbox 275 2545 470 2626; x_wconf 84' lang='lat' dir='ltr'><strong>gendo.</strong></span> 
     </span>
     <span class='ocr_line' id='line_1_21' title="bbox 868 2647 1145 2694; baseline 0.004 -1"><span class='ocrx_word' id='word_1_133' title='bbox 868 2647 1008 2693; x_wconf 75' lang='lat' dir='ltr'><strong>nun.</strong></span> <span class='ocrx_word' id='word_1_134' title='bbox 1053 2647 1145 2694; x_wconf 86' lang='lat' dir='ltr'><strong>v1.</strong></span> 
     </span>
    </p>
   </div>
   <div class='ocr_carea' id='block_1_4' title="bbox 275 2769 1766 2908">
    <p class='ocr_par' dir='ltr' id='par_1_4' title="bbox 275 2769 1766 2908">
     <span class='ocr_line' id='line_1_22' title="bbox 275 2769 1766 2836; baseline 0.003 -17"><span class='ocrx_word' id='word_1_135' title='bbox 275 2769 336 2819; x_wconf 78' lang='lat' dir='ltr'><strong>Ex</strong></span> <span class='ocrx_word' id='word_1_136' title='bbox 370 2782 457 2834; x_wconf 88' lang='lat' dir='ltr'><strong>quo</strong></span> <span class='ocrx_word' id='word_1_137' title='bbox 497 2769 627 2820; x_wconf 86' lang='lat' dir='ltr'><strong>enim</strong></span> <span class='ocrx_word' id='word_1_138' title='bbox 673 2770 869 2835; x_wconf 85' lang='lat' dir='ltr'><strong>aliquid</strong></span> <span class='ocrx_word' id='word_1_139' title='bbox 913 2772 1106 2822; x_wconf 79' lang='lat' dir='ltr'><strong>factum</strong></span> <span class='ocrx_word' id='word_1_140' title='bbox 1143 2774 1220 2821; x_wconf 87' lang='lat' dir='ltr'><strong>est</strong></span> <span class='ocrx_word' id='word_1_141' title='bbox 1266 2770 1350 2822; x_wconf 78' lang='lat' dir='ltr'><strong>vel</strong></span> <span class='ocrx_word' id='word_1_142' title='bbox 1397 2771 1616 2836; x_wconf 86' lang='lat' dir='ltr'><strong>dictum,</strong></span> <span class='ocrx_word' id='word_1_143' title='bbox 1658 2786 1766 2824; x_wconf 88' lang='lat' dir='ltr'><strong>non</strong></span> 
     </span>
     <span class='ocr_line' id='line_1_23' title="bbox 393 2841 1613 2908; baseline 0.002 -17"><span class='ocrx_word' id='word_1_144' title='bbox 393 2841 656 2892; x_wconf 86' lang='lat' dir='ltr'><strong>concedunt.</strong></span> <span class='ocrx_word' id='word_1_145' title='bbox 691 2845 834 2908; x_wconf 91' lang='lat' dir='ltr'><strong>quod</strong></span> <span class='ocrx_word' id='word_1_146' title='bbox 865 2843 988 2894; x_wconf 89' lang='lat' dir='ltr'><strong>illud</strong></span> <span class='ocrx_word' id='word_1_147' title='bbox 1013 2843 1176 2908; x_wconf 81' lang='lat' dir='ltr'>possit</span> <span class='ocrx_word' id='word_1_148' title='bbox 1199 2856 1307 2894; x_wconf 93' lang='lat' dir='ltr'><strong>non</strong></span> <span class='ocrx_word' id='word_1_149' title='bbox 1340 2857 1480 2908; x_wconf 86' lang='lat' dir='ltr'><strong>esse,</strong></span> <span class='ocrx_word' id='word_1_150' title='bbox 1516 2846 1613 2894; x_wconf 86' lang='lat' dir='ltr'><strong>etc.</strong></span> 
     </span>
    </p>
   </div>
   <div class='ocr_carea' id='block_1_5' title="bbox 275 2971 1767 5094">
    <p class='ocr_par' dir='ltr' id='par_1_5' title="bbox 275 2971 1766 3806">
     <span class='ocr_line' id='line_1_24' title="bbox 335 2971 1764 3058; baseline 0.005 -22"><span class='ocrx_word' id='word_1_151' title='bbox 335 2971 567 3038; x_wconf 71' lang='lat' dir='ltr'><strong>Videtur</strong></span> <span class='ocrx_word' id='word_1_152' title='bbox 591 2974 868 3053; x_wconf 85' lang='lat' dir='ltr'><strong>falsum;</strong></span> <span class='ocrx_word' id='word_1_153' title='bbox 900 2977 1053 3057; x_wconf 87' lang='lat' dir='ltr'><strong>quia</strong></span> <span class='ocrx_word' id='word_1_154' title='bbox 1088 2975 1372 3041; x_wconf 90' lang='lat' dir='ltr'><strong>Christus</strong></span> <span class='ocrx_word' id='word_1_155' title='bbox 1407 2976 1606 3058; x_wconf 87' lang='lat' dir='ltr'><strong>dixit,</strong></span> <span class='ocrx_word' id='word_1_156' title='bbox 1646 2976 1764 3043; x_wconf 89' lang='lat' dir='ltr'><strong>Pe-</strong></span> 
     </span>
     <span class='ocr_line' id='line_1_25' title="bbox 275 3082 1759 3169; baseline 0.004 -24"><span class='ocrx_word' id='word_1_157' title='bbox 275 3082 417 3146; x_wconf 83' lang='lat' dir='ltr'><strong>trum</strong></span> <span class='ocrx_word' id='word_1_158' title='bbox 465 3087 870 3166; x_wconf 88' lang='lat' dir='ltr'><strong>peccaturum</strong></span> <span class='ocrx_word' id='word_1_159' title='bbox 911 3106 926 3149; x_wconf 73' lang='grc' dir='ltr'>ε</span> <span class='ocrx_word' id='word_1_160' title='bbox 977 3102 1135 3166; x_wconf 86' lang='lat' dir='ltr'><strong>ergo</strong></span> <span class='ocrx_word' id='word_1_161' title='bbox 1180 3088 1517 3169; x_wconf 82' lang='lat' dir='ltr'><strong>postquam</strong></span> <span class='ocrx_word' id='word_1_162' title='bbox 1564 3086 1759 3168; x_wconf 88' lang='lat' dir='ltr'><strong>dixit,</strong></span> 
     </span>
     <span class='ocr_line' id='line_1_26' title="bbox 277 3188 1766 3278; baseline 0.007 -28"><span class='ocrx_word' id='word_1_163' title='bbox 277 3188 371 3251; x_wconf 82' lang='lat' dir='ltr'><strong>fuit</strong></span> <span class='ocrx_word' id='word_1_164' title='bbox 387 3191 796 3256; x_wconf 88' lang='lat' dir='ltr'><strong>necessarium</strong></span> <span class='ocrx_word' id='word_1_165' title='bbox 820 3192 1073 3273; x_wconf 79' lang='lat' dir='ltr'>dixisse,</span> <span class='ocrx_word' id='word_1_166' title='bbox 1096 3198 1158 3257; x_wconf 87' lang='lat' dir='ltr'><strong>et</strong></span> <span class='ocrx_word' id='word_1_167' title='bbox 1177 3195 1530 3259; x_wconf 87' lang='lat' dir='ltr'><strong>necessario</strong></span> <span class='ocrx_word' id='word_1_168' title='bbox 1559 3196 1766 3278; x_wconf 86' lang='lat' dir='ltr'><strong>sequi-</strong></span> 
     </span>
     <span class='ocr_line' id='line_1_27' title="bbox 277 3294 1764 3384; baseline 0.009 -30"><span class='ocrx_word' id='word_1_169' title='bbox 277 3294 358 3356; x_wconf 84' lang='lat' dir='ltr'><strong>tur</strong></span> <span class='ocrx_word' id='word_1_170' title='bbox 378 3315 392 3356; x_wconf 88' lang='lat'>:</span> <span class='ocrx_word' id='word_1_171' title='bbox 409 3316 437 3355; x_wconf 73' lang='grc' dir='ltr'><strong>ιι</strong></span> <span class='ocrx_word' id='word_1_172' title='bbox 465 3295 528 3360; x_wconf 92' lang='lat' dir='ltr'><strong>Si</strong></span> <span class='ocrx_word' id='word_1_173' title='bbox 553 3296 838 3361; x_wconf 88' lang='lat' dir='ltr'><strong>Christus</strong></span> <span class='ocrx_word' id='word_1_174' title='bbox 865 3298 1060 3379; x_wconf 79' lang='lat' dir='ltr'><strong>dixit,</strong></span> <span class='ocrx_word' id='word_1_175' title='bbox 1091 3299 1213 3364; x_wconf 92' lang='lat' dir='ltr'><strong>hoc</strong></span> <span class='ocrx_word' id='word_1_176' title='bbox 1241 3301 1360 3365; x_wconf 78' lang='lat' dir='ltr'><strong>erit</strong></span> <span class='ocrx_word' id='word_1_177' title='bbox 1386 3320 1403 3364; x_wconf 75' lang='lat' dir='ltr'><strong>t</strong></span> <span class='ocrx_word' id='word_1_178' title='bbox 1429 3323 1460 3361; x_wconf 76' lang='lat' dir='ltr'><strong>n</strong></span> <span class='ocrx_word' id='word_1_179' title='bbox 1498 3302 1649 3384; x_wconf 88' lang='lat' dir='ltr'><strong>quia</strong></span> <span class='ocrx_word' id='word_1_180' title='bbox 1683 3303 1764 3367; x_wconf 90' lang='lat' dir='ltr'><strong>ad</strong></span> 
     </span>
     <span class='ocr_line' id='line_1_28' title="bbox 279 3401 1764 3487; baseline 0.009 -27"><span class='ocrx_word' id='word_1_181' title='bbox 279 3402 586 3481; x_wconf 86' lang='lat' dir='ltr'><strong>oppositum</strong></span> <span class='ocrx_word' id='word_1_182' title='bbox 608 3401 678 3486; x_wconf 84' lang='lat' dir='ltr'><strong>(c)</strong></span> <span class='ocrx_word' id='word_1_183' title='bbox 689 3452 708 3481; x_wconf 89' lang='lat'>‚</span> <span class='ocrx_word' id='word_1_184' title='bbox 731 3407 796 3468; x_wconf 90' lang='lat' dir='ltr'><strong>et</strong></span> <span class='ocrx_word' id='word_1_185' title='bbox 812 3409 966 3468; x_wconf 86' lang='lat' dir='ltr'><strong>tuno</strong></span> <span class='ocrx_word' id='word_1_186' title='bbox 982 3405 1272 3487; x_wconf 87' lang='lat' dir='ltr'><strong>sequitur</strong></span> <span class='ocrx_word' id='word_1_187' title='bbox 1290 3405 1606 3471; x_wconf 85' lang='lat' dir='ltr'><strong>Christum</strong></span> <span class='ocrx_word' id='word_1_188' title='bbox 1630 3426 1764 3473; x_wconf 89' lang='lat' dir='ltr'><strong>esse</strong></span> 
     </span>
     <span class='ocr_line' id='line_1_29' title="bbox 280 3507 1765 3595; baseline 0.01 -29"><span class='ocrx_word' id='word_1_189' title='bbox 280 3507 589 3584; x_wconf 87' lang='lat' dir='ltr'><strong>mentitum,</strong></span> <span class='ocrx_word' id='word_1_190' title='bbox 615 3510 789 3592; x_wconf 83' lang='lat' dir='ltr'><strong>quod</strong></span> <span class='ocrx_word' id='word_1_191' title='bbox 825 3515 921 3574; x_wconf 89' lang='lat' dir='ltr'><strong>est</strong></span> <span class='ocrx_word' id='word_1_192' title='bbox 940 3511 1329 3594; x_wconf 86' lang='lat' dir='ltr'><strong>impossibile</strong></span> <span class='ocrx_word' id='word_1_193' title='bbox 1363 3535 1378 3576; x_wconf 77' lang='lat' dir='ltr'><strong>t</strong></span> <span class='ocrx_word' id='word_1_194' title='bbox 1409 3531 1567 3595; x_wconf 85' lang='lat' dir='ltr'><strong>ergo</strong></span> <span class='ocrx_word' id='word_1_195' title='bbox 1591 3515 1765 3581; x_wconf 87' lang='lat' dir='ltr'><strong>vide-</strong></span> 
     </span>
     <span class='ocr_line' id='line_1_30' title="bbox 278 3613 1763 3705; baseline 0.009 -32"><span class='ocrx_word' id='word_1_196' title='bbox 278 3613 390 3692; x_wconf 88' lang='lat' dir='ltr'><strong>tur,</strong></span> <span class='ocrx_word' id='word_1_197' title='bbox 413 3632 552 3678; x_wconf 88' lang='lat' dir='ltr'><strong>cum</strong></span> <span class='ocrx_word' id='word_1_198' title='bbox 580 3617 958 3682; x_wconf 81' lang='lat' dir='ltr'><strong>antecedens</strong></span> <span class='ocrx_word' id='word_1_199' title='bbox 986 3619 1069 3682; x_wconf 90' lang='lat' dir='ltr'><strong>sit</strong></span> <span class='ocrx_word' id='word_1_200' title='bbox 1093 3619 1522 3684; x_wconf 87' lang='lat' dir='ltr'><strong>necessarium</strong></span> <span class='ocrx_word' id='word_1_201' title='bbox 1547 3670 1565 3702; x_wconf 88' lang='lat'><strong>,</strong></span> <span class='ocrx_word' id='word_1_202' title='bbox 1591 3623 1763 3705; x_wconf 87' lang='lat' dir='ltr'><strong>quod</strong></span> 
     </span>
     <span class='ocr_line' id='line_1_31' title="bbox 279 3719 1368 3806; baseline 0.01 -28"><span class='ocrx_word' id='word_1_203' title='bbox 279 3719 654 3784; x_wconf 84' lang='lat' dir='ltr'><strong>necessarium</strong></span> <span class='ocrx_word' id='word_1_204' title='bbox 675 3722 800 3785; x_wconf 82' lang='lat' dir='ltr'><strong>fuit</strong></span> <span class='ocrx_word' id='word_1_205' title='bbox 825 3722 1087 3787; x_wconf 87' lang='lat' dir='ltr'><strong>Petrum</strong></span> <span class='ocrx_word' id='word_1_206' title='bbox 1107 3742 1368 3806; x_wconf 85' lang='lat' dir='ltr'><strong>negare.</strong></span> 
     </span>
    </p>

    <p class='ocr_par' dir='ltr' id='par_1_6' title="bbox 275 3822 1767 5094">
     <span class='ocr_line' id='line_1_32' title="bbox 337 3822 1763 3912; baseline 0.008 -25"><span class='ocrx_word' id='word_1_207' title='bbox 337 3822 497 3908; x_wconf 86' lang='lat' dir='ltr'><strong>Resp.</strong></span> <span class='ocrx_word' id='word_1_208' title='bbox 539 3827 890 3893; x_wconf 81' lang='lat' dir='ltr'>Dicendum</span> <span class='ocrx_word' id='word_1_209' title='bbox 929 3831 1102 3912; x_wconf 88' lang='lat' dir='ltr'><strong>quod</strong></span> <span class='ocrx_word' id='word_1_210' title='bbox 1129 3832 1199 3895; x_wconf 92' lang='lat' dir='ltr'><strong>in</strong></span> <span class='ocrx_word' id='word_1_211' title='bbox 1234 3831 1505 3896; x_wconf 81' lang='lat' dir='ltr'>dictione</span> <span class='ocrx_word' id='word_1_212' title='bbox 1536 3832 1763 3898; x_wconf 87' lang='lat' dir='ltr'><strong>Christi</strong></span> 
     </span>
     <span class='ocr_line' id='line_1_33' title="bbox 275 3927 1758 4021; baseline 0.009 -30"><span class='ocrx_word' id='word_1_213' title='bbox 275 3927 376 3993; x_wconf 89' lang='lat' dir='ltr'><strong>duo</strong></span> <span class='ocrx_word' id='word_1_214' title='bbox 394 3937 530 3996; x_wconf 89' lang='lat' dir='ltr'><strong>sunt</strong></span> <span class='ocrx_word' id='word_1_215' title='bbox 545 3981 564 4014; x_wconf 88' lang='lat'>‚</span> <span class='ocrx_word' id='word_1_216' title='bbox 593 3935 831 4000; x_wconf 85' lang='lat' dir='ltr'><strong>scilicet</strong></span> <span class='ocrx_word' id='word_1_217' title='bbox 859 3937 1041 4001; x_wconf 87' lang='lat' dir='ltr'><strong>verbi</strong></span> <span class='ocrx_word' id='word_1_218' title='bbox 1068 3939 1334 4021; x_wconf 89' lang='lat' dir='ltr'><strong>prolatio</strong></span> <span class='ocrx_word' id='word_1_219' title='bbox 1350 3988 1367 4019; x_wconf 90' lang='lat'>‚</span> <span class='ocrx_word' id='word_1_220' title='bbox 1389 3943 1453 4003; x_wconf 87' lang='lat' dir='ltr'><strong>et</strong></span> <span class='ocrx_word' id='word_1_221' title='bbox 1477 3941 1758 4005; x_wconf 83' lang='lat' dir='ltr'><strong>assertio.</strong></span> 
     </span>
     <span class='ocr_line' id='line_1_34' title="bbox 277 4032 1764 4128; baseline 0.009 -29"><span class='ocrx_word' id='word_1_222' title='bbox 277 4032 336 4097; x_wconf 83' lang='lat' dir='ltr'><strong>Et</strong></span> <span class='ocrx_word' id='word_1_223' title='bbox 358 4040 518 4103; x_wconf 87' lang='lat' dir='ltr'><strong>verbi</strong></span> <span class='ocrx_word' id='word_1_224' title='bbox 542 4042 811 4123; x_wconf 89' lang='lat' dir='ltr'><strong>prolatio</strong></span> <span class='ocrx_word' id='word_1_225' title='bbox 834 4044 1198 4127; x_wconf 86' lang='lat' dir='ltr'><strong>simpliciter</strong></span> <span class='ocrx_word' id='word_1_226' title='bbox 1216 4050 1310 4110; x_wconf 88' lang='lat' dir='ltr'><strong>est</strong></span> <span class='ocrx_word' id='word_1_227' title='bbox 1334 4047 1676 4128; x_wconf 66' lang='lat' dir='ltr'><strong>praeterita,</strong></span> <span class='ocrx_word' id='word_1_228' title='bbox 1700 4051 1764 4111; x_wconf 88' lang='lat' dir='ltr'><strong>et</strong></span> 
     </span>
     <span class='ocr_line' id='line_1_35' title="bbox 275 4147 1762 4235; baseline 0.007 -28"><span class='ocrx_word' id='word_1_229' title='bbox 275 4147 608 4227; x_wconf 71' lang='lat' dir='ltr'><strong>neoessmia3</strong></span> <span class='ocrx_word' id='word_1_230' title='bbox 658 4153 721 4213; x_wconf 85' lang='lat' dir='ltr'><strong>et</strong></span> <span class='ocrx_word' id='word_1_231' title='bbox 769 4168 852 4214; x_wconf 81' lang='lat' dir='ltr'><strong>ex</strong></span> <span class='ocrx_word' id='word_1_232' title='bbox 891 4151 1001 4214; x_wconf 89' lang='lat' dir='ltr'><strong>illa</strong></span> <span class='ocrx_word' id='word_1_233' title='bbox 1042 4170 1175 4216; x_wconf 91' lang='lat' dir='ltr'><strong>non</strong></span> <span class='ocrx_word' id='word_1_234' title='bbox 1215 4152 1503 4235; x_wconf 86' lang='lat' dir='ltr'><strong>sequitur</strong></span> <span class='ocrx_word' id='word_1_235' title='bbox 1541 4171 1762 4218; x_wconf 89' lang='lat' dir='ltr'><strong>conse-</strong></span> 
     </span>
     <span class='ocr_line' id='line_1_36' title="bbox 276 4251 1764 4341; baseline 0.007 -27"><span class='ocrx_word' id='word_1_236' title='bbox 276 4266 460 4330; x_wconf 79' lang='lat' dir='ltr'><strong>quens.</strong></span> <span class='ocrx_word' id='word_1_237' title='bbox 488 4251 622 4318; x_wconf 91' lang='lat' dir='ltr'><strong>Non</strong></span> <span class='ocrx_word' id='word_1_238' title='bbox 665 4256 841 4320; x_wconf 88' lang='lat' dir='ltr'><strong>enim</strong></span> <span class='ocrx_word' id='word_1_239' title='bbox 885 4259 1175 4341; x_wconf 85' lang='lat' dir='ltr'><strong>sequitur</strong></span> <span class='ocrx_word' id='word_1_240' title='bbox 1207 4281 1222 4322; x_wconf 79' lang='lat' dir='ltr'><em>z</em></span> <span class='ocrx_word' id='word_1_241' title='bbox 1273 4283 1304 4321; x_wconf 74' lang='grc' dir='ltr'>α</span> <span class='ocrx_word' id='word_1_242' title='bbox 1331 4260 1613 4325; x_wconf 87' lang='lat' dir='ltr'><strong>Christus</strong></span> <span class='ocrx_word' id='word_1_243' title='bbox 1641 4261 1764 4325; x_wconf 93' lang='lat' dir='ltr'><strong>hoc</strong></span> 
     </span>
     <span class='ocr_line' id='line_1_37' title="bbox 279 4355 1764 4450; baseline 0.01 -31"><span class='ocrx_word' id='word_1_244' title='bbox 279 4355 438 4436; x_wconf 77' lang='lat' dir='ltr'><strong>dixit,</strong></span> <span class='ocrx_word' id='word_1_245' title='bbox 472 4379 620 4444; x_wconf 87' lang='lat' dir='ltr'><strong>ergo</strong></span> <span class='ocrx_word' id='word_1_246' title='bbox 657 4364 782 4428; x_wconf 92' lang='lat' dir='ltr'><strong>hoc</strong></span> <span class='ocrx_word' id='word_1_247' title='bbox 825 4367 944 4429; x_wconf 88' lang='lat' dir='ltr'><strong>erit</strong></span> <span class='ocrx_word' id='word_1_248' title='bbox 971 4391 986 4431; x_wconf 73' lang='grc' dir='ltr'>ι</span> <span class='ocrx_word' id='word_1_249' title='bbox 1035 4388 1068 4426; x_wconf 70' lang='lat' dir='ltr'><strong>n</strong></span> <span class='ocrx_word' id='word_1_250' title='bbox 1123 4369 1388 4450; x_wconf 91' lang='lat' dir='ltr'><strong>protulit</strong></span> <span class='ocrx_word' id='word_1_251' title='bbox 1425 4371 1600 4433; x_wconf 89' lang='lat' dir='ltr'><strong>enim</strong></span> <span class='ocrx_word' id='word_1_252' title='bbox 1640 4370 1764 4434; x_wconf 94' lang='lat' dir='ltr'><strong>hoc</strong></span> 
     </span>
     <span class='ocr_line' id='line_1_38' title="bbox 280 4467 1767 4546; baseline 0.011 -19"><span class='ocrx_word' id='word_1_253' title='bbox 280 4467 507 4533; x_wconf 73' lang='lat' dir='ltr'><strong>verbum</strong></span> <span class='ocrx_word' id='word_1_254' title='bbox 529 4473 546 4506; x_wconf 89' lang='lat'><strong>¹</strong></span> <span class='ocrx_word' id='word_1_255' title='bbox 582 4495 597 4538; x_wconf 90' lang='lat'>:</span> <span class='ocrx_word' id='word_1_256' title='bbox 645 4474 773 4540; x_wconf 83' lang='lat' dir='ltr'><strong>Ero</strong></span> <span class='ocrx_word' id='word_1_257' title='bbox 814 4476 1058 4542; x_wconf 79' lang='lat' dir='ltr'><strong>similis</strong></span> <span class='ocrx_word' id='word_1_258' title='bbox 1099 4477 1276 4544; x_wconf 65' lang='lat' dir='ltr'><strong>vobis</strong></span> <span class='ocrx_word' id='word_1_259' title='bbox 1321 4479 1626 4546; x_wconf 67' lang='lat' dir='ltr'><strong>mendax.</strong></span> <span class='ocrx_word' id='word_1_260' title='bbox 1656 4478 1767 4544; x_wconf 87' lang='lat' dir='ltr'><strong>Est</strong></span> 
     </span>
     <span class='ocr_line' id='line_1_39' title="bbox 283 4570 1763 4667; baseline 0.011 -32"><span class='ocrx_word' id='word_1_261' title='bbox 283 4570 476 4639; x_wconf 80' lang='lat' dir='ltr'><strong>iterum</strong></span> <span class='ocrx_word' id='word_1_262' title='bbox 498 4581 752 4645; x_wconf 80' lang='lat' dir='ltr'><strong>assertio</strong></span> <span class='ocrx_word' id='word_1_263' title='bbox 780 4630 798 4662; x_wconf 88' lang='lat'><strong>,</strong></span> <span class='ocrx_word' id='word_1_264' title='bbox 847 4585 913 4646; x_wconf 88' lang='lat' dir='ltr'><strong>et</strong></span> <span class='ocrx_word' id='word_1_265' title='bbox 942 4583 1051 4646; x_wconf 92' lang='lat' dir='ltr'><strong>illa</strong></span> <span class='ocrx_word' id='word_1_266' title='bbox 1078 4586 1369 4667; x_wconf 86' lang='lat' dir='ltr'><strong>sequitur</strong></span> <span class='ocrx_word' id='word_1_267' title='bbox 1395 4587 1763 4652; x_wconf 86' lang='lat' dir='ltr'><strong>illustratio—</strong></span> 
     </span>
     <span class='ocr_line' id='line_1_40' title="bbox 286 4683 1764 4776; baseline 0.012 -35"><span class='ocrx_word' id='word_1_268' title='bbox 286 4693 404 4743; x_wconf 85' lang='lat' dir='ltr'><strong>nem</strong></span> <span class='ocrx_word' id='word_1_269' title='bbox 433 4683 648 4751; x_wconf 83' lang='lat' dir='ltr'><strong>divinae</strong></span> <span class='ocrx_word' id='word_1_270' title='bbox 683 4689 1116 4771; x_wconf 84' lang='lat' dir='ltr'><strong>praescientiae.</strong></span> <span class='ocrx_word' id='word_1_271' title='bbox 1149 4691 1328 4757; x_wconf 89' lang='lat' dir='ltr'><strong>Sicut</strong></span> <span class='ocrx_word' id='word_1_272' title='bbox 1355 4712 1510 4776; x_wconf 86' lang='lat' dir='ltr'><strong>ergo</strong></span> <span class='ocrx_word' id='word_1_273' title='bbox 1542 4694 1764 4759; x_wconf 88' lang='lat' dir='ltr'><strong>divina</strong></span> 
     </span>
     <span class='ocr_line' id='line_1_41' title="bbox 289 4792 1763 4880; baseline 0.009 -27"><span class='ocrx_word' id='word_1_274' title='bbox 289 4792 623 4865; x_wconf 68' lang='lat' dir='ltr'><strong>praescientia</strong></span> <span class='ocrx_word' id='word_1_275' title='bbox 655 4800 747 4859; x_wconf 86' lang='lat' dir='ltr'><strong>est</strong></span> <span class='ocrx_word' id='word_1_276' title='bbox 777 4801 949 4860; x_wconf 77' lang='lat' dir='ltr'><strong>certa</strong></span> <span class='ocrx_word' id='word_1_277' title='bbox 985 4803 1048 4861; x_wconf 88' lang='lat' dir='ltr'><strong>et</strong></span> <span class='ocrx_word' id='word_1_278' title='bbox 1083 4798 1458 4880; x_wconf 77' lang='lat' dir='ltr'><strong>infallibilia,</strong></span> <span class='ocrx_word' id='word_1_279' title='bbox 1496 4802 1601 4866; x_wconf 91' lang='lat' dir='ltr'><strong>cui</strong></span> <span class='ocrx_word' id='word_1_280' title='bbox 1630 4820 1763 4867; x_wconf 90' lang='lat' dir='ltr'><strong>non</strong></span> 
     </span>
     <span class='ocr_line' id='line_1_42' title="bbox 293 4899 1762 4991; baseline 0.009 -30"><span class='ocrx_word' id='word_1_281' title='bbox 293 4899 452 4971; x_wconf 69' lang='lat' dir='ltr'><strong>potest</strong></span> <span class='ocrx_word' id='word_1_282' title='bbox 473 4901 710 4966; x_wconf 84' lang='lat' dir='ltr'><strong>subesse</strong></span> <span class='ocrx_word' id='word_1_283' title='bbox 726 4903 984 4985; x_wconf 85' lang='lat' dir='ltr'><strong>falsum,</strong></span> <span class='ocrx_word' id='word_1_284' title='bbox 1013 4909 1077 4968; x_wconf 86' lang='lat' dir='ltr'><strong>et</strong></span> <span class='ocrx_word' id='word_1_285' title='bbox 1096 4910 1312 4970; x_wconf 90' lang='lat' dir='ltr'><strong>tamen</strong></span> <span class='ocrx_word' id='word_1_286' title='bbox 1336 4908 1559 4991; x_wconf 82' lang='lat' dir='ltr'><strong>aspicit</strong></span> <span class='ocrx_word' id='word_1_287' title='bbox 1581 4910 1762 4973; x_wconf 82' lang='lat' dir='ltr'><strong>futu-</strong></span> 
     </span>
     <span class='ocr_line' id='line_1_43' title="bbox 294 5010 1758 5094; baseline 0.011 -30"><span class='ocrx_word' id='word_1_288' title='bbox 294 5015 409 5064; x_wconf 86' lang='lat' dir='ltr'><strong>rum</strong></span> <span class='ocrx_word' id='word_1_289' title='bbox 428 5051 443 5079; x_wconf 83' lang='lat'><strong>‚</strong></span> <span class='ocrx_word' id='word_1_290' title='bbox 484 5010 542 5070; x_wconf 88' lang='lat' dir='ltr'><strong>et</strong></span> <span class='ocrx_word' id='word_1_291' title='bbox 587 5014 878 5073; x_wconf 83' lang='lat' dir='ltr'><strong>connotat</strong></span> <span class='ocrx_word' id='word_1_292' title='bbox 912 5012 1078 5075; x_wconf 89' lang='lat' dir='ltr'><strong>circa</strong></span> <span class='ocrx_word' id='word_1_293' title='bbox 1118 5012 1333 5094; x_wconf 88' lang='lat' dir='ltr'><strong>ipsum</strong></span> <span class='ocrx_word' id='word_1_294' title='bbox 1376 5016 1710 5080; x_wconf 87' lang='lat' dir='ltr'><strong>veritatem</strong></span> <span class='ocrx_word' id='word_1_295' title='bbox 1739 5036 1758 5080; x_wconf 89' lang='lat'>:</span> 
     </span>
    </p>
   </div>
   <div class='ocr_carea' id='block_1_6' title="bbox 295 5103 1762 5205">
    <p class='ocr_par' dir='ltr' id='par_1_7' title="bbox 295 5103 1762 5205">
     <span class='ocr_line' id='line_1_44' title="bbox 295 5103 1762 5205; baseline 0.014 -37"><span class='ocrx_word' id='word_1_296' title='bbox 295 5103 406 5171; x_wconf 86' lang='lat' dir='ltr'><strong>ideo</strong></span> <span class='ocrx_word' id='word_1_297' title='bbox 434 5129 551 5176; x_wconf 89' lang='lat' dir='ltr'><strong>non</strong></span> <span class='ocrx_word' id='word_1_298' title='bbox 589 5121 678 5180; x_wconf 87' lang='lat' dir='ltr'><strong>est</strong></span> <span class='ocrx_word' id='word_1_299' title='bbox 722 5119 1151 5184; x_wconf 88' lang='lat' dir='ltr'><strong>necessarium</strong></span> <span class='ocrx_word' id='word_1_300' title='bbox 1194 5120 1394 5185; x_wconf 86' lang='lat' dir='ltr'><strong>Deum</strong></span> <span class='ocrx_word' id='word_1_301' title='bbox 1440 5126 1762 5205; x_wconf 77' lang='lat' dir='ltr'><strong>praescisse</strong></span> 
     </span>
    </p>
   </div>
   <div class='ocr_carea' id='block_1_7' title="bbox 346 5223 1758 5382">
    <p class='ocr_par' dir='ltr' id='par_1_8' title="bbox 346 5223 1758 5382">
     <span class='ocr_line' id='line_1_45' title="bbox 347 5223 748 5296; baseline 0.027 -23"><span class='ocrx_word' id='word_1_302' title='bbox 347 5223 511 5290; x_wconf 60' lang='lat' dir='ltr'><strong>noan„</strong></span> <span class='ocrx_word' id='word_1_303' title='bbox 527 5240 652 5296; x_wconf 78' lang='lat' dir='ltr'><strong>vm,</strong></span> <span class='ocrx_word' id='word_1_304' title='bbox 672 5235 748 5284; x_wconf 84' lang='lat'><strong>55.</strong></span> 
     </span>
     <span class='ocr_line' id='line_1_46' title="bbox 346 5301 1758 5382; baseline 0.013 -30"><span class='ocrx_word' id='word_1_305' title='bbox 346 5301 400 5367; x_wconf 86' lang='grc' dir='ltr'><strong>(α)</strong></span> <span class='ocrx_word' id='word_1_306' title='bbox 428 5305 586 5372; x_wconf 78' lang='lat' dir='ltr'><strong>suppl.</strong></span> <span class='ocrx_word' id='word_1_307' title='bbox 627 5311 898 5364; x_wconf 85' lang='lat' dir='ltr'><strong>additione.</strong></span> <span class='ocrx_word' id='word_1_308' title='bbox 925 5338 990 5353; x_wconf 90' lang='lat'><em>-</em></span> <span class='ocrx_word' id='word_1_309' title='bbox 1017 5312 1082 5376; x_wconf 86' lang='lat' dir='ltr'><strong>(b)</strong></span> <span class='ocrx_word' id='word_1_310' title='bbox 1109 5314 1252 5367; x_wconf 77' lang='lat' dir='ltr'><strong>Edit.</strong></span> <span class='ocrx_word' id='word_1_311' title='bbox 1289 5317 1448 5368; x_wconf 74' lang='lat' dir='ltr'><strong>Vatic.</strong></span> <span class='ocrx_word' id='word_1_312' title='bbox 1483 5317 1726 5382; x_wconf 76' lang='lat' dir='ltr'><strong>implicite</strong></span> <span class='ocrx_word' id='word_1_313' title='bbox 1739 5333 1758 5382; x_wconf 78' lang='lat'>3</span> 
     </span>
    </p>
   </div>
   <div class='ocr_carea' id='block_1_8' title="bbox 292 5369 1761 5499">
    <p class='ocr_par' dir='ltr' id='par_1_9' title="bbox 292 5369 1761 5499">
     <span class='ocr_line' id='line_1_47' title="bbox 292 5369 1761 5499; baseline 0.011 -74"><span class='ocrx_word' id='word_1_314' title='bbox 292 5369 525 5499; x_wconf 52' lang='lat' dir='ltr'><strong>{Zt&#39;ggm</strong></span> <span class='ocrx_word' id='word_1_315' title='bbox 544 5380 884 5448; x_wconf 76' lang='lat' dir='ltr'><strong>impliciter.—</strong></span> <span class='ocrx_word' id='word_1_316' title='bbox 903 5386 962 5450; x_wconf 81' lang='lat' dir='ltr'><strong>(c)</strong></span> <span class='ocrx_word' id='word_1_317' title='bbox 983 5386 1154 5452; x_wconf 81' lang='lat' dir='ltr'><strong>Suppl.</strong></span> <span class='ocrx_word' id='word_1_318' title='bbox 1177 5387 1223 5438; x_wconf 88' lang='lat' dir='ltr'><strong>si</strong></span> <span class='ocrx_word' id='word_1_319' title='bbox 1237 5401 1345 5439; x_wconf 89' lang='lat' dir='ltr'><strong>non</strong></span> <span class='ocrx_word' id='word_1_320' title='bbox 1360 5389 1507 5439; x_wconf 87' lang='lat' dir='ltr'><strong>sit.—</strong></span> <span class='ocrx_word' id='word_1_321' title='bbox 1526 5391 1594 5454; x_wconf 81' lang='lat' dir='ltr'><strong>(d)</strong></span> <span class='ocrx_word' id='word_1_322' title='bbox 1620 5390 1719 5440; x_wconf 81' lang='lat' dir='ltr'><strong>Edi</strong></span> <span class='ocrx_word' id='word_1_323' title='bbox 1723 5392 1761 5443; x_wconf 82' lang='lat' dir='ltr'><strong>t.</strong></span> 
     </span>
    </p>
   </div>
   <div class='ocr_carea' id='block_1_9' title="bbox 1867 608 3410 1871">
    <p class='ocr_par' dir='ltr' id='par_1_10' title="bbox 1867 608 3410 1871">
     <span class='ocr_line' id='line_1_48' title="bbox 1869 608 3410 694; baseline -0.001 -19"><span class='ocrx_word' id='word_1_324' title='bbox 1869 611 2041 694; x_wconf 89' lang='lat' dir='ltr'><strong>quod</strong></span> <span class='ocrx_word' id='word_1_325' title='bbox 2069 608 2406 693; x_wconf 61' lang='lat' dir='ltr'><strong>praescivit,</strong></span> <span class='ocrx_word' id='word_1_326' title='bbox 2438 608 2734 689; x_wconf 86' lang='lat' dir='ltr'><strong>quamvis</strong></span> <span class='ocrx_word' id='word_1_327' title='bbox 2758 609 2840 673; x_wconf 90' lang='lat' dir='ltr'><strong>sit</strong></span> <span class='ocrx_word' id='word_1_328' title='bbox 2866 612 3111 674; x_wconf 88' lang='lat' dir='ltr'><strong>certum</strong></span> <span class='ocrx_word' id='word_1_329' title='bbox 3139 612 3202 674; x_wconf 89' lang='lat' dir='ltr'><strong>et</strong></span> <span class='ocrx_word' id='word_1_330' title='bbox 3228 609 3410 673; x_wconf 87' lang='lat' dir='ltr'><strong>infal-</strong></span> 
     </span>
     <span class='ocr_line' id='line_1_49' title="bbox 1867 714 3407 796; baseline -0.002 -15"><span class='ocrx_word' id='word_1_331' title='bbox 1867 717 2037 781; x_wconf 85' lang='lat' dir='ltr'><strong>libile</strong></span> <span class='ocrx_word' id='word_1_332' title='bbox 2069 735 2086 779; x_wconf 70' lang='grc' dir='ltr'>ε</span> <span class='ocrx_word' id='word_1_333' title='bbox 2130 717 2219 779; x_wconf 88' lang='lat' dir='ltr'><strong>ita</strong></span> <span class='ocrx_word' id='word_1_334' title='bbox 2265 714 2759 796; x_wconf 82' lang='lat' dir='ltr'><strong>intelligendum</strong></span> <span class='ocrx_word' id='word_1_335' title='bbox 2801 717 2880 780; x_wconf 94' lang='lat' dir='ltr'><strong>de</strong></span> <span class='ocrx_word' id='word_1_336' title='bbox 2918 716 3147 779; x_wconf 82' lang='lat' dir='ltr'><strong>Christi</strong></span> <span class='ocrx_word' id='word_1_337' title='bbox 3201 733 3407 779; x_wconf 91' lang='lat' dir='ltr'><strong>asser-</strong></span> 
     </span>
     <span class='ocr_line' id='line_1_50' title="bbox 1869 822 3409 905; baseline -0.001 -18"><span class='ocrx_word' id='word_1_338' title='bbox 1869 824 2043 887; x_wconf 89' lang='lat' dir='ltr'><strong>tione</strong></span> <span class='ocrx_word' id='word_1_339' title='bbox 2061 871 2079 900; x_wconf 78' lang='lat'>,</span> <span class='ocrx_word' id='word_1_340' title='bbox 2107 823 2277 905; x_wconf 86' lang='lat' dir='ltr'><strong>quod</strong></span> <span class='ocrx_word' id='word_1_341' title='bbox 2317 822 2756 886; x_wconf 87' lang='lat' dir='ltr'><strong>certitudinem</strong></span> <span class='ocrx_word' id='word_1_342' title='bbox 2785 822 2979 887; x_wconf 88' lang='lat' dir='ltr'><strong>habet</strong></span> <span class='ocrx_word' id='word_1_343' title='bbox 3013 826 3078 886; x_wconf 89' lang='lat' dir='ltr'><strong>et</strong></span> <span class='ocrx_word' id='word_1_344' title='bbox 3104 823 3409 886; x_wconf 86' lang='lat' dir='ltr'><strong>infallibi-</strong></span> 
     </span>
     <span class='ocr_line' id='line_1_51' title="bbox 1870 930 3408 1011; baseline 0.001 -18"><span class='ocrx_word' id='word_1_345' title='bbox 1870 930 2111 994; x_wconf 83' lang='lat' dir='ltr'><strong>litatem</strong></span> <span class='ocrx_word' id='word_1_346' title='bbox 2133 950 2171 993; x_wconf 91' lang='lat' dir='ltr'><strong>a</strong></span> <span class='ocrx_word' id='word_1_347' title='bbox 2190 931 2407 995; x_wconf 89' lang='lat' dir='ltr'><strong>divina</strong></span> <span class='ocrx_word' id='word_1_348' title='bbox 2432 931 2862 1011; x_wconf 81' lang='lat' dir='ltr'><strong>praescientia3</strong></span> <span class='ocrx_word' id='word_1_349' title='bbox 2894 931 3003 995; x_wconf 88' lang='lat' dir='ltr'><strong>sed</strong></span> <span class='ocrx_word' id='word_1_350' title='bbox 3031 935 3249 994; x_wconf 86' lang='lat' dir='ltr'><strong>tamen</strong></span> <span class='ocrx_word' id='word_1_351' title='bbox 3275 948 3408 994; x_wconf 92' lang='lat' dir='ltr'><strong>non</strong></span> 
     </span>
     <span class='ocr_line' id='line_1_52' title="bbox 1871 1037 3402 1116; baseline -0.001 -13"><span class='ocrx_word' id='word_1_352' title='bbox 1871 1043 1968 1104; x_wconf 90' lang='lat' dir='ltr'><strong>est</strong></span> <span class='ocrx_word' id='word_1_353' title='bbox 2012 1038 2439 1102; x_wconf 88' lang='lat' dir='ltr'><strong>necessarium</strong></span> <span class='ocrx_word' id='word_1_354' title='bbox 2490 1037 2812 1101; x_wconf 87' lang='lat' dir='ltr'><strong>Christum</strong></span> <span class='ocrx_word' id='word_1_355' title='bbox 2854 1039 2975 1102; x_wconf 88' lang='lat' dir='ltr'><strong>hoc</strong></span> <span class='ocrx_word' id='word_1_356' title='bbox 3024 1037 3361 1101; x_wconf 88' lang='lat' dir='ltr'><strong>asseruisse</strong></span> <span class='ocrx_word' id='word_1_357' title='bbox 3384 1059 3402 1116; x_wconf 81' lang='lat'><em>3</em></span> 
     </span>
     <span class='ocr_line' id='line_1_53' title="bbox 1872 1128 3410 1229; baseline -0.003 -17"><span class='ocrx_word' id='word_1_358' title='bbox 1872 1150 1935 1212; x_wconf 88' lang='lat' dir='ltr'><strong>et</strong></span> <span class='ocrx_word' id='word_1_359' title='bbox 1956 1146 2097 1211; x_wconf 93' lang='lat' dir='ltr'><strong>ideo</strong></span> <span class='ocrx_word' id='word_1_360' title='bbox 2120 1147 2173 1209; x_wconf 89' lang='lat' dir='ltr'><strong>si</strong></span> <span class='ocrx_word' id='word_1_361' title='bbox 2200 1128 2475 1229; x_wconf 79' lang='lat' dir='ltr'><strong>ponatur</strong></span> <span class='ocrx_word' id='word_1_362' title='bbox 2498 1144 2619 1209; x_wconf 90' lang='lat' dir='ltr'><strong>hoc</strong></span> <span class='ocrx_word' id='word_1_363' title='bbox 2644 1163 2777 1209; x_wconf 92' lang='lat' dir='ltr'><strong>non</strong></span> <span class='ocrx_word' id='word_1_364' title='bbox 2803 1145 3196 1225; x_wconf 84' lang='lat' dir='ltr'><strong>contingere,</strong></span> <span class='ocrx_word' id='word_1_365' title='bbox 3223 1144 3410 1227; x_wconf 89' lang='lat' dir='ltr'><strong>poni-</strong></span> 
     </span>
     <span class='ocr_line' id='line_1_54' title="bbox 1872 1252 3409 1341; baseline -0.001 -24"><span class='ocrx_word' id='word_1_366' title='bbox 1872 1258 1980 1318; x_wconf 89' lang='lat' dir='ltr'><strong>tur</strong></span> <span class='ocrx_word' id='word_1_367' title='bbox 2006 1258 2069 1317; x_wconf 87' lang='lat' dir='ltr'><strong>et</strong></span> <span class='ocrx_word' id='word_1_368' title='bbox 2108 1253 2428 1341; x_wconf 86' lang='lat' dir='ltr'><strong>Christum</strong></span> <span class='ocrx_word' id='word_1_369' title='bbox 2457 1271 2587 1317; x_wconf 90' lang='lat' dir='ltr'><strong>non</strong></span> <span class='ocrx_word' id='word_1_370' title='bbox 2617 1253 2976 1318; x_wconf 87' lang='lat' dir='ltr'><strong>asseruisse.</strong></span> <span class='ocrx_word' id='word_1_371' title='bbox 3009 1253 3090 1317; x_wconf 89' lang='lat' dir='ltr'><strong>Et</strong></span> <span class='ocrx_word' id='word_1_372' title='bbox 3117 1252 3205 1315; x_wconf 90' lang='lat' dir='ltr'><strong>sic</strong></span> <span class='ocrx_word' id='word_1_373' title='bbox 3238 1256 3409 1333; x_wconf 91' lang='lat' dir='ltr'><strong>patet</strong></span> 
     </span>
     <span class='ocr_line' id='line_1_55' title="bbox 1871 1359 3409 1438; baseline -0.001 -13"><span class='ocrx_word' id='word_1_374' title='bbox 1871 1362 2053 1438; x_wconf 88' lang='lat' dir='ltr'><strong>illud,</strong></span> <span class='ocrx_word' id='word_1_375' title='bbox 2069 1364 2132 1426; x_wconf 88' lang='lat' dir='ltr'><strong>et</strong></span> <span class='ocrx_word' id='word_1_376' title='bbox 2149 1360 2519 1425; x_wconf 85' lang='lat' dir='ltr'><strong>consimilia.</strong></span> <span class='ocrx_word' id='word_1_377' title='bbox 2544 1359 2617 1423; x_wconf 90' lang='lat' dir='ltr'><strong>In</strong></span> <span class='ocrx_word' id='word_1_378' title='bbox 2635 1361 2980 1425; x_wconf 84' lang='lat' dir='ltr'><strong>assertione</strong></span> <span class='ocrx_word' id='word_1_379' title='bbox 2993 1361 3164 1425; x_wconf 91' lang='lat' dir='ltr'><strong>enim</strong></span> <span class='ocrx_word' id='word_1_380' title='bbox 3182 1359 3409 1425; x_wconf 87' lang='lat' dir='ltr'><strong>Christi</strong></span> 
     </span>
     <span class='ocr_line' id='line_1_56' title="bbox 1874 1466 3410 1548; baseline -0.003 -14"><span class='ocrx_word' id='word_1_381' title='bbox 1874 1470 2001 1534; x_wconf 91' lang='lat' dir='ltr'><strong>duo</strong></span> <span class='ocrx_word' id='word_1_382' title='bbox 2029 1473 2210 1548; x_wconf 86' lang='lat' dir='ltr'><strong>sunt,</strong></span> <span class='ocrx_word' id='word_1_383' title='bbox 2241 1468 2475 1533; x_wconf 88' lang='lat' dir='ltr'><strong>scilicet</strong></span> <span class='ocrx_word' id='word_1_384' title='bbox 2501 1471 2679 1532; x_wconf 90' lang='lat' dir='ltr'><strong>actus</strong></span> <span class='ocrx_word' id='word_1_385' title='bbox 2706 1468 2967 1544; x_wconf 81' lang='lat' dir='ltr'><strong>mentiS‚</strong></span> <span class='ocrx_word' id='word_1_386' title='bbox 2995 1471 3058 1532; x_wconf 88' lang='lat' dir='ltr'><strong>et</strong></span> <span class='ocrx_word' id='word_1_387' title='bbox 3085 1466 3307 1530; x_wconf 88' lang='lat' dir='ltr'><strong>relatio</strong></span> <span class='ocrx_word' id='word_1_388' title='bbox 3328 1466 3410 1530; x_wconf 88' lang='lat' dir='ltr'><strong>ad</strong></span> 
     </span>
     <span class='ocr_line' id='line_1_57' title="bbox 1873 1574 3410 1655; baseline -0.002 -15"><span class='ocrx_word' id='word_1_389' title='bbox 1873 1577 2165 1641; x_wconf 81' lang='lat' dir='ltr'><strong>futurum</strong></span> <span class='ocrx_word' id='word_1_390' title='bbox 2231 1575 2610 1655; x_wconf 73' lang='lat' dir='ltr'><strong>contingens</strong></span> <span class='ocrx_word' id='word_1_391' title='bbox 2640 1622 2657 1653; x_wconf 90' lang='lat'>‚</span> <span class='ocrx_word' id='word_1_392' title='bbox 2722 1574 2857 1638; x_wconf 86' lang='lat' dir='ltr'><strong>sive</strong></span> <span class='ocrx_word' id='word_1_393' title='bbox 2918 1574 3234 1637; x_wconf 88' lang='lat' dir='ltr'><strong>ordinatio</strong></span> <span class='ocrx_word' id='word_1_394' title='bbox 3279 1593 3294 1636; x_wconf 74' lang='grc' dir='ltr'><strong><em>ε</em></strong></span> <span class='ocrx_word' id='word_1_395' title='bbox 3347 1577 3410 1638; x_wconf 90' lang='lat' dir='ltr'><strong>et</strong></span> 
     </span>
     <span class='ocr_line' id='line_1_58' title="bbox 1873 1681 3410 1766; baseline -0.001 -20"><span class='ocrx_word' id='word_1_396' title='bbox 1873 1682 2172 1766; x_wconf 87' lang='lat' dir='ltr'><strong>quamvis</strong></span> <span class='ocrx_word' id='word_1_397' title='bbox 2201 1699 2408 1747; x_wconf 90' lang='lat' dir='ltr'><strong>unum</strong></span> <span class='ocrx_word' id='word_1_398' title='bbox 2452 1682 2533 1745; x_wconf 90' lang='lat' dir='ltr'><strong>sit</strong></span> <span class='ocrx_word' id='word_1_399' title='bbox 2571 1681 3036 1757; x_wconf 87' lang='lat' dir='ltr'><strong>necessarium,</strong></span> <span class='ocrx_word' id='word_1_400' title='bbox 3089 1681 3410 1763; x_wconf 87' lang='lat' dir='ltr'><strong>reliquum</strong></span> 
     </span>
     <span class='ocr_line' id='line_1_59' title="bbox 1874 1790 2633 1871; baseline -0.005 -15"><span class='ocrx_word' id='word_1_401' title='bbox 1874 1795 2089 1856; x_wconf 85' lang='lat' dir='ltr'><strong>tamen</strong></span> <span class='ocrx_word' id='word_1_402' title='bbox 2117 1795 2211 1855; x_wconf 90' lang='lat' dir='ltr'><strong>est</strong></span> <span class='ocrx_word' id='word_1_403' title='bbox 2234 1790 2633 1871; x_wconf 63' lang='lat' dir='ltr'><strong>contingens</strong></span> 
     </span>
    </p>
   </div>
   <div class='ocr_carea' id='block_1_10' title="bbox 2492 1995 2792 2043">
    <p class='ocr_par' dir='ltr' id='par_1_11' title="bbox 2492 1995 2792 2043">
     <span class='ocr_line' id='line_1_60' title="bbox 2492 1995 2792 2043; baseline -0.007 -2"><span class='ocrx_word' id='word_1_404' title='bbox 2492 1995 2632 2041; x_wconf 77' lang='lat' dir='ltr'><strong>mm.</strong></span> <span class='ocrx_word' id='word_1_405' title='bbox 2676 1995 2792 2043; x_wconf 81' lang='lat' dir='ltr'><strong>vn.</strong></span> 
     </span>
    </p>
   </div>
   <div class='ocr_carea' id='block_1_11' title="bbox 1867 2122 3412 5531">
    <p class='ocr_par' dir='ltr' id='par_1_12' title="bbox 1875 2122 3409 2262">
     <span class='ocr_line' id='line_1_61' title="bbox 1875 2122 3409 2189; baseline -0.003 -10"><span class='ocrx_word' id='word_1_406' title='bbox 1875 2127 2018 2180; x_wconf 86' lang='lat' dir='ltr'><strong>Sicut</strong></span> <span class='ocrx_word' id='word_1_407' title='bbox 2053 2125 2189 2177; x_wconf 90' lang='lat' dir='ltr'><strong>enim</strong></span> <span class='ocrx_word' id='word_1_408' title='bbox 2230 2123 2689 2189; x_wconf 64' lang='lat' dir='ltr'><strong>praedestinationis</strong></span> <span class='ocrx_word' id='word_1_409' title='bbox 2731 2122 2943 2173; x_wconf 82' lang='lat' dir='ltr'><strong>effectus</strong></span> <span class='ocrx_word' id='word_1_410' title='bbox 2980 2122 3066 2172; x_wconf 88' lang='lat' dir='ltr'><strong>illa</strong></span> <span class='ocrx_word' id='word_1_411' title='bbox 3109 2123 3271 2188; x_wconf 84' lang='lat' dir='ltr'><strong>gratia</strong></span> <span class='ocrx_word' id='word_1_412' title='bbox 3303 2127 3379 2175; x_wconf 86' lang='lat' dir='ltr'><strong>est</strong></span> <span class='ocrx_word' id='word_1_413' title='bbox 3389 2162 3409 2189; x_wconf 86' lang='lat'><em>,</em></span> 
     </span>
     <span class='ocr_line' id='line_1_62' title="bbox 2152 2195 3131 2262; baseline -0.002 -16"><span class='ocrx_word' id='word_1_414' title='bbox 2152 2196 2272 2261; x_wconf 88' lang='lat' dir='ltr'><strong>quia</strong></span> <span class='ocrx_word' id='word_1_415' title='bbox 2297 2196 2348 2245; x_wconf 92' lang='lat' dir='ltr'><strong>in</strong></span> <span class='ocrx_word' id='word_1_416' title='bbox 2378 2196 2619 2260; x_wconf 78' lang='lat' dir='ltr'><strong>praesenti</strong></span> <span class='ocrx_word' id='word_1_417' title='bbox 2633 2195 3003 2262; x_wconf 76' lang='lat' dir='ltr'><strong>Justificamur,</strong></span> <span class='ocrx_word' id='word_1_418' title='bbox 3032 2197 3131 2244; x_wconf 86' lang='lat' dir='ltr'><strong>etc.</strong></span> 
     </span>
    </p>

    <p class='ocr_par' dir='ltr' id='par_1_13' title="bbox 1869 2325 3412 3805">
     <span class='ocr_line' id='line_1_63' title="bbox 1953 2325 3411 2408; baseline -0.002 -16"><span class='ocrx_word' id='word_1_419' title='bbox 1953 2328 2051 2392; x_wconf 86' lang='lat' dir='ltr'><strong>Ex</strong></span> <span class='ocrx_word' id='word_1_420' title='bbox 2088 2328 2212 2391; x_wconf 92' lang='lat' dir='ltr'><strong>hoc</strong></span> <span class='ocrx_word' id='word_1_421' title='bbox 2236 2326 2589 2391; x_wconf 89' lang='lat' dir='ltr'><strong>ostenditur</strong></span> <span class='ocrx_word' id='word_1_422' title='bbox 2617 2327 2788 2408; x_wconf 90' lang='lat' dir='ltr'><strong>quod</strong></span> <span class='ocrx_word' id='word_1_423' title='bbox 2828 2325 3298 2408; x_wconf 58' lang='lat' dir='ltr'><strong>praedestinatio</strong></span> <span class='ocrx_word' id='word_1_424' title='bbox 3330 2327 3411 2390; x_wconf 89' lang='lat' dir='ltr'><strong>sit</strong></span> 
     </span>
     <span class='ocr_line' id='line_1_64' title="bbox 1873 2432 3411 2517; baseline -0.002 -16"><span class='ocrx_word' id='word_1_425' title='bbox 1873 2456 2067 2501; x_wconf 89' lang='lat' dir='ltr'><strong>causa</strong></span> <span class='ocrx_word' id='word_1_426' title='bbox 2091 2435 2336 2517; x_wconf 69' lang='lat' dir='ltr'><strong>gratiae.</strong></span> <span class='ocrx_word' id='word_1_427' title='bbox 2371 2432 2693 2510; x_wconf 58' lang='lat' dir='ltr'><strong>Quaeritur</strong></span> <span class='ocrx_word' id='word_1_428' title='bbox 2729 2452 2886 2515; x_wconf 89' lang='lat' dir='ltr'><strong>ergo</strong></span> <span class='ocrx_word' id='word_1_429' title='bbox 2914 2434 2983 2497; x_wconf 90' lang='lat' dir='ltr'><strong>in</strong></span> <span class='ocrx_word' id='word_1_430' title='bbox 3008 2453 3138 2516; x_wconf 89' lang='lat' dir='ltr'><strong>quo</strong></span> <span class='ocrx_word' id='word_1_431' title='bbox 3174 2452 3411 2515; x_wconf 83' lang='lat' dir='ltr'><strong>genere</strong></span> 
     </span>
     <span class='ocr_line' id='line_1_65' title="bbox 1871 2541 3410 2622; baseline -0.003 -12"><span class='ocrx_word' id='word_1_432' title='bbox 1871 2563 2081 2610; x_wconf 85' lang='lat' dir='ltr'><strong>causae</strong></span> <span class='ocrx_word' id='word_1_433' title='bbox 2106 2563 2123 2607; x_wconf 73' lang='grc' dir='ltr'><strong><em>ε</em></strong></span> <span class='ocrx_word' id='word_1_434' title='bbox 2149 2560 2297 2607; x_wconf 90' lang='lat' dir='ltr'><strong>cum</strong></span> <span class='ocrx_word' id='word_1_435' title='bbox 2326 2541 2499 2606; x_wconf 91' lang='lat' dir='ltr'><strong>enim</strong></span> <span class='ocrx_word' id='word_1_436' title='bbox 2517 2543 2600 2604; x_wconf 92' lang='lat' dir='ltr'><strong>sit</strong></span> <span class='ocrx_word' id='word_1_437' title='bbox 2621 2542 2901 2622; x_wconf 89' lang='lat' dir='ltr'><strong>scientia,</strong></span> <span class='ocrx_word' id='word_1_438' title='bbox 2928 2542 3183 2607; x_wconf 82' lang='lat' dir='ltr'><strong>videtur</strong></span> <span class='ocrx_word' id='word_1_439' title='bbox 3202 2542 3410 2606; x_wconf 89' lang='lat' dir='ltr'><strong>dicere</strong></span> 
     </span>
     <span class='ocr_line' id='line_1_66' title="bbox 1873 2648 3412 2732; baseline -0.004 -16"><span class='ocrx_word' id='word_1_440' title='bbox 1873 2666 2133 2716; x_wconf 90' lang='lat' dir='ltr'><strong>causam</strong></span> <span class='ocrx_word' id='word_1_441' title='bbox 2158 2649 2610 2732; x_wconf 85' lang='lat' dir='ltr'><strong>exemplarem.</strong></span> <span class='ocrx_word' id='word_1_442' title='bbox 2641 2648 2720 2711; x_wconf 90' lang='lat' dir='ltr'><strong>Et</strong></span> <span class='ocrx_word' id='word_1_443' title='bbox 2736 2649 2995 2725; x_wconf 82' lang='lat' dir='ltr'><strong>iterum,</strong></span> <span class='ocrx_word' id='word_1_444' title='bbox 3016 2649 3138 2712; x_wconf 90' lang='lat' dir='ltr'><strong>hoc</strong></span> <span class='ocrx_word' id='word_1_445' title='bbox 3162 2667 3293 2712; x_wconf 89' lang='lat' dir='ltr'><strong>non</strong></span> <span class='ocrx_word' id='word_1_446' title='bbox 3317 2648 3412 2713; x_wconf 85' lang='lat' dir='ltr'><strong>vi-</strong></span> 
     </span>
     <span class='ocr_line' id='line_1_67' title="bbox 1872 2756 3409 2838; baseline -0.002 -16"><span class='ocrx_word' id='word_1_447' title='bbox 1872 2759 2057 2822; x_wconf 87' lang='lat' dir='ltr'><strong>detur</strong></span> <span class='ocrx_word' id='word_1_448' title='bbox 2080 2758 2388 2835; x_wconf 80' lang='lat' dir='ltr'><strong>sufficere,</strong></span> <span class='ocrx_word' id='word_1_449' title='bbox 2416 2757 2572 2838; x_wconf 85' lang='lat' dir='ltr'><strong>quia</strong></span> <span class='ocrx_word' id='word_1_450' title='bbox 2599 2756 2927 2838; x_wconf 86' lang='lat' dir='ltr'><strong>exemplar</strong></span> <span class='ocrx_word' id='word_1_451' title='bbox 2963 2773 3097 2820; x_wconf 92' lang='lat' dir='ltr'><strong>non</strong></span> <span class='ocrx_word' id='word_1_452' title='bbox 3118 2773 3409 2819; x_wconf 87' lang='lat' dir='ltr'><strong>necessa-</strong></span> 
     </span>
     <span class='ocr_line' id='line_1_68' title="bbox 1871 2863 3411 2945; baseline -0.001 -15"><span class='ocrx_word' id='word_1_453' title='bbox 1871 2867 1969 2930; x_wconf 90' lang='lat' dir='ltr'><strong>rio</strong></span> <span class='ocrx_word' id='word_1_454' title='bbox 1994 2865 2187 2929; x_wconf 85' lang='lat' dir='ltr'><strong>infert</strong></span> <span class='ocrx_word' id='word_1_455' title='bbox 2211 2863 2682 2945; x_wconf 83' lang='lat' dir='ltr'><strong>exemplatum3</strong></span> <span class='ocrx_word' id='word_1_456' title='bbox 2733 2864 2842 2928; x_wconf 88' lang='lat' dir='ltr'><strong>sed</strong></span> <span class='ocrx_word' id='word_1_457' title='bbox 2868 2863 3268 2945; x_wconf 84' lang='lat' dir='ltr'><strong>praescientia</strong></span> <span class='ocrx_word' id='word_1_458' title='bbox 3293 2882 3411 2944; x_wconf 90' lang='lat' dir='ltr'><strong>po-</strong></span> 
     </span>
     <span class='ocr_line' id='line_1_69' title="bbox 1871 2969 3411 3046; baseline -0.001 -12"><span class='ocrx_word' id='word_1_459' title='bbox 1871 2971 1987 3035; x_wconf 90' lang='lat' dir='ltr'><strong>nit.</strong></span> <span class='ocrx_word' id='word_1_460' title='bbox 2020 2970 2099 3035; x_wconf 84' lang='lat' dir='ltr'><strong>Et</strong></span> <span class='ocrx_word' id='word_1_461' title='bbox 2128 2971 2363 3035; x_wconf 90' lang='lat' dir='ltr'><strong>iterum</strong></span> <span class='ocrx_word' id='word_1_462' title='bbox 2390 2970 2521 3034; x_wconf 88' lang='lat' dir='ltr'><strong>sic:</strong></span> <span class='ocrx_word' id='word_1_463' title='bbox 2561 2974 2656 3033; x_wconf 91' lang='lat' dir='ltr'><strong>est</strong></span> <span class='ocrx_word' id='word_1_464' title='bbox 2682 2986 2873 3035; x_wconf 87' lang='lat' dir='ltr'><strong>causa</strong></span> <span class='ocrx_word' id='word_1_465' title='bbox 2891 3017 2908 3046; x_wconf 87' lang='lat'>‚</span> <span class='ocrx_word' id='word_1_466' title='bbox 2940 2974 3054 3034; x_wconf 90' lang='lat' dir='ltr'><strong>aut</strong></span> <span class='ocrx_word' id='word_1_467' title='bbox 3077 2969 3411 3034; x_wconf 87' lang='lat' dir='ltr'><strong>universa-</strong></span> 
     </span>
     <span class='ocr_line' id='line_1_70' title="bbox 1870 3076 3411 3161; baseline -0.001 -18"><span class='ocrx_word' id='word_1_468' title='bbox 1870 3078 1949 3143; x_wconf 89' lang='lat' dir='ltr'><strong>lis</strong></span> <span class='ocrx_word' id='word_1_469' title='bbox 1969 3128 1987 3160; x_wconf 88' lang='lat'><strong>,</strong></span> <span class='ocrx_word' id='word_1_470' title='bbox 2017 3081 2131 3143; x_wconf 91' lang='lat' dir='ltr'><strong>aut</strong></span> <span class='ocrx_word' id='word_1_471' title='bbox 2168 3077 2570 3161; x_wconf 82' lang='lat' dir='ltr'><strong>particularis</strong></span> <span class='ocrx_word' id='word_1_472' title='bbox 2602 3097 2618 3142; x_wconf 92' lang='lat'><strong>:</strong></span> <span class='ocrx_word' id='word_1_473' title='bbox 2649 3096 2782 3142; x_wconf 92' lang='lat' dir='ltr'><strong>non</strong></span> <span class='ocrx_word' id='word_1_474' title='bbox 2802 3077 3182 3143; x_wconf 88' lang='lat' dir='ltr'><strong>universalis</strong></span> <span class='ocrx_word' id='word_1_475' title='bbox 3201 3125 3221 3157; x_wconf 88' lang='lat'>,</span> <span class='ocrx_word' id='word_1_476' title='bbox 3258 3076 3411 3160; x_wconf 84' lang='lat' dir='ltr'><strong>quia</strong></span> 
     </span>
     <span class='ocr_line' id='line_1_71' title="bbox 1871 3186 3404 3269; baseline -0.002 -19"><span class='ocrx_word' id='word_1_477' title='bbox 1871 3190 2027 3253; x_wconf 90' lang='lat' dir='ltr'><strong>tunc</strong></span> <span class='ocrx_word' id='word_1_478' title='bbox 2072 3187 2389 3268; x_wconf 83' lang='lat' dir='ltr'><strong>indigeret</strong></span> <span class='ocrx_word' id='word_1_479' title='bbox 2443 3186 2808 3269; x_wconf 84' lang='lat' dir='ltr'><strong>particulari</strong></span> <span class='ocrx_word' id='word_1_480' title='bbox 2855 3186 2986 3250; x_wconf 85' lang='lat' dir='ltr'><strong>alia</strong></span> <span class='ocrx_word' id='word_1_481' title='bbox 3019 3186 3404 3267; x_wconf 79' lang='lat' dir='ltr'><strong>&#39;adjuvante3</strong></span> 
     </span>
     <span class='ocr_line' id='line_1_72' title="bbox 1871 3293 3411 3378; baseline -0.001 -20"><span class='ocrx_word' id='word_1_482' title='bbox 1871 3313 2005 3360; x_wconf 91' lang='lat' dir='ltr'><strong>non</strong></span> <span class='ocrx_word' id='word_1_483' title='bbox 2030 3294 2450 3378; x_wconf 62' lang='lat' dir='ltr'><strong>particulam,</strong></span> <span class='ocrx_word' id='word_1_484' title='bbox 2469 3294 2622 3377; x_wconf 85' lang='lat' dir='ltr'><strong>quia</strong></span> <span class='ocrx_word' id='word_1_485' title='bbox 2636 3298 2793 3358; x_wconf 88' lang='lat' dir='ltr'><strong>tunc</strong></span> <span class='ocrx_word' id='word_1_486' title='bbox 2809 3293 3227 3358; x_wconf 89' lang='lat' dir='ltr'><strong>determinata</strong></span> <span class='ocrx_word' id='word_1_487' title='bbox 3248 3296 3411 3357; x_wconf 88' lang='lat' dir='ltr'><strong>esset</strong></span> 
     </span>
     <span class='ocr_line' id='line_1_73' title="bbox 1869 3399 3411 3480; baseline 0 -15"><span class='ocrx_word' id='word_1_488' title='bbox 1869 3402 1949 3465; x_wconf 89' lang='lat' dir='ltr'><strong>ad</strong></span> <span class='ocrx_word' id='word_1_489' title='bbox 1989 3421 2201 3467; x_wconf 90' lang='lat' dir='ltr'><strong>unum</strong></span> <span class='ocrx_word' id='word_1_490' title='bbox 2239 3402 2537 3466; x_wconf 85' lang='lat' dir='ltr'><strong>effectum</strong></span> <span class='ocrx_word' id='word_1_491' title='bbox 2568 3403 2843 3465; x_wconf 87' lang='lat' dir='ltr'><strong>tantum.</strong></span> <span class='ocrx_word' id='word_1_492' title='bbox 2875 3399 2953 3464; x_wconf 89' lang='lat' dir='ltr'><strong>Et</strong></span> <span class='ocrx_word' id='word_1_493' title='bbox 2989 3400 3226 3466; x_wconf 89' lang='lat' dir='ltr'><strong>iterum</strong></span> <span class='ocrx_word' id='word_1_494' title='bbox 3247 3450 3264 3480; x_wconf 92' lang='lat'>,</span> <span class='ocrx_word' id='word_1_495' title='bbox 3299 3404 3411 3465; x_wconf 89' lang='lat' dir='ltr'><strong>aut</strong></span> 
     </span>
     <span class='ocr_line' id='line_1_74' title="bbox 1870 3508 3406 3589; baseline 0 -17"><span class='ocrx_word' id='word_1_496' title='bbox 1870 3509 2242 3586; x_wconf 87' lang='lat' dir='ltr'><strong>necessaria,</strong></span> <span class='ocrx_word' id='word_1_497' title='bbox 2273 3512 2385 3574; x_wconf 88' lang='lat' dir='ltr'><strong>aut</strong></span> <span class='ocrx_word' id='word_1_498' title='bbox 2415 3509 2793 3589; x_wconf 84' lang='lat' dir='ltr'><strong>contingens</strong></span> <span class='ocrx_word' id='word_1_499' title='bbox 2825 3530 2840 3573; x_wconf 74' lang='grc' dir='ltr'>ε</span> <span class='ocrx_word' id='word_1_500' title='bbox 2872 3526 3006 3572; x_wconf 91' lang='lat' dir='ltr'><strong>non</strong></span> <span class='ocrx_word' id='word_1_501' title='bbox 3032 3508 3406 3588; x_wconf 86' lang='lat' dir='ltr'><strong>necessaria,</strong></span> 
     </span>
     <span class='ocr_line' id='line_1_75' title="bbox 1870 3617 3409 3700; baseline -0.001 -19"><span class='ocrx_word' id='word_1_502' title='bbox 1870 3617 2179 3700; x_wconf 87' lang='lat' dir='ltr'><strong>quoniam</strong></span> <span class='ocrx_word' id='word_1_503' title='bbox 2196 3636 2312 3700; x_wconf 89' lang='lat' dir='ltr'><strong>per</strong></span> <span class='ocrx_word' id='word_1_504' title='bbox 2331 3617 2729 3682; x_wconf 85' lang='lat' dir='ltr'><strong>voluntatem</strong></span> <span class='ocrx_word' id='word_1_505' title='bbox 2747 3620 3048 3700; x_wconf 86' lang='lat' dir='ltr'><strong>operatur</strong></span> <span class='ocrx_word' id='word_1_506' title='bbox 3069 3638 3085 3695; x_wconf 94' lang='lat'>;</span> <span class='ocrx_word' id='word_1_507' title='bbox 3109 3634 3241 3680; x_wconf 89' lang='lat' dir='ltr'><strong>non</strong></span> <span class='ocrx_word' id='word_1_508' title='bbox 3263 3633 3409 3680; x_wconf 91' lang='lat' dir='ltr'><strong>con-</strong></span> 
     </span>
     <span class='ocr_line' id='line_1_76' title="bbox 1869 3722 3296 3805; baseline 0.001 -20"><span class='ocrx_word' id='word_1_509' title='bbox 1869 3722 2151 3803; x_wconf 80' lang='lat' dir='ltr'><strong>tingenS,</strong></span> <span class='ocrx_word' id='word_1_510' title='bbox 2181 3723 2334 3805; x_wconf 86' lang='lat' dir='ltr'><strong>quia</strong></span> <span class='ocrx_word' id='word_1_511' title='bbox 2356 3723 2497 3788; x_wconf 87' lang='lat' dir='ltr'><strong>haec</strong></span> <span class='ocrx_word' id='word_1_512' title='bbox 2524 3727 2618 3787; x_wconf 89' lang='lat' dir='ltr'><strong>est</strong></span> <span class='ocrx_word' id='word_1_513' title='bbox 2643 3723 2920 3787; x_wconf 83' lang='lat' dir='ltr'><strong>sallibilis</strong></span> <span class='ocrx_word' id='word_1_514' title='bbox 2945 3727 3010 3787; x_wconf 92' lang='lat' dir='ltr'><strong>et</strong></span> <span class='ocrx_word' id='word_1_515' title='bbox 3034 3724 3296 3787; x_wconf 89' lang='lat' dir='ltr'><strong>incerta.</strong></span> 
     </span>
    </p>

    <p class='ocr_par' dir='ltr' id='par_1_14' title="bbox 1867 3829 3411 5531">
     <span class='ocr_line' id='line_1_77' title="bbox 1951 3829 3410 3913; baseline 0.001 -20"><span class='ocrx_word' id='word_1_516' title='bbox 1951 3829 2137 3912; x_wconf 90' lang='lat' dir='ltr'><strong>Resp.</strong></span> <span class='ocrx_word' id='word_1_517' title='bbox 2183 3830 2531 3896; x_wconf 89' lang='lat' dir='ltr'><strong>Dicendum</strong></span> <span class='ocrx_word' id='word_1_518' title='bbox 2587 3831 2759 3913; x_wconf 88' lang='lat' dir='ltr'><strong>quod</strong></span> <span class='ocrx_word' id='word_1_519' title='bbox 2804 3831 3268 3913; x_wconf 68' lang='lat' dir='ltr'><strong>praedestinatio</strong></span> <span class='ocrx_word' id='word_1_520' title='bbox 3316 3834 3410 3894; x_wconf 88' lang='lat' dir='ltr'><strong>est</strong></span> 
     </span>
     <span class='ocr_line' id='line_1_78' title="bbox 1870 3937 3410 4018; baseline 0.003 -17"><span class='ocrx_word' id='word_1_521' title='bbox 1870 3956 2059 4002; x_wconf 86' lang='lat' dir='ltr'><strong>causa</strong></span> <span class='ocrx_word' id='word_1_522' title='bbox 2085 3937 2337 4018; x_wconf 87' lang='lat' dir='ltr'><strong>gratiae,</strong></span> <span class='ocrx_word' id='word_1_523' title='bbox 2368 3938 2529 4003; x_wconf 90' lang='lat' dir='ltr'><strong>sicut</strong></span> <span class='ocrx_word' id='word_1_524' title='bbox 2551 3939 2736 4018; x_wconf 89' lang='lat' dir='ltr'><strong>dicit,</strong></span> <span class='ocrx_word' id='word_1_525' title='bbox 2768 3945 2832 4003; x_wconf 90' lang='lat' dir='ltr'><strong>et</strong></span> <span class='ocrx_word' id='word_1_526' title='bbox 2874 3945 3005 4005; x_wconf 89' lang='lat' dir='ltr'><strong>tota</strong></span> <span class='ocrx_word' id='word_1_527' title='bbox 3045 3939 3410 4018; x_wconf 87' lang='lat' dir='ltr'><strong>causa;·sed</strong></span> 
     </span>
     <span class='ocr_line' id='line_1_79' title="bbox 1868 4044 3411 4129; baseline 0.001 -20"><span class='ocrx_word' id='word_1_528' title='bbox 1868 4063 2000 4109; x_wconf 91' lang='lat' dir='ltr'><strong>non</strong></span> <span class='ocrx_word' id='word_1_529' title='bbox 2025 4063 2217 4108; x_wconf 86' lang='lat' dir='ltr'><strong>causa</strong></span> <span class='ocrx_word' id='word_1_530' title='bbox 2251 4044 2476 4109; x_wconf 88' lang='lat' dir='ltr'><strong>salutis</strong></span> <span class='ocrx_word' id='word_1_531' title='bbox 2496 4094 2514 4124; x_wconf 85' lang='lat'>‚</span> <span class='ocrx_word' id='word_1_532' title='bbox 2546 4049 2622 4111; x_wconf 88' lang='lat' dir='ltr'><strong>ut</strong></span> <span class='ocrx_word' id='word_1_533' title='bbox 2656 4046 3031 4110; x_wconf 84' lang='lat' dir='ltr'><strong>excludatur</strong></span> <span class='ocrx_word' id='word_1_534' title='bbox 3064 4065 3411 4129; x_wconf 88' lang='lat' dir='ltr'><strong>cooperans</strong></span> 
     </span>
     <span class='ocr_line' id='line_1_80' title="bbox 1870 4151 3411 4235; baseline 0.001 -19"><span class='ocrx_word' id='word_1_535' title='bbox 1870 4156 1933 4216; x_wconf 88' lang='lat' dir='ltr'><strong>et</strong></span> <span class='ocrx_word' id='word_1_536' title='bbox 1954 4151 2296 4235; x_wconf 89' lang='lat' dir='ltr'><strong>disponens</strong></span> <span class='ocrx_word' id='word_1_537' title='bbox 2319 4175 2335 4215; x_wconf 73' lang='grc' dir='ltr'>ε</span> <span class='ocrx_word' id='word_1_538' title='bbox 2366 4152 2467 4234; x_wconf 91' lang='lat' dir='ltr'><strong>adj</strong></span> <span class='ocrx_word' id='word_1_539' title='bbox 2476 4156 2689 4217; x_wconf 88' lang='lat' dir='ltr'><strong>utores</strong></span> <span class='ocrx_word' id='word_1_540' title='bbox 2713 4155 2887 4218; x_wconf 91' lang='lat' dir='ltr'><strong>enim</strong></span> <span class='ocrx_word' id='word_1_541' title='bbox 2914 4172 3160 4232; x_wconf 88' lang='lat' dir='ltr'><strong>sumus,</strong></span> <span class='ocrx_word' id='word_1_542' title='bbox 3183 4159 3246 4218; x_wconf 93' lang='lat' dir='ltr'><strong>et</strong></span> <span class='ocrx_word' id='word_1_543' title='bbox 3268 4154 3411 4218; x_wconf 92' lang='lat' dir='ltr'><strong>nul-</strong></span> 
     </span>
     <span class='ocr_line' id='line_1_81' title="bbox 1867 4259 3405 4345; baseline 0.003 -23"><span class='ocrx_word' id='word_1_544' title='bbox 1867 4259 1972 4323; x_wconf 90' lang='lat' dir='ltr'><strong>lus</strong></span> <span class='ocrx_word' id='word_1_545' title='bbox 2006 4260 2291 4324; x_wconf 87' lang='lat' dir='ltr'><strong>salvatur</strong></span> <span class='ocrx_word' id='word_1_546' title='bbox 2332 4259 2593 4324; x_wconf 77' lang='lat' dir='ltr'><strong>invituS.</strong></span> <span class='ocrx_word' id='word_1_547' title='bbox 2633 4259 2809 4337; x_wconf 88' lang='lat' dir='ltr'><strong>Quod</strong></span> <span class='ocrx_word' id='word_1_548' title='bbox 2851 4280 3009 4342; x_wconf 88' lang='lat' dir='ltr'><strong>ergo</strong></span> <span class='ocrx_word' id='word_1_549' title='bbox 3054 4262 3366 4345; x_wconf 87' lang='lat' dir='ltr'><strong>quaeritur</strong></span> <span class='ocrx_word' id='word_1_550' title='bbox 3385 4308 3405 4342; x_wconf 88' lang='lat'><strong>,</strong></span> 
     </span>
     <span class='ocr_line' id='line_1_82' title="bbox 1869 4366 3410 4451; baseline 0.002 -22"><span class='ocrx_word' id='word_1_551' title='bbox 1869 4366 1941 4429; x_wconf 93' lang='lat' dir='ltr'><strong>in</strong></span> <span class='ocrx_word' id='word_1_552' title='bbox 1954 4384 2084 4448; x_wconf 84' lang='lat' dir='ltr'><strong>quo</strong></span> <span class='ocrx_word' id='word_1_553' title='bbox 2104 4383 2342 4447; x_wconf 80' lang='lat' dir='ltr'><strong>genere</strong></span> <span class='ocrx_word' id='word_1_554' title='bbox 2359 4384 2569 4431; x_wconf 85' lang='lat' dir='ltr'><strong>causae</strong></span> <span class='ocrx_word' id='word_1_555' title='bbox 2589 4389 2606 4444; x_wconf 91' lang='lat'>;</span> <span class='ocrx_word' id='word_1_556' title='bbox 2628 4368 2718 4430; x_wconf 88' lang='lat' dir='ltr'><strong>sic</strong></span> <span class='ocrx_word' id='word_1_557' title='bbox 2740 4366 2823 4450; x_wconf 86' lang='lat' dir='ltr'><strong>(d)</strong></span> <span class='ocrx_word' id='word_1_558' title='bbox 2853 4368 3215 4448; x_wconf 87' lang='lat' dir='ltr'><strong>dicendum,</strong></span> <span class='ocrx_word' id='word_1_559' title='bbox 3236 4368 3410 4451; x_wconf 88' lang='lat' dir='ltr'><strong>quod</strong></span> 
     </span>
     <span class='ocr_line' id='line_1_83' title="bbox 1868 4473 3411 4556; baseline 0.001 -19"><span class='ocrx_word' id='word_1_560' title='bbox 1868 4473 2340 4556; x_wconf 66' lang='lat' dir='ltr'><strong>praedestinatio</strong></span> <span class='ocrx_word' id='word_1_561' title='bbox 2378 4473 2613 4538; x_wconf 84' lang='lat' dir='ltr'><strong>claudit</strong></span> <span class='ocrx_word' id='word_1_562' title='bbox 2651 4473 2720 4537; x_wconf 90' lang='lat' dir='ltr'><strong>in</strong></span> <span class='ocrx_word' id='word_1_563' title='bbox 2754 4493 2822 4539; x_wconf 89' lang='lat' dir='ltr'><strong>se</strong></span> <span class='ocrx_word' id='word_1_564' title='bbox 2850 4476 3180 4540; x_wconf 88' lang='lat' dir='ltr'><strong>scientiam</strong></span> <span class='ocrx_word' id='word_1_565' title='bbox 3210 4479 3273 4538; x_wconf 90' lang='lat' dir='ltr'><strong>et</strong></span> <span class='ocrx_word' id='word_1_566' title='bbox 3297 4475 3411 4539; x_wconf 86' lang='lat' dir='ltr'><strong>be-</strong></span> 
     </span>
     <span class='ocr_line' id='line_1_84' title="bbox 1869 4583 3410 4668; baseline 0.002 -21"><span class='ocrx_word' id='word_1_567' title='bbox 1869 4584 2252 4667; x_wconf 89' lang='lat' dir='ltr'><strong>neplacitum</strong></span> <span class='ocrx_word' id='word_1_568' title='bbox 2286 4583 2630 4648; x_wconf 86' lang='lat' dir='ltr'><strong>voluntatis</strong></span> <span class='ocrx_word' id='word_1_569' title='bbox 2647 4631 2665 4660; x_wconf 87' lang='lat'>‚</span> <span class='ocrx_word' id='word_1_570' title='bbox 2697 4589 2761 4648; x_wconf 91' lang='lat' dir='ltr'><strong>et</strong></span> <span class='ocrx_word' id='word_1_571' title='bbox 2792 4586 3265 4668; x_wconf 89' lang='lat' dir='ltr'><strong>dispositionem</strong></span> <span class='ocrx_word' id='word_1_572' title='bbox 3292 4604 3410 4651; x_wconf 86' lang='lat' dir='ltr'><strong>vo-</strong></span> 
     </span>
     <span class='ocr_line' id='line_1_85' title="bbox 1869 4691 3405 4775; baseline 0.003 -21"><span class='ocrx_word' id='word_1_573' title='bbox 1869 4691 2132 4755; x_wconf 87' lang='lat' dir='ltr'><strong>luntatis</strong></span> <span class='ocrx_word' id='word_1_574' title='bbox 2166 4709 2282 4775; x_wconf 89' lang='lat' dir='ltr'><strong>per</strong></span> <span class='ocrx_word' id='word_1_575' title='bbox 2321 4710 2519 4773; x_wconf 86' lang='lat' dir='ltr'><strong>quam</strong></span> <span class='ocrx_word' id='word_1_576' title='bbox 2558 4692 2797 4774; x_wconf 87' lang='lat' dir='ltr'><strong>placuit</strong></span> <span class='ocrx_word' id='word_1_577' title='bbox 2834 4693 2960 4758; x_wconf 89' lang='lat' dir='ltr'><strong>Deo</strong></span> <span class='ocrx_word' id='word_1_578' title='bbox 2983 4712 3101 4758; x_wconf 87' lang='lat' dir='ltr'><strong>nos</strong></span> <span class='ocrx_word' id='word_1_579' title='bbox 3124 4694 3365 4759; x_wconf 82' lang='lat' dir='ltr'><strong>salvare</strong></span> <span class='ocrx_word' id='word_1_580' title='bbox 3387 4740 3405 4771; x_wconf 89' lang='lat'><strong>‚</strong></span> 
     </span>
     <span class='ocr_line' id='line_1_86' title="bbox 1871 4797 3408 4881; baseline 0.002 -21"><span class='ocrx_word' id='word_1_581' title='bbox 1871 4815 2016 4880; x_wconf 85' lang='lat' dir='ltr'><strong>quae</strong></span> <span class='ocrx_word' id='word_1_582' title='bbox 2045 4803 2142 4861; x_wconf 90' lang='lat' dir='ltr'><strong>est</strong></span> <span class='ocrx_word' id='word_1_583' title='bbox 2175 4814 2434 4861; x_wconf 88' lang='lat' dir='ltr'><strong>summa</strong></span> <span class='ocrx_word' id='word_1_584' title='bbox 2454 4797 2725 4862; x_wconf 84' lang='lat' dir='ltr'><strong>bonitas.</strong></span> <span class='ocrx_word' id='word_1_585' title='bbox 2759 4797 3022 4864; x_wconf 89' lang='lat' dir='ltr'><strong>Ratione</strong></span> <span class='ocrx_word' id='word_1_586' title='bbox 3054 4800 3279 4881; x_wconf 87' lang='lat' dir='ltr'><strong>primi,</strong></span> <span class='ocrx_word' id='word_1_587' title='bbox 3310 4800 3408 4863; x_wconf 90' lang='lat' dir='ltr'><strong>di—</strong></span> 
     </span>
     <span class='ocr_line' id='line_1_87' title="bbox 1870 4905 3408 4986; baseline 0.001 -17"><span class='ocrx_word' id='word_1_588' title='bbox 1870 4906 1955 4969; x_wconf 90' lang='lat' dir='ltr'><strong>cit</strong></span> <span class='ocrx_word' id='word_1_589' title='bbox 1997 4923 2255 4970; x_wconf 90' lang='lat' dir='ltr'><strong>causam</strong></span> <span class='ocrx_word' id='word_1_590' title='bbox 2298 4905 2364 4967; x_wconf 92' lang='lat' dir='ltr'><strong>in</strong></span> <span class='ocrx_word' id='word_1_591' title='bbox 2417 4923 2655 4986; x_wconf 86' lang='lat' dir='ltr'><strong>genere</strong></span> <span class='ocrx_word' id='word_1_592' title='bbox 2705 4906 2968 4986; x_wconf 81' lang='lat' dir='ltr'><strong>formae3</strong></span> <span class='ocrx_word' id='word_1_593' title='bbox 3028 4908 3273 4972; x_wconf 89' lang='lat' dir='ltr'><strong>ratione</strong></span> <span class='ocrx_word' id='word_1_594' title='bbox 3317 4925 3408 4971; x_wconf 88' lang='lat' dir='ltr'><strong>se·-</strong></span> 
     </span>
     <span class='ocr_line' id='line_1_88' title="bbox 1870 5011 3408 5092; baseline 0.001 -16"><span class='ocrx_word' id='word_1_595' title='bbox 1870 5012 2085 5092; x_wconf 86' lang='lat' dir='ltr'><strong>oundi,</strong></span> <span class='ocrx_word' id='word_1_596' title='bbox 2105 5011 2175 5075; x_wconf 93' lang='lat' dir='ltr'><strong>in</strong></span> <span class='ocrx_word' id='word_1_597' title='bbox 2198 5030 2435 5092; x_wconf 89' lang='lat' dir='ltr'><strong>genere</strong></span> <span class='ocrx_word' id='word_1_598' title='bbox 2461 5012 2823 5092; x_wconf 84' lang='lat' dir='ltr'><strong>efficientis;</strong></span> <span class='ocrx_word' id='word_1_599' title='bbox 2856 5014 3101 5078; x_wconf 87' lang='lat' dir='ltr'><strong>ratione</strong></span> <span class='ocrx_word' id='word_1_600' title='bbox 3124 5013 3317 5091; x_wconf 84' lang='lat' dir='ltr'><strong>tertii,</strong></span> <span class='ocrx_word' id='word_1_601' title='bbox 3338 5013 3408 5078; x_wconf 92' lang='lat' dir='ltr'><strong>in</strong></span> 
     </span>
     <span class='ocr_line' id='line_1_89' title="bbox 1870 5118 3409 5203; baseline 0.001 -20"><span class='ocrx_word' id='word_1_602' title='bbox 1870 5137 2107 5201; x_wconf 88' lang='lat' dir='ltr'><strong>genere</strong></span> <span class='ocrx_word' id='word_1_603' title='bbox 2141 5120 2307 5182; x_wconf 84' lang='lat' dir='ltr'><strong>finis.</strong></span> <span class='ocrx_word' id='word_1_604' title='bbox 2353 5118 2531 5196; x_wconf 88' lang='lat' dir='ltr'><strong>Quod</strong></span> <span class='ocrx_word' id='word_1_605' title='bbox 2562 5120 2908 5203; x_wconf 85' lang='lat' dir='ltr'><strong>quaeritur,</strong></span> <span class='ocrx_word' id='word_1_606' title='bbox 2938 5125 3160 5184; x_wconf 89' lang='lat' dir='ltr'><strong>utrum</strong></span> <span class='ocrx_word' id='word_1_607' title='bbox 3188 5138 3409 5184; x_wconf 90' lang='lat' dir='ltr'><strong>neces-</strong></span> 
     </span>
     <span class='ocr_line' id='line_1_90' title="bbox 1869 5226 3406 5310; baseline 0.001 -19"><span class='ocrx_word' id='word_1_608' title='bbox 1869 5227 2039 5291; x_wconf 90' lang='lat' dir='ltr'><strong>saria</strong></span> <span class='ocrx_word' id='word_1_609' title='bbox 2082 5227 2186 5293; x_wconf 85' lang='lat' dir='ltr'><strong>vel</strong></span> <span class='ocrx_word' id='word_1_610' title='bbox 2215 5228 2596 5308; x_wconf 88' lang='lat' dir='ltr'><strong>contingens</strong></span> <span class='ocrx_word' id='word_1_611' title='bbox 2617 5275 2636 5304; x_wconf 86' lang='lat'>‚</span> <span class='ocrx_word' id='word_1_612' title='bbox 2664 5226 3046 5291; x_wconf 88' lang='lat' dir='ltr'><strong>universalis</strong></span> <span class='ocrx_word' id='word_1_613' title='bbox 3082 5228 3186 5292; x_wconf 85' lang='lat' dir='ltr'><strong>vel</strong></span> <span class='ocrx_word' id='word_1_614' title='bbox 3211 5228 3406 5310; x_wconf 87' lang='lat' dir='ltr'><strong>parti-</strong></span> 
     </span>
     <span class='ocr_line' id='line_1_91' title="bbox 1870 5334 3409 5417; baseline 0 -16"><span class='ocrx_word' id='word_1_615' title='bbox 1870 5335 2141 5412; x_wconf 81' lang='lat' dir='ltr'><strong>cularis3</strong></span> <span class='ocrx_word' id='word_1_616' title='bbox 2189 5334 2533 5399; x_wconf 88' lang='lat' dir='ltr'><strong>dicendum</strong></span> <span class='ocrx_word' id='word_1_617' title='bbox 2571 5334 2742 5417; x_wconf 88' lang='lat' dir='ltr'><strong>quod</strong></span> <span class='ocrx_word' id='word_1_618' title='bbox 2799 5334 2878 5398; x_wconf 89' lang='lat' dir='ltr'><strong>de</strong></span> <span class='ocrx_word' id='word_1_619' title='bbox 2917 5335 3218 5400; x_wconf 91' lang='lat' dir='ltr'><strong>omnihus</strong></span> <span class='ocrx_word' id='word_1_620' title='bbox 3270 5336 3409 5402; x_wconf 89' lang='lat' dir='ltr'><strong>istis</strong></span> 
     </span>
     <span class='ocr_line' id='line_1_92' title="bbox 1873 5441 3411 5531; baseline 0.002 -24"><span class='ocrx_word' id='word_1_621' title='bbox 1873 5443 2076 5508; x_wconf 88' lang='lat' dir='ltr'><strong>modis</strong></span> <span class='ocrx_word' id='word_1_622' title='bbox 2100 5442 2402 5506; x_wconf 87' lang='lat' dir='ltr'><strong>causandi</strong></span> <span class='ocrx_word' id='word_1_623' title='bbox 2430 5441 2623 5507; x_wconf 84' lang='lat' dir='ltr'><strong>habet</strong></span> <span class='ocrx_word' id='word_1_624' title='bbox 2647 5442 2821 5525; x_wconf 84' lang='lat' dir='ltr'><strong>quod</strong></span> <span class='ocrx_word' id='word_1_625' title='bbox 2843 5447 2939 5509; x_wconf 90' lang='lat' dir='ltr'><strong>est</strong></span> <span class='ocrx_word' id='word_1_626' title='bbox 2965 5444 3365 5528; x_wconf 84' lang='lat' dir='ltr'><strong>perfectionis</strong></span> <span class='ocrx_word' id='word_1_627' title='bbox 3380 5490 3411 5531; x_wconf 82' lang='lat'>‚</span> 
     </span>
    </p>
   </div>
   <div class='ocr_carea' id='block_1_12' title="bbox 4084 5345 4086 5974">
    <p class='ocr_par' dir='ltr' id='par_1_15' title="bbox 4084 5345 4086 5974">
     <span class='ocr_line' id='line_1_93' title="bbox 4084 5345 4086 5974; baseline 0 0"><span class='ocrx_word' id='word_1_628' title='bbox 4084 5345 4086 5974; x_wconf 95' lang='lat' dir='ltr'><strong> </strong></span> 
     </span>
    </p>
   </div>
  </div>
 </body>
</html>
