4125 6225
8 1893 58 1936 ld
81 1902 168 1947 opp.

0 5025 167 5080 tundam.

1018 472 1212 542 ms‘r.
1254 474 1391 541 vn.
1438 474 1665 540 PART.
1710 473 1758 538 1.
1803 471 1985 538 aar.
1998 418 2110 536 ⁴11.
2155 470 2452 549 QUAEs‘r.
2497 471 2547 536 1

199 632 381 699 quam
415 614 485 678 in
525 610 873 678 obstinatis,
916 608 1256 694 Supposito
1295 610 1465 693 quod
1507 608 1723 691 angeli

197 723 260 786 in
297 741 413 787 sua
450 720 806 785 conditione
852 718 1194 782 habuerint
1235 718 1511 783 liberum
1546 716 1720 781 arbi-

196 830 418 908 trium,
470 829 636 892 sicut
688 827 913 904 homo,
964 828 1349 907 quaeruntur
1391 824 1501 888 hic
1546 823 1719 888 tria:

198 937 474 1019 primum
514 940 643 1015 est,
685 938 907 997 utrum
945 931 1341 995 confirmatio
1386 930 1728 994 mutaverit

196 1044 462 1108 liberum
505 1041 883 1118 arbitrium;
934 1039 1288 1103 secundum
1333 1043 1458 1117 est,
1502 1042 1725 1101 utrum

197 1152 522 1216 obstinatio
564 1151 808 1214 auferat
848 1148 1154 1211 libertatis
1192 1165 1419 1224 usum;
1464 1146 1725 1209 tertium

197 1262 310 1337 est,
339 1264 562 1323 utrum
589 1258 730 1321 haec
751 1254 855 1322 vel
880 1255 989 1319 illa
1014 1254 1266 1318 minuat
1293 1252 1599 1318 libertatis
1622 1252 1728 1317 do-

196 1383 483 1429 mmmm.

740 1575 1095 1656 QUAESTIO
1136 1575 1187 1640 Ι.

312 1744 405 1800 An
434 1744 770 1814 confirmatio
799 1745 968 1798 mutet
999 1741 1225 1797 liberum
1251 1739 1601 1796 arbitrium&

272 1895 497 1959 Utrum
547 1897 943 1961 confirmatio
986 1899 1191 1960 mutet
1235 1895 1509 1959 liberum
1553 1893 1727 1959 arbi-

198 2003 382 2067 trium
398 2053 416 2083 ,
463 2005 553 2068 ita
597 2006 768 2086 quod
825 2005 907 2069 sit
958 2004 1131 2068 aliud
1179 2006 1327 2067 ante
1383 2003 1727 2067 conflrma-

201 2111 431 2176 tionem
451 2161 469 2192 ‚
518 2112 693 2177 aliud
738 2118 911 2195 post3
967 2116 1030 2176 et
1073 2111 1244 2196 quod
1289 2111 1379 2174 sic
1396 2160 1413 2189 ,
1452 2110 1724 2176 videtur.

202 2216 578 2284 vertibilitas
616 2220 783 2285 inest
820 2220 1022 2285 libero
1066 2219 1329 2284 arbitrio
1367 2222 1577 2283 creato
1616 2236 1730 2300 per

201 2332 492 2391 naturam
533 2350 549 2392 ι
591 2346 747 2410 ergo
792 2329 962 2411 quod
1010 2328 1215 2392 aufert
1258 2326 1440 2391 liberi
1487 2325 1730 2391 arbitrii

198 2434 666 2500 vertibilitatem
685 2485 701 2511 ‚
732 2440 941 2500 mutat
975 2438 1115 2518 eJus
1144 2438 1445 2499 naturam
1463 2482 1481 2511 ‚
1511 2438 1574 2498 et
1608 2451 1729 2498 va-

197 2541 312 2605 riat
339 2543 493 2607 :sed
521 2544 916 2607 confirmatio
949 2543 1092 2607 haec
1117 2544 1322 2607 aufert
1348 2542 1528 2606 liberi
1554 2541 1730 2604 arbi-

200 2648 301 2712 trii
320 2651 793 2715 vertibilitatem
822 2674 838 2714 2
867 2667 1024 2731 ergo
1052 2652 1290 2726 mutat,
1318 2653 1381 2712 et
1403 2648 1627 2713 variat.

277 2764 335 2822 2.
367 2760 529 2824 Item
555 2759 713 2822 nihil
751 2759 920 2822 idem
940 2807 956 2835 ‚
987 2776 1254 2822 manens
1284 2758 1454 2821 idem
1473 2804 1489 2833 ‚
1529 2759 1735 2839 potest

204 2866 514 2949 oppositas
541 2866 926 2931 differentias
954 2865 1330 2948 participare
1346 2865 1368 2899 ¹¹
1398 2881 1415 2926 ι
1448 2862 1557 2926 sed
1582 2881 1730 2927 mu-

201 2972 383 3036 tabile
406 2976 475 3037 et
501 2971 902 3036 immutabile
929 2974 1081 3034 sunt
1102 2970 1407 3053 oppositae
1433 2968 1733 3033 differen-

201 3078 299 3144 tiae
324 3080 523 3159 entis,
548 3079 713 3144 sicut
742 3078 1009 3143 mortale
1036 3081 1099 3142 et
1126 3076 1484 3142 immortale
1506 3077 1730 3144 viven-

198 3185 274 3248 tis
299 3207 314 3249 ε
339 3186 393 3248 si
434 3203 597 3266 ergo
631 3185 915 3249 liberuml
942 3184 1281 3249 arbitrium
1319 3189 1465 3249 ante
1499 3184 1734 3249 conflr-

197 3294 538 3358 mationem
560 3298 653 3358 est
674 3293 1002 3372 mutabile,
1024 3296 1164 3375 post
1187 3292 1732 3357 confirmationem

195 3405 282 3462 est
310 3399 714 3464 immutabile
743 3418 760 3462 ε
786 3417 957 3481 ergo·
973 3404 1068 3463 est
1091 3399 1293 3479 aliud,
1322 3404 1386 3463 et
1414 3399 1607 3464 aliud.

270 3510 327 3570 3.
372 3506 536 3571 Item
572 3506 910 3571 rationales
942 3509 1279 3589 potestates
1317 3508 1469 3569 sunt
1502 3506 1582 3570 ad
1617 3523 1734 3588 op-

194 3613 391 3694 posita
410 3666 426 3694 ,
468 3614 632 3678 sicut
666 3613 819 3678 dicit
851 3611 1271 3695 Philosophus
1289 3618 1313 3655 ⁸
1344 3631 1361 3676 ε
1393 3630 1551 3695 ergo
1584 3630 1734 3676 cum

200 3722 482 3800 potentia
504 3720 731 3784 desinit
758 3738 891 3784 esse
916 3720 994 3784 ad
1017 3719 1322 3803 opposita,
1348 3720 1576 3785 desinit
1600 3737 1736 3784 esse

192 3825 518 3891 rationalis
556 3849 570 3891 ε
606 3826 715 3890 sed
764 3828 905 3908 post
952 3826 1503 3890 confirmationem
1551 3826 1735 3891 liberi

194 3934 437 3998 arbitrii·
454 3934 691 3998 desinit
712 3951 847 3997 esse
870 3932 950 3996 ad
976 3932 1300 4016 opposita:
1323 3950 1482 4013 ergo
1509 3933 1738 3998 desinit

195 4057 325 4105 oese
363 4041 695 4108 rationalis
739 4045 1013 4124 potestas
1045 4063 1059 4104 :
1092 4041 1207 4105 sed
1242 4041 1418 4104 nulla
1453 4041 1739 4123 potentia·

194 4148 518 4213 rationalis
544 4152 748 4231 potest
770 4148 911 4211 fleri
934 4164 1067 4211 non
1094 4146 1441 4222 rationalia,
1468 4165 1737 4213 manens

193 4254 457 4319 eadem:
490 4274 673 4337 ergO,
704 4259 824 4321 etc.

266 4366 329 4427 4.
364 4363 527 4428 ltem
554 4364 854 4447 potentiae
880 4361 1367 4442 distinguuntur
1396 4376 1511 4442 per
1534 4362 1732 4438 actus,

193 4473 255 4532 et
275 4476 459 4535 actus
488 4490 600 4554 per
624 4471 872 4553 objecta
888 4475 912 4510 ⁴
941 4492 955 4533 ε
983 4468 1096 4533 ubi
1122 4485 1281 4549 ergo
1307 4471 1459 4530 sunt
1487 4466 1739 4533 diversa

193 4577 292 4658 obj
300 4581 438 4642 ecta
451 4626 469 4655 ‚
505 4596 755 4643 necesse
781 4580 879 4643 est
903 4577 1097 4641 etiam·
1120 4575 1439 4658 potentiae
1461 4574 1739 4639 diversi-

196 4685 408 4749 ficari:
432 4685 542 4750 sed
560 4685 843 4750 liberum³
857 4684 1196 4748 arbitrium
1218 4687 1367 4748 ante
1389 4682 1735 4747 conflrma-

205 4792 441 4857 tionem
471 4796 675 4876 potest
700 4793 981 4870 malum,
1017 4795 1159 4875 post
1182 4791 1737 4856 confirmationem

197 4916 329 4963 non
354 4903 608 4982 potest:
639 4917 801 4982 ergo
823 4904 919 4965 est
942 4899 1115 4966 aliud
1129 4947 1147 4975 ‚
1176 4904 1243 4963 et
1266 4898 1461 4964 aliud.

271 5008 509 5076 Contra
536 5029 553 5074 ε
583 5009 945 5090 masalmas,
961 5009 1041 5076 de
1073 5010 1294 5075 Libero
1310 5008 1619 5089 Arbitrio,
1649 5009 1740 5074 di-

194 5115 279 5178 cit
301 5117 487 5199 quod
504 5106 786 5183 'liberum
811 5118 1152 5182 arbitrium
1177 5120 1275 5182 est
1309 5119 1583 5200 peltastas
1612 5133 1739 5181 ser·

189 5224 385 5289 vandi
416 5227 859 5293 rectitudinem
888 5230 1147 5309 propter
1171 5244 1241 5292 se
1269 5247 1288 5291 t
1319 5224 1428 5290 sed
1452 5225 1593 5291 haec
1626 5243 1737 5309 po-

248 5387 267 5423 ¹
292 5387 375 5452 Gt.
408 5387 590 5452 Steph.
626 5387 853 5450 Druias„
904 5387 947 5437 11
989 5387 1147 5449 Seni„
1190 5386 1307 5436 dist.
1334 5397 1446 5450 vn,
1493 5397 1546 5451 q.
1576 5397 1646 5435 iv.
1674 5412 1739 5424 —

184 5459 403 5523 ’Ax-ist„
430 5457 495 5509 de
521 5458 783 5522 Gener-ota,
807 5458 896 5510 lib.
919 5457 994 5521 11,
1022 5459 1164 5508 cont.
1190 5459 1279 5506 56.
1309 5477 1371 5496 -
1393 5457 1609 5520 ‘Atiam
1638 5458 1739 5507 Μο-

3245 469 3364 533 403

1830 611 2019 671 testas
2074 607 2146 670 in
2199 606 2678 671 confirmatione
2737 622 2869 669 non
2923 603 3199 684 tollitur,
3256 604 3367 668 sed

1828 715 2251 779 fortificatur:
2285 732 2441 796 ergo
2501 714 2776 778 liberum
2837 711 3172 776 arbitrium
3231 729 3367 775 non

1829 825 2137 887 mutatur.

1912 928 2072 992 Item
2117 928 2324 1010 gratia
2364 930 2662 991 naturam
2707 926 2983 1009 perficit,
3023 929 3083 989 et
3126 926 3367 989 confir-

1833 1040 1967 1100 mat
1995 1057 2009 1099 ε
2042 1036 2151 1100 sed
2178 1035 2340 1099 nihil
2369 1035 2540 1117 quod
2567 1034 2838 1098 alterum
2869 1032 3218 1098 secundum
3245 1049 3366 1095 na-

1832 1147 2043 1206 turam
2072 1141 2334 1224 perficit‚
2365 1145 2428 1205 et
2452 1140 2743 1223 complet,
2772 1143 2979 1203 mutat
3006 1142 3146 1222 ejus
3172 1143 3367 1210 natu-

1832 1267 1974 1312 ram
2006 1271 2020 1312 :
2055 1266 2215 1329 ergo
2255 1248 2465 1330 gratia
2491 1248 2838 1312 adveniens
2876 1246 3073 1310 libero
3105 1247 3367 1311 arbitrio

1832 1357 2045 1439 ipsum
2083 1376 2215 1421 non
2257 1361 2466 1421 mutat
2497 1378 2512 1419 ε
2543 1356 2653 1420 sed
2685 1356 3080 1421 confirmatio
3124 1360 3218 1420 est
3255 1374 3372 1438 per

1832 1466 2108 1545 gratiam
2136 1487 2151 1529 :
2177 1483 2359 1547 ergo,
2387 1467 2506 1529 etc.

1913 1571 2073 1636 Item
2100 1590 2289 1637 omne
2324 1573 2711 1636 confirmans
2745 1571 3011 1636 alterum
3033 1619 3051 1651 ,
3081 1574 3176 1634 est
3211 1588 3371 1634 con-

1833 1696 2097 1743 servans
2137 1701 2152 1743 t
2194 1682 2257 1743 et
2300 1678 2469 1741 nihil
2513 1695 2894 1743 conservans
2939 1680 3033 1741 est
3073 1690 3370 1741 corrum-

1833 1803 2028 1868 pens:
2058 1789 2122 1849 et
2147 1784 2308 1848 nihil
2329 1788 2537 1849 mutat
2562 1784 2826 1868 aliquid,
2855 1784 2976 1847 nisi
3005 1788 3370 1866 corrumpat

1833 1892 2107 1974 aliquid,
2145 1893 2300 1975 quia
2328 1910 2463 1956 non
2494 1897 2588 1957 est
2612 1891 2881 1956 mutatio
2911 1893 3045 1955 sine
3072 1891 3368 1973 deperdi-

1835 1999 2009 2063 tione
2040 2018 2057 2061 :
2094 2017 2252 2081 ergo
2283 2000 2468 2079 nihil,
2508 2000 2926 2074 conflrmanS‚
2976 2001 3182 2062 mutat
3215 2020 3230 2062 ε
3263 1999 3371 2063 sed

1834 2107 2230 2171 confirmatio
2260 2106 2400 2171 ideo
2428 2106 2593 2171 dicta
2621 2110 2749 2184 est,
2778 2106 2932 2189 quia
2957 2104 3236 2169 liberum
3262 2122 3372 2168 ar-

1833 2212 2100 2276 bitrium
2136 2213 2350 2295 angeli
2385 2215 2722 2278 confirmat
2753 2236 2767 2277 :
2799 2228 2958 2294 ergo
2992 2213 3213 2295 ipsum·
3241 2226 3375 2275 non

1833 2323 2059 2384 mutat.

1917 2427 2075 2492 Item
2113 2429 2320 2509 gratia
2345 2426 2841 2492 confirmationis
2866 2425 3014 2489 facit
3043 2443 3180 2490 esse
3210 2426 3374 2489 libe-

1834 2552 1987 2598 rum
2014 2554 2053 2598 a
2081 2535 2336 2599 miseria
2372 2536 2442 2598 in
2472 2535 2717 2617 angelis
2734 2582 2750 2611 ‚
2784 2534 2948 2598 sicut
2978 2534 3189 2614 gratia
3218 2551 3376 2614 gra-

1836 2645 1976 2704 tum
2000 2641 2235 2705 faciens
2256 2642 2403 2705 facit
2429 2641 2704 2705 liberum
2727 2659 2768 2704 a
2788 2640 2976 2721 culpa
3003 2661 3018 2703 ε
3047 2639 3156 2703 sed
3178 2639 3375 2703 liber-

1835 2750 1934 2812 tas
1971 2766 2011 2811 a
2044 2748 2231 2829 culpa
2270 2764 2400 2811 non
2442 2750 2649 2811 mutat
2684 2746 2962 2809 liberum
2999 2744 3335 2809 arbitrium
3354 2792 3372 2822 ‚

1835 2874 1953 2919 nec
1981 2857 2120 2939 ejus
2146 2856 2503 2920 libertatem
2529 2872 2546 2917 ε
2572 2872 2732 2935 ergo
2756 2871 2874 2918 nec
2901 2853 3156 2918 libertas
3181 2872 3220 2917 a
3248 2854 3376 2916 mi-

1836 2962 2005 3027 seria
2033 2981 2050 3026 ε
2082 2980 2241 3045 ergo
2266 2979 2386 3027 nec
2412 2959 2907 3027 confirmationis
2931 2960 3160 3042 gratia.
3226 2988 3231 2994 ·

2380 3217 2829 3288 CONCLUSIO.

1836 3374 2087 3432 Liberum
2105 3374 2394 3433 arbitrium
2409 3392 2512 3450 per
2529 3377 2987 3448 confirmationem
3008 3388 3117 3429 non
3133 3378 3382 3432 mutatur

1910 3465 2090 3537 quoad
2118 3464 2510 3530 substantiam,
2561 3481 2654 3522 nec
2689 3467 2755 3536 fit
2796 3463 2986 3532 aliud5
3035 3464 3160 3521 licet
3202 3462 3384 3535 quoad

1908 3558 2114 3612 statum
2140 3559 2192 3611 et
2218 3559 2399 3612 actum
2427 3556 2708 3612 alteretur.

1918 3713 2105 3800 Resp.
2131 3717 2212 3781 ad
2230 3716 2391 3797 Arg.
2418 3714 2776 3779 Dicendum·
2792 3712 2968 3795 quod
2991 3715 3090 3776 est-
3110 3712 3383 3777 mutatio

1841 3823 2113 3905 alicujus
2152 3823 2532 3906 dupliciter:
2560 3839 2698 3885 uno
2731 3821 2922 3884 modo
2950 3823 3267 3902 quantum
3304 3820 3386 3885 ad

1843 3931 2264 3996 substantiam
2284 3979 2302 4010 ‚
2363 3931 2504 3996 sive
2563 3930 2898 3994 essentiam
2920 3949 2937 4007 ;
3001 3928 3132 3992 alio
3193 3927 3384 3992 modo

1843 4042 2161 4120 quantum
2187 4039 2268 4103 ad
2291 4040 2553 4101 stamm.
2570 4035 2714 4114 Vel,
2746 4053 2860 4119 per
2885 4035 3010 4100 alia
3034 4034 3260 4115 verba,
3290 4038 3385 4099 est

1844 4145 2083 4210 mutari
2110 4147 2426 4228 quantum
2453 4145 2534 4209 ad
2566 4144 2852 4226 primum
2881 4161 3015 4208 esse
3032 4190 3049 4220 ‚
3073 4147 3153 4207 ‘et
3177 4146 3270 4206 est
3298 4141 3379 4227 (a)

1786 4247 1793 4254 ’
1844 4253 2081 4319 mutari
2106 4256 2423 4335 quantum
2448 4250 2527 4316 ad
2560 4250 2724 4315 bene
2750 4268 2907 4315 esse.
2944 4248 3012 4314 Si
3039 4249 3383 4333 loquamur

1844 4363 1922 4428 de
1964 4362 2316 4427 mutatione
2363 4360 2573 4443 primo
2614 4359 2804 4423 modo
2821 4407 2839 4439 ,
2884 4357 2973 4422 sic
3013 4358 3152 4421 sine
3189 4356 3383 4422 dubio

1844 4469 2183 4534 dicendum
2226 4466 2398 4550 quod
2443 4466 2839 4530 confirmatio
2886 4464 3163 4529 liberum
3206 4464 3382 4529 arbi-

1842 4577 2041 4642 trium
2063 4593 2195 4640 non
2217 4577 2447 4654 mutat,
2469 4591 2620 4637 cum
2640 4572 2921 4656 perficiat
2943 4576 3006 4637 et
3027 4574 3379 4652 conservet,

1844 4684 2006 4747 sicut
2053 4680 2395 4747 ostendunt
2437 4678 2717 4743 rationes
2760 4679 3036 4743 secundo
3080 4679 3377 4743 inductae.

1844 4789 1913 4855 Si
1953 4794 2171 4856 autem
2209 4788 2553 4872 loquamur
2589 4786 2668 4851 de
2708 4787 3059 4852 mutatione
3100 4787 3379 4852 secundo

1844 4897 2055 4976 modo,
2088 4897 2322 4962 scilicet
2344 4899 2662 4979 quantum
2687 4894 2768 4958 ad
2794 4897 3031 4958 statum
3046 4941 3063 4971 ,
3088 4893 3191 4958 vel
3215 4894 3379 4959 bene

1844 5025 1979 5073 esse
2000 5055 2018 5086 ‚
2070 5007 2158 5070 sic
2205 5006 2399 5072 etiam
2450 5006 2689 5088 absque
2731 5002 2927 5069 dubio
2971 5002 3236 5087 planum
3285 5005 3381 5065 ωε

1843 5113 2015 5197 quod
2036 5111 2313 5178 liberum
2334 5112 2672 5179 arbitrium
2697 5109 2902 5175 alium
2928 5109 3120 5174 habet
3140 5113 3378 5173 statum

1844 5276 2040 5399 taphyl.
2070 5275 2158 5327 lib.
2192 5278 2286 5340 lx,
2309 5279 2446 5327 cont.
2475 5278 2616 5326 10.-
2645 5273 2667 5308 δ
2688 5272 2861 5334 Idem,
2889 5271 3176 5332 deAnima,
3194 5271 3284 5323 lib.
3315 5271 3379 5335 ll,

1843 5352 1982 5399 cont.
2031 5352 2079 5398 2.

1905 5455 1977 5520 (α)
2006 5454 2131 5505 Goet.
2153 5453 2272 5504 edit.
2303 5465 2436 5504 esse.
