4125 6225
50 3773 120 3817 Ad
154 3783 267 3828 opp.

1096 412 1295 480 DIST.
1336 413 1500 481 VIII.
1542 411 1774 480 PART.
1817 413 1872 480 1.
1909 413 2094 482 ΛΒΤ.
2139 413 2250 481 ΠΙ.
2294 413 2595 494 QUAEST.
2638 416 2719 483 Π.

295 567 415 615 1135
441 549 524 614 ad
560 549 686 615 hoc
724 550 1037 633 inductae3
1070 552 1311 617 habent
1347 554 1564 616 tamen
1590 550 1839 634 ailquas

295 656 696 739 operationes
729 657 833 722 his
856 660 1212 725 conformes
1233 706 1252 737 ,
1279 659 1508 723 11011111
1528 661 1661 723 toto
1677 705 1697 738 ,
1726 658 1838 723 sed

294 763 367 827 in
394 766 596 846 parte,
625 768 689 829 et
710 764 832 829 hoc
863 766 1134 847 probant
1159 765 1433 830 rationes
1468 765 1548 830 ad
1575 765 1835 848 opposi-

296 873 438 934 tum
464 870 742 936 inductae
760 918 780 948 ‚
809 873 1205 939 ostendentes
1246 872 1482 937 scilicet
1523 872 1693 956 quod
1719 891 1840 936 an-

295 978 427 1059 geli
461 978 614 1043 boni
639 980 1003 1057 comedunt,
1031 984 1094 1043 et
1122 979 1293 1063 quod
1320 980 1473 1044 mali
1501 983 1834 1061 generant.

295 1083 537 1151 Verum
582 1090 676 1150 est
714 1086 887 1150 enim
931 1085 1106 1168 quod
1147 1085 1302 1150 110111
1352 1086 1566 1169 angeli
1620 1087 1840 1150 cibum

296 1196 748 1277 sumpserunt;
779 1193 886 1258 sed
913 1211 1045 1257 non
1082 1193 1164 1258 ad
1189 1212 1377 1257 suam
1405 1193 1836 1272 refectionem,

295 1300 410 1365 sed
446 1301 526 1364 ad
553 1301 844 1365 dantium
870 1301 1368 1366 consolationem
1396 1326 1410 1367 :
1448 1304 1512 1366 et
1537 1301 1677 1366 ideo
1705 1320 1838 1366 non

295 1411 434 1473 erat
449 1408 537 1472 ibi
562 1426 762 1487 error,
783 1428 902 1474 nec
918 1409 1220 1493 deceptio,
1242 1427 1361 1511 nec
1380 1409 1613 1490 illusio,
1637 1427 1839 1492 quan-

294 1520 439 1582 tum
467 1520 604 1581 erat
621 1535 703 1580 ex
729 1520 922 1599 parte
944 1517 1231 1600 ipsorum
1259 1516 1841 1598 angelorum31icet

295 1624 547 1707 aliquis,
578 1626 882 1707 ignorans
908 1629 1206 1690 naturam
1224 1626 1506 1704 illorum,
1528 1629 1738 1708 posset
1756 1644 1838 1689 ex

293 1731 420 1796 hoc
455 1732 740 1815 accipere
775 1733 1170 1800 occasionem
1212 1732 1516 1816 opinandi
1551 1733 1783 1796 falsum
1815 1752 1832 1796 ε

293 1842 362 1902 et
385 1838 477 1902 sic
493 1842 666 1920 patet
687 1839 1012 1923 responsio
1035 1841 1114 1904 ad
1131 1844 1261 1904 tres
1278 1840 1555 1904 rationes
1572 1839 1833 1922 primaS.

375 1950 439 2025 4,
470 1948 509 2009 5
535 1951 597 2010 et
640 1952 700 2011 6.
751 1947 1238 2012 Concedendum
1275 1952 1370 2012 est
1408 1947 1636 2023 etiam,
1667 1947 1837 2030 quod

295 2053 620 2120 daemones
643 2056 998 2121 secundum
1023 2056 1197 2120 viam
1222 2055 1588 2138 praedictam
1619 2073 1839 2119 semen

293 2165 563 2245 possunt
587 2163 905 2245 suscipere
928 2210 946 2239 ‚
981 2166 1045 2227 et
1071 2163 1513 2227 transfundere
1533 2210 1551 2242 ,
1581 2162 1636 2226 si
1673 2162 1840 2228 Deus

293 2269 622 2351 permittat
635 2291 655 2348 ;
710 2270 822 2335 sed
869 2287 1004 2335 non
1046 2272 1309 2353 possunt
1352 2269 1726 2334 alimentum
1769 2271 1838 2335 in

293 2393 529 2440 verum
575 2394 795 2442 semen
828 2395 943 2461 per
978 2377 1305 2461 proprIam
1333 2377 1642 2444 virtutem
1678 2396 1833 2443 con-

294 2487 545 2548 vertere
579 2506 594 2547 :
649 2484 790 2549 ideo
829 2484 1130 2549 dicuntur
1169 2484 1450 2568 quodam
1492 2485 1680 2550 modo
1719 2503 1833 2567 ge-

293 2612 524 2659 nerare
548 2642 566 2674 ‚
614 2595 779 2659 sicut
834 2596 1177 2660 ostendunt
1226 2601 1354 2660 tres
1410 2597 1686 2661 rationes
1740 2615 1840 2662 se-

295 2705 587 2785 quentes.
636 2702 933 2768 Attamen
980 2703 1205 2769 ultima
1247 2704 1408 2769 ratio
1446 2722 1579 2768 non
1615 2705 1788 2786 cogit
1818 2727 1833 2768 1

297 2808 446 2892 plus
470 2809 644 2874 enim
661 2814 758 2873 est
779 2829 1111 2892 generare,
1141 2830 1339 2894 quam
1370 2812 1576 2876 coire:
1607 2815 1670 2875 et
1696 2812 1838 2876 ideo

297 2934 435 2981 non
461 2918 773 3000 sequitur,
794 2919 849 2983 si
878 2921 1143 3002 possunt
1175 2920 1344 2985 coire
1366 2938 1515 2984 cum
1545 2919 1836 2998 muliere,

298 3023 474 3105 quod
497 3030 751 3109 propter
780 3025 905 3090 hoc
930 3026 1173 3109 possint
1210 3044 1356 3091 eam
1384 3027 1835 3110 impraegnare,

295 3131 402 3194 vel
430 3149 513 3196 ex
538 3150 616 3196 ea
640 3134 886 3215 prolem
908 3150 1242 3218 generare.

845 3372 1200 3452 QUAESTIO
1239 3374 1322 3441 ΙΙ.

300 3526 398 3583 An
428 3525 613 3598 angeli
645 3528 709 3583 in
737 3527 1046 3599 corporibus
1072 3529 1361 3599 assumptis
1400 3531 1679 3584 excerceant
1713 3544 1838 3601 ope-

441 3619 680 3673 rationes
701 3619 1062 3674 convenientes
1082 3620 1344 3690 potentiae
1366 3620 1639 3675 sensitivoe
1656 3615 1696 3672 ¹.

383 3774 613 3841 Utrum
674 3776 889 3858 angeli
941 3776 1012 3840 in
1071 3776 1411 3860 assumptis
1468 3776 1844 3859 corporibus

297 3883 580 3948 habeant
612 3883 1008 3966 operationes
1054 3884 1498 3948 convenientes
1541 3884 1839 3967 potentiae

297 3991 656 4069 sensitivae3
696 3994 759 4054 et
804 3990 975 4072 quod
1027 3990 1153 4071 sic,
1195 3990 1443 4055 videtur
1477 4008 1495 4052 z
1538 3990 1713 4055 Idem
1747 3993 1844 4056 est

297 4098 690 4183 principium
738 4103 953 4162 motus
973 4146 992 4178 ,
1048 4102 1112 4162 et
1155 4115 1381 4162 sensus
1403 4146 1421 4175 ,
1477 4097 1641 4162 sicut
1693 4097 1843 4161 dicit

299 4205 729 4288 Philosophus
751 4208 774 4243 ¹
795 4225 810 4269 ε
832 4204 942 4269 sed
965 4205 1235 4287 angelus
1253 4204 1502 4287 corpori
1515 4209 1841 4287 assumpto

298 4315 413 4381 dat
439 4318 689 4378 motum
719 4335 734 4378 ε
766 4330 926 4395 ergo
951 4316 1017 4376 et
1037 4330 1320 4376 sensum.

384 4427 447 4486 2.
501 4421 659 4486 Item
679 4469 698 4501 ,
753 4420 917 4485 sicut
966 4419 1239 4501 angelus
1291 4419 1557 4484 assumit
1611 4437 1843 4502 corpus

298 4529 550 4595 habens
585 4545 827 4609 organa
853 4529 999 4610 apta
1031 4527 1112 4592 ad
1144 4530 1421 4607 motum,
1453 4527 1543 4591 ita
1576 4527 1844 4592 assumit

300 4653 539 4718 corpus
557 4635 801 4699 habens
827 4652 1071 4717 organa
1091 4637 1238 4717 apta
1253 4634 1334 4699 ad
1356 4652 1615 4699 sensum
1639 4658 1654 4699 ε
1680 4635 1846 4700 sicut

301 4744 482 4809 enim
508 4761 741 4826 corpus
763 4742 922 4806 illud
945 4744 1347 4824 assumptum
1386 4742 1575 4807 habet
1616 4761 1845 4807 manus
1889 4785 1892 4788 >

302 4857 371 4917 et
394 4851 617 4935 pedes,
649 4850 737 4915 ita
762 4850 954 4915 habet
977 4848 1193 4914 oculos
1219 4852 1282 4914 et
1306 4867 1494 4914 aures
1534 4872 1549 4915 :
1589 4850 1700 4915 sed
1738 4869 1843 4916 or-

302 4976 481 5040 gana
508 4957 818 5022 sentiendi
840 4956 975 5020 sine
994 4974 1186 5020 sensu
1201 4960 1354 5021 sunt
1369 4955 1618 5021 inutilia
1643 4979 1658 5021 ε
1684 4976 1844 5040 ergo

302 5066 523 5130 sinon
547 5065 783 5128 frustra
817 5064 1084 5127 assumit
1124 5063 1233 5127 illa
1265 5080 1511 5145 organa
1529 5112 1548 5145 ,
1592 5064 1847 5131 videtur

305 5172 481 5255 quod
507 5171 616 5235 illa
638 5171 972 5248 sensificet,
1002 5175 1064 5235 et
1087 5189 1201 5254 per
1227 5171 1336 5235 illa
1369 5172 1617 5236 sentiat.

370 5334 392 5368 ¹
413 5332 497 5396 Cf.
520 5332 664 5383 Alex.
684 5331 901 5396 Alensis,
928 5345 982 5396 p.
1003 5333 1051 5395 l,
1075 5345 1129 5397 q.
1148 5343 1310 5397 mv,
1335 5333 1527 5383 memb.
1549 5336 1610 5397 23
1639 5334 1693 5385 S.
1714 5333 1850 5384 Tho-

302 5416 440 5468 mas,
456 5416 513 5467 p.
534 5404 577 5468 1,
594 5415 650 5468 q.
667 5414 737 5468 u,
755 5406 855 5455 art.
874 5405 936 5469 35
961 5402 1134 5470 AEgid.
1152 5405 1326 5472 Rom„
1348 5404 1392 5460 u
1418 5404 1577 5467 Sem..
1597 5404 1712 5457 dist.
1733 5416 1849 5472 vm,

3367 419 3487 481 443

2028 554 2091 615 3.
2122 551 2314 633 Item,
2352 550 2525 635 quod
2568 551 2761 617 habet
2791 552 3229 635 operationem
3264 568 3489 616 conse-

1944 663 2250 741 quentem
2282 658 2615 742 proprium
2642 657 2903 742 speciei,
2946 658 3138 724 habet
3161 658 3484 741 operatio-

1945 784 2099 829 nem
2124 771 2614 848 consequentem
2653 768 2988 850 proprium
3033 766 3288 847 generis
3320 789 3334 831 z
3376 765 3486 831 sed

1944 873 2111 938 sicut
2145 873 2480 956 proprium
2513 875 2794 940 hominis
2816 879 2909 938 est
2929 874 3191 953 risibile,
3221 874 3311 938 ita
3336 892 3485 957 pro-

1946 979 2162 1061 prium
2190 980 2481 1044 animalis
2506 985 2601 1045 est
2630 1000 2763 1045 esse
2792 981 3086 1045 sensibile
3109 998 3305 1062 :ergo
3323 980 3488 1045 sicut

1946 1085 2217 1168 angelus
2242 1086 2313 1150 in
2342 1104 2603 1170 corpore
2638 1092 2962 1170 assumpto
3000 1090 3205 1170 potest
3238 1087 3482 1167 ridere,

1946 1193 2051 1258 vel
2076 1193 2323 1275 lugere,
2347 1195 2437 1258 sic
2461 1198 2525 1259 et
2551 1199 2755 1278 potest
2779 1195 3017 1273 videre,
3047 1199 3110 1259 et
3135 1194 3381 1259 audire.

1936 1308 1950 1319 '
2025 1306 2088 1366 4.
2120 1301 2278 1367 Item
2303 1304 2597 1385 angelus,
2616 1303 2695 1368 de
2727 1308 2958 1368 natura
2984 1322 3123 1381 sua,
3156 1303 3489 1368 anthabet

1947 1425 2232 1490 sensum,
2260 1413 2533 1475 autnon
2550 1412 2787 1477 habet-z
2817 1411 2873 1475 si
2899 1430 3054 1490 non,
3087 1429 3237 1474 cum
3264 1428 3487 1475 sensus

1946 1513 2028 1577 sit
2050 1516 2414 1597 cognitivus
2442 1516 2922 1599 particularium
2941 1565 2959 1597 ,
2990 1534 3125 1581 non
3160 1515 3487 1598 cognoscit

1946 1622 2381 1703 particularia,
2419 1623 2592 1706 quod
2615 1628 2709 1688 est
2734 1624 2920 1706 plane
2945 1623 3215 1703 falsum;
3249 1623 3305 1686 si
3331 1641 3488 1689 vero

1946 1747 2173 1794 sensus
2209 1730 2399 1795 habet
2417 1780 2434 1808 ‚
2475 1750 2629 1796 cum
2657 1750 2883 1796 sensus
2922 1732 3005 1795 sit
3042 1732 3322 1814 potentia
3359 1749 3488 1814 qua

1947 1837 2264 1902 mediante
2306 1839 2750 1915 sensificantur
2793 1857 3042 1921 organa
3089 1838 3441 1923 corporalia
3464 1885 3482 1917 ,

1944 1948 2137 2027 patet,
2164 1948 2283 2010 etc.

2027 2054 2087 2116 5.
2119 2052 2277 2117 Item
2304 2101 2321 2129 ‚
2352 2052 2624 2134 angelus
2667 2052 2947 2117 existens
2984 2053 3051 2116 in
3087 2070 3350 2135 corpore
3383 2070 3488 2116 as-

1944 2165 2201 2244 sumpto
2229 2162 2552 2244 cognoscit
2578 2161 2719 2227 haec
2744 2161 3065 2227 sensibilia
3093 2183 3110 2226 z
3141 2165 3257 2226 aut
3287 2161 3487 2243 igitur

1945 2269 2229 2349 potentia
2254 2268 2684 2346 immateriali,
2712 2272 2826 2333 aut
2852 2268 3131 2351 potentia
3159 2286 3307 2351 quae
3336 2271 3487 2333 nata

1944 2374 2026 2438 sit
2049 2374 2306 2456 alligari
2331 2376 2581 2458 corpori
2613 2397 2628 2439 ι
2665 2376 2718 2439 51
2742 2376 3029 2458 potentia
3057 2374 3485 2455 immateriali,

1943 2499 2103 2562 ergo
2148 2482 2237 2546 ita
2264 2482 2426 2546 bene
2467 2483 2791 2564 cognoscit
2820 2482 3090 2563 distanS,
3132 2482 3297 2547 sicut
3332 2501 3487 2565 pro-

1944 2586 2294 2669 pinquum;
2349 2588 2550 2670 igitur
2602 2588 2872 2670 angelus
2917 2588 3031 2672 qui
3078 2592 3176 2654 est
3231 2588 3485 2669 Romae,

1944 2695 2123 2759 audit
2155 2713 2274 2760 nos
2305 2697 2635 2779 loquentes
2662 2697 2917 2763 Parisiis
2963 2721 2978 2763 ε
3021 2717 3180 2781 ergo
3217 2718 3350 2764 non
3378 2699 3485 2762 111-

1945 2801 2124 2884 diget
2152 2804 2398 2868 moveri
2421 2808 2484 2868 et
2520 2803 2909 2869 discurrere:
2942 2806 3112 2888 quod
3143 2807 3200 2870 si
3234 2807 3357 2870 hoc
3393 2811 3490 2872 est

1944 2910 2177 2973 falsum
2193 2959 2212 2991 ,
2240 2914 2434 2975 restat
2472 2910 2644 2993 quod
2686 2910 2797 2975 illa
2835 2912 3161 2992 cognoscit
3208 2913 3488 2995 potentia

1945 3034 2093 3100 quae
2110 3021 2202 3081 est
2222 3017 2469 3100 corpori
2491 3017 3063 3100 proportionabilis,
3084 3022 3148 3083 et
3163 3021 3488 3086 concernit

1944 3127 2432 3191 determinatam
2472 3126 2831 3192 distantiam
2876 3147 2893 3191 2
2937 3126 2993 3190 si
3035 3144 3193 3209 ergo
3232 3128 3355 3192 ista
3393 3131 3489 3193 est

1946 3250 2192 3311 sensus,
2218 3237 2408 3316 patet,
2435 3236 2554 3298 etc.
2642 3297 2651 3304 .

2028 3346 2089 3405 6.
2123 3340 2282 3405 Item
2312 3342 2476 3406 nihil
2515 3341 2755 3424 patitur
2794 3360 2833 3406 a
2859 3358 3155 3424 corpore,
3184 3340 3313 3405 nisi
3337 3359 3487 3407 sen-

1945 3466 2093 3512 sum
2124 3449 2355 3513 habeat
2391 3449 2642 3531 corpori
2685 3447 3287 3531 proportionabilem
3318 3470 3334 3513 ε
3376 3448 3488 3513 5311

1945 3556 2215 3637 angelus
2250 3559 2570 3620 crematur
2609 3555 2690 3618 ab
2729 3555 2884 3636 igne
2927 3576 2943 3618 ε
2977 3573 3133 3637 ergo
3173 3555 3227 3619 si
3261 3574 3489 3636 sensus

1947 3664 2086 3744 ejus
2113 3665 2317 3745 potest
2342 3662 2473 3745 pati
2501 3682 2540 3727 a
2567 3681 2852 3745 corpore,
2883 3664 3088 3727 multo
3117 3663 3346 3727 fortius
3368 3681 3485 3745 po-

1944 3772 2067 3832 test
2104 3788 2219 3852 per
2258 3788 2488 3853 corpus
2528 3771 2763 3835 sentire
2783 3818 2803 3850 ,
2844 3789 2992 3836 cum
3035 3789 3151 3854 per
3184 3774 3486 3835 naturam

1945 3877 2155 3959 magis
2201 3877 2281 3941 sit
2320 3882 2509 3942 natus
2552 3877 2621 3941 111
2662 3896 2893 3961 corpus
2934 3897 3163 3960 agere,
3211 3896 3407 3962 quam
3446 3897 3486 3943 a

1945 4001 2208 4066 corpore
2229 4003 2485 4067 poenam
2506 3984 2670 4048 susci
2677 4002 2847 4066 pere.

2024 4096 2087 4156 7.
2122 4091 2280 4157 Item
2306 4093 2577 4175 angelus
2594 4093 2904 4175 aspiciens
2929 4110 3034 4157 me
3061 4092 3129 4156 in
3156 4095 3485 4177 assumpto

1945 4216 2207 4283 corpore
2226 4249 2244 4281 ,
2278 4199 2539 4283 suscipit
2562 4200 2633 4263 in
2658 4199 2842 4264 oculo
2873 4218 3084 4264 meam
3115 4198 3486 4272 similitudi-

1946 4326 2097 4374 nem
2115 4357 2133 4386 ,
2164 4327 2315 4373 cum
2338 4308 2560 4372 oculus
2585 4308 2667 4371 sit
2687 4326 2916 4391 corpus
2945 4309 3240 4390 pervium
3266 4312 3330 4373 et
3354 4312 3483 4372 ter-

1945 4435 2116 4499 sum,
2147 4421 2211 4482 et
2230 4418 2500 4483 ulterius
2524 4417 2604 4481 de
2630 4434 2750 4481 sua
2779 4416 3192 4480 similitudine
3214 4416 3482 4498 judicat,

1947 4528 2011 4589 et
2034 4524 2159 4589 hoc
2187 4525 2453 4608 planum
2477 4528 2571 4590 est
2610 4546 2625 4589 ε
2655 4525 2709 4588 51
2738 4543 2896 4606 ergo
2926 4524 3008 4589 ad
3034 4542 3297 4588 sensum
3323 4524 3487 4588 nihil

1947 4631 2094 4714 plus
2118 4632 2469 4716 requiritur
2494 4650 2690 4714 quam
2733 4632 3008 4716 receptIO
3042 4635 3106 4696 et
3135 4632 3450 4711 judicium
3464 4680 3482 4709 ,

1949 4738 2204 4805 videtur
2229 4739 2400 4823 quod
2422 4739 2653 4803 sentiat
2668 4756 2781 4822 per
2800 4756 3031 4822 corpus
3057 4744 3481 4822 assumptum.

2031 4846 2132 4912 Ad
2171 4847 2536 4930 oppositum
2568 4869 2584 4911 ι
2629 4844 2866 4912 Sensus
2904 4848 3346 4930 praesupponit
3386 4848 3487 4915 vi-
3513 4879 3726 4927 rm.

1948 4957 2083 5019 tam
2131 4974 2149 5018 t
2199 4954 2305 5018 sed
2344 4955 2614 5036 angelus
2656 4972 2885 5037 corpus
2914 4961 3315 5038 assumptum
3355 4975 3488 5022 11011

1950 5062 2234 5130 v1vificat
2252 5110 2271 5143 ‚
2317 5063 2479 5127 sicut
2521 5063 2860 5145 probatum
2902 5067 2999 5126 est
3037 5067 3230 5146 supra
3270 5083 3288 5127 1
3330 5083 3488 5148 crgo

1953 5275 2005 5324 q.
2031 5272 2104 5321 11,
2133 5262 2226 5309 art.
2256 5263 2302 5320 ⁴,
2330 5259 2453 5309 dub.
2480 5264 2500 5309 1
2533 5262 2664 5323 et23
2693 5259 2950 5321 Richard„
2979 5262 3022 5313 11
3051 5261 3209 5324 Sent„
3234 5262 3351 5314 dist.
3374 5275 3487 5329 vm,

1954 5343 2006 5396 q.
2034 5343 2122 5394 v1;
2168 5330 2346 5394 Steph.
2389 5330 2597 5392 Brulef„
2645 5330 2687 5380 11
2731 5331 2890 5391 Seni„
2931 5333 3048 5384 dist.
3074 5346 3203 5398 vm,
3245 5349 3297 5401 q.
3325 5347 3396 5387 vl.
3423 5361 3488 5374 —

1955 5402 2168 5471 ’Arist-0,
2191 5401 2253 5456 de
2279 5402 2532 5467 Gener-at„
2558 5401 2647 5456 lib.
2672 5402 2725 5467 1,
2750 5406 2988 5460 3011334.
