4125 6225
1590 442 1965 511 DISTINCT.
2009 442 2246 508 XLVII.
3321 450 3440 513 209

269 590 588 675 quantum
615 606 775 652 vero
805 583 886 651 ad
916 580 1455 672 omnipotentiam
1481 580 1625 667 Dei,
1658 579 1846 648 nullo
1877 579 2071 647 modo
2112 578 2178 646 id
2211 578 2417 648 facere
2447 579 2825 649 valuerunt.
2867 579 3005 648 Hoc
3031 580 3275 672 quippe
3301 583 3442 674 ipso

269 699 443 790 quod
468 708 695 768 contra
724 699 865 791 ejus
892 698 1297 767 voluntatem
1326 697 1644 781 fecerunt,
1664 697 1744 764 de
1771 696 1927 788 ipsis
1953 697 2122 764 facta
2135 703 2231 763 est
2257 696 2562 764 voluntas
2582 695 2637 787 ej
2648 719 2746 765 us.
2780 696 3132 787 Propterea
3157 720 3444 790 namque

272 838 521 907 maqna
548 839 747 908 opera
769 816 1066 901 Domini,
1100 814 1426 906 exquisita
1454 814 1528 881 in
1551 836 1773 880 omnes
1798 813 2166 883 voluntates
2185 815 2351 906 ejuS,
2369 821 2446 883 ut
2472 813 2638 881 miro
2667 822 2730 882 et
2755 814 3073 883 ineffabili
3101 815 3293 885 modo
3313 839 3447 884 non

274 931 387 999 fiat
414 941 644 1023 praeter
671 933 813 1023 ejus
840 933 1273 1016 voluntatem,
1306 930 1483 1023 quod
1514 931 1710 999 etiam
1744 931 1819 998 fit
1845 939 2070 999 contra
2097 931 2239 1022 ejus
2267 931 2672 999 voluntatem
2709 955 2725 997 z
2774 930 2934 1021 quia
2977 955 3112 1000 non
3147 931 3357 1018 fieret,
3388 933 3447 1000 si

274 1071 404 1117 non
432 1049 710 1116 sineret:
743 1071 862 1118 nec
890 1049 1121 1141 utique
1150 1048 1383 1118 nolens
1410 1047 1733 1131 sinit‚,sed
1762 1047 2031 1116 volens:
2064 1070 2184 1115 nec
2209 1048 2451 1116 sineret
2490 1047 2702 1115 bonus
2736 1046 2884 1115 fieri
2922 1048 3118 1136 male,
3154 1049 3279 1117 nisi
3310 1072 3450 1118 om-

271 1165 571 1257 nipotens
596 1167 790 1235 etiam
813 1166 892 1235 de
922 1166 1096 1234 malo
1124 1173 1337 1257 posset
1362 1165 1573 1233 facere
1599 1165 1787 1232 bene.
1834 1189 1869 1229 »
1911 1165 2029 1232 His
2053 1164 2271 1234 verbis
2306 1164 2639 1233 evidenter
2677 1171 3079 1233 monstratur
3119 1166 3298 1259 quod
3336 1189 3451 1235 vo·

271 1279 492 1349 luntas
532 1282 646 1349 Dei
684 1293 925 1351 aeterna
969 1305 1224 1374 semper
1267 1282 1583 1373 impletur
1618 1281 1698 1349 de
1732 1280 2023 1366 homine,
2056 1282 2310 1350 etiamsi
2353 1282 2545 1352 faciat
2571 1281 2768 1350 homo
2796 1290 3020 1351 contra
3057 1282 3175 1351 Dei
3214 1282 3453 1352 volun-

272 1404 494 1465 tatem.
528 1397 657 1466 Sed
696 1398 1167 1467 attendendum
1209 1406 1304 1466 est
1356 1398 1708 1486 diligenter
1760 1396 2091 1489 quomodo
2137 1397 2209 1466 in
2247 1398 2694 1490 superioribus
2742 1398 2982 1467 dicitur
3020 1399 3166 1468 fieri
3199 1398 3453 1491 aliquid

274 1521 498 1582 contra
541 1514 660 1582 Dei
689 1515 1119 1601 voluntatem,
1169 1514 1349 1607 quod
1396 1521 1617 1582 tamen
1645 1535 1780 1582 non
1822 1514 1899 1582 fit
1936 1522 2174 1604 praeter
2220 1538 2392 1601 eam,
2440 1522 2504 1584 et
2530 1513 2814 1607 qualiter
2841 1514 3343 1605 intelligendum
3372 1514 3457 1583 sit

274 1629 483 1698 illud:
524 1657 559 1696 «
587 1630 923 1712 Quantum
951 1631 1034 1700 ad
1062 1654 1154 1717 se,
1186 1631 1481 1700 fecerunt
1522 1630 1699 1723 quod
1730 1630 1906 1698 Deus
1945 1630 2164 1699 noluit
2185 1657 2203 1718 ;
2235 1640 2559 1723 quantum
2597 1653 2753 1700 vero
2789 1630 2870 1699 ad
2915 1630 3454 1724 omnipotentiam

274 1746 392 1815 Dei
420 1749 610 1816 nullo
639 1748 830 1816 modo
868 1748 938 1816 id
980 1748 1189 1816 facere
1228 1747 1612 1816 valuerunt.
1660 1771 1696 1812 »
1736 1745 2068 1817 Videntur
2112 1748 2290 1815 enim
2333 1747 2457 1814 ista
2498 1746 2948 1839 superioribus
2986 1748 3252 1817 obviare
3275 1801 3294 1835 ,
3334 1747 3454 1817 ubi

275 1863 521 1932 dictum
554 1873 652 1933 est
674 1869 692 1906 ¹
715 1918 737 1948 ‚
772 1865 1105 1934 voluntati
1131 1870 1270 1954 ejus
1295 1864 1473 1932 nihil
1496 1863 1816 1934 resistere.

366 1980 640 2069 Verum,
672 1988 972 2072 utsupra
997 1980 1310 2068 diximuS,
1344 1979 1657 2049 voluntas
1683 1980 1804 2047 Dei
1834 1978 2114 2048 diversis
2140 1979 2354 2049 modis
2397 1981 2715 2073 accipitur
2746 2005 2761 2048 :
2808 2003 2958 2074 quae
3002 1979 3343 2050 diversitas
3384 1979 3455 2049 in
3483 2001 3568 2047 Hic
3588 2018 3697 2061 ape-

3483 2066 3539 2108 rit
3558 2067 3698 2110 diver-

277 2095 595 2188 praedictis
620 2097 837 2165 verbis
863 2098 919 2166 si
943 2097 1294 2186 diligenter
1316 2104 1608 2182 notetur,
1639 2095 1808 2165 nihil
1835 2096 1930 2163 ibi
1957 2097 2488 2171 contradictionis
2515 2098 2866 2189 reperitur.
2913 2096 3044 2166 Ubi
3083 2097 3259 2168 enim
3300 2095 3456 2165 dicit
3482 2129 3541 2170 ,η
3560 2129 3698 2174 modi.

277 2238 413 2283 non
441 2213 586 2282 fieri
618 2221 854 2305 praeter
881 2214 1023 2305 ejus
1048 2214 1482 2299 voluntatem,
1519 2213 1715 2281 etiam
1763 2211 1942 2305 quod
1989 2212 2069 2280 fit
2108 2222 2335 2281 contra
2377 2213 2519 2304 ejus
2560 2213 2995 2300 voluntatem,
3053 2213 3457 2282 dissimiliter
3482 2202 3698 2310 ‘22¹2‘ssss

279 2332 521 2422 accepit
544 2331 949 2399 voluntatem
985 2354 1001 2397 t
1033 2339 1099 2399 et
1123 2353 1256 2399 non
1284 2331 1493 2423 ipsam
1518 2331 1954 2414 voluntatem,
1982 2352 2130 2422 qnae
2160 2330 2333 2398 Deus
2357 2337 2453 2399 est
2468 2384 2485 2417 ‚
2506 2338 2570 2398 et
2591 2331 2984 2422 sempiterna
3010 2338 3145 2416 est3
3178 2329 3290 2398 sed
3317 2329 3459 2421 ejus
3501 2317 3697 2425 {ffifflffi

278 2448 465 2536 signa
491 2448 817 2540 praedictis
844 2448 1059 2517 verbis
1083 2447 1368 2536 intelligi
1396 2447 1633 2533 voluit,
1664 2447 1732 2515 id
1760 2456 1879 2534 est,
1910 2447 2443 2540 prohibitionem,
2488 2449 2625 2517 sive
2660 2449 3156 2541 praeceptionem
3176 2501 3194 2535 ,
3226 2457 3290 2517 et
3316 2469 3462 2540 per-

281 2564 679 2632 missionem.
700 2564 910 2633 Mnlta
936 2564 1536 2634 enimfiuntcontra
1567 2563 1685 2631 Dei
1710 2572 2137 2656 praeceptum,
2163 2564 2269 2633 vel
2302 2564 2842 2656 prohibitionem,
2886 2586 3034 2656 quae
3073 2573 3293 2633 tamen
3325 2586 3460 2633 non

282 2679 456 2749 fiunt
500 2690 733 2773 praeter
773 2683 916 2773 ejus
957 2681 1475 2773 permissionem.
1525 2680 1738 2771 Ipsius
1795 2703 2084 2772 namque
2125 2680 2543 2772 permissione
2592 2681 2814 2750 omnia
2861 2680 3036 2749 fiunt
3074 2681 3274 2768 mala,
3312 2686 3461 2774 quai

283 2803 499 2865 tamen
527 2805 762 2889 proeter
793 2799 936 2889 ejus
960 2798 1371 2866 voluntatem
1398 2796 1860 2888 sempiternam
1894 2796 2106 2864 fiunt:
2147 2796 2315 2865 sicut
2341 2798 2750 2886 Augustinus
2785 2796 2942 2865 dicit
2969 2800 2994 2836 ¹¹
3029 2820 3225 2889 super
3263 2797 3460 2867 illum

281 2914 499 2983 locum
527 2912 776 2982 Psalmi
818 2940 833 2982 ε
884 2917 965 2983 Ut
993 2937 1126 2983 non
1151 2915 1462 3007 loquatur
1487 2936 1558 2981 os
1594 2935 1816 2981 meum
1845 2935 2043 3005 opera
2069 2912 2440 2982 hominum.
2473 2912 2692 3004 Opera
2720 2913 2898 2982 enim
2927 2913 3275 2982 hominum
3299 2912 3460 2982 dicit

283 3052 360 3099 ea
392 3052 539 3123 quae
575 3032 751 3101 mala
786 3040 974 3116 sunt,
1008 3055 1158 3126 quae
1185 3041 1416 3126 praeter
1444 3032 1564 3101 Dei
1590 3034 1996 3102 voluntatem
2024 3032 2200 3100 fiunt
2224 3031 2294 3099 in
2320 3052 2516 3101 sensu
2536 3083 2554 3116 ,
2586 3052 2720 3123 quo
2748 3030 2833 3122 (α)
2865 3030 3002 3124 ipse
3029 3021 3168 3119 est,
3187 3031 3300 3100 sed
3327 3053 3464 3100 non

282 3157 514 3238 praeter
536 3149 678 3240 ejus
700 3150 1218 3239 permissionem,
1251 3173 1400 3242 quae
1437 3149 1575 3242 ipse
1611 3173 1745 3219 non
1774 3158 1893 3219 ast.
1939 3151 2331 3243 Appellatur
2371 3158 2591 3220 tamen
2614 3149 2757 3242 ipsa
2783 3149 2902 3218 Dei
2930 3148 3266 3236 voluntas,
3304 3151 3465 3242 quia

282 3263 457 3333 Deus
481 3264 711 3335 volens
736 3266 893 3334 sinit
918 3267 1091 3335 mala
1118 3265 1286 3336 fieri.
1317 3266 1525 3335 Fiunt
1565 3275 1629 3336 et
1657 3275 1879 3336 contra
1906 3267 2048 3358 ejus
2077 3267 2599 3360 praeceptionem,
2629 3266 2736 3334 vel
2768 3265 3304 3358 prohibitionem,
3348 3266 3461 3335 sed

285 3403 417 3450 non
441 3391 667 3451 contra
693 3382 837 3474 ejus
860 3384 1292 3466 voluntatem,
1324 3405 1472 3476 quae
1496 3382 1632 3474 ipse
1658 3391 1792 3470 est;
1847 3383 1981 3451 nisi
2015 3382 2320 3453 dicantur
2360 3391 2587 3453 contra
2627 3406 2773 3453 eam
2815 3383 2994 3469 fieri,
3035 3383 3195 3476 quia
3230 3391 3463 3475 praeter

287 3519 428 3566 eam
458 3497 652 3568 fiunt.
682 3500 925 3568 Contra
950 3523 1093 3568 eam
1120 3499 1366 3592 quippe
1394 3499 1562 3567 nihil
1590 3499 1685 3568 ita
1712 3499 1810 3585 fit,
1842 3508 1919 3569 ut
1944 3500 2107 3569 velit
2131 3498 2280 3569 fieri
2307 3498 2489 3593 quod
2514 3523 2650 3569 non
2676 3497 2819 3587 fiat,
2845 3498 2957 3568 vel
3000 3498 3168 3568 nolit
3194 3498 3365 3589 fleri,
3398 3509 3462 3569 et

290 3612 406 3683 fiat
435 3639 452 3681 τ
482 3616 661 3708 quod
689 3615 1023 3684 evidenter
1047 3615 1141 3683 ibi
1167 3616 1584 3705 Augustinus
1610 3616 1884 3702 notavit,
1918 3616 2033 3684 ubi
2061 3616 2194 3685 ait:
2234 3643 2269 3683 «
2288 3616 2626 3698 Quantum
2664 3616 2746 3684 ad
2783 3616 2956 3708 ipsos
2984 3617 3250 3703 attinet,
3279 3616 3462 3709 quod

286 3730 460 3800 Deus
485 3732 728 3818 noluit,
756 3733 1088 3801 fecerunt:
1121 3739 1445 3824 quantum
1467 3754 1625 3801 vero
1636 3731 1719 3800 ad
1747 3722 2285 3824 omnipotentiam
2309 3731 2455 3820 Dei,
2487 3732 2676 3801 nullo
2701 3731 2895 3801 modo
2921 3732 2991 3800 id
3011 3731 3219 3801 facere
3237 3732 3465 3802 value-

285 3856 466 3917 runt.
512 3873 550 3915 >³
585 3850 681 3918 Ac
720 3847 775 3917 si
818 3849 1060 3917 diceret
1089 3873 1104 3916 ε
1151 3849 1476 3917 Fecerunt
1510 3858 1735 3917 contra
1772 3849 1891 3917 Dei
1920 3857 2338 3941 praeceptum,
2373 3849 2550 3941 quod
2578 3849 2948 3941 appellatur
2965 3849 3306 3936 voluntas,
3350 3850 3461 3919 sed

285 3987 417 4034 non
445 3965 740 4033 fecerunt
763 3973 988 4034 contra
1014 3965 1132 4033 Dei
1157 3964 1565 4034 voluntatem
1588 3962 2123 4058 omnipotentem,
2157 3965 2316 4058 quia
2333 3964 2455 4034 hoc
2481 3987 2618 4034 non
2636 3966 3017 4052 valuerunt,
3043 3965 3211 4035 illud
3238 3966 3465 4037 value-

285 4090 484 4149 runt:
517 4088 582 4150 et
617 4082 708 4149 ita
745 4103 863 4173 per
891 4083 1013 4150 hoc
1054 4080 1231 4174 quod
1274 4081 1573 4150 fecerunt
1617 4090 1844 4151 contra
1882 4080 2003 4150 Dei
2039 4082 2471 4164 voluntatem,
2501 4081 2568 4150 id
2598 4089 2717 4168 est,
2747 4090 3167 4175 praeceptnm‚
3197 4082 3279 4152 de
3304 4082 3463 4174 ipsis

287 4195 453 4266 facta
480 4206 575 4266 est
601 4196 910 4267 voluntas
954 4197 1120 4290 ejuS,
1170 4197 1239 4265 id
1286 4205 1406 4284 est,
1451 4197 1724 4289 impleta
1764 4206 1859 4266 est
1900 4199 2210 4268 voluntas
2248 4198 2390 4289 ejus
2415 4200 2834 4291 sempiterna,
2865 4222 2999 4291 qua
3024 4221 3135 4268 eos
3160 4199 3464 4267 damnari

287 4315 567 4383 volebat.
595 4312 785 4384 Unde
811 4315 1165 4406 Gregorius
1189 4338 1383 4408 super
1413 4315 1719 4385 Genesim
1743 4339 1765 4383 .·
1802 4341 1839 4382 ι(
1864 4314 2060 4384 Multi
2100 4315 2509 4384 voluntatem
2549 4315 2666 4384 Dei
2709 4322 3055 4408 peragunt,
3111 4315 3290 4384 unde
3317 4337 3463 4383 mu·

289 4438 422 4500 tare
468 4431 897 4519 contendunt,
958 4441 1022 4501 et
1065 4432 1339 4501 consilio
1378 4433 1522 4525 ejus
1559 4431 1928 4501 resistentes
1966 4431 2465 4523 obsequuntur:
2515 4430 2676 4524 quia
2714 4430 2838 4500 hoc
2875 4431 3019 4523 ejus
3053 4431 3464 4524 dispositioni

286 4547 565 4635 militat,
614 4547 793 4640 quod
847 4571 963 4640 per
1013 4547 1380 4617 humanum
1434 4547 1730 4617 studium
1771 4549 2068 4617 resultat.
2118 4573 2153 4613 n
2204 4548 2328 4616 Hic
2370 4556 2590 4641 aperte
2629 4547 2997 4617 ostenditur
3020 4601 3039 4635 ,
3093 4548 3255 4643 quia
3301 4547 3465 4617 dum

287 4666 447 4733 mali
473 4665 742 4734 consilio
773 4687 848 4734 ac
873 4674 1189 4758 praecepto
1218 4666 1335 4733 Dei
1363 4665 1677 4734 resistunt
1713 4663 1912 4757 (quod
1940 4664 2252 4734 voluntas
2294 4664 2421 4752 Dei,
2438 4665 2862 4757 appellatur),
2892 4688 2970 4733 ea
2998 4664 3250 4733 faciunt
3289 4660 3468 4733 unde

288 4781 594 4850 voluntas
621 4782 787 4873 ejus,
834 4803 985 4873 quae
1012 4781 1148 4874 ipse
1175 4790 1294 4870 est,
1325 4780 1668 4874 impletur,
1707 4804 1858 4874 quae
1904 4780 2271 4873 dispositi0‚
2317 4780 2423 4849 vel
2457 4781 2942 4874 beneplacitum
2969 4788 3265 4851 vocatur.
3297 4779 3468 4848 Nam

297 4898 393 4987 (ut
418 4898 511 4965 ait
533 4898 947 4987 Augustinus
972 4898 1044 4966 in
1069 4896 1466 4967 Enchin'dio
1494 4896 1536 4989 ⁸}
1590 4922 1607 4965 :
1648 4924 1683 4964 α
1712 4897 2147 4979 Quantaelibet
2181 4896 2313 4965 sint
2339 4896 2712 4966 voluntates
2733 4897 3124 4987 angelorum
3153 4905 3218 4966 et
3257 4897 3470 4965 homi-

292 5036 481 5099 num,
508 5013 861 5101 bonorum,
890 5012 999 5083 vel
1025 5014 1380 5100 malorum,
1410 5014 1519 5082 vel
1539 5013 1707 5083 illud
1727 5014 1917 5107 quod.
1937 5013 2138 5099 Deus,
2170 5013 2277 5081 vel
2304 5012 2488 5081 aliud
2531 5012 2824 5082 volentes
2847 5036 3051 5105 quam
3081 5012 3281 5100 Deus,
3312 5012 3470 5081 Om-

295 5129 645 5222 nipotentis
666 5130 976 5201 voluntas
990 5153 1247 5223 semper
1270 5130 1517 5202 invicta
1541 5138 1637 5199 est
1666 5156 1684 5199 ε
1731 5153 1881 5223 quae
1907 5130 2085 5199 mala
2106 5150 2244 5198 esse
2292 5151 2644 5222 nunquam
2670 5136 2914 5221 potest,
2952 5128 3112 5222 quia
3144 5128 3231 5223 (b)
3270 5129 3468 5199 etiam

368 5327 553 5392 ¹Rom.,
577 5334 755 5396 rx,19.
772 5356 826 5369 --
847 5332 871 5366 ²
888 5331 1042 5395 Aug„
1069 5326 1255 5379 Euat-r.
1286 5329 1339 5378 in
1368 5329 1450 5380 Ps.
1475 5339 1583 5378 xvi.
1616 5328 1678 5366 -‘-
1699 5329 1718 5358 ³
1756 5330 1903 5393 Aug„
1935 5324 2222 5386 Enchirid„
2248 5339 2296 5378 c.
2317 5337 2409 5386 cu,
2438 5339 2493 5376 u.
2516 5328 2593 5375 26.

368 5448 417 5510 (a
463 5445 586 5499 Coet.
607 5445 726 5497 edit.
755 5460 888 5510 qum.
922 5471 984 5483 —
1006 5444 1072 5509 (b)
1101 5446 1221 5494 Item
1240 5459 1377 5509 quae.

623 5553 773 5600 rou.
815 5554 885 5598 ιι.
3045 5539 3123 5596 14
