4125 6225
774 495 855 555 ΞΟ
1904 468 2523 541 SENTENTIARUM
2561 469 2710 536 LIB.
2755 472 2804 536 l.

780 624 1096 708 epilogat,
1128 617 1219 682 ihi
1269 638 1284 681 :
1329 617 1442 680 Ea·
1474 613 1828 697 pra-missis
1871 616 2158 691 apen-tum
2187 614 2302 673 est.

777 731 855 796 Et
888 732 1027 794 haec
1052 745 1198 812 pars
1223 726 1425 808 potest
1452 720 1648 786 dividi
1676 724 1894 783 contra
1916 722 2116 782 totam
2143 733 2305 799 prae-

780 840 1126 904 cedentem.
1148 831 1508 900 Intellectus
1524 828 1803 911 partium
1819 825 2063 909 patetin
2076 824 2305 887 littera.

1449 1062 1677 1109 DUB.1.

779 1198 875 1250 Dei
902 1197 1126 1263 cognitio
1155 1195 1265 1261 ejus
1289 1195 1465 1260 utique
1497 1193 1715 1245 essentia
1740 1195 1843 1256 est,
1872 1203 1972 1241 nec
1997 1191 2171 1239 tamen
2197 1199 2308 1239 om-

836 1270 954 1335 nia,
978 1283 1093 1333 quae
1122 1271 1240 1319 sunt
1273 1267 1328 1317 in
1353 1266 1671 1332 cognitione,
1707 1269 1826 1327 etc„
1855 1261 2052 1314 suntin
2084 1260 2192 1324 ejus
2228 1273 2307 1310 es-

837 1341 1016 1393 sentia.

856 1480 1119 1544 Videtur
1143 1479 1246 1542 hic
1272 1477 1439 1541 male
1479 1476 1715 1555 dicere,
1753 1475 1906 1557 quia
1943 1473 2072 1536 hoc
2110 1489 2312 1552 argu-

777 1593 1067 1651 mentum
1093 1585 1348 1650 videtur
1366 1602 1501 1648 esse
1527 1581 1985 1659 necessarium,
2016 1580 2070 1643 si
2098 1579 2310 1661 aliqua

778 1696 906 1760 dua
932 1698 1084 1760 sunt
1118 1693 1381 1757 omnino
1427 1691 1682 1767 eadem,
1726 1688 1783 1752 si
1825 1687 2069 1770 aliquid
2114 1690 2208 1750 est
2243 1687 2311 1749 in

780 1820 934 1881 un0,
956 1806 1020 1866 et
1039 1801 1108 1864 in
1133 1800 1279 1864 alio.
1310 1798 1379 1864 Si
1397 1799 1567 1863 dicas
1594 1796 1765 1879 quod
1789 1796 2092 1861 differunt
2115 1813 2310 1878 penes

779 1915 1114 1976 connotata
1130 1956 1148 1986 ,
1181 1907 1435 1972 videtur
1484 1907 1715 1970 falsum
1737 1954 1754 1984 ,
1793 1906 1944 1987 quia
1986 1904 2095 1968 Dei
2139 1920 2311 1986 prae-

778 2018 1040 2082 scientia
1062 2035 1193 2081 non
1212 2016 1528 2080 connotat.
1546 2012 1660 2078 Vel
1685 2012 1739 2076 si
1766 2011 1935 2076 dicas
1957 2010 2127 2093 quod
2151 2029 2313 2094 prae-

652 2201 661 2214 ,
778 2126 1041 2190 scientia
1069 2126 1400 2202 connotat,
1429 2120 1726 2204 objicitur
1753 2120 1832 2186 de
1860 2119 1982 2184 hoc
2007 2119 2268 2183 nomine
2291 2167 2308 2198 ,

779 2234 943 2302 Deus
960 2282 977 2313 ,
1010 2234 1180 2316 quod
1207 2250 1338 2297 non
1366 2232 1693 2307 connotat,
1733 2231 1798 2292 et
1837 2232 2053 2292 tamen
2089 2225 2313 2290 dicun-

777 2343 887 2405 tur
913 2340 1130 2405 omnia
1156 2357 1292 2403 esse
1317 2337 1388 2400 in
1427 2336 1553 2400 Deo
1586 2358 1602 2399 ι
1632 2353 1792 2416 ergo
1815 2382 1831 2410 ‚
1863 2334 2001 2416 pari
2026 2333 2269 2397 ratione
2289 2382 2308 2413 ,

779 2447 934 2511 etin
960 2445 1250 2511 essentia.
1295 2442 1639 2520 Praeterea,
1670 2446 1889 2505 contra
1933 2439 2311 2522 Magistrum

778 2554 1032 2618 videtur
1044 2570 1178 2617 esse
1195 2550 1467 2615 verbum
1487 2548 1772 2612 Anselmi
1792 2548 1865 2611 in
1890 2548 2244 2630 Monoloqz‘o
2265 2554 2310 2630 ¹,

778 2660 948 2744 quod
984 2684 1015 2720 (ι
1045 2663 1339 2724 creatura
1362 2657 1431 2720 in
1462 2656 1751 2720 Creatore
1777 2658 1873 2720 est
1914 2656 2185 2719 creatrix
2216 2675 2312 2720 es-

780 2769 984 2834 sentia
1012 2785 1028 2828 :
1054 2788 1085 2827 »
1116 2784 1275 2848 ergo
1299 2765 1552 2830 videtur
1575 2765 1749 2847 quod
1774 2781 1926 2829 vere
1952 2764 2080 2828 sint
2099 2764 2172 2828 in
2205 2765 2315 2830 Dei

778 2875 1070 2940 essentia.

861 2982 1041 3066 Resp.
1079 2980 1431 3045 Dicendum
1453 3027 1470 3055 ‚
1514 2978 1685 3061 quod
1723 2978 1863 3043 haec
1911 2979 2277 3063 praepositio
2296 3030 2312 3058 ‚

780 3095 884 3163 in,
913 3087 1254 3173 aliquando
1294 3090 1472 3153 notat
1495 3086 1942 3151 inhaerentiam
1963 3137 1981 3169 ,
2027 3090 2105 3153 ut
2130 3089 2185 3152 si
2221 3088 2316 3153 di-

783 3205 964 3265 catur
991 3197 1277 3263 accidens
1303 3195 1372 3258 in
1412 3194 1715 3277 subjecto.
1751 3195 2111 3278 Aliquando
2139 3203 2318 3263 notat

783 3306 1211 3385 identitatem,
1247 3306 1322 3367 ut
1361 3302 1416 3366 si
1456 3301 1700 3365 dicatur
1751 3320 1769 3363 ε
1821 3325 1852 3364 ε(
1896 3301 2058 3368 Ideae
2101 3323 2318 3370 rerum

782 3413 1029 3478 suntin
1058 3412 1219 3492 Deo;
1251 3431 1282 3470 υ
1334 3408 1639 3492 quoniam
1690 3413 1842 3471 sunt
1871 3408 2070 3488 DeuS,
2114 3429 2245 3476 non
2282 3432 2322 3476 a

784 3522 932 3586 Deo.
959 3517 1317 3602 Aliquando
1343 3521 1521 3581 notat
1546 3515 1976 3580 causalitatem
1992 3566 2014 3597 ,
2042 3522 2116 3583 ut
2142 3520 2196 3583 si
2223 3520 2321 3585 di-

784 3634 965 3693 catur
992 3648 1008 3688 z
1049 3650 1079 3688 (ι
1102 3626 1419 3692 Creaturae
1444 3623 1688 3688 suntin
1712 3625 1849 3705 ipso
1874 3623 2020 3689 Deo.
2047 3648 2080 3687 1)
2112 3626 2188 3691 Et
2210 3647 2321 3710 po-

783 3740 906 3801 test
933 3733 1074 3799 haec
1098 3731 1485 3816 praepositio,
1517 3733 1615 3811 in,
1644 3731 1767 3795 dici
1788 3733 2144 3798 secundum
2165 3755 2320 3819 qua·

782 3847 931 3907 tuor
953 3858 1193 3923 genera
1216 3857 1552 3903 causarum
1577 3858 1595 3919 3
1623 3838 1825 3903 sedin
1852 3839 1978 3905 Deo
2004 3860 2138 3907 non
2164 3843 2322 3908 dici-

783 3954 892 4014 tur
917 3949 1041 4013 nisi
1063 3947 1417 4015 secundum
1438 3946 1582 4009 tria.
1613 3945 1928 4024 Quoniam
1950 3967 2108 4031 ergo
2131 3969 2323 4015 causa

783 4051 934 4116 dicit
958 4057 1318 4134 respectum
1343 4049 1423 4113 ad
1451 4053 1809 4113 creaturam
1828 4052 2183 4123 secundum
2209 4072 2322 4118 ra·-

660 4173 673 4187 ·
786 4160 1028 4224 tionem
1041 4157 1470 4241 intelligendi3
1499 4157 1642 4222 ideo
1664 4157 1805 4222 haec
1817 4160 2204 4242 praepositio,
2218 4164 2315 4243 in,

786 4266 1139 4331 secundum
1163 4265 1335 4348 quod
1361 4265 1512 4329 dicit
1534 4267 1965 4331 causalitatem
1985 4316 2003 4349 ,
2044 4287 2178 4333 non
2206 4271 2320 4335 ad-

788 4373 959 4439 ditur
984 4373 1109 4437 nisi
1148 4373 1438 4437 terminis
1473 4372 1828 4438 dicentibus
1856 4379 2214 4457 respectum
2239 4377 2322 4442 ad

787 4484 1167 4545 creaturam.
1199 4479 1276 4544 Et
1300 4479 1610 4562 quoniam
1643 4498 1881 4546 nomen
1911 4483 2279 4550 substantiae
2299 4534 2318 4565 ,

788 4589 893 4653 vel
923 4592 1173 4654 naturae
1192 4635 1211 4666 ‚
1247 4587 1352 4653 vel
1379 4586 1694 4667 essentiae,
1724 4606 1857 4653 non
1897 4589 2048 4653 dicit
2073 4610 2323 4676 respec-

788 4706 970 4780 tum;
1000 4701 1142 4765 ideo
1184 4699 1242 4764 si
1286 4698 1531 4764 dicatur
1574 4721 1589 4761 :
1642 4722 1674 4760 α
1721 4698 2039 4766 Creaturae
2074 4706 2320 4770 suntin

790 4807 902 4873 Dei
936 4806 1285 4872 substantia
1306 4854 1326 4886 ,
1355 4827 1386 4866 υ
1435 4806 1575 4870 haec
1610 4810 2014 4891 praepositio,
2059 4813 2166 4893 in,
2212 4819 2326 4878 aut

790 4917 972 4980 notat
1005 4913 1392 4978 identitatem
1418 4961 1437 4993 ,
1487 4915 1600 4976 aut
1631 4913 2076 4981 inhaerentiam
2093 4969 2112 4999 ,
2156 4940 2324 5003 quo-

792 5040 942 5087 rum
966 5024 1315 5103 utrumque
1342 5019 1575 5083 falsum
1617 5024 1709 5085 est
1731 5044 1749 5100 ;
1789 5026 1854 5087 et
1880 5023 2022 5089 ideo
2051 5027 2208 5092 tales
2235 5028 2325 5094 lo-

795 5130 1081 5195 cutiones
1118 5147 1251 5195 non
1290 5127 1685 5212 recipiuntur
1701 5175 1719 5205 ,
1764 5135 1830 5194 et
1865 5130 1934 5194 in
1978 5132 2086 5197 illo
2123 5154 2328 5218 argu-

796 5242 1013 5301 mento
1032 5241 1128 5301 est
1141 5236 1464 5320 sophisma
1484 5236 1835 5300 secundum
1850 5239 2135 5305 accidens
2154 5265 2167 5306 ε
2184 5244 2328 5310 ideo

796 5341 948 5407 dicit
995 5341 1296 5425 Magister
1351 5343 1520 5425 quod
1570 5360 1700 5406 non
1754 5345 1923 5410 valet
1959 5364 1977 5410 t
2030 5352 2331 5429 quamvis

863 5467 885 5504 ¹
906 5469 1155 5535 Anselm„
1181 5469 1386 5532 Monoi„
1407 5485 1454 5520 c.
1477 5482 1547 5520 ιν.
1581 5497 1643 5508 -
1665 5471 1683 5501 ²
1705 5472 1961 5547 Damaso„
1997 5473 2059 5524 de
2085 5477 2211 5527 Fide
2247 5494 2331 5529 or-

2414 607 2585 670 enim
2604 607 2773 670 idem
2802 606 2928 669 sint
2947 624 3047 684 re,
3075 601 3378 669 differunt
3406 591 3620 668 tamen
3650 603 3718 666 in
3746 603 3938 668 modo

2414 712 2813 794 significandi
2838 761 2853 789 ,
2885 717 2948 777 et
2973 711 3390 793 intelligendi.
3426 711 3521 776 Ad
3557 710 3719 775 illud
3770 709 3943 793 quod

2414 819 2709 902 objicitur
2759 821 2932 902 quod
2981 820 3148 884 Deus
3180 837 3310 882 non
3359 818 3509 883 dicit
3546 822 3901 900 respectum
3923 866 3944 897 ,

2413 927 2753 992 dicendum
2792 928 2962 1010 quod
2993 928 3224 992 falsum
3252 929 3383 1004 est,
3413 926 3567 1007 quia
3592 924 3951 1008 imponitur

2413 1035 2494 1098 ab
2529 1040 2673 1099 actu
2704 1053 2899 1118 quem
2915 1035 3108 1100 habet
3134 1035 3216 1099 ad
3251 1036 3630 1112 creaturam,
3663 1034 3834 1097 sicut
3862 1032 3956 1096 di-

2415 1141 2498 1204 cit
2520 1142 2945 1208 Damascenus
2971 1145 3014 1205 ².
3043 1141 3219 1206 Unde
3247 1142 3408 1205 bene
3428 1141 3694 1204 dicitur:
3729 1162 3761 1200 c
3785 1139 3954 1204 Deus

2416 1254 2874 1314 creaturarum.
2896 1271 2927 1308 n
2953 1250 3052 1314 Ad
3075 1248 3232 1313 illud
3262 1246 3434 1331 quod
3455 1247 3753 1329 obJ'ieitur
3775 1247 3954 1329 quod

2417 1361 2704 1420 creatura
2735 1357 2804 1421 in
2853 1356 3141 1421 Creatore
3177 1361 3273 1419 est
3316 1355 3588 1419 creatrix
3635 1354 3908 1418 essentia
3933 1400 3953 1434 ,

2416 1464 2751 1528 dicendum
2777 1465 2945 1548 quod
2978 1468 3336 1528 creaturam
3365 1462 3436 1526 in
3462 1462 3752 1526 Creatore
3787 1480 3953 1538 esse,

2417 1577 2511 1635 est
2528 1572 2736 1636 ideam
2757 1573 2859 1637 vel
2877 1572 3359 1637 similitudinem
3387 1574 3529 1652 eJus
3556 1572 3723 1654 apud
3745 1569 3957 1634 Deum

2418 1697 2550 1743 esse
2583 1701 2599 1744 ε
2634 1682 2695 1743 et
2727 1679 3068 1744 Anselmus
3087 1679 3228 1745 vult
3258 1679 3495 1758 dicere,
3530 1679 3700 1761 quod
3735 1677 3960 1741 simili-

2417 1786 2571 1852 tudo
2600 1786 2709 1852 illa
2734 1792 2826 1853 est
2853 1788 3128 1852 creatrix
3155 1786 3452 1866 essentia,
3483 1804 3618 1850 non
3646 1785 3817 1869 quod
3845 1785 3961 1848 illa

2417 1899 2708 1959 creatura
2734 1895 2814 1959 sit
2842 1896 3152 1960 essentia:
3186 1895 3361 1959 unde
3390 1893 3554 1959 bene
3601 1894 3961 1958 conceden-

2417 2000 2608 2082 dum,
2643 2003 2813 2086 quod
2867 2004 3025 2069 ideae
3064 2021 3286 2068 rerum
3324 2003 3570 2067 suntin
3601 2002 3821 2065 divina
3849 2001 3961 2065 es-

2417 2110 2623 2174 sentia
2641 2159 2660 2190 ,
2690 2112 2844 2194 quia
2872 2114 2948 2178 in
2988 2114 3168 2176 notat
3202 2111 3593 2175 identitatem
3606 2159 3624 2191 ,
3659 2114 3724 2174 et
3761 2127 3955 2187 vere3

2418 2216 2526 2279 sed
2570 2217 2692 2282 hoc
2718 2237 2851 2284 non
2879 2223 3083 2302 potest
3108 2219 3231 2283 dici
3277 2219 3356 2283 de
3386 2224 3674 2284 creatura
3722 2236 3958 2282 secun-

2417 2322 2572 2387 dum
2601 2343 2737 2390 esse
2760 2328 2929 2409 quod
2958 2327 3150 2391 habet
3173 2326 3247 2391 in
3270 2326 3531 2409 proprio
3557 2343 3817 2408 genere.

3068 2553 3205 2599 DUB.
3251 2552 3320 2598 11.

2421 2673 2512 2724 llla
2548 2674 2686 2724 enim
2711 2689 2824 2726 esse
2861 2673 2916 2726 in
2942 2678 3051 2727 Deo
3079 2675 3457 2741 intelliguntur,
3483 2689 3598 2742 quae
3632 2690 3696 2727 ex
3731 2676 3882 2741 ipso,
3912 2680 3971 2728 et

2956 2764 3049 2815 per
3081 2750 3248 2814 ipsum
3284 2753 3419 2800 sunt.

2502 2876 2764 2942 Videtur
2796 2879 2965 2943 male
2998 2879 3205 2943 dicere
3220 2928 3238 2960 ,
3269 2880 3422 2962 quia
3457 2897 3606 2944 cum
3633 2878 3785 2943 talia
3830 2898 3970 2944 non

2423 2984 2551 3048 sint
2600 2986 2724 3049 nisi
2754 2987 3120 3069 praesentia,
3156 3005 3314 3068 ergo
3359 2986 3427 3049 in
3458 2985 3583 3051 Deo
3628 3006 3764 3051 non
3810 2991 3974 3051 sunt

2423 3092 2549 3158 nisi
2593 3111 2667 3157 ea
2709 3112 2855 3176 quae
2901 3093 3382 3177 praesentialiter
3424 3095 3708 3160 existunt
3739 3115 3757 3160 z
3790 3095 3968 3180 quod

2424 3204 2519 3265 est
2540 3201 2867 3265 manifeste
2886 3202 3118 3266 falsum
3134 3250 3150 3278 ‚
3171 3208 3234 3267 et
3252 3207 3472 3267 contra
3490 3186 3968 3286 Augustinum,

2424 3308 2539 3391 qui
2561 3308 2714 3373 dicit
2726 3308 2770 3391 ⁸,
2787 3310 2961 3392 quod
2983 3333 3013 3370 α
3032 3328 3133 3374 res
3150 3316 3303 3375 sunt
3321 3310 3387 3374 in
3408 3314 3531 3375 Deo
3552 3312 3633 3376 ab
3648 3316 3914 3377 aeternO.
3929 3335 3962 3373 x·

2425 3414 2494 3480 Si
2524 3415 2693 3480 dicas
2717 3417 2888 3500 quod
2916 3417 3143 3499 accipit
3164 3437 3297 3483 esse
3327 3418 3398 3482 in
3427 3418 3585 3499 Deo,
3620 3419 3788 3484 utin
3818 3439 3974 3484 con-

2425 3528 2719 3588 servante
2741 3573 2758 3604 ,
2786 3523 2937 3606 quia
2970 3525 3066 3588 sic
3095 3526 3322 3608 accipit
3347 3526 3686 3609 Apostolus
3713 3527 3780 3590 in
3804 3546 3973 3611 prae·

2426 3631 2555 3695 fata
2579 3631 3003 3710 auctoritate,
3039 3633 3146 3696 Esc
3177 3634 3360 3714 ipso,
3387 3642 3447 3700 ec
3468 3650 3584 3716 per
3610 3635 3859 3717 ipsum,
3909 3642 3974 3702 et

2426 3739 2501 3804 in
2526 3741 2712 3820 ipso,·
2731 3742 2886 3803 tunc
2907 3739 3073 3802 nihil
3091 3740 3332 3805 facitad
3360 3742 3779 3825 propositum,
3812 3745 3974 3827 (11118

2428 3846 2733 3930 Magister
2758 3849 2982 3931 accipit
3012 3867 3141 3916 esse
3175 3853 3251 3917 in
3276 3852 3624 3917 secundum
3656 3853 3831 3935 quod
3861 3854 3970 3921 di-

2427 3962 2663 4020 cuntur
2689 3975 2791 4021 res
2818 3976 2953 4022 esse
2984 3959 3054 4022 in
3081 3958 3208 4024 Deo
3237 3961 3633 4026 aeternaliter.
3671 3961 3736 4027 Si
3767 3968 3843 4027 tu
3867 3964 3967 4028 di-

2429 4081 2532 4126 cas
2551 4111 2567 4140 ,
2609 4065 2784 4146 quod
2827 4084 2929 4129 res
2972 4067 3298 4132 actualiter
3338 4074 3489 4133 sunt
3527 4088 3611 4134 ex
3653 4070 3779 4134 Deo
3795 4120 3812 4151 ,
3862 4071 3973 4136 vel

2428 4188 2543 4264 per
2569 4170 2771 4235 Deum
2791 4220 2808 4249 ‚
2845 4193 2928 4237 ex
2954 4178 3278 4257 tempore,
3313 4177 3424 4241 sed
3452 4178 3857 4244 habitualiter
3886 4182 3974 4245 ab

2429 4283 2699 4359 aeterno;
2731 4285 2886 4345 tunc
2918 4300 3139 4365 quaero
3168 4285 3436 4366 qualiter
3460 4287 3787 4351 actualiter
3813 4294 3975 4353 sunt

2427 4384 2496 4448 in
2527 4385 2652 4451 Deo
2708 4388 2789 4452 ab
2835 4394 3110 4471 aeterno,
3143 4397 3205 4456 et
3237 4412 3368 4457 non
3409 4412 3495 4459 ex
3519 4393 3682 4476 De0,
3721 4397 3825 4461 vel
3853 4415 3974 4480 per

2428 4493 2653 4559 Deum.

2509 4601 2693 4685 Resp.
2717 4602 3088 4683 Dicendum,
3111 4608 3282 4689 quod
3317 4627 3451 4673 esse
3478 4628 3561 4674 ex
3580 4609 3709 4675 Deo
3726 4612 3830 4678 vel
3856 4630 3977 4695 per

2429 4707 2632 4774 Deum
2653 4760 2672 4790 ,
2702 4716 2904 4794 potest
2943 4714 3176 4797 accipi,
3208 4716 3312 4781 vel
3342 4719 3695 4783 secundum
3729 4720 3975 4803 aptitu-

2430 4816 2678 4898 dinem,
2706 4819 2810 4884 vel
2844 4821 3196 4886 secundum
3241 4826 3476 4901 actum.
3516 4821 3585 4887 Si
3616 4827 3976 4893 secundum

2431 4928 2669 5005 actum,
2691 4924 2778 4990 sic
2792 4928 3091 5011 praedicta
3111 4932 3451 4995 auctoritas
3467 4950 3600 4996 non
3624 4937 3720 4997 est
3742 4935 3975 5001 intelli-

2432 5034 2645 5115 genda
2664 5035 2923 5117 praecise
2944 5037 3112 5119 quod
3135 5037 3242 5101 illa
3258 5038 3392 5103 sola
3409 5040 3535 5103 sint
3558 5039 3627 5104 in
3652 5040 3801 5122 Deo,
3823 5063 3976 5126 quae

2434 5145 2585 5204 sunt
2607 5160 2690 5206 ex
2717 5142 2866 5223 De0,
2885 5144 2987 5209 vel
3012 5163 3122 5228 per
3146 5145 3342 5208 Deum
3361 5195 3379 5225 ,
3401 5148 3553 5228 quia
3579 5150 3785 5214 multa
3807 5150 3978 5217 Deus

2436 5251 2780 5330 cognoscit,
2803 5270 2949 5334 quae
2979 5254 3222 5316 suntin
3248 5252 3397 5332 De0,
3423 5274 3572 5338 quae
3595 5260 3810 5323 tamen
3837 5279 3973 5325 non

2440 5410 2598 5475 mod„
2628 5411 2719 5463 lib.
2765 5415 2819 5481 1,
2869 5429 2917 5467 c.
2953 5416 3146 5467 111.'—
3183 5416 3212 5451 ἴ
3242 5418 3395 5482 Aug„
3421 5414 3482 5469 de
3523 5419 3699 5471 Genes.
3741 5421 3813 5472 ad
3845 5423 3975 5488 litt„

2442 5497 2490 5533 c.
2509 5495 2662 5549 xvm,
2691 5489 2744 5536 et
2768 5488 2822 5537 in
2846 5488 2929 5540 Pe.
2950 5499 3098 5540 XLIX.
