4125 6225
132 4418 350 4463 rumdam.

1230 407 1425 474 ms‘r.
1470 407 1604 475 vn.
1648 408 1883 477 PART.
1923 409 2002 475 11.
2044 408 2230 475 ART.
2275 410 2352 475 11.
2399 366 2695 488 QuAEs‘r.
2741 411 2820 479 11.

3476 415 3589 477 421

409 539 537 616 ria,
563 542 629 603 et
656 540 746 605 sic
769 541 918 606 facit
943 543 1364 626 compositum
1379 592 1398 622 ‚
1428 547 1493 609 et
1521 545 1604 609 ad
1627 544 1787 610 illud
1815 548 1946 610 ter-
2056 546 2369 627 fecerunt,
2398 551 2460 611 et
2487 547 2609 612 boc
2629 564 2761 611 non
2784 545 2911 611 nisi
2933 546 3171 612 virtute
3198 547 3594 630 daemonum,

410 648 696 712 minatur
722 650 1051 730 generatio
1084 670 1101 714 ε
1134 650 1553 716 nihilominus
1591 653 1940 733 generatio⁹

407 755 510 820 vel
532 756 860 838 productio
878 759 1209 835 naturalis»,
1238 761 1493 844 respicit
1518 761 1942 844 compositum

404 863 834 946 principaliter
858 866 1065 946 gratia
1090 866 1335 931 formae.

486 972 524 1032 5
551 975 614 1033 et
641 974 702 1034 6.
732 971 829 1035 Ad
863 971 1019 1036 illud
1059 974 1231 1055 quod
1260 974 1578 1056 objicitur,
1608 979 1831 1041 utrum
1859 994 1942 1041 ex

405 1076 649 1158 aliquo,
681 1083 792 1141 aut
831 1096 913 1141 ex
952 1079 1189 1158 nihilo;
1220 1081 1559 1146 dicendum
1585 1082 1755 1165 quod
1780 1134 1796 1163 ,
1840 1102 1941 1148 se-

403 1184 686 1248 cundum
696 1185 946 1249 tertiam
961 1187 1358 1268 positionem,
1377 1188 1651 1252 tenendo
1664 1189 1938 1271 primam

402 1291 577 1353 viam
618 1290 789 1355 illius
828 1293 1187 1375 positioniS,
1231 1295 1454 1359 formae
1494 1296 1937 1377 producuntur

402 1416 485 1461 ex
511 1397 729 1479 aliquo
762 1420 778 1477 ;
830 1400 938 1464 sed
981 1419 1115 1465 non
1154 1421 1236 1465 ex
1272 1402 1488 1485 aliquo
1529 1403 1938 1468 materialiter

401 1505 504 1569 vel
541 1506 973 1587 constitutive,
1015 1510 1123 1573 sed
1152 1527 1234 1573 ex
1258 1510 1472 1592 aliquo
1512 1510 1930 1593 originaliter.

399 1614 515 1681 Vel
552 1616 902 1681 secundum
935 1618 1187 1682 tertiam
1226 1618 1593 1700 opinionem
1613 1668 1631 1696 ,
1658 1622 1933 1685 tenendo

399 1724 575 1788 viam
621 1725 965 1815 secundam
1007 1725 1179 1789 illius
1223 1726 1552 1808 positionis
1568 1776 1586 1806 ,
1643 1729 1811 1791 flunt
1852 1748 1935 1793 ex

400 1830 612 1912 aliquo
637 1854 651 1894 z
688 1850 817 1894 non
839 1832 1007 1913 quod
1036 1848 1119 1897 ex
1134 1833 1301 1897 dicat
1325 1839 1597 1916 partem;
1627 1835 1736 1898 sed
1761 1835 1935 1917 quod

399 1938 564 2001 dicat
614 1939 1322 2004 consubstantialitatem
1345 1989 1362 2019 ,
1425 1942 1588 2006 sicut
1655 1960 1799 2006 rosa
1851 1963 1935 2008 ex

400 2042 617 2124 globo,
645 2045 796 2126 quia
822 2046 1054 2126 globus
1088 2048 1162 2111 fit
1188 2066 1369 2113 rosa:
1400 2054 1462 2114 et
1479 2067 1593 2133 per
1611 2049 1735 2115 boc
1764 2055 1935 2134 patet

398 2150 726 2216 ultimum.
757 2151 1039 2218 Concedo
1066 2155 1270 2234 enim,
1297 2155 1469 2238 quod
1494 2157 1718 2222 formae
1741 2162 1935 2222 natu-

399 2257 563 2321 rales
583 2260 818 2323 suntin
839 2261 1101 2324 materia
1127 2267 1441 2344 quantum
1461 2264 1541 2327 ad
1559 2265 1930 2347 potentiam,

398 2366 558 2429 etin
588 2385 754 2449 qua,
804 2372 868 2431 et
901 2386 985 2432 ex
1019 2387 1187 2451 qua,
1217 2373 1280 2433 et
1314 2389 1354 2434 a
1384 2390 1545 2454 qua,
1580 2362 1932 2438 secundum

398 2475 773 2556 praedictum
816 2478 1102 2541 modum.
1144 2477 1223 2542 Et
1258 2479 1310 2542 si
1345 2483 1419 2542 tu
1457 2480 1720 2562 objicias
1761 2483 1930 2564 quod

397 2583 664 2646 materia
689 2602 822 2648 non
844 2586 1016 2666 agit,
1051 2604 1168 2648 neo
1203 2587 1561 2665 constituit3
1594 2588 1931 2655 dicendum

397 2689 568 2771 quod
594 2692 866 2756 essentia
903 2693 1185 2757 materiae
1226 2692 1434 2757 solum
1471 2713 1539 2758 se
1580 2696 1773 2760 babet
1818 2716 1932 2780 per

397 2798 661 2862 modum
691 2799 1028 2881 receptivi3
1072 2800 1180 2864 sed
1204 2800 1622 2866 seminarium
1654 2804 1929 2868 inditum

395 2923 463 2967 se
489 2903 679 2969 habet
700 2906 978 2989 quodam
1020 2906 1208 2970 modo
1255 2925 1368 2988 per
1411 2908 1675 2972 modum
1705 2911 1925 2992 activi,

395 3013 675 3093 quodam
692 3013 882 3077 modo
909 3031 1022 3096 per
1049 3013 1314 3078 modum
1335 3015 1591 3097 passivi,
1622 3017 1929 3099 quoniam

395 3123 771 3201 cooperatur
793 3121 1010 3201 agenti
1045 3142 1059 3184 :
1109 3121 1527 3187 nihilominus
1565 3123 1776 3207 ipsum
1813 3147 1930 3192 va-

392 3228 597 3290 riatur
622 3228 703 3290 ab
737 3247 868 3291 una
895 3229 1299 3311 dispositione
1326 3230 1395 3294 in
1422 3231 1613 3295 aliam
1630 3281 1646 3311 ,
1678 3239 1752 3299 ut
1790 3234 1926 3298 dic-

391 3340 531 3398 tum
567 3341 681 3399 est.
713 3334 865 3399 Haec
895 3336 1096 3415 igitur
1133 3342 1226 3401 est
1267 3356 1522 3402 summa
1564 3339 1924 3420 positionis,

389 3442 560 3523 quod
604 3461 805 3522 agens
849 3447 1133 3507 creatum
1179 3445 1426 3508 nullam
1469 3446 1881 3527 quidditatem
1904 3496 1921 3526 ‚

389 3568 505 3613 nec
518 3550 1016 3631 substantialem,
1035 3571 1151 3615 nec
1169 3553 1638 3634 accidentalem,
1660 3556 1926 3621 omnino

387 3657 714 3738 producit;
743 3658 1091 3722 sedentem
1137 3660 1256 3724 sub
1302 3679 1435 3724 una
1475 3661 1879 3743 dispositione
1902 3712 1920 3741 ‚

383 3764 529 3828 facit
554 3783 689 3828 esse
716 3765 839 3828 sub
866 3765 1010 3829 alia.

923 4005 1283 4084 QUAESTIO
1327 4006 1405 4072 II.

428 4159 524 4216 An
550 4160 809 4218 doemones
834 4176 993 4218 veras
1019 4177 1196 4218 rerum
1223 4165 1427 4231 somus
1447 4162 1602 4220 rebus
1626 4164 1873 4222 inducere

1007 4255 1222 4324 possint
1245 4252 1284 4307 ¹.

458 4407 684 4472 Utrum
702 4429 1006 4475 verarum
1028 4411 1383 4476 formarum
1411 4410 1696 4477 inductio
1723 4414 1922 4496 possit

374 4534 510 4579 esse
535 4535 575 4579 a
595 4516 823 4598 spiritu
851 4518 1173 4599 malign03
1208 4524 1272 4583 et
1287 4519 1456 4601 quod
1484 4520 1595 4599 sic,
1624 4520 1913 4587 videtur:

374 4622 605 4704 prim0‚
644 4625 1018 4689 auctoritate
1060 4644 1257 4690 sacrae
1311 4626 1656 4708 Scripturae
1710 4650 1725 4691 ι
1765 4647 1918 4692 nam

376 4729 606 4793 dicitur
630 4732 653 4766 ⁸
701 4753 715 4794 :
761 4732 1069 4799 Fecerunt
1110 4740 1321 4799 autem
1358 4734 1641 4813 malefici
1676 4734 1914 4801 simili-

377 4841 476 4902 ter
494 4857 518 4897 .·
547 4837 655 4901 sed
678 4843 938 4918 constat,
972 4840 1141 4921 quod
1167 4841 1352 4921 virga
1382 4839 1582 4923 Moysi
1611 4860 1919 4906 conversa

376 4942 498 5006 fuit
524 4944 592 5007 in
621 4962 849 5009 verum
875 4946 1215 5010 draconem
1236 4996 1253 5026 ,
1282 4948 1568 5030 alioquin
1596 4967 1724 5013 non
1754 4956 1918 5014 esset

378 5069 607 5115 verum
628 5053 1009 5118 miraculum
1037 5075 1054 5118 ι
1081 5056 1134 5118 si
1157 5074 1313 5137 ergo
1335 5057 1602 5121 malefici
1629 5057 1917 5123 similiter

444 5176 463 5210 ¹
524 5176 605 5240 Cf.
664 5177 950 5228 Alexander
1014 5179 1240 5240 Mensis,
1292 5184 1424 5244 part.
1489 5182 1530 5229 ll
1550 5219 1568 5245 ,
1629 5195 1681 5246 q.
1746 5194 1878 5232 xmn
1896 5220 1913 5247 ,

378 5247 570 5297 memb.
592 5251 654 5312 2;
693 5251 747 5300 S.
778 5250 980 5314 Tbom.,
1008 5265 1061 5314 p.
1086 5253 1139 5313 1,
1168 5267 1219 5316 q.
1246 5263 1341 5314 cx,
1369 5255 1465 5302 art.
1487 5255 1547 5314 35
1585 5257 1636 5304 et
1676 5253 1717 5302 ΙΙ
1753 5255 1913 5316 8εηί.,

381 5317 499 5368 dist.
522 5330 627 5383 vu,
656 5333 707 5384 q.
734 5333 822 5385 111,
850 5327 945 5372 art.
972 5328 1028 5386 13
1061 5327 1113 5372 et
1144 5322 1204 5372 de
1228 5323 1390 5384 Malo,
1422 5337 1474 5388 q.
1492 5336 1614 5387 xv1,
1647 5327 1740 5374 art.
1769 5327 1830 5386 93
1863 5328 1915 5375 et

384 5389 579 5449 Quolib.
603 5393 672 5442 lx
683 5430 704 5457 ,
728 5397 824 5445 art.
844 5397 903 5445 10
916 5410 935 5457 5
962 5395 1220 5460 Richard„
1248 5396 1293 5446 ΙΙ
1314 5396 1476 5460 Sem„
1494 5397 1612 5447 dist.
1635 5409 1730 5461 vn,
1747 5401 1844 5447 art.
1863 5401 1912 5462 4,

2055 671 2214 736 ergo
2248 654 2574 720 daemones
2600 673 2787 721 veros
2815 658 3136 738 serpentes
3160 654 3238 719 de
3264 655 3473 737 virgis
3499 657 3594 720 fa-

2054 777 2196 822 cere
2213 765 2516 842 possunt:
2541 779 2697 843 ergo
2719 765 2783 825 et
2808 780 2993 827 veras
3014 761 3252 825 formas
3267 760 3594 829 inducere.

2134 865 2294 931 Item
2320 868 2389 932 in
2415 867 2630 933 Glossa
2647 870 2917 933 habetur
2942 870 3116 934 idem
3149 891 3162 933 :
3204 892 3236 931 α
3262 869 3597 948 Daemones

2050 973 2416 1039 discurrunt
2455 994 2569 1059 per
2608 977 2921 1041 mundum
2944 1025 2963 1056 ,
3003 979 3067 1040 et
3095 976 3308 1041 subito
3350 977 3595 1043 semina

2050 1081 2345 1161 afferunt,
2375 1082 2466 1145 sic
2498 1082 2670 1164 quod
2697 1100 2898 1147 novas
2928 1101 3148 1147 rerum
3178 1083 3415 1165 species
3444 1103 3593 1166 pro-

2048 1187 2293 1252 ducunt
2323 1211 2338 1255 ε
2382 1211 2413 1248 ι)
2461 1207 2545 1253 ex
2587 1189 2711 1253 boc
2753 1192 2960 1272 patet,
2991 1189 3165 1272 quod
3196 1190 3586 1272 specierum,

2047 1295 2183 1361 sive
2219 1297 2575 1361 formarum
2618 1295 2903 1361 inductio
2954 1296 3035 1360 sit
3081 1314 3122 1359 a
3168 1295 3397 1379 spiritu
3441 1315 3589 1363 ma-

2045 1401 2245 1484 ligno.

2126 1509 2284 1574 Item
2315 1511 2522 1593 major
2547 1513 2642 1574 est
2659 1512 2933 1592 potestas
2961 1509 3354 1589 daemonum,
3385 1528 3584 1593 quam

2043 1614 2385 1679 hominum
2411 1634 2525 1698 per
2547 1616 2888 1680 artificium
2916 1635 2932 1679 :
2964 1615 3075 1679 sed
3101 1615 3418 1693 homine8‚
3447 1634 3587 1681 me-

2043 1723 2257 1787 diante
2296 1728 2431 1787 arte
2467 1722 2782 1787 alchimiae
2801 1772 2820 1801 ,
2861 1722 3258 1787 diversorum
3296 1722 3586 1788 metallo-

2042 1850 2191 1894 rum
2218 1831 2456 1914 species
2480 1832 2724 1895 faciunt
2750 1849 2767 1894 ε
2799 1847 2956 1912 ergo
2978 1831 3183 1894 multo
3209 1831 3435 1896 fortius
3458 1831 3584 1896 hoc

2041 1938 2364 2003 daemones
2387 1941 2674 2022 possunt.

2125 2046 2354 2111 Contra
2384 2066 2400 2109 ι
2445 2053 2506 2111 1.
2550 2045 2732 2124 Quod
2769 2045 3054 2127 subjacet
3086 2044 3390 2127 potentiae
3417 2044 3585 2110 infe-
3613 2068 3684 2113 aa
3715 2080 3823 2127 opp.

2042 2152 2199 2218 riori
2216 2202 2234 2233 ,
2276 2154 2559 2236 subjacet
2592 2151 2905 2235 superiori
2935 2170 2952 2214 ε
2996 2151 3105 2216 sed
3145 2153 3426 2235 potentia
3450 2152 3580 2217 dae-

2041 2278 2316 2326 monum
2359 2279 2473 2342 per
2509 2264 2808 2324 naturam
2842 2258 3132 2341 superior
3167 2263 3262 2323 est
3285 2259 3583 2342 potentiis

2041 2385 2261 2432 rerum
2293 2367 2682 2432 naturalium
2704 2416 2723 2445 ,
2754 2367 2909 2449 quia
2946 2365 3175 2430 dicitur
3199 2366 3223 2403 ⁸
3250 2387 3266 2431 t
3304 2366 3450 2433 Non
3489 2372 3583 2433 est

2035 2481 2318 2558 potestas
2355 2492 2550 2558 super
2583 2482 2852 2555 terram,
2888 2490 3030 2558 quae
3065 2476 3127 2540 ez·
3165 2477 3373 2556 possit
3407 2490 3581 2542 com-

2033 2587 2270 2666 parari
2297 2604 2323 2648 .·
2343 2585 2400 2647 si
2426 2602 2584 2665 ergo
2611 2588 2844 2648 natura
2869 2583 3131 2647 inferior
3154 2600 3339 2647 veras
3363 2587 3427 2648 et
3455 2601 3583 2647 no-

2039 2710 2155 2757 vas
2180 2692 2418 2774 species
2444 2694 2645 2774 potest
2666 2690 2965 2756 inducere
2999 2693 3063 2754 et
3095 2689 3344 2754 inducit
3363 2738 3382 2769 ,
3419 2708 3579 2772 ergo

2037 2803 2103 2864 et
2122 2799 2399 2883 potentia
2421 2800 2811 2864 daemonum.
3614 2800 3620 2813 '

2119 2914 2179 2972 Ξ.
2211 2907 2366 2972 Item
2391 2909 2615 2972 formae
2639 2905 2994 2970 secundum
3019 2904 3357 2970 seminales
3380 2906 3576 2971 ratio-

2036 3035 2153 3082 nes
2177 3016 2373 3082 latent
2399 3017 2467 3080 in
2497 3016 2790 3092 materia,
2837 3017 2909 3078 ut
2938 3014 3212 3078 babetur
3243 3015 3312 3078 in
3333 3014 3572 3097 littera,

2036 3130 2099 3190 et
2147 3123 2777 3208 praedeterminatum
2823 3126 2918 3186 est
2961 3139 3202 3203 supra:
3244 3126 3307 3186 et
3339 3123 3420 3185 ad
3455 3124 3577 3187 boc

2035 3232 2206 3316 quod
2228 3234 2388 3296 flant
2409 3232 2477 3294 in
2504 3234 2673 3309 actu,
2702 3247 2835 3293 non
2862 3228 3152 3309 indigent
3178 3228 3299 3291 nisi
3325 3230 3575 3293 extrin-

2035 3357 2176 3403 seco
2206 3338 2523 3421 adjutorio
2550 3352 2567 3398 ε
2598 3336 2651 3398 si
2679 3354 2836 3416 ergo
2858 3333 3145 3399 diabolus
3172 3333 3289 3397 scit
3310 3336 3574 3400 modum

2034 3445 2377 3524 educendi,
2420 3448 2485 3508 et
2528 3462 2709 3527 posse
2749 3443 2940 3507 habet
2974 3442 3054 3506 ad
3088 3441 3529 3524 adjuvandum
3549 3490 3569 3523 ,

2032 3571 2190 3634 ergo
2216 3570 2401 3616 veras
2424 3552 2662 3614 formas
2691 3553 2894 3633 potest
2913 3549 3236 3612 inducere.

2116 3667 2175 3724 3.
2204 3659 2362 3724 Item
2384 3659 2539 3723 ordo
2565 3656 2994 3724 universitatis
3011 3659 3124 3734 est,
3147 3659 3223 3719 ut
3245 3654 3575 3738 superiora

2031 3786 2146 3851 per
2171 3770 2469 3830 naturam
2502 3765 2774 3828 influant
2799 3764 2869 3826 in
2903 3762 3227 3838 inferiora,
3259 3762 3426 3826 sicut
3456 3781 3572 3845 pa-

2030 3880 2159 3951 tet,
2212 3874 2381 3956 quod
2433 3872 2711 3937 coelestia
2760 3870 3046 3934 influunt
3095 3869 3164 3931 in
3211 3868 3353 3933 haec
3404 3870 3571 3934 infe-

2030 3983 2204 4046 riora
2225 3987 2248 4021 ⁴
2278 3999 2295 4046 ε
2322 3980 2430 4044 sed
2457 3977 2810 4062 spiritualia
2836 3976 3041 4040 multo
3067 3979 3220 4040 sunt
3241 3975 3572 4058 superiora

2029 4093 2320 4173 respectu
2345 4087 2794 4170 corporalium,
2824 4103 3021 4168 quam
3051 4083 3402 4165 corporalia
3434 4101 3571 4147 res-

2027 4200 2218 4280 pectu
2257 4193 2680 4278 corporalium
2718 4210 2735 4257 2
2771 4210 2930 4273 ergo
2966 4192 3020 4255 si
3060 4191 3383 4273 corporale
3411 4190 3568 4256 adeo

2026 4309 2232 4388 potest
2278 4304 2546 4368 influere
2576 4304 2646 4365 in
2687 4299 3010 4384 corporale
3026 4348 3045 4379 ,
3094 4298 3265 4381 quod
3302 4318 3420 4362 sua
3466 4299 3567 4363 in-

2025 4412 2312 4488 fluentia,
2334 4416 2397 4474 et
2427 4411 2683 4488 virtute,
2711 4413 2774 4471 et
2791 4407 3038 4471 actione
3057 4405 3269 4470 educit
3292 4406 3564 4470 formam

2025 4522 2104 4584 de
2136 4518 2412 4603 potentia
2435 4518 2504 4580 in
2540 4521 2777 4594 actum,
2808 4514 2973 4578 sicut
3002 4516 3174 4595 patet
3198 4516 3330 4576 tam
3356 4511 3426 4575 in
3451 4531 3565 4576 ac-

2022 4628 2197 4691 tione
2223 4626 2708 4699 elementorum‚
2739 4640 2936 4706 quam
2965 4638 3308 4703 corporum
3344 4620 3564 4684 coeles-

2024 4735 2221 4812 tium3
2248 4751 2406 4814 ergo
2427 4731 2631 4795 multo
2656 4730 2881 4794 fortius
2898 4731 3101 4812 potest
3125 4728 3249 4792 hoc
3275 4726 3558 4809 spiritus,

2022 4841 2159 4906 sive
2182 4841 2412 4918 bonuS,
2443 4838 2580 4904 sive
2605 4835 2834 4899 malus,

2104 4953 2165 5012 4.
2223 4947 2382 5011 Item
2429 4944 2754 5010 absorbuit
2812 4942 2999 5023 virga
3054 4938 3289 5023 Moysis
3340 4939 3562 5022 virgas

2020 5072 2367 5136 magorum
2389 5058 2445 5132 ⁸3
2476 5051 2647 5134 quod
2671 5066 2994 5132 exponens
3018 5046 3423 5129 Augustinus
3447 5048 3559 5127 ait,
3654 5048 3658 5052 ’

1969 5251 1976 5258 ·
2022 5267 2074 5318 q.
2095 5264 2110 5302 1
2122 5269 2140 5318 ;
2170 5251 2347 5315 steph.
2377 5248 2587 5310 armet,
2615 5248 2657 5297 ιι
2689 5247 2848 5310 sent„
2869 5245 2985 5295 dist.
3002 5255 3097 5308 vn,
3117 5257 3169 5310 q.
3193 5223 3324 5296 11.'—
3338 5246 3361 5280 ε
3376 5244 3560 5310 rma„

2019 5335 2113 5387 vlt,
2135 5326 2294 5374 22—
2324 5321 2345 5357 ⁸
2376 5320 2488 5384 lob,
2514 5331 2624 5382 ΧΠ,
2650 5320 2793 5368 24.—
2832 5317 2855 5353 δ
2881 5316 3110 5383 Ariston,
3139 5315 3439 5382 Metaphm„
3468 5317 3559 5367 lib.

2022 5397 2144 5459 vn,
2173 5409 2219 5445 c.
2241 5407 2278 5445 1.
2294 5416 2357 5431 -
2378 5390 2593 5451 ‘Enoch
2615 5401 2712 5455 vn,
2736 5393 2814 5440 12.
