4125 6225
749 422 829 482 64
1890 424 2511 496 SENTENTIARUM
2546 425 2698 493 LIB.
2746 428 2794 494 1.

768 576 954 622 verso
980 555 1230 645 praescit
1256 555 1430 624 hona
1457 563 1770 650 tanquam
1797 583 1941 645 sua,
1970 569 2287 654 tanquam
2316 585 2392 631 ea
2421 585 2571 654 quae
2598 563 2894 634 facturus
2921 572 3040 653 est,
3071 573 3148 636 ut
3171 566 3290 637 illa
3314 570 3698 660 praesciendo
3722 576 3894 650 simul

751 669 949 739 fuerit
976 672 1180 763 ipsius
1208 673 1463 760 notitia,
1510 681 1573 741 et
1598 676 2002 745 auctoritatis
2031 677 2540 770 beneplacitum.
3366 751 3381 776 0

506 841 533 882 h
537 779 715 895 (ἵζ’
620 785 715 822 ¹²²⁸
659 841 717 884 d
836 787 939 856 Ad
973 790 1090 857 hoc
1114 799 1336 859 autem
1369 792 1544 884 quod
1573 816 1772 884 supra
1800 794 2048 863 dictum
2083 806 2219 881 est,
2249 796 2493 865 scilicet
2523 798 2998 889 praescientiam
3025 798 3149 867 Dei
3179 799 3325 868 falli
3354 824 3486 870 non
3519 827 3632 895 pos
3635 829 3729 892 se,
3761 813 3904 881 solet

532 905 617 1013 θέω
622 918 691 947 *¹¹¹¹
748 926 786 971 a
819 905 1213 995 quibusdam
1244 906 1336 974 ita
1363 909 1651 1000 opponi:
1691 936 1726 976 c<
1754 914 1921 978 Deus
1947 912 2281 1002 praescivit
2306 913 2487 982 hunc
2514 914 2895 1003 lecturum,
2927 916 3029 984 vel
3068 917 3326 1009 aliquid
3359 919 3776 1012 hujusmodi:
3803 931 3902 998 sed

503 983 712 1140 α’ίῖιιῗ
699 1030 1116 1111 potestesse
1151 1033 1225 1093 ut
1250 1024 1369 1093 iste
1397 1048 1532 1093 non
1559 1025 1779 1115 legat:
1815 1049 1971 1116 ergo
2004 1036 2211 1119 potest
2247 1030 2439 1099 aliter
2481 1053 2616 1099 esse
2659 1056 2859 1123 quam
2901 1031 3076 1101 Deus
3119 1034 3495 1124 praescivit.
3529 1060 3680 1127 ergo
3720 1050 3905 1133 potest

671 1111 888 1208 “falli
919 1140 1033 1209 Dei
1062 1142 1562 1231 praescientia.»
1588 1141 1774 1223 Quod
1806 1144 2083 1212 omnino
2111 1145 2353 1213 falsum
2383 1155 2531 1215 est:
2565 1155 2776 1239 potest
2802 1149 3106 1241 equidem
3151 1173 3287 1219 non
3331 1151 3478 1220 fieri
3522 1153 3805 1247 aliquid,
3850 1169 3907 1229 et

502 1179 672 1355 ,ἐξ
638 1314 713 1358 p,
743 1255 910 1326 illud
941 1267 1160 1327 tamen
1187 1259 1558 1350 praescitum
1591 1268 1753 1328 esset
1778 1260 1952 1329 fieri.
1993 1261 2125 1330 Sed
2155 1262 2376 1332 adhuc
2402 1273 2641 1353 urgent
2670 1266 3096 1357 quaestionem
3133 1265 3470 1336 dicentes:
3512 1295 3547 1334 «
3573 1270 3708 1339 Aut
3738 1273 3908 1344 aliter

521 1375 613 1418 ¹³⁰⁸·
578 1363 692 1406 ⁸¹²¹⁰·
740 1385 949 1465 potest
974 1376 1120 1445 fieri
1147 1400 1348 1467 qnam
1376 1377 1552 1445 Deus
1576 1378 1936 1469 praescivit,
1968 1387 2258 1448 autnon
2284 1381 2532 1449 aliter:
2576 1381 2631 1449 si
2671 1404 2804 1450 non
2841 1381 3054 1468 aliter,
3101 1406 3257 1472 eigo
3300 1387 3661 1455 necessario
3698 1401 3911 1462 cuncta

738 1516 818 1561 et
821 1494 1089 1581 emunt
1121 1494 1176 1561 si
1201 1516 1359 1564 vero
1387 1495 1599 1580 aliter,
1629 1501 1837 1584 potest
1863 1516 2020 1583 ergo
2047 1496 2172 1564 Dei
2200 1496 2614 1587 praescientia
2647 1495 2790 1565 falli
2835 1498 2940 1565 vel
2991 1499 3256 1570 mutari.
3300 1499 3433 1568 Sed
3480 1510 3688 1594 potest
3737 1507 3909 1577 aliter

740 1610 883 1678 fieri
908 1663 925 1695 ,
954 1612 1113 1703 quia
1140 1620 1348 1702 potest
1373 1612 1563 1679 aliter
1590 1610 1734 1679 fieri
1763 1634 1963 1703 quam
1988 1611 2144 1698 fiat;
2176 1612 2270 1680 ita
2295 1621 2520 1681 autem
2564 1613 2640 1681 fit
2667 1620 2744 1682 ut
2776 1615 3143 1706 praescitum
3176 1624 3294 1683 est.
3326 1643 3361 1681 »
3411 1617 3518 1685 Ad
3558 1621 3735 1710 quod
3770 1622 3914 1692 dici-

739 1752 886 1797 mus
913 1728 1099 1797 illam
1134 1729 1531 1797 locutionem
1576 1728 2005 1820 multiplicem
2043 1728 2257 1797 facere
2299 1729 2807 1818 intelligentiam
2839 1782 2856 1816 ‚
2900 1730 3142 1798 scilicet
3174 1756 3189 1799 ε
3230 1758 3264 1796 α
3294 1733 3509 1802 Aliter
3546 1744 3751 1826 potest
3787 1738 3898 1809 fier

736 1868 937 1937 quam
978 1845 1155 1913 Deus
1181 1845 1543 1937 praescivit,
1575 1872 1610 1910 >³
1659 1853 1723 1913 et
1757 1844 2183 1937 hujusmodi,
2215 1853 2329 1931 ut,
2389 1874 2424 1912 «
2450 1846 2671 1914 Potest
2713 1869 2848 1915 non
2891 1869 3028 1914 esse
3062 1847 3237 1938 quod
3271 1848 3447 1918 Deus
3490 1853 3849 1942 praescivit,
3877 1881 3908 1922 ιι

735 1971 840 2047 et,
884 1961 1351 2052 «Impossibile
1380 1970 1633 2030 estnon
1672 1984 1808 2030 esse
1836 1961 2015 2054 quod
2046 1961 2220 2030 Deus
2251 1962 2590 2053 praescivit
2626 1962 2849 2031 omnia
2907 1986 3057 2055 quae
3104 1962 3302 2049 fiunt,
3335 1989 3368 2028 »
3414 1972 3480 2033 et
3521 1966 3910 2060 hujusmodi.

734 2077 1019 2147 Possunt
1044 2080 1220 2147 enim
1247 2079 1385 2147 haec
1411 2078 1810 2169 conjunctim
1837 2078 2122 2167 intelligi
2149 2131 2166 2164 ,
2199 2086 2273 2148 ut
2301 2079 2591 2148 conditio
2616 2079 2702 2147 sit
2732 2079 3077 2171 implicita,
3110 2089 3172 2149 et
3199 2079 3608 2172 disjunctim.
3642 2084 3713 2153 Si
3753 2087 3918 2154 enim

733 2197 825 2266 ita
849 2196 1177 2284 intelligas
1210 2222 1224 2264 :
1265 2225 1298 2262 «
1329 2196 1476 2264 Non
1504 2203 1711 2288 potest
1738 2196 1928 2264 aliter
1959 2195 2105 2263 fieri
2133 2218 2340 2287 quam
2370 2194 2547 2265 Deus
2576 2196 2927 2286 praescivit,
2953 2221 2988 2261 1>
3016 2197 3082 2265 id
3113 2205 3252 2283 est,
3282 2221 3416 2267 non
3438 2208 3651 2290 potest
3677 2209 3922 2270 utrum-

734 2338 864 2406 que
889 2314 1089 2382 simul
1119 2336 1253 2381 esse
1278 2367 1295 2399 ‚
1326 2312 1568 2381 scilicet
1591 2311 1766 2404 quod
1795 2311 1972 2380 Deus
1998 2312 2091 2379 ita
2117 2312 2528 2402 praesciverit
2555 2311 2699 2379 fieri
2719 2365 2736 2398 ,
2767 2320 2832 2379 et
2876 2312 3065 2381 aliter
3101 2313 3251 2397 fiat,
3296 2337 3529 2384 verum
3574 2316 3908 2407 intelligis,

735 2434 805 2502 Si
821 2442 1039 2502 autem
1062 2453 1179 2521 per
1196 2429 1698 2521 disjunctionem
1729 2429 2079 2519 intelligas,
2115 2438 2190 2497 ut
2217 2429 2392 2497 dicas
2420 2427 2545 2498 hoc
2566 2429 2754 2496 aliter
2779 2451 2915 2498 non
2944 2451 3127 2520 posse
3154 2430 3440 2516 evenire,
3464 2456 3669 2523 quam
3691 2434 3921 2521 evenit,

733 2563 797 2619 et
825 2550 1156 2645 quomodo
1202 2551 1506 2618 futurum
1534 2548 1709 2616 Deus
1740 2546 2101 2639 praescivit,
2137 2546 2380 2614 falsum
2424 2554 2541 2614 est.
2574 2545 2716 2613 Hoc
2747 2546 2925 2613 enim
2953 2545 3146 2614 aliter
3172 2553 3384 2636 potest
3407 2549 3702 2635 evenire,
3733 2572 3927 2640 quam

732 2668 973 2754 evenit,
998 2677 1061 2735 et
1090 2675 1305 2734 tamen
1331 2664 1507 2733 Deus
1532 2665 1655 2733 hoc
1680 2663 1873 2732 modo
1900 2663 2206 2731 futurum
2233 2662 2560 2752 praescivit
2580 2714 2597 2748 ‚
2616 2661 2856 2730 falsum
2880 2668 2999 2730 est.
3034 2662 3352 2731 Similiter
3380 2671 3444 2730 et
3470 2664 3602 2733 alia
3630 2665 3927 2734 determi-

732 2787 908 2855 natio
928 2838 945 2872 ,
976 2783 1241 2868 scilicet,
1281 2807 1316 2847 ι(
1343 2780 1749 2873 Impossibile
1771 2787 1867 2846 est
1891 2777 2060 2847 illud
2091 2801 2226 2847 non
2255 2778 2516 2847 evenire
2542 2831 2559 2864 ,
2592 2779 2768 2870 quod
2812 2777 2987 2845 Deus
3015 2778 3374 2869 praescivit,
3408 2779 3513 2847 vel
3552 2802 3710 2849 cum
3754 2781 3927 2848 Deus

730 2902 1118 2994 praescierit3
1148 2929 1183 2968 >³
1222 2900 1276 2968 si
1310 2898 1710 2991 conjunctim
1738 2896 2102 2984 intelligaS,
2137 2917 2371 2964 verum
2400 2894 2598 2982 dicis3
2630 2896 2684 2962 si
2713 2894 3090 2985 disjunctim
3115 2947 3133 2979 ,
3176 2895 3444 2964 falsum.
3491 2895 3592 2964 Ita
3633 2897 3835 2966 etiam
3869 2903 3930 2963 et

729 3022 894 3089 illud
931 3046 946 3088 ε
988 3016 1452 3108 «Impossibile
1501 3023 1759 3082 estnon
1809 3035 1945 3081 esse
1990 3012 2363 3103 praescitum
2402 3034 2597 3080 omne
2641 3010 2820 3102 quod
2872 3010 2973 3096 fit,
3004 3037 3038 3077 η
3071 3010 3137 3079 id
3175 3018 3293 3096 est,
3345 3032 3480 3079 non
3526 3020 3745 3102 potest
3799 3033 3928 3080 esse

654 3176 660 3180 ·
727 3146 1083 3227 utrumque
1109 3135 1333 3221 simul,
1350 3134 1611 3219 scilicet,
1637 3142 1711 3199 ut
1739 3130 1880 3217 fiat,
1902 3138 1966 3199 et
1990 3154 2127 3200 non
2154 3130 2239 3197 sit
2271 3130 2667 3220 praescitum,
2703 3128 2812 3197 hic
2839 3151 3068 3197 sensus
3093 3150 3291 3197 verus
3316 3135 3435 3198 est.
3477 3128 3552 3197 Si
3580 3152 3746 3199 vero
3773 3127 3932 3197 dicis

724 3257 938 3324 Deum
975 3277 1109 3323 non
1150 3252 1436 3344 potuisse
1462 3274 1598 3320 non
1642 3248 1940 3341 praescire
1969 3269 2165 3316 omne
2191 3245 2370 3339 quod
2396 3246 2516 3333 fit,
2547 3245 2788 3314 falsum
2818 3252 2935 3315 est.
2967 3246 3193 3315 Potuit
3223 3245 3399 3314 enim
3424 3246 3643 3315 facere
3681 3253 3761 3315 ut
3796 3266 3929 3314 non

725 3375 936 3460 fieret,
977 3378 1042 3439 et
1074 3370 1168 3439 ita
1193 3392 1329 3438 non
1354 3390 1492 3438 esse
1523 3366 1924 3459 pra'scitum.

1106 3635 1514 3704 EXPOSITlo
1555 3632 1883 3700 TEXTUS,
2375 3619 2675 3701 Magister
2714 3620 2989 3684 intendit
3033 3637 3327 3702 quaerere
3378 3624 3443 3684 et
3494 3619 3938 3685 determinare

2377 3733 2600 3792 utrum
2627 3728 2845 3793 divina
2870 3727 3269 3811 praescientia
3295 3726 3728 3792 infallibiliter
3746 3727 3941 3811 ponat

764 3819 911 3871 ΝΜΟ
938 3830 1063 3882 θ’·εῡ
1093 3816 1158 3867 ³⁶
1185 3812 1848 3936 Pr⁰¹³⁰fflfig0ggm⁰²0³
1877 3809 2049 3871 ooepto
2077 3805 2226 3855 Μ’·
2375 3835 2769 3917 praescitum.
2832 3834 2909 3899 Et
2964 3835 3156 3898 habet
3203 3835 3343 3898 haec
3390 3835 3720 3899 distinctio
3781 3834 3939 3897 duas

1538 3921 1556 3949 ’
1663 3917 1677 3932 ”
2376 3946 2606 4024 partes.
2647 3941 2723 4005 In
2753 3942 2963 4024 prima
2992 3946 3206 4023 parte,
3239 3942 3490 4007 rediens
3519 3942 3605 4007 ad
3638 3940 3940 4025 proposi-

566 4028 592 4057 ’
632 4016 692 4060 ’θ’
802 4049 957 4114 Haec
978 4054 1072 4114 est
1098 4046 1373 4113 secunda
1408 4063 1556 4128 pars
1581 4044 1779 4126 hujus
1802 4040 2002 4124 partis
2030 4038 2264 4113 totalis,
2376 4053 2516 4113 tum
2549 4053 2808 4132 propter
2833 4048 3293 4129 digressionem
3309 4050 3490 4132 prius
3507 4049 3777 4128 factam,
3803 4048 3940 4111 bre·

721 4161 790 4223 in
824 4179 956 4241 qua
996 4158 1210 4240 agitur
1243 4156 1320 4221 de
1351 4156 1487 4238 ipsa
1521 4153 1740 4217 divina
1777 4147 2061 4214 scientia·
2111 4145 2267 4211 Ter·
2376 4158 2542 4220 viter
2588 4156 2871 4240 epilogat
2905 4156 3488 4238 praedeterminata3
3529 4157 3604 4220 in
3654 4155 3944 4222 secunda

720 4267 965 4331 minata
995 4266 1170 4329 enim
1207 4265 1416 4346 prima
1444 4266 1641 4345 parte,
1679 4261 1747 4323 in
1775 4277 1905 4339 qua
1938 4257 2157 4337 agitur
2188 4257 2266 4321 de
2378 4263 2788 4346 prosequitur
2844 4282 3035 4327 suum
3083 4263 3429 4346 principale
3476 4265 3901 4347 propositum
3922 4309 3941 4341 ‚

663 4422 669 4431 ,
717 4376 856 4459 ipsa
884 4380 1202 4458 quantum
1247 4372 1328 4436 ad
1362 4368 1782 4434 substantiam
1824 4367 1892 4429 in
1929 4365 2216 4447 generali
2241 4413 2258 4441 ‚
2375 4371 2466 4434 ibi
2517 4393 2531 4433 ε
2579 4371 2704 4435 Hic
2755 4372 2964 4436 oritur
3016 4371 3281 4452 quoestio
3325 4387 3457 4436 non
3493 4370 3944 4438 dissimulan-

716 4484 823 4549 hic
868 4483 1005 4564 agit
1052 4482 1131 4546 de
1172 4480 1310 4563 ipsa
1355 4483 1672 4561 quantum
1718 4475 1798 4539 ad
1847 4475 2134 4540 modum.
2186 4472 2266 4536 Et
2374 4477 2500 4556 da,
2536 4481 2654 4541 etc.
2695 4476 2771 4541 Et
2799 4479 2941 4542 haec
2972 4497 3120 4561 pars
3149 4478 3342 4543 habet
3376 4479 3535 4543 duas
3566 4499 3582 4543 ε
3611 4479 3694 4543 in
3728 4477 3950 4563 prima

716 4591 1022 4673 quoniam
1064 4587 1303 4670 duplex
1348 4590 1443 4649 est
1484 4584 1714 4647 modus
1756 4581 1986 4645 nobilis
2033 4579 2262 4661 cogni·
2374 4583 2674 4666 Magister
2716 4585 2983 4667 inquirit
3021 4592 3246 4650 utrum
3292 4586 3703 4669 praescientia
3745 4586 3949 4668 ponat

714 4700 944 4779 tioniS‚
996 4697 1233 4761 scilicet
1272 4693 1581 4758 certitudo
1626 4696 1692 4755 et
1730 4689 2029 4774 perfectio
2048 4738 2067 4769 ,
2121 4689 2257 4753 sive
2374 4694 2739 4776 praescitum
2776 4712 2888 4776 per
2918 4694 3184 4758 modum
3215 4713 3445 4775 causae,
3479 4695 3584 4758 vel
3627 4694 3946 4769 effectus;

714 4805 1123 4869 infallibilitas
1147 4807 1210 4866 et
1241 4798 1745 4878 immutabilitaS,
1775 4798 1915 4862 ideo
1945 4797 2085 4862 haec
2112 4814 2260 4878 pars
2371 4801 2439 4864 in
2456 4800 2757 4877 secunda,
2784 4806 3006 4865 utrum
3042 4820 3158 4884 per
3184 4802 3453 4867 modum
3483 4800 3906 4866 necessitatis
3927 4847 3944 4875 ‚

712 4912 902 4978 habet
929 4914 1088 4977 duas
1127 4915 1337 4995 partes
1378 4933 1393 4974 :
1428 4909 1499 4971 in
1525 4906 1735 4991 prima
1770 4906 1905 4987 agit
1939 4905 2018 4969 de
2054 4921 2261 4987 prees·
2370 4908 2477 4974 vel
2498 4908 2977 4990 contingentiae,
3009 4908 3113 4972 vel
3135 4908 3618 4985 infallibilitatis‚
3649 4908 3755 4972 ibi
3791 4929 3808 4971 ε
3841 4904 3952 4971 Ad

712 5023 959 5088 cientiae
986 5019 1432 5085 infallibilitate
1459 5017 1595 5081 sive
1626 5013 2032 5091 certitudine3
2067 5012 2139 5075 in
2166 5030 2260 5077 se—
2367 5014 2478 5081 hoc
2503 5021 2715 5081 aulem
2734 5014 2904 5096 quod
2922 5031 3126 5097 supra
3144 5014 3391 5081 dictum
3417 5022 3531 5094 est,
3553 5019 3689 5079 etc.
3724 5014 3952 5079 Prima

711 5131 924 5195 cunda
949 5147 1125 5205 ver0,
1157 5127 1234 5192 de
1256 5127 1397 5209 ejus
1421 5120 1938 5187 immutabilitate
1963 5119 2098 5184 sive
2116 5138 2259 5202 per·
2368 5141 2516 5206 pars
2542 5122 2705 5186 duas
2723 5121 2934 5186 habet.
2959 5122 3031 5185 In
3053 5123 3263 5205 prima
3281 5122 3548 5205 opponit
3569 5122 3663 5185 ad
3690 5126 3955 5186 utram-

709 5238 999 5316 fectione‚
1034 5236 1224 5313 infra,
1253 5234 1397 5298 dist.
1435 5249 1637 5296 xxmx
1665 5249 1682 5293 ε
1713 5228 2023 5294 Proeterea
2047 5229 2261 5311 quoeri
2369 5249 2494 5314 que
2542 5234 2790 5313 partem
2807 5277 2826 5308 ,
2874 5228 3110 5292 scilicet
3162 5229 3334 5312 quod
3375 5227 3806 5312 praescientia
3853 5228 3957 5293 est

708 5345 863 5411 solet
897 5349 1116 5410 utrum
1155 5340 1437 5409 scientia
1480 5339 1632 5411 Dei,
1677 5341 1797 5400 etc.
1850 5334 2068 5400 Prima
2107 5355 2257 5419 pars
2366 5356 2558 5403 causa
2592 5335 2872 5420 praesciti
2890 5384 2909 5416 ,
2949 5340 3012 5399 et
3055 5336 3249 5400 etiam
3292 5334 3555 5401 effectus
3574 5384 3594 5415 ,
3660 5355 3797 5420 pro
3814 5384 3837 5416 ,
3889 5336 3959 5398 et

708 5456 948 5536 spectat
974 5451 1057 5515 ad
1082 5454 1460 5533 praesentem
1487 5447 1954 5513 distinctionem
1967 5493 1986 5524 ,
2014 5444 2088 5509 in
2116 5464 2246 5528 qua
2367 5450 2608 5511 contra.
2641 5443 2718 5508 ln
2743 5441 3020 5509 secunda
3050 5442 3262 5522 solvit,
3291 5442 3384 5506 ibi
3407 5464 3433 5556 ,ε
3471 5441 3675 5508 Hanc
3697 5444 3958 5527 initur,
