4125 6225
1324 543 1522 612 nls'r.
1563 544 1698 615 ΧΠ.
1741 545 1924 613 ART.
1970 545 2050 613 11.
2089 542 2391 624 QUAEST.
2435 544 2543 611 111.

327 675 473 741 fecit
505 675 816 760 quidquid
843 678 1182 761 produxit,
1227 680 1380 764 quia
1410 682 1629 747 omnia
1654 684 1725 748 in
1759 701 1869 748 sa-

326 781 565 866 pientia
592 784 755 848 fecit.
794 782 873 849 Et
898 784 1071 864 ideo,
1121 789 1295 871 quod
1324 790 1625 873 objicitur
1649 790 1729 856 de
1771 794 1871 856 te-

326 891 543 957 nebris
580 892 1017 976 corporalibus
1035 941 1055 973 ,
1094 895 1432 962 nihilfecit
1471 898 1551 962 ad
1588 899 1871 981 proposi-

325 1000 468 1063 tum
496 1020 523 1062 :-
543 998 696 1081 quia
711 1018 845 1065 non
866 1000 1080 1082 magis
1104 1006 1198 1066 est
1224 1003 1390 1068 Deus
1408 1004 1478 1068 in
1502 1005 1782 1070 tenebris
1798 1005 1870 1071 in

323 1104 464 1171 loco
489 1108 898 1191 corporaliter
920 1111 1253 1177 tenebroso
1272 1160 1292 1192 ‚
1326 1131 1527 1197 quam
1553 1113 1625 1179 in
1664 1114 1867 1180 lumi-

324 1230 505 1279 noso,

402 1328 465 1389 4.
499 1324 598 1389 Ad
637 1324 795 1391 illud
833 1325 1005 1409 quod
1047 1327 1372 1409 objicitur,
1415 1329 1587 1412 quod
1627 1347 1757 1395 nox
1804 1334 1869 1397 et

323 1429 456 1497 dies
480 1430 849 1497 immediate
873 1433 1167 1499 dividunt
1196 1437 1453 1519 tempus
1474 1457 1491 1517 ;
1523 1437 1867 1503 dicendum

322 1538 495 1621 quod
542 1557 774 1605 verum
810 1544 906 1605 est
954 1542 1304 1607 secundum
1355 1562 1490 1608 esse
1532 1546 1705 1628 quod
1746 1546 1866 1612 ba-

320 1645 472 1711 bent
510 1664 717 1725 nunc,
748 1647 921 1729 quod
954 1648 1213 1731 quidem
1250 1650 1599 1716 attenditur
1634 1670 1865 1717 secun-

321 1753 479 1817 dum
528 1753 998 1819 revolutionem
1051 1773 1393 1839 corporum
1443 1757 1795 1823 coelestium
1840 1777 1859 1825 z

319 1859 429 1925 sed
458 1862 613 1924 tunc
638 1863 775 1925 erat
794 1864 1048 1946 tempus
1081 1864 1435 1929 secundum
1465 1866 1863 1931 mutabilita-

318 1969 448 2032 tem
489 1984 638 2050 quae
686 1972 822 2033 erat
866 1969 938 2034 in
978 1971 1264 2035 materiae
1319 1972 1604 2054 partibus
1653 1995 1668 2039 :
1715 1968 1863 2057 quae'

316 2074 575 2158 quidem
618 2076 1007 2142 mutabilitas
1050 2081 1188 2143 erat
1235 2079 1479 2162 absque
1520 2082 1864 2162 praesentia

316 2185 597 2269 corporis
638 2185 985 2267 luminosi,
1023 2192 1087 2252 et
1141 2189 1385 2272 absque
1433 2190 1668 2255 umbra
1717 2209 1862 2256 cor-

315 2291 488 2375 poris
524 2292 705 2375 opaci
734 2313 754 2355 2
784 2295 849 2357 et
885 2293 1028 2359 ideo
1074 2297 1331 2378 tempus
1360 2297 1521 2362 illud
1556 2315 1692 2365 non
1726 2301 1863 2363 erat

314 2398 558 2464 babens
603 2399 1104 2467 vicissitudinem
1160 2403 1289 2468 diei
1329 2407 1394 2470 et
1429 2405 1634 2471 noctis
1654 2452 1672 2482 ‚
1714 2412 1861 2471 ante

314 2505 760 2572 formationem
798 2507 979 2574 lucis.
1013 2506 1081 2574 Si
1112 2511 1256 2593 quis
1281 2514 1499 2577 autem
1533 2512 1688 2578 velit
1712 2532 1861 2579 sus-

313 2614 518 2680 tinere
541 2613 908 2698 oppositum
924 2665 945 2696 ,
983 2615 1172 2700 plane
1204 2619 1442 2700 poterit
1467 2619 1549 2684 ad
1585 2620 1861 2687 rationes

312 2722 380 2785 et
426 2721 829 2786 auctoritates
879 2723 961 2788 ad
1008 2726 1373 2808 oppositum
1421 2727 1807 2808 respondere
1833 2777 1852 2808 ,

311 2826 483 2910 quod
510 2828 953 2911 intelligantur
978 2831 1309 2898 insinuare
1345 2833 1637 2899 ordinem
1675 2840 1862 2901 natu·

311 2952 436 3013 rae,
461 2954 595 3001 non
618 2938 920 3020 temporis
940 2986 958 3016 ,
979 2940 1333 3005 secundum
1355 2959 1551 3025 quem
1568 2942 1860 3009 informis

312 3045 580 3111 materia
602 3064 864 3114 omnem
886 3047 1059 3114 diem
1084 3052 1441 3119 antecessit.

814 3288 1171 3368 QUAESTIO
1214 3291 1323 3359 111.

418 3442 513 3500 An
538 3446 773 3500 materia
797 3447 984 3517 prima
1014 3446 1222 3503 alicubi
1247 3447 1502 3505 habuerit
1526 3448 1747 3508 situm¹.

397 3584 480 3650 De
516 3585 627 3650 illa
661 3585 924 3652 informi
963 3590 1232 3653 materia
1270 3593 1588 3673 quantum
1641 3592 1722 3656 ad
1760 3592 1856 3657 lo·

313 3712 464 3759 cum
509 3716 526 3760 ε
566 3699 629 3760 et
653 3699 748 3759 est
772 3696 1041 3778 quaestio
1055 3745 1072 3776 ,
1105 3697 1221 3761 ubi
1252 3698 1552 3763 habuerit
1580 3699 1688 3764 illa
1722 3718 1859 3765 ma-

311 3804 472 3868 teria
509 3804 738 3883 situm3
785 3809 851 3869 et
884 3807 1059 3889 quod
1104 3806 1212 3872 illa
1248 3809 1516 3873 materia
1558 3826 1856 3891 corpora-

310 3911 471 3976 lium
536 3912 832 3977 habuerit
889 3914 1086 3978 situm
1108 3960 1127 3990 ‚
1181 3913 1459 3979 videtur.
1518 3914 1713 3997 Hugo
1777 3917 1857 3982 de

312 4017 542 4083 Sancto
585 4018 833 4084 Victore
877 4040 893 4084 ε
943 4042 975 4082 α
1004 4020 1156 4086 Erat
1192 4024 1525 4086 terrenum
1566 4023 1687 4087 hoc
1717 4023 1854 4088 ele-

311 4129 603 4189 mentum
641 4125 851 4190 medio
876 4144 1012 4191 uno
1045 4126 1184 4191 loco
1219 4127 1575 4207 subsidenS,
1608 4131 1855 4194 caeteris

308 4231 381 4295 in
413 4250 614 4296 unam
661 4233 1101 4298 confusionem
1146 4234 1480 4317 permixtis
1503 4284 1520 4312 ‚
1574 4236 1852 4302 circum·

308 4356 567 4422 quaque
602 4339 671 4403 in
721 4340 990 4405 modum
1025 4341 1280 4405 nebulae
1317 4342 1633 4424 expansis.
1657 4367 1688 4404 n
1730 4344 1854 4412 Sed
1926 4408 1933 4415 .

310 4445 437 4511 hoc
458 4464 590 4511 non
628 4447 837 4530 potuit
875 4465 1010 4512 esse
1043 4447 1284 4531 absque
1318 4448 1446 4512 situ
1487 4452 1798 4533 corporali
1830 4475 1845 4517 ε

308 4568 489 4633 ergo,
522 4554 641 4617 etc.

388 4656 571 4738 Item,
594 4659 766 4741 quod
784 4658 1126 4742 repleverit
1146 4659 1385 4741 locum,
1404 4662 1680 4744 videtur,
1697 4668 1852 4750 quia

256 4837 260 4844 ⁴
309 4764 543 4829 coelum
565 4783 966 4849 empyreum,
986 4767 1151 4832 sicut
1165 4767 1314 4833 dicit
1330 4767 1520 4848 Beda,
1548 4773 1852 4858 cumipse

308 4871 575 4936 materia
601 4872 1026 4956 corporalium
1049 4874 1173 4940 fuit
1196 4879 1481 4940 creatum
1514 4895 1532 4942 z
1560 4881 1669 4944 md
1705 4900 1850 4946 con·

308 4982 482 5043 stans
496 4983 589 5045 est
606 4981 779 5063 quod
805 4998 1186 5064 empyreum
1198 4984 1369 5049 intra
1391 4987 1848 5054 concavitatem

309 5105 498 5155 suam
514 5092 741 5154 natum
757 5094 852 5154 est
867 5089 1089 5155 omnia
1112 5090 1463 5173 corporalia
1478 5094 1800 5163 continere
1823 5119 1839 5163 ε

373 5252 389 5283 ¹
413 5248 495 5313 cf.
524 5251 688 5310 Soet„
713 5251 757 5300 11
787 5249 948 5316 sent„
971 5250 1090 5303 dist.
1114 5264 1223 5318 111,
1249 5267 1301 5322 q.
1326 5266 1368 5306 11
1383 5269 1405 5319 ς
1432 5241 1847 5326 Steph.13rnler.‚

313 5320 357 5382 11
381 5321 542 5388 savae„
569 5321 687 5375 dist.
703 5333 811 5387 ιιι,
830 5335 883 5390 q.
902 5329 976 5374 vr.

3411 546 3527 609 537

1980 700 2142 764 ergo
2165 681 2273 748 vel
2299 684 2437 746 erat
2464 698 2747 748 vacuum
2766 730 2784 761 ‚
2811 681 2918 747 vel
2943 681 3026 746 ab
3051 680 3160 745 illa
3184 681 3355 745 mole
3379 698 3526 747 eor-

1979 807 2175 872 porea
2220 789 2586 873 replebatur
2617 807 2634 851 2
2665 789 2776 854 sed
2819 792 3050 854 natura
3092 806 3222 853 non
3260 788 3529 853 sustinet

1978 915 2260 963 vacuum
2285 916 2303 960 ε
2331 915 2490 980 ergo
2512 897 2768 963 videtur
2790 896 2962 979 quod
2982 896 3182 961 moles
3202 895 3310 960 illa
3326 896 3527 979 replet

1976 1004 2218 1177 1001ῗέ
2239 1112 2492 1177 videtur
2515 1112 2686 1195 quod
2704 1112 2965 1177 haberet
2980 1128 3240 1177 sursum
3266 1114 3331 1176 et
3347 1111 3526 1177 deor-

1976 1236 2126 1283 sum
2154 1242 2169 1284 ε
2202 1220 2355 1301 quia
2384 1219 2721 1283 summitas
2745 1221 2908 1302 ejuS‚
2932 1218 3100 1284 sicut
3125 1219 3275 1283 dicit
3302 1218 3519 1301 HugO,

1976 1327 2426 1412 porrigebatur
2446 1346 2783 1411 quousque
2801 1346 2975 1392 nunc
3003 1345 3334 1392 summum
3354 1346 3524 1392 crea-

1975 1441 2140 1503 turae
2180 1454 2501 1521 corporeae
2527 1436 2839 1521 pertingit
2872 1453 2892 1499 ι
2921 1453 3079 1519 ergo
3111 1439 3248 1500 erat
3272 1434 3363 1499 ibi
3391 1435 3522 1500 cir-

1974 1544 2413 1623 cumferentia,
2445 1548 2509 1609 et
2536 1548 2852 1609 centrum.

2053 1652 2212 1719 Item
2243 1653 2511 1718 materia
2540 1652 2652 1716 illa
2674 1700 2690 1728 ,
2734 1652 2902 1716 sicut
2929 1648 3232 1734 Magister
3259 1649 3413 1715 dicit
3451 1650 3520 1716 in

1971 1759 2202 1839 littera,
2241 1760 2312 1823 in
2337 1759 2626 1844 partibus
2659 1758 3097 1842 superioribus
3120 1760 3258 1822 erat
3286 1757 3514 1838 rarior,

1968 1864 2195 1943 levior,
2245 1871 2308 1931 et
2349 1865 2678 1944 subtilior;
2723 1865 2793 1929 in
2820 1865 3104 1929 inferiori
3134 1868 3314 1947 parte
3349 1865 3517 1947 spis-

1970 1973 2121 2053 sior,
2162 1977 2225 2038 et
2258 1973 2585 2065 grossior:
2619 1990 2777 2054 ergo
2825 1976 2963 2036 erat
2998 1972 3089 2035 ibi
3130 1971 3416 2053 gravitas
3450 1975 3517 2037 et

1968 2076 2231 2145 levitas:
2255 2080 2366 2145 sed
2396 2080 2750 2144 secundum
2781 2079 2899 2143 has
2928 2080 3343 2162 proprietates
3371 2098 3514 2145 cor-

1968 2204 2127 2270 pora
2142 2185 2383 2251 habent
2397 2187 2595 2251 locari
2620 2204 2879 2251 sursum
2897 2189 2962 2251 et
2987 2186 3287 2251 deorsum
3316 2208 3331 2252 ε
3354 2203 3512 2268 ergo

1968 2293 2133 2359 redit
2155 2294 2325 2359 idem
2349 2293 2522 2376 quod
2547 2294 2749 2377 prius,

2050 2401 2151 2466 Ad
2176 2401 2541 2484 oppositum
2568 2422 2584 2463 ε
2617 2406 2677 2464 1.
2704 2398 2877 2465 Nihil
2903 2404 2997 2464 est
3018 2418 3133 2484 per
3157 2418 3224 2465 se
3252 2400 3324 2465 in
3347 2400 3512 2479 1000,
3563 2425 3630 2470 Aa
3649 2436 3753 2483 opp.

1966 2509 2092 2577 nisi
2117 2509 2292 2593 quod
2314 2514 2409 2573 est
2434 2509 2539 2574 hic
2568 2513 2632 2573 et
2657 2527 2836 2572 nunc
2874 2529 2890 2572 :
2922 2513 2985 2572 et
3007 2509 3168 2573 nihil
3195 2512 3290 2572 est
3315 2508 3421 2572 hic
3451 2511 3516 2574 et

1966 2632 2162 2695 nunc,
2195 2616 2321 2679 nisi
2349 2615 2519 2698 quod
2544 2620 2638 2679 est
2667 2616 2791 2679 hoc
2818 2616 3105 2698 aliquid:
3135 2620 3200 2681 et
3226 2616 3393 2679 nihil
3419 2619 3514 2680 est

1966 2722 2090 2787 hoc
2129 2722 2411 2806 aliquid,
2446 2724 2570 2787 nisi
2600 2723 2774 2806 quod
2811 2727 2906 2787 est
2946 2722 3354 2788 individuum
3390 2741 3409 2787 ι
3450 2727 3515 2788 et

1968 2849 2160 2897 omne
2181 2832 2305 2897 tale
2328 2836 2424 2897 est
2444 2851 2558 2896 ens
2586 2832 2975 2919 completum
3006 2853 3021 2898 ε
3053 2850 3212 2914 ergo
3238 2851 3279 2896 a
3303 2831 3513 2916 primo

1966 2939 2048 3004 ad
2076 2938 2381 3004 ultimum
2407 2939 2576 3005 nihil
2617 2944 2711 3004 est
2739 2939 2808 3003 in
2842 2939 2982 3004 loco
3001 2985 3019 3016 ,
3062 2938 3190 3002 nisi
3215 2939 3388 3021 quod
3419 2943 3517 3004 est

1967 3064 2082 3111 ens
2103 3046 2528 3131 completum:
2553 3047 2663 3111 sed
2681 3045 2948 3110 materia
2964 3044 3073 3109 illa
3088 3063 3223 3109 non
3237 3049 3372 3109 erat
3397 3062 3514 3109 ens

1968 3154 2356 3237 completum
2382 3173 2400 3218 ε
2426 3173 2583 3236 ergo
2601 3156 2671 3218 in
2691 3154 2832 3219 loco
2849 3172 2981 3218 non
2997 3153 3273 3218 habebat
3289 3153 3508 3217 situm.

2046 3266 2109 3326 2.
2153 3259 2334 3341 Item,
2363 3263 2536 3346 quod
2580 3281 2713 3328 non
2750 3261 3021 3345 repleret
3054 3260 3269 3325 locum
3288 3308 3307 3339 ,
3335 3260 3514 3325 vide-

1965 3372 2077 3433 tur
2109 3391 2124 3433 :
2160 3367 2333 3434 Nihil
2366 3370 2560 3434 inane
2597 3373 2661 3434 et
2685 3386 2971 3434 vacuum
3012 3366 3214 3451 replet
3240 3367 3454 3432 locum
3490 3386 3508 3431 ε

1965 3477 2077 3541 sed
2102 3478 2370 3542 materia
2405 3478 2514 3543 illa
2557 3480 2693 3543 erat
2723 3476 2935 3542 inanis
2975 3481 3040 3541 et
3066 3494 3274 3542 vacua
3295 3523 3313 3554 ,
3345 3477 3510 3542 sicut

1963 3583 2198 3647 dicitur
2224 3584 2296 3649 in
2337 3583 2652 3669 principio
2701 3583 2997 3651 Geneseos
3035 3604 3060 3648 .·
3099 3600 3259 3665 ergo
3294 3583 3508 3649 locum

1963 3707 2098 3755 non
2118 3691 2421 3774 replebat.

2044 3801 2105 3863 3.
2138 3796 2320 3875 Item,
2350 3798 2524 3880 quod
2544 3814 2678 3864 non
2703 3797 2968 3862 haberet
2987 3797 3376 3862 differentias
3399 3816 3511 3880 po-

1962 3907 2213 3972 sitionis
2239 3907 2591 3974 secundum
2619 3925 2882 3972 sursum
2909 3911 2973 3972 et
2989 3906 3310 3986 deorsum,
3335 3906 3511 3972 vide·

1962 4019 2068 4078 tur
2119 4037 2136 4079 :
2182 4016 2334 4098 quia
2373 4016 2513 4078 istae
2558 4018 2711 4079 sunt
2757 4015 3098 4097 positiones
3148 4014 3502 4079 secundum

1961 4138 2122 4203 quas
2174 4121 2665 4203 distinguuntur
2705 4127 2769 4186 et
2819 4121 3199 4186 ordinantur
3253 4121 3504 4187 diversa

1960 4245 2226 4311 corpora
2255 4229 2484 4293 mundi
2519 4230 2590 4293 in
2629 4230 2979 4294 universo:
3024 4230 3134 4294 sed
3171 4234 3328 4294 tunc
3371 4249 3506 4297 non

1959 4339 2099 4401 erat
2115 4336 2203 4400 ibi
2229 4337 2569 4416 distinctio,
2590 4355 2709 4401 nec
2735 4337 2912 4417 ordo,
2943 4355 3062 4401 nec
3087 4337 3497 4420 hujusmodi:

1957 4460 2118 4526 ergo
2149 4462 2268 4509 nec
2293 4447 2430 4509 erat
2455 4444 2542 4509 ibi
2572 4444 2824 4510 diversa
2850 4444 3099 4528 positio.

2037 4555 2102 4614 4.
2132 4549 2293 4615 Item
2332 4551 2618 4633 gravitas
2659 4555 2723 4616 et
2745 4551 2969 4617 levitas
3011 4555 3165 4617 sunt
3203 4555 3499 4638 proprie-

1955 4659 2119 4723 tates
2159 4665 2614 4743 consequentes
2639 4660 2876 4725 iormas
2903 4659 3317 4726 elementares
3341 4684 3358 4728 t
3389 4664 3500 4729 sed

1958 4763 2025 4828 in
2055 4765 2322 4831 materia
2360 4766 2471 4831 illa
2505 4767 2796 4833 nondum
2844 4771 3027 4833 erant
3078 4768 3305 4834 formae
3366 4770 3499 4836 ele-

1956 4877 2276 4938 mentares
2302 4892 2500 4956 :ergo
2525 4893 2643 4940 nec
2659 4879 2797 4940 erat
2817 4876 2906 4939 ibi
2932 4894 3155 4957 grave,
3177 4895 3296 4941 nec
3311 4877 3452 4943 leve
3477 4899 3496 4945 ε

1956 4995 2115 5061 ergo
2152 4997 2271 5045 nec
2313 4998 2572 5046 sursum
2594 5028 2611 5058 ,
2660 4999 2780 5045 nec
2816 4981 3141 5063 deorsum3
3191 5003 3344 5050 cum
3389 4985 3498 5054 hae

1954 5088 2282 5172 positionis
2311 5090 2688 5156 differentiae
2706 5090 3116 5160 attendantur
3137 5095 3494 5164 secundum

1952 5193 2095 5261 illas
2117 5197 2551 5286 proprietates.
