4125 6225
791 491 909 554 436

1923 481 2544 551 SENTENTlffltJM
2582 484 2729 551 LIB.
2776 485 2854 551 11.

789 623 1148 689 educuntur
1177 643 1194 684 ε
1223 638 1381 702 ergo
1402 620 1540 703 pari
1562 620 1828 696 ratione,
1859 623 1936 684 ut
1958 620 2232 699 videtur,
2263 621 2328 683 et
2430 638 2589 703 pora
2616 620 2901 686 humana
2940 621 3215 685 formare
3228 668 3247 698 ,
3288 618 3412 683 nisi
3458 636 3571 703 per
3614 618 3940 700 generatio-

788 747 1053 813 corpora
1094 727 1457 792 hominum.
1506 726 1572 793 Si
1620 731 1693 792 tu
1745 727 1916 792 dicas
1965 727 2141 810 quod
2192 744 2326 791 non

787 837 997 916 valet,
1047 836 1199 918 quia
1245 837 1452 916 major
1494 834 1845 917 requiritur
1885 835 2206 917 dispositio
2245 834 2325 898 ad

787 943 1271 1026 producendum
1316 960 1550 1025 corpus
1592 942 1983 1021 humanum;
2029 941 2151 1006 hoc
2197 960 2326 1006 non

787 1038 1012 1128 solvit,
1039 1050 1191 1133 quia
1217 1050 1390 1133 quod
1415 1052 1618 1132 potest
1643 1049 1973 1132 disponere
1999 1069 2039 1113 a
2071 1048 2329 1114 remotis

701 1162 708 1173 '
738 1240 743 1251 θ
786 1156 854 1219 in
885 1157 1202 1240 principio
1229 1158 1440 1240 operis
1460 1204 1478 1235 ,
1507 1157 1936 1222 continuando
1973 1157 2322 1235 actionem,

568 4082 778 4131 Fundam.

787 1282 939 1330 cum
965 1283 1098 1329 non
1125 1266 1208 1329 sit
1234 1265 1528 1329 distantia
1557 1265 1828 1341 infinita,
1858 1265 2088 1346 poterit
2108 1264 2329 1330 venire

787 1372 867 1437 ad
893 1373 1366 1456 dispositionem
1409 1373 1840 1438 immediatam
1871 1391 1888 1437 ε
1930 1392 2089 1456 ergo
2132 1374 2186 1436 si
2212 1391 2327 1436 an·-

787 1478 918 1561 geli
984 1486 1252 1563 possunt
1302 1481 1505 1547 veloci
1561 1480 1925 1564 operatione
1978 1482 2329 1565 producere

788 1603 1051 1669 corpora
1072 1588 1450 1652 animalium
1479 1589 1698 1653 minus
1733 1589 2006 1671 perfecta
2024 1638 2043 1669 ,
2074 1607 2230 1670 ergo
2268 1593 2332 1653 et

785 1694 925 1775 pari
950 1693 1195 1759 ratione
1228 1714 1493 1781 corpora
1528 1695 1907 1761 animalium
1941 1697 2149 1778 magis
2183 1714 2331 1779 per-

785 1799 947 1865 fecta
978 1822 993 1865 :
1026 1820 1185 1882 ergo
1206 1808 1271 1866 et
1298 1821 1528 1885 corpus
1553 1803 1939 1868 humanum.

867 1912 929 1970 4.
961 1906 1119 1971 Item
1138 1956 1155 1985 ,
1187 1908 1243 1971 si
1269 1909 1529 1992 aliquod
1562 1929 1762 1991 agens
1798 1911 2235 1976 indifferenter
2263 1930 2330 1974 se

786 2013 980 2079 habet
1025 2016 1104 2080 ad
1151 2016 1367 2098 aliqua
1407 2017 1844 2100 producenda,
1897 2037 2027 2100 qua
2087 2019 2331 2083 ratione

788 2127 994 2205 potest
1020 2124 1090 2187 in
1117 2142 1329 2187 unum
1348 2173 1366 2204 ,
1399 2130 1600 2207 potest
1623 2127 1694 2190 in
1719 2126 1996 2190 alterum
2029 2146 2045 2190 ε
2077 2127 2185 2190 sed
2222 2146 2335 2191 an-

792 2229 922 2310 geli
975 2248 1105 2293 non
1163 2229 1402 2295 habent
1451 2234 1760 2313 majorem
1816 2233 2331 2297 convenientiam

792 2355 944 2400 cum
961 2337 1333 2419 corporibus
1359 2340 1779 2422 serpentium,
1803 2360 2000 2422 quam
2021 2359 2172 2403 eum
2191 2359 2333 2404 cor-

791 2444 1057 2526 poribus
1074 2444 1439 2523 hominum,
1468 2446 1669 2512 immo
1688 2448 1897 2529 magiS
1921 2467 1959 2512 e
1984 2466 2288 2513 converso
2311 2467 2328 2513 ε

793 2569 952 2632 ergo
996 2552 1051 2615 si
1096 2558 1366 2635 possunt
1407 2555 1651 2619 auxilio
1692 2561 1942 2620 naturae
1983 2557 2335 2639 producere

792 2676 949 2723 vera
985 2677 1255 2742 corpora
1295 2663 1689 2745 serpentium
1705 2712 1724 2741 ,
1779 2669 2050 2746 possunt
2093 2663 2335 2729 auxilio

793 2769 1044 2831 naturae
1076 2768 1427 2851 producere
1458 2789 1614 2837 vera
1654 2789 1919 2855 corpora
1943 2772 2286 2837 hominum
2314 2791 2333 2836 ε

794 2890 952 2956 ergo
979 2880 1043 2939 et
1069 2895 1412 2942 assumere.

878 2984 939 3045 5.
969 2980 1161 3063 Item,
1192 2984 1366 3066 quod
1401 2987 1605 3067 potest
1635 2985 1706 3049 in
1751 2987 1989 3069 majuS,
2032 2989 2238 3069 potest
2266 2988 2337 3052 in

796 3088 1016 3155 minus
1047 3114 1061 3155 ε
1092 3091 1205 3156 sed
1227 3092 1463 3172 anima,
1490 3098 2086 3179 quantumcumque
2107 3097 2190 3160 sit
2206 3115 2340 3161 mo-

797 3198 958 3263 dicae
983 3200 1360 3282 nobilitata,
1405 3202 1658 3266 excellit
1696 3203 2095 3269 nobilitatem
2126 3203 2228 3287 cuj
2236 3224 2341 3270 us-

800 3324 1078 3389 cumque
1093 3309 1397 3391 corporis,
1419 3309 1581 3374 sieut
1596 3310 1832 3375 dicitur
1852 3311 1921 3373 in
1938 3311 2103 3375 libro
2117 3317 2339 3378 octavo

800 3413 879 3479 de
913 3413 1189 3482 civitate
1218 3416 1339 3482 Dei
1381 3422 1429 3495 ¹,
1469 3419 1532 3479 et
1573 3415 1643 3478 in
1686 3417 1828 3480 aliis
1862 3417 2018 3482 loeis
2058 3419 2278 3484 multis
2317 3438 2335 3484 ε

802 3539 952 3585 cum
979 3540 1137 3603 ergo
1181 3522 1533 3588 ministerio
1573 3524 2168 3605 angelorumeduci
2193 3544 2339 3609 pos-

801 3625 933 3690 sint
959 3631 1023 3691 et
1051 3628 1408 3694 educantur
1431 3630 1665 3694 animae
1692 3633 2077 3713 vegetabiles
2103 3639 2168 3698 et
2193 3652 2341 3698 sen-

803 3732 1015 3797 sibiles
1054 3737 1484 3818 quorumdam
1534 3738 1943 3821 animalium,
1975 3740 2181 3805 multo
2211 3743 2344 3806 for-

803 3841 934 3905 tius
962 3843 1312 3924 producere
1343 3850 1616 3947 ‘possunt
1644 3865 1798 3911 vera
1822 3865 2088 3932 corpora
2122 3850 2343 3915 homi-

803 3966 989 4013 num.

886 4056 987 4122 Ad
998 4059 1360 4142 oppositum
1375 4060 1465 4126 sic
1486 4084 1500 4126 ε
1526 4061 1597 4145 Ej
1605 4063 1826 4128 usdem
1848 4064 2103 4129 virtutis
2117 4069 2345 4132 creatae

811 4167 905 4229 est
941 4183 1173 4248 corpus
1210 4166 1488 4233 formare
1528 4173 1592 4233 et
1637 4170 2012 4251 informare,
2057 4174 2214 4255 quia
2246 4175 2347 4239 vis

807 4271 1144 4338 formativa
1156 4277 1251 4337 est
1265 4275 1347 4339 ab
1359 4275 1787 4359 informativa,
1808 4279 1941 4344 sive
1961 4282 2303 4362 perfectiva
2325 4300 2343 4346 ε

807 4378 917 4444 sed
948 4379 1166 4446 nullus
1210 4381 1468 4464 spiritus
1507 4384 1842 4468 angelicus
1878 4391 2084 4470 potest
2108 4388 2348 4453 huma-

807 4504 969 4549 num
995 4505 1228 4570 corpus
1244 4490 1547 4571 perficere
1571 4512 1586 4554 ι
1619 4509 1777 4573 ergo
1800 4511 1920 4557 nec
1941 4494 2241 4561 formare.

889 4591 1049 4656 Item
1063 4593 1278 4675 angeli
1294 4613 1427 4658 non
1440 4601 1705 4679 possunt
1722 4599 1972 4681 operari
1990 4601 2156 4666 circa
2178 4622 2349 4669 crea-

808 4702 987 4763 turas
1012 4687 1138 4763 nisi
1174 4719 1325 4764 cum
1351 4701 1669 4785 adjutorio
1703 4709 1956 4771 naturae
1989 4730 2004 4771 ι
2036 4708 2148 4774 sed
2172 4711 2353 4776 nulla

810 4809 1045 4870 natura
1081 4810 1285 4889 potest
1320 4826 1630 4890 generare
1674 4830 1905 4896 corpus
1944 4815 2308 4882 humanum
2326 4867 2345 4899 ,

810 4911 933 4976 nisi
961 4913 1069 4977 illa
1094 4932 1241 4996 quae
1280 4916 1341 4980 ei
1366 4921 1461 4981 est
1500 4917 1726 4982 similis
1752 4920 1822 4983 in
1866 4924 2076 5005 specie
2128 4947 2143 4989 :
2191 4944 2350 5008 ergo

812 5021 1084 5103 angelus
1126 5040 1258 5088 non
1286 5027 1490 5105 potest
1528 5026 1805 5092 formare
1845 5047 2077 5094 verum
2121 5050 2352 5116 corpus

813 5127 1208 5211 humanum,
1278 5132 1400 5196 nisi
1474 5134 1788 5201 mediante
1846 5138 2109 5204 homine
2167 5163 2182 5206 ε
2242 5143 2354 5208 sed

813 5234 1012 5300 homo
1031 5253 1164 5302 non
1181 5242 1386 5320 potest
1411 5255 1643 5324 eorpus
1664 5243 2029 5308 humanum
2055 5247 2349 5328 educere,

815 5343 942 5406 nisi
968 5345 1335 5425 generando
1363 5368 1378 5411 ε
1403 5365 1560 5431 ergo
1587 5368 1708 5415 nec
1731 5353 2004 5434 angelus
2028 5373 2186 5420 vera
2211 5374 2356 5420 cor-

881 5467 901 5502 1
922 5467 1075 5531 Aug„
1101 5467 1162 5517 de
1188 5469 1299 5520 civ.
1328 5472 1455 5535 Dei,
1481 5472 1572 5526 lib.
1599 5474 1710 5528 vm
1733 5511 1750 5539 ,
1777 5492 1826 5528 ο.
1844 5457 1939 5543 iv5
1967 5479 2057 5531 lib.
2077 5479 2179 5547 lx,
2209 5496 2258 5532 e.
2276 5495 2356 5538 ιι.

2432 748 2583 794 nem
2605 730 2886 795 hominis
2918 751 2934 793 t
2964 729 3074 795 sed
3093 747 3245 794 cum
3267 728 3534 793 assumit
3558 745 3803 809 corpuS,
3820 745 3940 790 non

2432 838 2680 920 indiget
2729 839 3015 903 humano
3059 838 3303 902 auxilio
3354 859 3370 901 :
3419 854 3577 918 ergo
3628 854 3943 919 nunquam

2433 964 2663 1011 verum
2690 946 2958 1012 assumit
2984 964 3217 1029 corpus
3242 946 3630 1011 humanum.

2516 1053 2674 1117 Item
2691 1103 2709 1132 ,
2738 1055 2792 1118 si
2821 1057 3086 1137 possunt
3112 1071 3342 1135 corpus
3367 1052 3446 1117 de
3469 1068 3640 1115 novo
3667 1050 3942 1125 formare,

2436 1178 2593 1243 ergo
2634 1162 2772 1244 pari
2797 1160 3043 1226 ratione
3084 1165 3147 1224 et
3186 1164 3564 1242 corruptum
3608 1175 3885 1241 reparare
3926 1177 3941 1220 :

2436 1286 2594 1348 ergo
2624 1272 2893 1351 possunt
2935 1271 3220 1331 mortuos
3258 1266 3563 1331 suscitare
3606 1287 3623 1329 :
3665 1263 3827 1348 quod
3860 1265 3947 1327 est

2435 1376 2631 1440 solius
2657 1374 2768 1440 Dei
2783 1376 3138 1459 proprium.

2516 1480 2706 1559 Item,
2750 1482 2804 1545 si
2830 1499 3096 1565 corpora
3120 1485 3445 1564 assumpta
3470 1480 3552 1543 ab
3583 1476 3824 1559 angelis
3856 1495 3948 1541 ω·

2437 1594 2578 1655 sent
2603 1608 2755 1657 vera
2772 1608 3033 1672 corpora
3054 1590 3343 1654 humana
3358 1637 3376 1665 ,
3403 1588 3719 1652 haberent
3734 1585 3947 1668 appeti-

2435 1702 2578 1762 tum
2604 1699 2685 1762 ad
2705 1698 2989 1762 animam
3019 1696 3391 1760 rationalem
3425 1718 3439 1759 :
3472 1696 3584 1761 sed
3612 1693 3778 1759 Deus
3800 1711 3949 1756 oom-

2436 1806 2567 1888 plet
2600 1806 2952 1889 appetitum
2982 1808 3232 1868 naturae
3268 1827 3284 1867 ι
3316 1820 3473 1885 ergo
3509 1803 3726 1866 statim
3752 1800 3948 1864 infun-

2438 1913 2694 1978 deretur
2718 1913 2809 1977 eis
2834 1913 3052 1977 anima
3075 1910 3426 1976 rationalis·

2520 2020 2699 2100 ltem,
2721 2020 2775 2083 si
2793 2007 3061 2102 co'rpora
3078 2038 3230 2085 vera
3245 2018 3533 2082 humana
3550 2017 3948 2092 assumerent,

2439 2132 2550 2191 aut
2567 2126 2918 2191 secundum
2939 2130 3177 2189 statum
3205 2124 3449 2206 gloria-te,
3480 2128 3594 2186 aut
3622 2121 3953 2186 secundum

2439 2239 2676 2298 statum
2705 2234 2829 2300 viae
2859 2252 2877 2296 ε
2914 2252 3042 2298 non
3072 2233 3426 2297 secundum
3455 2236 3699 2294 statum
3724 2229 3951 2310 gloriae,

2438 2341 2562 2405 hoc
2583 2344 2856 2419 constat,
2890 2340 3043 2422 quia
3061 2342 3201 2422 jam
3234 2339 3504 2403 ulterius
3542 2354 3775 2418 corpus
3816 2334 3957 2398 illud

2440 2468 2570 2514 non
2602 2453 2764 2513 esset
2797 2447 3240 2529 corruptibile,
3268 2465 3388 2510 nec
3427 2445 3508 2509 ab
3535 2443 3767 2525 angelo
3793 2460 3960 2523 sepa-

2440 2556 2668 2635 rabile;
2697 2556 2751 2619 si
2778 2574 2935 2638 ergo
2961 2560 3331 2634 assumunt,
3352 2553 3475 2617 hoc
3504 2557 3601 2617 est
3626 2550 3961 2615 secundum

2442 2668 2674 2728 statum
2703 2664 2828 2727 viae
2852 2663 2999 2727 :sed
3026 2681 3290 2746 corpora
3310 2662 3597 2726 humana
3622 2660 3957 2725 secundum

2443 2776 2680 2837 statum
2704 2772 2832 2837 viae
2860 2774 3009 2835 sunt
3049 2770 3436 2854 ponderosa,
3467 2774 3531 2832 et
3555 2768 3814 2850 gravia,
3842 2767 3960 2829 sive

2442 2879 2515 2942 in
2540 2882 2709 2943 statu
2735 2882 2984 2942 naturae
3017 2882 3334 2960 corruptae
3349 2925 3368 2956 ,
3397 2876 3534 2939 sive
3568 2874 3637 2937 in
3680 2876 3841 2936 statu
3868 2872 3961 2934 in-
4000 2908 4005 2917 ·

2444 2986 2754 3051 nocentiae
2772 3008 2787 3050 ι
2812 3004 2968 3068 ergo
2981 3004 3113 3049 nou
3126 2988 3332 3051 essent
3350 2982 3590 3046 habilia
3608 2980 3687 3045 ad
3707 2984 3958 3053 motum,

2444 3111 2567 3159 nec
2586 3093 2667 3159 ad
2695 3092 2883 3159 velox
2907 3090 3335 3157 ministerium
3362 3112 3376 3155 :
3406 3106 3566 3172 ergo
3586 3087 3641 3152 si
3662 3105 3791 3152 non
3806 3104 3965 3150 assu-

2449 3205 2636 3266 munt
2650 3217 2915 3283 corpora
2931 3198 3057 3263 nisi
3074 3202 3328 3282 propter
3346 3197 3804 3272 ministerium,
3821 3210 3964 3275 ergo

2445 3328 2580 3375 non
2600 3311 2939 3374 assumunt
2966 3324 3120 3372 vera
3142 3323 3409 3390 corpora
3430 3304 3742 3369 humana.

2993 3589 3441 3659 CONCLUSIO.

2450 3754 2655 3825 Anqeli
2691 3769 2822 3810 vera
2846 3767 3070 3826 corpora
3101 3753 3337 3807 Ιιιιηιαηα
3374 3747 3629 3821 complete
3666 3747 3972 3817 manuam

2523 3847 2575 3900 et
2608 3845 2850 3916 perfecta
2894 3857 3002 3898 non
3042 3841 3351 3908 assumunt,
3386 3851 3504 3892 cum
3548 3835 3661 3890 tale
3696 3849 3880 3906 eorpus
3913 3829 3975 3886 ad

2523 3933 2886 3989 ministerium
2924 3931 3044 3986 iuis
3070 3944 3177 3985 non
3204 3931 3504 3999 competat,
3544 3940 3638 3980 nec
3664 3939 3846 3979 veram
3871 3924 3973 3992 for-

2524 4038 2670 4078 mam
2699 4020 3002 4078 naturalem
3039 4018 3235 4089 absque
3267 4021 3481 4072 naturae
3522 4014 3739 4070 auxilio
3781 4011 3977 4069 educere

2522 4112 2768 4167 valeant.

2535 4276 2723 4359 Resp.
2760 4275 2841 4339 ad
2865 4275 3142 4355 Argum.
3164 4269 3512 4335 Dicendum
3536 4266 3709 4352 quod
3731 4281 3977 4349 corpora

2457 4387 2781 4466 assumpta
2806 4383 2887 4447 ab
2916 4380 3166 4463 angelis
3187 4397 3321 4443 non
3346 4376 3591 4441 habent
3614 4394 3839 4441 veram
3863 4375 3979 4437 for-

2456 4513 2634 4558 mam
2669 4498 2749 4557 et·
2762 4489 3265 4574 complexionem
3294 4502 3639 4569 eorporum
3671 4484 3978 4547 humano-

2458 4621 2608 4667 rum
2625 4650 2644 4681 ,
2670 4620 2788 4666 nec
2812 4601 3006 4665 etiam
3024 4594 3571 4680 organizationem
3589 4590 3977 4674 completam,

2459 4711 2570 4776 sed
2608 4709 2816 4775 solum
2859 4708 3178 4789 effigiem3
3213 4709 3276 4768 et
3300 4704 3501 4785 huJus
3544 4701 3706 4765 ratio
3734 4702 3832 4763 est
3874 4697 3982 4761 du-

2461 4819 2609 4903 plex
2644 4837 2661 4881 ε
2690 4835 2855 4896 una,
2900 4815 3055 4897 quia
3076 4830 3208 4876 non
3248 4809 3548 4892 competit
3590 4806 3841 4889 angelis
3876 4803 3983 4867 tale

2461 4946 2693 5011 corpus
2734 4925 2811 4989 ad
2859 4921 3287 4988 ministerium
3306 4964 3323 4995 ,
3368 4918 3531 4984 sicut
3559 4933 3731 4979 nunc
3770 4913 3984 4978 ultimo

2462 5039 2787 5099 ostensum
2806 5035 2927 5110 est3
2949 5029 3072 5094 alia
3084 5027 3244 5091 ratio
3262 5029 3379 5103 est,
3405 5023 3560 5105 quia
3577 5021 3853 5103 angelus
3866 5035 3987 5081 non

2461 5145 2665 5225 potest
2702 5141 2971 5205 educere
3008 5136 3281 5200 formam
3318 5130 3679 5195 naturalem
3720 5128 3792 5191 in
3829 5142 3984 5200 esse,

2463 5249 2586 5313 nisi
2606 5248 2863 5330 adjutus
2884 5264 2924 5309 a
2941 5244 3177 5309 virtute
3202 5242 3453 5303 naturae
3478 5285 3498 5318 ,
3521 5237 3684 5301 sicut
3700 5234 3988 5299 habitum

2463 5357 2582 5421 fuit
2624 5355 2711 5418 in‘
2732 5350 3113 5437 praecedenti
3158 5345 3562 5412 distinctione
3592 5362 3609 5406 ι
3647 5343 3717 5406 in
3757 5342 3988 5405 virtute

2464 5468 2682 5528 autem
2724 5467 2972 5526 naturae
3020 5462 3115 5522 est
3157 5453 3503 5538 producere
3550 5467 3813 5533 corpora
3850 5465 3990 5513 om·
