4125 6225
820 462 936 522 148

814 598 1100 657 extrema
1122 591 1193 655 in
1215 592 1540 656 infinitum
1565 591 1878 667 distantia,
1909 596 2005 656 est
2042 593 2295 655 infinita
2330 613 2345 654 :

812 699 921 763 sed
946 698 1225 781 potentia
1259 697 1475 762 divina
1514 702 1611 763 est
1644 698 2055 780 hujusmodi,
2086 698 2239 782 quia
2280 698 2357 762 de

813 807 1016 871 nihilo
1051 805 1290 889 aliquid
1316 806 1493 882 facit,
1521 810 1585 870 et
1616 806 1783 870 inter
1822 806 2062 889 aliquid
2101 811 2164 871 et
2198 805 2356 870 nihil

811 916 911 977 'est
935 913 1187 977 infinita
1216 913 1509 978 distantia
1542 935 1556 976 :
1589 931 1768 994 ergo,
1797 917 1917 977 etc.

894 1021 1075 1100 Item,
1113 1022 1324 1086 omnis
1348 1020 1629 1104 potentia
1654 1039 1801 1103 quae
1830 1020 2092 1085 omnino
2115 1019 2360 1085 indiffe-

812 1146 962 1193 rens
995 1133 1090 1194 est
1112 1130 1193 1194 ab
1219 1129 1511 1213 essentia,
1543 1132 1639 1192 est
1673 1128 1926 1192 infinita
1957 1149 1972 1191 :
2003 1128 2111 1192 sed
2139 1128 2360 1192 divina

814 1235 1094 1318 potentia
1119 1240 1214 1300 est
1235 1234 1610 1317 hujusmodi
1641 1257 1655 1298 :
1688 1253 1878 1317 ergo,
1909 1238 2028 1299 etc.
2062 1233 2358 1301 Probatio

721 1429 749 1442 -
815 1343 1044 1425 primae
1102 1366 1116 1407 :
1173 1341 1719 1425 Quandocumque
1767 1342 1982 1424 aliqua
2032 1341 2162 1405 duo
2209 1346 2360 1406 sunt

815 1453 1078 1517 omnino
1114 1450 1479 1515 indistantia
1500 1499 1519 1530 ,
1565 1450 1953 1533 ubicumque
1987 1454 2083 1514 est
2108 1468 2315 1514 unum
2333 1496 2353 1529 ,

813 1559 903 1622 ibi
925 1563 988 1623 et
1007 1558 1328 1641 reliquum
1357 1581 1373 1621 :
1406 1575 1564 1639 ergo
1590 1556 1642 1621 si
1671 1558 1950 1640 potentia
1974 1561 2070 1621 est
2092 1559 2358 1622 omnino

813 1666 1182 1730 indifferens
1218 1666 1299 1728 ab
1343 1664 1645 1743 essentia,
1688 1664 2085 1747 ubicumque
2124 1669 2219 1728 est
2243 1683 2358 1748 po—

813 1773 1014 1837 tentia
1033 1820 1055 1851 ,
1090 1777 1154 1836 et
1180 1772 1450 1836 essentia
1480 1794 1495 1835 :
1529 1770 1638 1835 sed
1663 1771 1779 1835 ubi
1807 1777 1898 1836 est
1927 1773 2197 1836 essentia
2219 1821 2236 1850 ‚
2269 1773 2359 1837 ihi

814 1884 911 1943 est
939 1884 1230 1944 centrum
1256 1878 1556 1962 potentiae
1593 1896 1611 1940 ε
1647 1896 1805 1959 ergo
1830 1879 2222 1963 ubicumque
2249 1898 2357 1963 po·

752 2078 764 2085 .
813 1989 932 2050 test
978 1988 1255 2070 potentia
1299 1987 1442 2051 talis
1463 2035 1483 2064 ,
1533 1989 1736 2069 potest
1778 1987 1846 2049 in
1891 1991 2107 2052 centro
2149 2009 2164 2051 :
2201 2006 2357 2069 ergo

814 2112 963 2157 cum
991 2094 1171 2158 nulla
1210 2094 1493 2176 potentia
1529 2092 1837 2157 limitetur
1867 2093 1937 2156 in
1963 2098 2180 2159 centro
2202 2113 2354 2172 su0,

811 2202 922 2266 sed
948 2202 1225 2284 amplius
1252 2201 1472 2284 possit,
1503 2204 1616 2265 aut
1639 2199 1862 2265 divina
1888 2202 2171 2283 potentia
2197 2201 2359 2265 nihil

811 2312 1052 2389 potest,
1085 2311 1197 2371 aut
1234 2311 1439 2389 potest
1477 2311 1794 2389 quantum
1834 2308 1977 2373 vult
1994 2331 2024 2372 ς
2057 2314 2121 2373 et
2159 2309 2250 2373 sic
2289 2310 2359 2373 in

810 2414 1137 2478 infinitum
1168 2433 1186 2477 :
1215 2431 1394 2495 ergo,
1416 2418 1734 2496 quantum
1754 2418 1848 2478 est
1864 2415 1943 2479 de
1959 2433 2051 2495 se,
2083 2415 2361 2497 potentia

814 2520 925 2585 illa
950 2525 1155 2604 potest
1177 2522 1248 2585 in
1270 2520 1597 2585 infinitum
1620 2521 1870 2603 operari
1896 2540 1914 2584 :
1943 2521 2051 2585 sed
2074 2522 2357 2604 potentia

813 2631 922 2695 illa
947 2631 1209 2696 omnino
1238 2635 1335 2695 est
1359 2629 1728 2694 indifferens
1753 2634 1817 2694 et
1841 2630 2115 2713 simplex
2154 2653 2170 2696 :
2201 2649 2358 2712 ergo

811 2738 982 2804 idem
1008 2744 1102 2803 est
1126 2740 1215 2803 ibi
1240 2740 1467 2819 latum,
1490 2742 1555 2803 et
1579 2738 1942 2804 intensum:
1973 2758 2131 2822 ergo
2157 2740 2212 2803 si
2237 2758 2358 2803 ex-

811 2846 1053 2912 tensive
1077 2849 1173 2910 aet
1195 2846 1445 2911 infinita
1465 2895 1484 2925 ,
1516 2850 1581 2910 et
1618 2846 1932 2911 intensive
1963 2868 1981 2911 :
2020 2864 2178 2929 ergo
2216 2865 2360 2910 om-

811 2952 967 3018 nino
988 2956 1085 3017 est
1104 2953 1380 3017 infinita.
1412 2952 1491 3018 Et
1515 2953 1638 3019 hoc
1662 2954 1948 3037 estquod
1973 2953 2127 3019 dicit
2151 2951 2359 3019 Philo-

811 3060 1051 3144 sophus
1094 3060 1162 3125 in
1206 3060 1369 3126 libro
1411 3060 1492 3127 de
1536 3061 1764 3129 causis
1812 3068 1871 3142 ¹,
1910 3062 2084 3145 quod
2119 3061 2354 3144 virtuS,

812 3173 1051 3251 quanto
1077 3170 1286 3253 magis
1320 3170 1541 3251 unita,
1582 3172 1761 3236 tanto
1804 3169 2017 3251 magis
2040 3169 2290 3235 infinita
2335 3189 2355 3235 :

812 3294 962 3341 cum
987 3295 1146 3361 ergo
1186 3277 1404 3343 divina
1444 3277 1726 3361 potentia
1764 3277 1845 3341 sit
1887 3277 2317 3343 infinitissima
2333 3327 2354 3361 ,

812 3384 964 3468 quia
988 3389 1083 3449 est
1100 3384 1365 3450 omnino
1392 3384 1565 3449 idem
1588 3403 1740 3449 cum
1769 3402 1888 3449 sua
1910 3386 2183 3468 origine,
2216 3386 2359 3451 ubi-

812 3509 940 3574 que
981 3496 1187 3575 potest
1222 3497 1536 3575 tanquam
1573 3493 1644 3556 in
1678 3510 1799 3557 sua
1837 3492 2091 3574 origine
2135 3509 2156 3558 t
2198 3512 2358 3577 ergo

813 3617 1150 3683 nunquam
1173 3600 1420 3667 invenit
1449 3618 1583 3665 non
1607 3618 1811 3684 posse.

703 3760 730 3792 0
763 3770 786 3783 ,
895 3707 1158 3774 Contra:
1190 3709 1250 3773 1.
1294 3708 1496 3773 Omne
1525 3708 1679 3772 illud
1705 3711 1802 3773 est
1825 3707 2106 3787 finitum,
2133 3708 2204 3774 in
2228 3727 2359 3793 quo

812 3820 909 3881 est
921 3819 1198 3901 reperire
1212 3821 1452 3883 statum
1471 3840 1486 3882 :
1511 3818 1619 3883 sed
1636 3817 1705 3882 in
1727 3817 1946 3883 divina
1963 3820 2243 3901 potentia
2266 3823 2362 3885 est

813 3926 1093 4009 reperire
1132 3930 1366 3991 statum
1384 3975 1403 4006 ,
1437 3926 1595 4009 quia
1628 3930 1723 3990 est
1755 3926 2085 4008 assignare
2120 3927 2361 4011 aliquid

813 4033 986 4116 quod
1016 4023 1381 4117 non‘potest
1417 4034 1601 4117 (sicut
1632 4052 1826 4117 supra
1850 4038 2178 4099 ostensum
2216 4034 2358 4119 est),

816 4144 892 4204 ut
915 4144 1095 4206 actus
1108 4139 1490 4225 corporales,
1519 4145 1585 4206 et
1608 4145 1788 4206 actus
1805 4141 2154 4208 deformes:
2176 4161 2358 4226 erg0,

816 4252 938 4315 etc.

897 4360 959 4421 2.
986 4354 1168 4437 Item,
1196 4356 1371 4440 quod
1399 4357 1725 4423 exceditur
1745 4356 1826 4422 ab
1844 4356 2084 4440 aliquo,
2109 4362 2204 4421 est
2224 4359 2367 4422 fini-

816 4466 979 4540 tum,
1008 4463 1162 4545 quia
1198 4449 1530 4527 infinitum
1564 4462 1743 4527 nullo
1770 4464 1961 4528 modo
1997 4463 2362 4528 exceditur:

818 4570 928 4635 sed
954 4570 1217 4635 scientia
1244 4570 1492 4635 excedit
1506 4570 1853 4654 potentiam
1873 4574 2165 4653 respectu
2183 4570 2364 4634 scibi-

813 4675 1008 4757 lium;
1049 4677 1335 4762 plurium
1364 4679 1540 4742 enim
1570 4680 1667 4743 est
1692 4679 1984 4757 scientia,
2014 4697 2210 4761 quam
2241 4696 2362 4762 po-

812 4785 1048 4865 tentia3
1080 4785 1199 4850 scit
1219 4785 1397 4851 enim
1420 4785 1613 4868 mala,
1640 4790 1705 4851 et
1734 4804 1868 4851 non
1896 4789 2139 4869 potest:
2176 4803 2358 4867 erge,

812 4896 931 4957 etc.

895 5006 955 5066 3.
989 5000 1170 5084 Item,
1194 5001 1488 5070 videmus
1512 5001 1581 5066 in
1599 5001 1897 5086 potentiis
1917 5001 2167 5079 creatis,
2186 5000 2360 5084 quod

813 5109 1097 5174 infinitas
1113 5114 1207 5175 est
1228 5129 1267 5174 a
1283 5109 1571 5190 materia,
1593 5110 1703 5175 sed
1714 5109 1927 5173 finitas
1945 5113 2038 5174 est
2057 5128 2099 5172 a
2114 5110 2320 5172 forma
2338 5129 2354 5170 :

817 5235 976 5302 ergo
1011 5236 1161 5284 cum
1202 5218 1484 5304 potentia
1527 5217 1638 5283 Dei
1676 5217 1759 5281 sit
1794 5216 2059 5281 omnino
2113 5217 2320 5282 forma
2334 5262 2356 5294 ,

884 5382 907 5418 ¹
925 5381 1117 5433 Auctor
1139 5381 1232 5434 lib.
1258 5381 1322 5431 de
1347 5382 1547 5443 Gumis,
1571 5393 1725 5445 prop.
1746 5383 1825 5432 18.
1843 5405 1898 5416 —
1915 5380 1940 5415 ²
1954 5377 2134 5443 Arist,
2157 5379 2355 5445 Physic.

818 5449 911 5505 lib.
933 5456 1032 5519 111,
1061 5460 1201 5507 cont.
1219 5458 1301 5507 49.

1952 454 2579 522 SENTENTIARUM
2616 457 2765 522 LlB.
2811 458 2862 522 1.

2463 592 2598 655 sive
2620 593 2926 670 formalia,
2955 592 3116 655 nihil
3146 592 3406 656 omnino
3432 592 3668 656 habens
3686 595 3971 665 ‚materia-

2463 698 2686 776 litatis,
2724 719 2880 782 ergo
2924 699 3292 782 simpliciter
3330 706 3426 765 est
3458 701 3668 781 finita,
3712 704 3774 765 et
3809 702 3971 766 nullo

2466 807 2654 870 modo
2681 807 2952 871 infinita.

2545 918 2606 977 4.
2653 913 2831 993 Item,
2862 915 3029 980 inter
3063 915 3542 980 contradictorie
3582 916 3857 998 opposita
3890 920 3974 980 est

2465 1021 2759 1085 distantia
2774 1022 3024 1087 infinita
3040 1030 3063 1064 ¹
3082 1045 3097 1088 :
3125 1023 3234 1088 sed
3253 1027 3558 1087 creaturae
3576 1023 3774 1086 virtus
3789 1042 3975 1087 unum

2464 1128 2708 1194 reducit
2733 1130 2813 1194 ad
2849 1130 3141 1212 alterum,
3177 1137 3251 1196 ut
3286 1150 3418 1196 non
3456 1135 3809 1195 currentem
3844 1129 3978 1194 facit

2465 1255 2742 1317 currere,
2772 1242 2836 1302 et
2858 1242 3072 1303 tamen
3095 1244 3189 1303 est
3215 1240 3433 1304 finita:
3464 1256 3641 1319 ergo.

2544 1349 2605 1408 5.
2625 1345 2804 1426 Item,
2826 1347 3013 1412 video
3031 1349 3201 1430 quod
3218 1350 3435 1413 anima
3451 1349 3641 1412 hahet
3657 1347 3977 1430 potentiam

2464 1452 2728 1516 omnino
2761 1453 3223 1519 indifferentem
3259 1456 3339 1519 ab
3381 1455 3672 1533 essentia,
3700 1455 3856 1518 sicut
3877 1473 3978 1537 po-

2464 1560 2728 1624 tentiam
2769 1561 2848 1643 (a)
2893 1561 3257 1626 vivificandi
3289 1581 3549 1645 corpus3
3595 1561 3781 1625 habet
3808 1562 3981 1625 etiam

2464 1668 2811 1748 potentiam
2839 1668 2918 1732 ad
2949 1673 3164 1732 actum
3197 1669 3548 1748 infinitum,
3590 1669 3750 1732 sicut
3778 1669 3855 1732 ad
3874 1668 3982 1732 du-

2463 1774 2740 1839 randum
2793 1775 2926 1839 sive
2972 1775 3474 1865 permanendum
3519 1777 3590 1839 in
3637 1775 3978 1854 infinitum3

2463 1875 2655 1940 habet
2689 1878 3035 1959 potentiam
3077 1879 3493 1943 nihilominus
3530 1879 3611 1943 ad
3646 1882 3820 1942 actus
3845 1879 3978 1941 infl-

2463 1984 2653 2063 nitoS,
2682 1990 2745 2048 et
2776 1991 2991 2050 tamen
3018 1986 3156 2069 ipsa
3185 1985 3463 2068 potentia
3488 1991 3584 2049 est
3605 1985 3786 2049 finita
3804 1984 3867 2048 in
3888 2003 3979 2049 se:

2465 2109 2622 2172 ergo
2642 2091 2896 2157 videtur
2918 2093 3054 2175 pari
3086 2093 3327 2158 ratione
3354 2094 3432 2158 de
3460 2093 3677 2156 divina
3701 2091 3981 2175 potentia,

2466 2217 2617 2263 cum
2649 2201 2865 2264 anima
2885 2200 2966 2264 sit
2986 2219 3281 2283 expressa
3310 2203 3528 2283 imago
3545 2201 3677 2265 Dei.
3709 2198 3877 2264 Unde
3897 2200 3984 2263 vi-

2466 2307 2697 2373 dentur
2722 2309 2997 2373 rationes
3020 2308 3339 2392 praedictae
3370 2308 3531 2374 nihil
3557 2308 3789 2375 valere.

3028 2548 3483 2617 CONCLUSIO.
3550 2538 3559 2553 ’

2494 2711 2745 2767 Potentia
2767 2710 2970 2769 divina
2998 2716 3076 2769 est
3100 2714 3330 2786 infinita
3356 2715 3419 2768 in
3447 2714 3679 2781 virtute,
3710 2715 3772 2768 in
3792 2715 3914 2769 actu
3941 2716 3989 2768 et

3084 2807 3147 2860 in
3173 2803 3386 2861 habitu.

2549 2952 2734 3037 Resp.
2750 2954 2832 3020 ad
2856 2956 3131 3039 Argum.
3154 2955 3503 3022 Dicendum
3526 2956 3701 3039 quod
3725 2955 3989 3021 divinam

2463 3060 2809 3142 potentiam
2845 3065 2939 3127 est
2975 3081 3211 3146 ponere
3247 3064 3511 3129 omnino
3548 3064 3617 3128 in
3651 3065 3798 3128 actu
3832 3067 3892 3126 et
3927 3061 3986 3124 in

2464 3167 2690 3233 habitu
2726 3170 3066 3252 infinitam,
3096 3173 3259 3236 sicut
3288 3172 3631 3255 probatum
3657 3175 3753 3236 est
3778 3188 3886 3253 per
3904 3170 3989 3232 ef·

2464 3273 2703 3339 fectum
2753 3295 2794 3340 a
2843 3278 3205 3360 posteriori,
3259 3279 3413 3361 quia
3466 3278 3663 3343 habet
3715 3276 3992 3340 effectum

2463 3381 2793 3448 infinitum
2811 3384 3165 3464 duratione,
3186 3389 3251 3450 et
3275 3385 3560 3450 infinitos
3592 3384 3988 3469 appositione,

2464 3490 2545 3554 ad
2574 3509 2737 3574 quos
2779 3498 3184 3576 comparatur
3221 3497 3296 3558 ut
3340 3498 3518 3558 actus
3552 3510 3795 3577 puruS,
3843 3497 3903 3556 et
3930 3493 3996 3555 ut

2465 3602 2598 3663 tota
2643 3616 2835 3664 causa
2866 3605 2931 3666 et
2966 3601 3129 3665 ratio
3156 3600 3399 3666 hahens
3437 3601 3507 3664 in
3546 3620 3619 3666 se
3658 3603 3908 3685 plenam
3939 3602 3995 3663 et

2467 3708 2808 3790 perfectam
2822 3709 3244 3774 actualitatem
3265 3712 3556 3792 respectu
3576 3709 3989 3773 infinitorum:

2470 3817 2535 3878 et
2570 3833 2824 3879 necesse
2851 3819 2966 3893 est,
2993 3835 3144 3879 cum
3168 3815 3402 3880 habeat
3426 3820 3636 3880 totum
3667 3815 3838 3899 quod
3876 3833 3997 3878 un-

2468 3940 2665 4004 quam
2692 3922 2994 3987 hahitura
3010 3926 3127 4003 est,
3147 3927 3211 3987 et
3235 3942 3317 3987 ex
3339 3941 3406 3987 se
3428 3923 3660 3987 habeat
3680 3923 3846 4006 quod
3875 3922 3997 4005 ipsa

2469 4030 2724 4094 infinita
2768 4031 2871 4094 sit.
2920 4030 3063 4095 Alia
3113 4030 3358 4095 ratione
3398 4030 3754 4095 ostenditur
3798 4030 3916 4093 hoc
3962 4047 3998 4090 a

2471 4138 2690 4222 priori.
2716 4137 2980 4221 Propter
3008 4157 3328 4202 summam
3357 4139 3530 4203 enim
3562 4137 3998 4202 indivisionem

2470 4245 2728 4311 virtutis
2762 4264 2913 4310 cum
2948 4246 3250 4326 essentia,
3296 4250 3359 4311 et
3391 4251 3654 4330 propter
3689 4262 3998 4311 summam

2471 4353 2784 4417 unitatem
2812 4353 3011 4435 ipsius
3043 4353 3320 4432 virtutiS,
3355 4354 3746 4436 ubicumque
3786 4355 3995 4436 potest,

2473 4463 2606 4524 tota
2639 4464 2871 4543 potest:
2906 4463 2970 4524 et
2999 4463 3250 4523 tantum
3277 4459 3347 4524 in
3372 4466 3735 4526 extremum
3763 4456 3993 4530 mundi,

2472 4574 2790 4652 quantum
2829 4568 2897 4632 in
2938 4567 3183 4646 medio;
3229 4572 3292 4632 et
3329 4572 3580 4633 tantum
3615 4570 3687 4633 in
3726 4583 3993 4642 summo,

2470 4681 2789 4759 quantum
2823 4676 2895 4739 in
2922 4676 3109 4756 latuS,
3140 4681 3205 4740 et
3224 4678 3402 4742 omni
3436 4678 3625 4742 modo
3659 4676 3994 4741 infinitatis

2472 4777 2527 4844 N
2531 4799 2603 4845 ec
2641 4784 2735 4845 est
2765 4779 3109 4844 consimilis
3146 4780 3306 4845 ratio
3347 4781 3415 4844 in
3453 4781 3671 4864 aliqua
3700 4785 3993 4856 creatura,

2470 4906 2591 4953 nec
2624 4891 2941 4971 quantum
2981 4886 3062 4950 ad
3102 4886 3536 4952 causalitatem
3574 4889 3863 4967 effectuS,
3892 4903 3997 4949 nec

2470 4999 2788 5077 quantum
2808 4994 2889 5058 ad
2916 4993 3247 5058 unitatem.
3272 4991 3413 5058 Non
3434 4999 3752 5078 quantum
3771 4993 3852 5058 ad
3867 5011 3997 5055 cau-

2469 5105 2781 5171 salitatem
2797 5105 3078 5187 effectuS,
3099 5105 3253 5188 q'uia
3273 5106 3453 5170 nulla
3476 5107 3686 5172 virtus
3704 5108 3994 5170 creaturae

2469 5223 2757 5303 respectu
2786 5218 3136 5284 durationis
3167 5217 3439 5282 infinita:
3465 5222 3562 5282 est
3587 5235 3749 5300 pure
3782 5215 3990 5286 activa,

2467 5326 2603 5393 imo
2657 5345 2908 5392 necesse
2962 5328 3059 5391 est
3103 5342 3220 5411 per
3274 5325 3559 5392 divinam
3605 5320 3993 5387 influentiam

2532 5453 2603 5519 (a)
2633 5453 2753 5506 Goet.
2778 5452 2903 5505 edit.
2931 5451 3181 5516 potentia.
