4125 6225
1082 368 1278 435 DIST.
1317 368 1396 433 II.
1439 364 1668 432 PART.
1712 363 1791 429 ΙΙ.
1833 363 2015 430 ART.
2062 365 2113 430 Ι.
2163 364 2466 444 QUAEST.
2511 365 2589 430 ΙΙ.

260 524 381 589 per
406 507 636 586 totum,
668 505 793 571 alio
819 508 1051 570 ornatu
1077 523 1209 569 non
1238 504 1505 584 indiget.
1535 500 1649 565 Vel
1673 518 1793 583 po-

258 617 386 677 taet
414 612 535 677 dici
561 614 733 696 quod
760 613 922 677 sieut
960 612 1120 676 illud
1158 610 1390 675 eoelum
1430 610 1799 674 decoratum

260 722 359 784 est
384 719 571 783 astris
591 768 609 796 ,
650 720 739 784 ita
770 719 927 784 illud
958 718 1202 800 angelis
1221 768 1237 798 ,
1283 718 1393 800 qui
1431 721 1583 781 sunt
1618 715 1801 798 quasi

259 831 433 890 astra
466 826 606 891 coeli
635 827 957 909 empyrei,
986 829 1175 909 juxta
1199 824 1358 889 illud
1393 824 1508 889 Job
1535 825 1555 860 ¹
1588 846 1603 887 z
1644 822 1800 887 Cum

259 951 360 1000 me
398 934 739 1001 laudarent
778 941 956 1001 astra
999 934 1342 999 matutina.
1390 931 1465 996 Et
1505 932 1739 994 iterum
1777 932 1801 966 ²

258 1046 435 1105 astra
465 1043 605 1123 ejus
630 1046 820 1105 erunt
847 1040 1137 1104 homines
1158 1039 1346 1119 beati,
1373 1042 1437 1103 et
1452 1039 1476 1075 ⁸
1497 1038 1683 1121 quasi
1706 1037 1799 1101 sol

260 1149 410 1231 ejus
433 1149 553 1213 erit
580 1149 810 1230 Agnus
832 1147 965 1212 Dei.

344 1259 408 1318 2.
441 1255 623 1332 Quod
647 1255 942 1336 objicitur
964 1303 982 1334 ,
1012 1253 1185 1337 quod
1228 1253 1321 1316 sol
1358 1251 1657 1318 diffundit
1689 1251 1800 1315 lu-

262 1382 419 1428 men
451 1365 522 1428 in
560 1365 772 1447 ipsum
801 1381 1214 1446 empyreum3
1254 1361 1593 1426 dicendum
1628 1361 1801 1443 quod

258 1470 439 1535 illius
467 1472 746 1554 eorporis
763 1489 895 1535 non
921 1475 1016 1534 est
1036 1470 1317 1552 recipere
1343 1468 1562 1533 lumen
1590 1473 1800 1551 majus

261 1581 348 1644 ab
376 1581 801 1645 inferioribus,
834 1580 911 1645 Et
944 1579 1106 1644 ratio
1137 1579 1336 1660 hujus
1371 1582 1465 1642 est
1506 1578 1799 1642 limitatio

260 1687 524 1751 virtutis
562 1707 602 1751 a
640 1691 815 1770 parte
859 1687 1043 1764 solis,
1078 1687 1232 1769 quia
1269 1687 1429 1750 nihil
1458 1686 1593 1768 agit
1632 1686 1802 1751 ultra

260 1794 614 1858 terminum
674 1795 793 1858 sibi
852 1814 893 1858 a
951 1793 1076 1858 Deo
1129 1794 1563 1857 constitutum.
1622 1792 1801 1857 Unde

259 1902 429 1965 sicut
457 1902 628 1984 ignis
653 1905 774 1966 stat
800 1918 950 1966 eum
974 1899 1263 1983 pervenit
1279 1900 1357 1964 ad
1381 1900 1794 1980 horizontem,

257 2026 384 2073 nec
411 2007 579 2073 ultra
604 2008 1039 2091 progreditur3
1071 2012 1133 2070 et
1156 2010 1325 2071 terra
1344 2055 1360 2083 ‚
1396 2025 1544 2070 cum
1569 2025 1795 2089 perve-

258 2116 361 2180 nit
383 2116 466 2180 ad
505 2119 796 2180 centrum
838 2137 854 2180 ε
891 2115 980 2179 ita
1014 2115 1163 2179 solis
1187 2114 1347 2179 radii
1373 2132 1506 2178 non
1542 2116 1800 2197 proten-

258 2224 509 2288 duntur
541 2228 721 2287 extra
773 2224 1249 2287 firmamentum
1268 2270 1286 2301 ,
1335 2221 1489 2303 quia
1540 2220 1801 2286 lucerna

258 2334 361 2395 aet
385 2330 582 2413 huJus
610 2330 875 2395 visibilis
900 2329 1094 2393 orbis,
1130 2328 1273 2392 Alia
1295 2328 1455 2391 ratio
1487 2331 1620 2407 est,
1651 2330 1801 2411 quia

257 2441 472 2520 major
498 2438 832 2502 influentia
852 2437 1143 2500 absorbet
1166 2436 1480 2499 minorem
1520 2455 1537 2499 :
1568 2440 1631 2499 et
1659 2437 1800 2501 ideo

258 2549 442 2609 tanta
458 2545 630 2608 illius
655 2545 797 2608 eoeli
814 2549 908 2608 est
924 2544 1278 2620 influentia,
1300 2544 1471 2625 quod
1490 2542 1570 2607 ad
1591 2544 1801 2626 ipsum

257 2671 396 2716 non
424 2651 714 2734 pervenit
740 2651 949 2714 minor
963 2697 980 2728 ‚
1010 2650 1172 2713 sicut
1201 2649 1459 2713 candela
1485 2667 1616 2714 non
1643 2651 1800 2715 illu-

258 2759 466 2822 minat
493 2757 713 2821 solem.

346 2872 383 2931 3
420 2871 486 2930 et
524 2871 587 2929 4.
633 2865 813 2942 Quod
857 2865 1152 2946 objicitur
1189 2866 1361 2947 quod
1404 2869 1499 2929 est
1533 2866 1796 2948 mobile,

257 2975 417 3058 quia
445 2973 834 3056 sphaericum
861 2977 924 3035 et
953 2972 1181 3035 motori
1205 2972 1674 3055 propinquum;
1710 2974 1801 3038 di-

257 3083 539 3149 cendum
564 3081 733 3165 quod
760 3082 838 3146 ad
869 3084 1118 3145 motum
1158 3099 1292 3145 non
1325 3082 1557 3146 sufficit
1582 3083 1801 3166 sphae-

256 3193 395 3256 rica
419 3194 653 3273 figura,
681 3191 789 3254 sed
817 3193 1008 3254 etiam
1038 3191 1427 3255 necessarius
1453 3196 1567 3269 est,
1598 3196 1668 3256 ut
1697 3192 1800 3257 di-

259 3304 420 3363 eunt
447 3299 677 3381 aliqui,
706 3299 885 3361 locus
911 3298 1241 3360 continens
1277 3316 1294 3360 :
1326 3302 1389 3361 et
1427 3298 1800 3363 rationabile

255 3407 538 3471 videtur.
577 3404 631 3469 N
635 3405 975 3469 ecessaiius
1000 3407 1095 3468 est
1120 3406 1311 3469 etiam
1341 3407 1578 3488 absque
1605 3407 1799 3471 dubio

259 3513 525 3577 effeetus
545 3561 563 3590 ,
594 3512 888 3576 videlicet
923 3512 1161 3575 utilitas
1186 3513 1436 3582 mobilis
1458 3562 1476 3593 ,
1506 3514 1609 3578 vel
1635 3514 1799 3580 alte-

256 3621 419 3684 rius.
454 3620 771 3696 Quoniam
799 3639 957 3700 ergo
988 3621 1220 3683 eoelum
1251 3620 1405 3683 illud
1437 3639 1568 3684 non
1608 3627 1703 3684 est
1732 3623 1801 3686 in

256 3729 420 3807 alio,
457 3732 519 3792 et
559 3727 863 3809 quoniam
907 3732 1002 3790 est
1035 3727 1352 3791 uniforme
1394 3746 1506 3810 per
1552 3733 1795 3810 totum,

253 3854 373 3920 per
392 3835 494 3897 sui
519 3839 765 3897 motum
795 3834 958 3897 nihil
990 3835 1219 3898 faceret
1250 3855 1266 3898 ε
1298 3839 1360 3898 et
1385 3836 1522 3899 ideo
1551 3841 1647 3900 est
1670 3837 1798 3900 im-

257 3942 516 4006 mobile.
577 3940 879 4005 Similiter
929 3942 1078 4023 quia
1122 3946 1215 4005 est
1264 3943 1617 4023 uniforme,
1666 3963 1798 4009 non

256 4049 453 4113 habet
494 4050 735 4113 moveri
759 4098 775 4128 ,
813 4050 964 4131 quia
1006 4067 1137 4112 non
1166 4048 1356 4112 habet
1390 4049 1688 4114 dextrum
1737 4057 1801 4116 et

257 4157 615 4220 sinistrum.
649 4154 764 4221 Sed
800 4157 1008 4239 prima
1046 4156 1207 4219 ratio
1249 4156 1325 4219 de
1361 4156 1799 4222 immobilitate

256 4282 393 4327 non
425 4264 614 4328 habet
639 4265 909 4328 multam
938 4263 1392 4341 necessitatem,
1415 4281 1562 4326 eum
1588 4269 1800 4328 motus

256 4369 586 4433 circularis
612 4371 964 4434 seeundum
1002 4369 1459 4452 Philosophum
1487 4375 1509 4410 '0
1538 4389 1666 4434 non
1694 4391 1800 4436 re-

256 4481 473 4563 quirat
497 4480 710 4545 locum
750 4483 825 4546 in
863 4496 1025 4562 quo,
1069 4479 1178 4543 sed
1217 4481 1392 4545 circa
1424 4497 1628 4562 quem.
1679 4481 1797 4546 Se-

258 4587 469 4651 cunda
495 4587 572 4650 de
598 4586 861 4650 utilitate
886 4605 1016 4650 non
1043 4585 1356 4663 similiter,
1386 4587 1542 4668 quia
1571 4589 1797 4653 simili-

255 4697 358 4757 ter
403 4698 610 4775 posset
652 4693 774 4757 dici
813 4693 893 4757 de
937 4710 1170 4775 aqueo;
1222 4691 1445 4756 eodem
1489 4696 1678 4760 modo
1719 4696 1795 4761 de

256 4802 447 4867 tertia
468 4850 486 4881 ,
528 4802 683 4883 quia
721 4802 1017 4866 dextrum
1057 4804 1119 4864 et
1165 4800 1496 4866 sinistrum
1537 4809 1687 4867 sunt
1727 4805 1795 4868 in

258 4910 418 4973 coelo
456 4927 586 4972 non
630 4909 874 4972 ratione
913 4906 1290 4972 diversitatis
1330 4909 1611 4989 partium
1630 4959 1647 4988 ,
1686 4913 1823 4976 sed.

256 5015 506 5079 ratione
529 5013 880 5078 influentia}
904 5011 1196 5089 motoris;
1223 5013 1287 5075 et
1307 5012 1463 5077 illud
1484 5017 1634 5079 satis
1650 5017 1796 5081 faei-

322 5211 344 5246 ¹
360 5209 472 5273 Job,
489 5219 711 5274 xxxvm,
730 5211 844 5260 ’1.-
860 5209 1035 5273 ’Sap.,
1060 5219 1142 5269 111,
1163 5208 1277 5257 7.—
1292 5205 1316 5241 ⁸
1333 5207 1502 5272 Apoc„
1516 5222 1629 5276 111,
1650 5216 1794 5267 23,-

258 5283 278 5312 ⁴
306 5282 540 5346 Ariston,
569 5281 764 5347 Physic.
793 5281 1023 5345 lib.Vlll,
1051 5282 1189 5330 cont.
1215 5280 1275 5328 ’12
1305 5282 1357 5328 et
1381 5294 1519 5344 seq.;
1548 5281 1608 5332 de
1643 5285 1794 5350 Coelo,

255 5353 350 5406 lib.
379 5355 437 5416 l,
467 5357 602 5404 cont.
642 5356 692 5403 5.
731 5379 795 5390 —
822 5352 844 5388 ⁸
880 5352 961 5414 Cf.
992 5354 1046 5403 S.
1085 5351 1290 5418 Thom.‚
1318 5350 1363 5400 11
1390 5352 1548 5415 Seut„
1571 5354 1689 5407 dist.
1710 5368 1789 5423 11,

3327 365 3445 428 293

1903 499 2046 564 liter
2084 501 2390 583 probatur
2411 549 2430 580 ,
2479 499 2633 582 quia
2674 499 2972 564 dextrum
3008 501 3073 564 et
3113 498 3446 564 sinistrum

1904 626 2038 672 non
2069 612 2405 672 mutantur
2422 656 2439 686 ,
2479 607 2776 690 quamvis
2815 624 3038 671 omnes
3071 610 3278 689 partes
3304 607 3447 671 coeli

1907 717 2259 779 mutentur.
2289 713 2368 778 Et
2392 714 2533 779 ideo
2558 714 2720 778 ratio
2746 732 2945 797 quare
2979 732 3113 778 non
3148 719 3443 779 movetur

1906 824 2034 899 est,
2073 820 2226 902 quia
2261 819 2427 885 Deus
2459 838 2591 885 nou
2628 821 2842 885 influit
2876 839 3071 904 super
3108 822 3324 904 ipsum
3365 821 3447 886 ad

1906 931 2177 1006 motum,
2207 928 2316 992 sed
2343 928 2425 992 ad
2450 928 2734 1011 quietem
2752 934 3039 1007 tantum;
3073 933 3135 994 et
3154 929 3318 993 sicut
3341 930 3445 993 in-

1904 1034 2171 1098 fluentia
2197 1035 2306 1100 Dei
2334 1040 2548 1099 movet
2571 1036 3074 1114 firmamentum,
3102 1036 3193 1099 sie
3208 1036 3449 1118 quietat

1905 1159 2305 1226 empyreum.
2351 1141 2531 1207 Ratio
2569 1147 2785 1206 autem
2832 1143 3036 1225 hujus
3080 1146 3219 1221 est,
3292 1142 3448 1224 quia

1905 1249 2084 1313 loeus
2123 1250 2228 1314 ille
2272 1252 2365 1314 est
2407 1250 2588 1332 regio
2632 1251 2929 1333 deputata
2968 1250 3069 1314 his
3108 1250 3222 1332 qui
3267 1249 3446 1313 omni

1904 1356 2097 1422 modo
2135 1357 2200 1420 in
2246 1361 2414 1422 statu
2454 1363 2606 1422 sunt
2645 1362 2708 1421 et
2749 1358 2962 1441 quiete
2995 1379 3010 1421 z
3061 1359 3124 1420 et
3158 1356 3248 1421 ita
3280 1360 3451 1440 patet

1905 1466 2079 1547 quod
2107 1484 2236 1530 non
2263 1467 2474 1547 magis
2492 1467 2961 1550 appropinquat
2979 1465 3232 1542 motori‚
3259 1468 3333 1529 ut
3353 1471 3448 1529 est

1905 1581 2136 1657 motor,
2167 1578 2276 1642 sed
2309 1583 2384 1642 ut
2412 1583 2508 1643 est
2535 1577 2875 1643 stabiliens.
2907 1578 3004 1642 Ex
3031 1578 3152 1641 hac
3177 1577 3445 1657 ratione,

1906 1689 2139 1753 seilicet
2161 1689 2313 1771 quia
2348 1692 2473 1767 est,
2496 1693 2570 1752 ut
2598 1689 2687 1752 sic
2703 1737 2720 1764 ‚
2748 1689 2926 1753 locus
2951 1689 3286 1753 beatorum
3301 1736 3320 1767 ,
3351 1706 3449 1752 ao-

1907 1797 2140 1879 eipitur
2174 1795 2409 1879 triplex
2444 1798 2585 1878 ejus
2619 1797 2970 1879 proprietas
2990 1844 3009 1875 ,
3048 1795 3282 1859 scilieet
3318 1796 3449 1859 im-

1906 1902 2223 1967 mobilitas
2243 1951 2260 1980 ,
2313 1904 2714 1968 uniformitas
2766 1906 2829 1968 et
2889 1902 3314 1967 luminositas.
3371 1901 3450 1968 Et
3551 1908 3564 1915 ‘

1906 2011 2047 2075 haec
2086 2015 2179 2075 est
2225 2012 2387 2076 ratio
2427 2012 2637 2093 magis
2676 2010 2980 2075 catholica
2998 2058 3016 2089 ,
3059 2008 3210 2092 quia
3257 2008 3449 2072 etiam

1907 2123 2122 2183 motus
2144 2119 2286 2184 coeli
2313 2119 2538 2184 stellati
2563 2137 2694 2183 non
2721 2123 2818 2182 est
2843 2117 2963 2181 nisi
2994 2119 3251 2199 propter
3275 2116 3452 2179 obse-

1906 2226 2135 2309 quium
2162 2226 2442 2291 hominis
2464 2226 2727 2291 viatoris
2755 2248 2769 2289 :
2799 2224 2972 2289 unde
2994 2241 3268 2287 numero
3291 2221 3449 2286 elee-

1908 2338 2123 2398 torum
2150 2336 2485 2418 completo,
2516 2352 2651 2398 non
2668 2334 2788 2399 erit
2809 2332 3084 2415 amplius
3110 2329 3445 2394 revolutio.

1908 2439 2205 2504 Rationes
2245 2445 2462 2505 autem
2506 2439 2871 2522 Philosophi
2888 2488 2906 2519 ,
2936 2456 3085 2521 quae
3118 2437 3448 2517 assignan-

1906 2549 2018 2610 tur
2049 2547 2129 2611 de
2155 2552 2337 2611 motu
2369 2547 2538 2626 coeli,
2576 2546 2745 2629 apud
2778 2546 2993 2609 fideles
3030 2544 3175 2627 plus
3215 2543 3451 2606 habent

1907 2654 2204 2719 vanitatis
2241 2673 2438 2737 quam
2476 2653 2757 2720 veritatis
2774 2701 2791 2731 ,
2836 2654 2889 2715 si
2926 2651 3069 2734 quis
3104 2650 3450 2731 diligenter

1906 2762 2192 2843 aspiciat.

1989 2873 2047 2934 5.
2107 2869 2289 2947 Quod
2336 2869 2511 2934 enim
2568 2870 2784 2952 objicit
2828 2869 2907 2933 de
2956 2864 3405 2931 assimilatione
3426 2915 3444 2946 ,

1906 2977 2272 3060 responderi
2301 2981 2504 3060 potest
2531 2977 2700 3059 quod
2738 2975 2849 3039 illa
2876 2993 3066 3038 causa
3093 2973 3271 3037 nulla
3309 2975 3442 3053 est,

1907 3083 2016 3148 sed
2053 3082 2336 3165 impletio
2376 3082 2630 3148 numeri
2670 3082 3034 3147 electorum.
3078 3077 3192 3144 Vel
3227 3078 3448 3143 dioen-

1907 3192 2061 3256 dum
2092 3192 2263 3273 quod
2300 3197 2394 3255 est
2419 3190 2785 3255 assimilatio
2826 3189 2895 3251 in
2939 3186 3203 3251 essendo
3222 3235 3239 3262 ‚
3270 3191 3334 3250 et
3358 3191 3453 3251 est

1907 3299 2274 3363 assimilatio
2303 3300 2370 3361 in
2401 3296 2740 3361 causando.
2771 3294 3058 3359 Verbum
3084 3292 3451 3376 Philosophi

1906 3430 2036 3475 non
2063 3412 2253 3474 habet
2279 3409 2611 3474 veritatem
2634 3407 2846 3490 primo
2873 3406 3089 3485 mod0,
3109 3406 3264 3487 quia
3284 3404 3451 3470 Deus

1907 3524 1969 3583 et
2013 3524 2223 3583 motor
2261 3517 2402 3582 coeli
2447 3522 2541 3580 est
2581 3514 2959 3591 immobilis;
3015 3513 3125 3577 sed
3175 3512 3452 3577 secundo

1909 3628 2098 3690 modo
2125 3645 2239 3708 per
2265 3625 2362 3689 sui
2392 3628 2637 3689 motum
2666 3627 2761 3687 est
2781 3640 2971 3685 causa
2992 3620 3445 3702 generationis.

1906 3733 2068 3810 Quia
2102 3750 2258 3814 ergo
2302 3750 2680 3814 empyreum
2720 3748 2853 3793 non
2896 3728 3106 3809 magis
3141 3728 3452 3791 assimila-

1906 3847 2084 3904 retur
2125 3841 2192 3903 in
2241 3838 2593 3917 causandO,
2638 3838 2691 3900 si
2731 3840 3133 3914 moveretur,
3179 3839 3242 3899 et
3289 3838 3453 3898 esset

1905 3948 2122 4011 minus
2166 3947 2372 4010 simile
2424 3946 2493 4008 in
2542 3945 2835 4024 essendo;
2890 3944 3031 4008 ideo
3079 3942 3452 4025 simpliciter

1906 4054 2244 4119 dicendum
2263 4057 2356 4117 est
2383 4052 2726 4131 immobile,
2749 4055 2813 4115 et
2841 4052 2929 4115 sic
2959 4054 3177 4134 patent
3203 4049 3439 4114 omnia.

2434 4282 2790 4361 QUAESTIO
2822 4282 2901 4347 ΙΙ.

1959 4438 2054 4497 An
2082 4439 2267 4496 coelum
2289 4454 2588 4511 empyreum
2615 4441 2816 4509 innuat
2840 4440 2903 4494 in
2927 4438 3035 4493 hoeo
3058 4436 3327 4504 inferiora
3345 4433 3393 4486 ⁸.

1985 4591 2071 4655 De
2089 4608 2390 4673 empyreo
2412 4545 2726 4673 quantum
2743 4589 2823 4653 ad
2843 4588 3149 4652 virtutem
3173 4586 3448 4650 influen-
3474 4608 3686 4654 rmum.

1905 4700 2046 4777 tiae3
2089 4701 2153 4762 et
2182 4697 2499 4779 quaeritur
2539 4701 2762 4762 utrum
2798 4681 3181 4778 empyreum
3218 4692 3448 4756 influat

1902 4806 1973 4869 in
2001 4807 2140 4870 hau:
2167 4804 2484 4884 inferiora,
2515 4822 2598 4867 an
2624 4823 2778 4869 non.
2812 4802 2889 4867 Et
2916 4802 3087 4885 quod
3125 4801 3236 4876 sic,
3265 4798 3447 4864 vide-

1902 4918 2029 4977 tur.
2062 4911 2136 4975 In
2165 4911 2450 4994 quolibet
2489 4917 2697 4975 creato
2740 4911 2910 4995 quod
2953 4915 3048 4973 est
3093 4908 3443 4991 perfeetum

1904 5025 1967 5083 et
1991 5019 2400 5101 completum,
2433 5020 2529 5082 est
2552 5018 2923 5096 substantia,
2957 5017 3186 5091 virtus,
3216 5031 3446 5096 opera-

1903 5160 1955 5209 q.
1976 5155 2035 5207 11,
2057 5146 2153 5193 art.
2177 5146 2238 5205 33
2259 5145 2311 5193 et
2329 5142 2479 5202 Quol.
2508 5143 2572 5205 V,
2596 5146 2693 5192 art.
2717 5145 2775 5193 19
2786 5158 2804 5206 3
2828 5140 2996 5206 AEgid.
3018 5144 3187 5202 Rom„
3213 5139 3255 5188 ll
3282 5138 3443 5200 Seni„

1902 5218 2019 5269 dist.
2040 5229 2107 5280 ιι,
2136 5230 2186 5280 q.
2211 5227 2269 5279 11,
2287 5218 2386 5265 art.
2407 5218 2464 5277 23
2492 5215 2748 5280 Richard„
2776 5216 2821 5265 11
2841 5215 3004 5277 Sent„
3029 5212 3148 5264 dist.
3174 5223 3243 5275 11,
3271 5213 3366 5261 ait.
3389 5212 3439 5274 3,

1902 5300 2071 5354 q.111;
2101 5287 2348 5351 Dur-and„
2379 5289 2419 5336 ll
2451 5286 2612 5339 Sent..
2637 5286 2753 5339 dist.
2774 5300 2837 5354 11,
2858 5301 2909 5356 q.
2933 5297 3004 5356 113
3027 5284 3206 5350 Steph.
3229 5279 3441 5352 Brulef„

1901 5362 1946 5411 11
1975 5362 2137 5422 sent„
2169 5358 2290 5409 dist.
2315 5369 2385 5421 11,
2415 5371 2469 5422 q.
2493 5368 2608 5416 vm,
