4125 6225
1146 384 1338 461 Dis'l'.
1381 384 1593 459 mn.
1638 385 1818 460 ΛΒΤ.
1863 388 1913 461 1.
1958 392 2255 475 QUAEST.
2302 385 2350 463 1.

77 530 251 593 rat-:sat
268 524 454 589 simile
477 526 560 591 de
599 525 884 611 Trojano
906 579 922 610 ‚
953 531 1108 614 quia
1139 530 1306 596 Deus
1341 532 1432 595 sic
1466 532 1686 615 dispo-

68 608 348 713 fflsuemt
364 681 381 709 ,
422 633 503 697 ad
544 632 868 701 honorem
912 636 1288 702 Sanctorum
1302 685 1320 716 ,
1367 642 1432 702 et
1455 656 1648 703 suum
1664 687 1682 717 ,

185 738 350 822 aliqua
371 742 672 823 specialia
688 743 928 824 facere3
955 748 1020 809 et
1041 742 1183 810 ideo
1206 764 1379 810 mors
1402 745 1513 810 illa
1530 745 1688 811 Tra-

179 848 280 927 J'ani
308 853 365 911 et
400 849 763 928 damnatiO,
790 852 938 916 licet
963 852 1319 918 secundum
1344 872 1567 918 causas
1591 853 1689 917 in-

180 953 386 1019 rariores
423 956 648 1021 finalis
687 958 1017 1024 videretur
1031 1008 1049 1039 ,
1079 964 1295 1024 tamen
1329 961 1687 1026 secundum

180 1062 416 1126 divinam
470 1065 963 1148 dispositionem
1011 1072 1074 1132 et
1118 1068 1456 1132 consilium
1507 1068 1688 1133 aliter

182 1175 300 1233 emt.
320 1170 431 1235 Sed
457 1176 686 1238 tamen
709 1175 859 1257 quis
880 1176 1004 1240 hoc
1028 1176 1259 1240 audeat
1281 1176 1509 1255 dicere,
1526 1177 1686 1259 quin

69 1270 70 1293 ¹
184 1274 307 1340 Deus
333 1277 405 1341 de
428 1277 602 1345 suda
627 1280 754 1345 hac
779 1281 1184 1365 dispositione
1210 1282 1489 1365 potuerit
1515 1281 1687 1365 quod

181 1383 439 1466 disposuit
459 1385 539 1450 de
565 1384 853 1469 Trajano
870 1437 888 1467 ‚
927 1394 990 1453 et
1015 1390 1173 1471 quin
1200 1390 1583 1471 generaliter
1609 1389 1686 1454 de

181 1491 430 1555 omnibus
450 1492 660 1574 possit
683 1494 896 1559 facere
929 1496 1100 1578 quod
1135 1496 1442 1578 probatur
1468 1496 1686 1561 fecisse

184 1597 299 1661 uni?
321 1597 389 1663 lit
409 1600 652 1665 iterum
679 1602 1095 1683 Augustinus
1129 1603 1280 1667 dicit
1310 1604 1484 1686 quod
1520 1604 1687 1669 Deus

185 1704 273 1787 ipsi
294 1705 528 1772 diabolo
557 1708 802 1773 bonam
843 1709 1239 1775 voluntatem
1278 1715 1486 1794 posset
1511 1711 1684 1777 dare.

69 1906 70 1917 2
189 1810 399 1894 Propter
427 1813 552 1879 hoc
587 1816 937 1882 dicendum
963 1819 1136 1899 quod
1164 1818 1422 1900 quando
1447 1818 1689 1900 quaeri-

69 1922 70 1933 ¹
185 1922 264 1983 lm·
277 1924 477 1985 utrum
496 1921 672 1987 Deus
688 1924 890 2006 possit
911 1922 1156 1989 salvare
1175 1924 1209 1989 J
1211 1926 1408 1990 udam
1435 1930 1498 1991 et
1514 1926 1689 1991 dam-

69 2012 72 2077 l
185 2044 301 2091 nare
337 2027 593 2095 Petrum
617 2081 638 2112 ,
669 2032 1015 2097 dicendum
1050 2033 1221 2116 quod
1255 2038 1370 2098 aut
1410 2033 1690 2116 loqueris

187 2134 337 2199 salvis
359 2138 600 2202 meritis
615 2187 638 2219 ‚
669 2143 785 2204 aut
810 2158 945 2204 non
971 2140 1182 2205 salvis.
1221 2138 1289 2205 Si
1326 2139 1518 2204 salvis
1543 2158 1686 2205 me-

191 2246 319 2325 litis,
342 2249 424 2312 sic
459 2250 607 2314 dico
650 2252 826 2334 quod
869 2271 1003 2316 non
1044 2253 1237 2336 possit
1289 2274 1305 2318 z
1357 2254 1481 2318 boc
1513 2254 1687 2318 enim

191 2351 317 2416 idem
331 2360 417 2419 aet
441 2355 680 2437 dicere,
707 2363 771 2422 et
789 2377 1100 2441 quaerere,
1121 2378 1196 2424 ac
1218 2360 1272 2424 si
1293 2366 1691 2443 quaereretur

192 2464 364 2524 utrum
388 2469 598 2545 posset
618 2466 915 2547 judicato
938 2467 1173 2548 injuste
1196 2490 1211 2531 ε
1235 2467 1405 2550 quod
1428 2469 1688 2551 quidem

195 2567 381 2651 absque
402 2571 600 2636 dubio
629 2572 797 2637 Deus
823 2591 955 2637 non
981 2577 1206 2656 potest.
1239 2574 1306 2639 Si
1332 2580 1548 2640 autem
1579 2576 1688 2639 in-

194 2674 463 2757 telligatur
521 2698 663 2745 non
718 2681 912 2751 salvis
972 2682 1247 2763 meritiS,
1304 2683 1395 2747 sic
1449 2684 1701 2766 absque·

197 2780 346 2847 dubio
389 2791 597 2868 posset
639 2786 888 2853 salvare
925 2787 1154 2853 «ludam
1199 2790 1542 2856 auferendo
1576 2809 1692 2874 per

199 2890 420 2973 gratiam
443 2898 708 2976 peccata
733 2900 797 2960 et
836 2895 1141 2961 demerita
1161 2945 1180 2974 ,
1209 2902 1270 2961 et
1308 2898 1515 2963 dando
1552 2917 1690 2964 me-

199 2995 304 3060 rita.
345 2996 524 3066 Petro
571 3006 794 3067 autem
842 3021 978 3067 non
1016 3006 1222 3087 potest
1265 3004 1416 3069 dare
1465 3005 1692 3070 merita

201 3108 328 3174 mah
351 3129 368 3182 ε
391 3112 496 3178 sod
521 3119 743 3179 tamen
759 3162 778 3191 ,
806 3115 970 3184 sicut
993 3114 1334 3181 liberaliter
1372 3117 1542 3183 dedit
1568 3118 1689 3182 bo-

201 3232 316 3288 nam
338 3221 734 3287 voluntatem
761 3221 949 3294 Petro
963 3272 979 3302 ,
1008 3224 1098 3287 ita
1121 3224 1317 3290 etiam
1347 3224 1690 3290 liberaliter

202 3333 509 3410 munt,
540 3329 840 3396 similiter
878 3335 942 3396 et
977 3336 1275 3397 naturam
1305 3355 1323 3398 z
1354 3337 1419 3398 et
1455 3334 1546 3399 sic
1569 3352 1690 3417 pc-

205 3432 304 3496 tent
322 3435 574 3518 objecta.

623 3675 1107 3747 ARTICULUS
1156 3678 1213 3748 Ι.

270 3861 344 3926 ΑΔ
363 3864 849 3950 intelligentiam
873 3870 1202 3953 praesentis
1234 3870 1655 3936 distinctionis
1671 3920 1691 3953 ,

81 3949 84 4038 ἶ
217 3972 468 4047 quaefitm·
484 3975 564 4040 de
579 3977 934 4059 quantitate
953 3978 1188 4045 divinae
1212 3978 1533 4061 potentias,
1559 3980 1695 4046 sive

217 4073 608 4164 deintlnihte3
646 4089 710 4150 et
739 4084 909 4149 circa
953 4085 1076 4150 hoc
1114 4091 1498 4169 quaeruntur
1532 4105 1694 4169 qua-

222 4185 328 4249 ῑιιοι·
356 4208 374 4251 z
413 4192 620 4272 primo
656 4193 976 4276 quaeritur
1012 4199 1234 4259 utrum
1268 4194 1550 4278 potentia
1586 4195 1697 4260 Dei

223 4291 557 4380 dtinnniag
583 4302 865 4367 secundo
882 4351 900 4382 ,
935 4301 1081 4367 dato
1104 4302 1276 4385 quod
1303 4303 1430 4384 sic,
1459 4302 1699 4386 quaeri-

223 4398 299 4462 tur
315 4409 513 4471 utrum
543 4410 684 4492 ipsa
722 4410 994 4474 essentia
1031 4410 1248 4475 divina
1287 4410 1371 4474 sit
1406 4410 1657 4474 infinita
1676 4460 1693 4490 ‚

223 4503 346 4573 sieut
373 4517 668 4597 potentia3
725 4517 918 4582 tertio
933 4565 951 4597 ,
1012 4522 1236 4582 utrum
1286 4516 1453 4582 Deus
1508 4517 1701 4601 possit

225 4615 510 4691 producere
551 4641 714 4707 opus
754 4624 1112 4703 inlinitum3
1161 4628 1421 4707 quarto,
1476 4629 1699 4690 utrum

228 4725 346 4788 ratio
379 4733 667 4811 operandi
711 4732 790 4797 sit
841 4732 1110 4796 infinita.
1163 4731 1381 4797 Prima
1428 4733 1698 4816 quaestio

229 4831 424 4913 respicit
445 4836 821 4904 infinitatem
847 4841 915 4904 in
937 4839 1281 4924 possend03
1302 4842 1598 4922 secunda,
1627 4842 1698 4906 in

231 4940 464 5021 mendog
487 4948 699 5029 tertia,
730 4947 801 5012 in
825 4946 1179 5032 operand03
1204 4952 1463 5030 quarta,
1497 4950 1567 5014 in
1590 4969 1698 5015 ra-

231 5037 359 5108 tium
375 5054 682 5131 operandi.

240 5167 385 5308 ¹2:52:
398 5174 527 5313 222¹,-
539 5179 1698 5320 messiam-2

243 5305 362 5386 ἓωι,
386 5315 400 5362 1
427 5319 576 5384 sent„
602 5321 718 5373 cist.
741 5334 870 5373 mn
887 5359 904 5386 ,
934 5337 984 5388 q.
1006 5336 1061 5387 1;
1089 5324 1260 5389 AEgid.
1290 5325 1458 5388 Rom„
1490 5326 1507 5375 ι
1539 5325 1698 5386 sent„

244 5375 478 5454 &xmo
500 5403 552 5454 q.
575 5403 626 5456 1;
652 5394 920 5459 amicus,
945 5395 1000 5447 in
1025 5396 1253 5460 sum,
1278 5399 1373 5449 ιιι.
1400 5407 1527 5461 xxv,
1556 5409 1612 5460 q.
1636 5400 1699 5460 63

3214 391 3331 464 ην

2340 641 2700 722 QUAESTIO
2745 643 2796 708 1.

1796 809 1893 867 An
1911 812 2166 882 potentia
2192 812 2293 869 Dei
2308 851 2325 881 ‚
2359 812 2640 869 secundum
2664 811 2812 935 :mod
2835 811 3135 883 ludusmcdi
3152 853 3171 881 ,
3201 815 3335 887 infi-

2416 904 2540 960 nita
2564 904 2639 959 sit
2692 944 2705 961 .

1879 1065 2108 1132 Utrum
2149 1068 2257 1133 Dei
2300 1070 2579 1153 potentia
2621 1070 2703 1134 sit
2747 1070 3024 1150 infinita5
3065 1074 3130 1136 et
3166 1072 3340 1154 quod
3367 1090 3575 1135 runc-m.

1798 1174 1933 1256 ipsa
1971 1174 2251 1257 potentia
2267 1221 2286 1252 ‚
2329 1175 2683 1239 secundum
2720 1178 2895 1259 quod
2935 1176 3336 1259 hujusmodi,

1799 1281 1881 1345 sit
1909 1282 2186 1362 infinita,
2216 1282 2569 1347 ostenditur
2595 1283 2708 1347 sic.
2735 1282 3064 1348 Infinitum
3086 1284 3338 1365 dicitur,

1798 1388 1973 1472 quod
2022 1408 2157 1453 non
2193 1388 2384 1455 habet
2422 1389 2773 1453 terminum
2817 1396 2840 1430 ²
2893 1408 2911 1452 z
2963 1389 3071 1454 sed
3123 1390 3343 1456 divina

1798 1494 2080 1577 potentia
2099 1499 2417 1577 quantum
2438 1496 2519 1560 ad
2544 1513 2727 1578 posse
2753 1513 2885 1560 non
2911 1496 3104 1563 habet
3124 1497 3344 1561 termi-

1799 1620 1961 1666 num
2000 1624 2016 1666 :
2060 1620 2219 1684 ergo
2236 1650 2253 1678 ,
2296 1607 2416 1667 etc.
2456 1601 2669 1667 Prima
2706 1603 3039 1668 manifesta
3065 1607 3194 1685 θεῖς
3241 1622 3343 1670 se-

1798 1710 2009 1774 cunda
2033 1714 2205 1793 patet
2244 1728 2357 1793 per
2396 1710 2915 1795 Chrysostomum
2960 1711 3029 1775 in
3064 1713 3343 1795 quadam

1800 1816 2125 1885 Homilia:
2177 1842 2209 1881 α
2243 1818 2657 1902 Omnipotens
2698 1819 2963 1899 dicitur,
3006 1819 3162 1901 quia
3205 1822 3345 1901 ejus

1800 1943 1982 2009 posse
2000 1944 2133 1990 non
2146 1927 2392 1991 invenit
2407 1946 2539 1992 non
2560 1946 2740 2010 posse
2761 1950 2776 1991 ε
2795 1949 2825 1987 n
2848 1944 3007 2009 ergo
3025 1926 3079 1989 si
3096 1943 3345 2010 semper

1798 2033 2046 2098 invenit
2071 2052 2276 2117 posse,
2307 2038 2371 2098 et
2394 2016 2644 2118 semper
2668 2035 3093 2118 quantitatem
3117 2038 3346 2116 poten-

1797 2141 1907 2205 tiae
1962 2141 2419 2225 accipientibus
2465 2146 2562 2207 est
2610 2142 2781 2208 ultra
2818 2142 3106 2231 accipere
3120 2187 3141 2221 ,
3185 2158 3345 2224 ergo

1796 2246 2069 2314 infinita.
2136 2276 2155 2293 ·

1881 2355 2040 2421 Item
2070 2361 2093 2397 ⁸
2134 2359 2344 2422 omnis
2379 2360 2657 2441 potentia
2702 2359 2909 2424 activa
2955 2378 3102 2443 quae
3140 2363 3345 2444 potest

1799 2462 1868 2526 in
1895 2462 2157 2531 effectus
2180 2465 2487 2546 infinitos,
2509 2470 2603 2530 est
2627 2470 2775 2530 actu
2797 2467 3050 2531 infinita
3076 2490 3092 2532 t
3125 2467 3345 2533 divina

1799 2570 2083 2652 potentia
2116 2575 2211 2637 est
2234 2571 2605 2654 huiusmodi
2637 2593 2654 2636 ε
2686 2589 2867 2654 ergo,
2901 2576 3019 2637 etc.
3050 2571 3344 2638 Prohatio

1799 2677 2048 2759 primae.
2081 2677 2151 2745 Si
2184 2679 2464 2761 potentia
2498 2683 2593 2744 est
2636 2697 2800 2762 pure
2836 2680 2908 2742 in
2951 2683 3099 2744 actu
3119 2729 3137 2761 ,
3183 2698 3342 2763 ergo

1798 2782 1992 2848 habet
2011 2788 2222 2851 totum
2246 2785 2598 2867 actualiter,
2630 2786 2802 2869 quod
2826 2789 3030 2869 potest
3055 2786 3291 2851 habere
3320 2805 3339 2851 t

1795 2909 1958 2974 ergo
1985 2894 2039 2958 si
2064 2896 2274 2958 totum
2300 2893 2490 2959 habet
2505 2893 2854 2974 actualiter,
2875 2898 2937 2958 et
2952 2893 3115 2957 nihil
3140 2898 3345 2977 potest

1799 3004 1862 3069 ei
1896 3018 2248 3067 accrescere
2265 3049 2282 3078 ‚
2312 3019 2433 3065 nee
2463 3001 2544 3065 de
2580 3018 2751 3066 novo
2794 3001 3036 3085 aliquid
3069 3001 3253 3080 dare,
3282 3006 3346 3067 et

1800 3110 2084 3197 potentia
2126 3115 2201 3175 ut
2240 3112 2460 3193 potens
2494 3127 2562 3174 se
2605 3109 2887 3175 extendit
2934 3109 3017 3176 ad
3054 3110 3340 3193 infinita,
3403 3122 3411 3130 ·

1798 3236 1958 3301 ergo
1985 3221 2132 3282 actu
2154 3216 2348 3281 habet
2367 3218 2438 3280 in
2460 3235 2529 3281 se
2554 3216 2959 3284 infinitatem.
2996 3217 3206 3284 Minor
3229 3239 3344 3303 pa-

1795 3328 1924 3403 tet,
1954 3326 2111 3409 quia
2135 3325 2356 3391 divina
2382 3326 2663 3408 potentia
2686 3343 3023 3409 nunquam
3045 3331 3251 3410 potest
3273 3327 3344 3393 in

1799 3436 1894 3502 tot
1931 3432 2235 3509 effectus,
2278 3431 2439 3515 quin
2479 3431 2690 3497 adhuc
2730 3432 2930 3515 possit
2967 3431 3038 3496 in
3072 3432 3287 3516 plures
3325 3455 3340 3499 ε

1802 3559 1960 3624 ergo
1988 3541 2394 3606 manifestum
2414 3545 2511 3605 est
2533 3540 2705 3624 quod
2727 3540 2809 3606 sit
2831 3540 3102 3607 infinita.

1883 3647 2064 3727 Item,
2096 3648 2307 3712 omnis
2331 3647 2611 3731 potentia
2634 3665 2782 3730 quoe
2808 3651 3013 3731 potest
3037 3648 3108 3712 in
3130 3651 3346 3714 actum

1801 3755 2153 3835 infinitum,
2185 3755 2240 3818 si
2269 3755 2532 3819 omnino
2560 3758 2657 3820 est
2676 3754 2751 3819 in
2778 3759 2947 3836 actu,
2973 3759 3069 3820 est
3095 3755 3345 3839 simpli-

1801 3864 1958 3934 citer
1985 3863 2238 3927 infinita
2269 3885 2284 3927 ε
2314 3863 2423 3927 sed
2464 3861 2685 3928 divina
2731 3862 2940 3929 virtus
2980 3867 3078 3927 est
3115 3862 3349 3946 hujus-

1805 3977 1977 4044 modi
2010 3999 2027 4042 :
2058 3995 2255 4059 ergo,
2285 3981 2405 4041 etc.
2437 3976 2640 4059 Major
2678 3980 2850 4059 patet
2890 3977 2980 4042 sic
3025 3996 3044 4042 z
3090 3977 3347 4043 sicutse

1802 4084 1995 4154 habet
2037 4085 2319 4169 potentia
2361 4084 2443 4149 ad
2489 4085 2841 4167 potentiam
2860 4133 2877 4162 ‚
2911 4084 3003 4150 sic
3042 4089 3223 4151 actus
3267 4087 3347 4151 ad

1804 4197 2019 4258 actum
2069 4215 2086 4257 ε
2131 4192 2240 4257 sed
2270 4196 2449 4256 actus
2491 4191 2783 4257 infinitus
2817 4192 3062 4257 excedit
3090 4193 3345 4258 finitum

1803 4301 1873 4364 in
1913 4301 2241 4366 infinitum
2277 4324 2292 4364 ε
2328 4316 2487 4381 ergo
2529 4302 2594 4363 et
2630 4299 2911 4382 potentia
2944 4300 3291 4383 potentiam
3325 4323 3340 4365 ε

1803 4425 1966 4489 ergo
1991 4408 2046 4471 si
2072 4406 2355 4489 potentia
2378 4409 2474 4471 est
2493 4406 2759 4471 omnino
2785 4406 2858 4470 in
2881 4410 3054 4485 actu,
3084 4411 3183 4472 αι
3202 4407 3347 4471 infl-

1804 4517 1961 4580 nita.
1993 4513 2202 4579 Minor
2226 4518 2435 4597 patet,
2472 4513 2627 4598 quia
2656 4514 2818 4578 Deus
2848 4514 3081 4579 dicitur
3112 4515 3346 4580 durare

1805 4623 1875 4687 in
1897 4623 2249 4699 infinitum,
2270 4627 2333 4687 et
2356 4625 2560 4705 potest
2584 4626 2947 4687 creaturam
2972 4639 3345 4688 conscivere

1805 4730 1876 4795 in
1902 4730 2229 4795 infinitum
2255 4749 2274 4793 z
2298 4747 2478 4811 erge,
2507 4732 2628 4794 etc.

1887 4836 2047 4903 Item
2067 4884 2088 4916 ‚
2138 4837 2346 4902 omnis
2393 4835 2674 4919 potentia
2713 4854 2863 4919 quae
2904 4837 3113 4919 potest
3151 4851 3348 4918 super

1807 5034 2069 5098 nim,
2090 5035 2106 5090 Ι
2130 5034 2289 5097 seut„
2306 5031 2422 5090 dist,
2438 5043 2587 5096 xun,
2608 5045 2661 5098 q.
2679 5043 2744 5096 u;
2767 5032 2949 5090 Thom.
2976 5033 3118 5096 Arg„
3139 5032 3157 5086 l
3182 5029 3341 5091 Sene..

1808 5107 1925 5158 dist.
1941 5117 2093 5170 xun,
2112 5119 2165 5170 q.
2185 5118 2220 5168 1,
2243 5108 2337 5155 art.
2357 5107 2386 5155 3
2399 5118 2420 5168 3
2442 5104 2633 5156 Marsil.
2655 5104 2893 5166 luguen„
2914 5104 2933 5151 1
2956 5103 3116 5164 Sena,
3138 5117 3189 5166 q.
3211 5113 3343 5166 nu,

1806 5183 1904 5230 art.
1927 5182 1987 5241 23
2015 5178 2165 5228 Joan.
2194 5177 2434 5237 Baccon„
2466 5178 2481 5225 l
2505 5175 2664 5236 Seni„
2692 5174 2975 5237 dist.xt.111,
3003 5187 3055 5239 q.
3081 5185 3133 5238 13
3163 5173 3341 5238 Steph.

1809 5250 2018 5313 Brulet„
2064 5251 2083 5299 l
2127 5249 2286 5308 Seni„
2322 5248 2438 5298 dist.
2461 5258 2620 5312 xnm,
2649 5260 2702 5311 q.
2727 5258 2778 5310 ¹3
2814 5247 2996 5297 Petrus
3021 5246 3086 5297 de
3113 5247 3341 5310 Tar-ant„

1811 5325 1828 5373 1
1861 5324 2019 5381 sent,
2046 5321 2164 5370 dist.
2186 5331 2319 5371 xmn
2333 5353 2351 5382 ,
2379 5332 2430 5383 q.
2456 5329 2494 5368 ι.
2516 5343 2581 5357 -
2605 5319 2628 5358 ¹
2645 5317 2873 5379 Aristot„
2900 5317 3098 5382 physic.
3124 5317 3213 5368 lib.
3241 5316 3307 5366 ΙΙΙ
3325 5352 3340 5382 ,

1810 5398 1948 5446 cont.
1970 5394 2049 5445 24.
2072 5392 2167 5429 —⁸
2185 5392 2304 5445 vid.
2335 5392 2498 5454 Soet„
2526 5404 2644 5455 sup.
2670 5389 2788 5441 dist.
2808 5400 2879 5453 n,
2906 5403 2960 5456 q.
2984 5401 3048 5454 n,
3078 5391 3114 5439 l.
3137 5393 3214 5442 to.
