4125 6225
34 1287 89 1331 Ad
106 1301 201 1345 opp.

1033 489 1226 560 ms‘r.
1272 493 1380 559 111.
1426 492 1653 559 PART.
1700 493 1781 558 ιι.
1825 449 2006 559 m.
2051 492 2129 557 11.
2175 492 2482 598 QUAEs‘r.
2514 494 2594 559 11.

746 748 1154 829 QUAESTIO
1195 749 1275 814 ΙΙ.

222 899 317 969 'An
362 915 584 984 anqelus
633 914 886 969 naturali
912 915 1218 983 cognitione
1239 956 1254 977 ,
1301 914 1418 970 sine
1448 912 1654 978 medio,
1703 918 1755 970 et

295 1008 552 1059 creatura:
580 1002 943 1069 adminiculo,
982 1003 1229 1059 divinam
1255 1006 1536 1060 essentiam
1564 1018 1753 1073 coquo-

294 1095 436 1149 verit
454 1094 499 1150 ¹.

305 1274 393 1340 De
449 1274 727 1339 naturali
777 1273 1144 1357 cognitione
1204 1273 1433 1355 angeli'
1472 1276 1762 1355 respectu

230 1383 544 1447 creatricis
582 1382 905 1460 essentiae3
955 1384 1018 1446 et
1058 1386 1154 1446 est
1195 1382 1494 1464 quaestio,
1539 1385 1761 1445 utrum

229 1489 498 1569 angelus
516 1507 630 1571 per
647 1488 1081 1570 cognitionem
1096 1487 1451 1553 naturalem
1478 1488 1762 1552 divinam

229 1597 568 1660 essentiam
606 1597 978 1678 cognoverit
1010 1597 1078 1659 in
1120 1614 1187 1660 se
1228 1596 1365 1678 ipsa
1404 1595 1543 1659 sine
1584 1595 1763 1660 omni

229 1705 440 1769 medio
463 1708 529 1769 et
564 1708 870 1769 creaturae
904 1704 1312 1769 adminiculo.
1340 1703 1419 1767 Et
1445 1703 1614 1786 quod
1649 1703 1760 1779 sic,

228 1813 486 1876 videtur
521 1833 536 1876 :
585 1812 873 1893 Angelus
909 1831 1022 1895 per
1064 1816 1360 1876 naturam
1399 1811 1591 1875 habet
1628 1811 1762 1875 dei-

229 1921 503 1984 formem
527 1920 909 1984 intellectum
927 1969 945 2002 ,
977 1921 1140 1984 sicut
1170 1920 1311 1986 vult
1333 1919 1668 2001 Dionysius
1695 1918 1766 1982 in

228 2028 389 2093 libro
412 2028 494 2094 de
512 2030 774 2096 Divinis
796 2029 1176 2096 Nominibus
1193 2030 1215 2064 ¹
1233 2049 1257 2091 .·
1282 2027 1390 2092 sed
1415 2027 1767 2091 intellectus

229 2134 580 2217 humanus,
609 2136 866 2219 quando
891 2137 1090 2200 factus
1126 2137 1219 2199 est
1242 2133 1586 2215 deiformis,
1614 2152 1768 2218 cog-

230 2263 490 2310 noscere
515 2248 718 2328 potest
754 2244 951 2308 Deum
978 2244 1045 2307 in
1074 2244 1215 2308 luce
1242 2261 1360 2307 sua
1386 2264 1401 2305 :
1434 2260 1568 2306 non
1594 2241 1768 2306 enim

231 2352 508 2416 efficitur
534 2352 854 2416 deiformis
869 2400 886 2431 ,
928 2351 1052 2414 nisi
1079 2368 1193 2433 per
1229 2349 1504 2431 gloriam
1554 2372 1570 2413 :
1611 2366 1768 2430 ergo

231 2463 292 2523 et
311 2460 442 2524 hoc
464 2463 710 2542 poterat
734 2457 1001 2540 angelus
1026 2475 1140 2540 per
1160 2462 1477 2521 naturam.

306 2571 368 2631 2.
396 2565 560 2630 Item
581 2565 853 2647 angelus
873 2584 984 2648 per
1000 2570 1299 2630 naturam
1317 2567 1413 2628 est
1436 2563 1768 2647 speculum

229 2673 482 2738 clarum
528 2673 728 2756 ipsius
765 2674 1046 2756 supremi
1087 2672 1350 2737 luminis
1400 2696 1414 2737 ε
1463 2673 1573 2738 sed
1613 2672 1770 2737 illud

229 2778 458 2845 lumen
482 2799 752 2863 semper,
782 2785 1097 2863 quantum
1124 2783 1220 2845 est
1244 2782 1323 2845 de
1350 2798 1417 2844 se
1433 2828 1451 2859 ‚
1482 2783 1545 2844 et
1570 2785 1768 2843 natu-

229 2889 451 2954 raliter
504 2889 981 2972 supersplendet
1034 2889 1290 2971 speculo
1339 2887 1766 2952 intellectuali.

232 2996 295 3061 Si
323 3015 493 3079 ergo
513 2997 844 3080 speculum
876 2996 1218 3074 mundum,
1272 2996 1588 3079 objectum
1629 2994 1770 3074 soli,

230 3104 585 3189 claritatem
638 3104 899 3186 suscipit
944 3122 1058 3187 per
1110 3106 1444 3180 naturam,
1501 3120 1658 3185 ergo
1710 3103 1775 3166 et

231 3211 509 3293 angelus
526 3211 873 3276 claritatem
890 3211 1060 3275 illius
1079 3229 1373 3293 supernae
1400 3209 1559 3274 lucis
1576 3227 1594 3273 :
1616 3227 1773 3290 ergo

231 3336 385 3382 cum
407 3319 605 3399 possit
620 3317 879 3384 oculum
897 3318 979 3383 ad
1004 3318 1178 3382 illam
1197 3332 1540 3401 supernam
1562 3316 1774 3381 lucem

232 3425 420 3489 nullo
459 3425 799 3490 obsistente
832 3424 1138 3506 dirigere,
1190 3425 1300 3490 sed
1342 3428 1405 3488 et
1442 3424 1775 3506 dirigendo

234 3549 641 3613 cognoscere,
672 3549 829 3614 ergo
852 3532 1104 3597 videtur
1123 3532 1295 3614 quod
1311 3531 1587 3595 naturali
1615 3549 1776 3614 cog-

235 3639 513 3703 nitione·
554 3639 760 3721 ipsam
819 3639 1103 3705 divinam
1169 3639 1379 3703 lucem
1443 3639 1512 3702 in
1572 3638 1778 3722 seipsa

237 3751 605 3828 cognoscat.
654 3747 722 3812 Si
766 3747 938 3811 dicas
989 3746 1158 3831 quod
1211 3746 1376 3811 acies
1423 3747 1776 3811 intellectus

236 3853 460 3937 angeli
486 3854 932 3919 retunderetur
962 3858 1216 3937 propter
1241 3854 1777 3937 improportione-

237 3962 549 4026 bilitatem
594 3962 893 4040 luminis3
945 3966 1163 4025 contra
1194 3985 1210 4022 ι
1257 3960 1520 4044 Semper
1567 3964 1779 4026 manet

237 4068 957 4154 improportionabilitas
985 4114 1005 4147 ,
1066 4067 1373 4151 quidquid
1428 4067 1613 4133 detur
1660 4086 1778 4132 an-

236 4176 424 4258 gelo;
454 4193 615 4257 ergo
643 4192 981 4257 nunquam
1010 4174 1274 4240 videret.

319 4289 383 4349 3.
409 4281 593 4360 Item,
616 4299 764 4365 quae
788 4285 940 4347 sunt
965 4281 1380 4347 essentialiter
1407 4284 1471 4346 et
1503 4298 1780 4365 praesen-

236 4393 473 4457 tialiter
525 4391 600 4454 in
655 4390 934 4474 potentia
996 4394 1412 4472 cognomnte
1434 4439 1452 4469 ,
1506 4408 1778 4471 eognos-

239 4502 480 4565 cuntur
524 4516 639 4581 per
680 4498 782 4563 sui
826 4497 1235 4581 praesentiam
1287 4500 1352 4560 et
1405 4497 1740 4561 essentiam
1757 4545 1775 4576 ,

238 4606 411 4670 sicut
421 4604 576 4669 dicit
591 4603 996 4685 Augustinus
1013 4608 1059 4684 ⁸,
1077 4602 1156 4668 de
1181 4602 1496 4671 Trinitate
1513 4608 1577 4668 et
1591 4618 1784 4686 super

245 4714 541 4779 Genesim
567 4711 657 4779 ad
687 4712 993 4791 litteram,
1022 4710 1194 4794 quod
1234 4711 1450 4775 anima
1482 4711 1777 4794 seipsam,

240 4825 307 4885 et
333 4820 593 4885 habitus
607 4836 760 4884 suos
774 4837 887 4902 per
908 4819 1248 4883 essentiam
1283 4823 1347 4883 et
1375 4806 1780 4902 pressentiam

244 4928 592 5010 cognoscit.
623 4926 692 4992 Si
719 4945 879 5009 ergo
905 4926 1070 4991 Deus
1093 4927 1624 5010 praesentissimus
1648 4931 1787 4992 erat

243 5035 599 5101 intellectui
644 5034 935 5116 angelico
952 5082 970 5115 ,
1013 5037 1076 5098 et
1120 5032 1243 5098 hoc
1288 5042 1403 5117 per
1444 5038 1741 5099 naturam
1759 5084 1778 5116 ,

317 5197 441 5261 ¹Gf.
472 5199 525 5249 S.
549 5197 801 5260 Thomas,
838 5211 888 5261 p.
922 5198 977 5260 1,
1006 5210 1055 5261 q.
1085 5207 1179 5260 LV,
1208 5198 1301 5248 art.
1336 5200 1391 5259 1;
1422 5200 1474 5247 et
1512 5195 1572 5246 de
1604 5196 1782 5261 Verit„

250 5287 306 5335 q.
326 5281 478 5334 xvm,
497 5274 593 5320 art.
618 5276 641 5320 ¹
664 5285 677 5319 ε
710 5269 970 5333 Scotus,11
994 5271 1155 5332 Sene„
1181 5268 1297 5320 dist.
1321 5280 1414 5332 111,
1441 5282 1493 5333 q.
1513 5281 1548 5319 x
1562 5283 1580 5332 3
1611 5269 1778 5334 AEgid.

250 5344 431 5404 Rom„
466 5342 507 5391 ll
540 5341 700 5401 Seni„
731 5340 845 5392 dist.
870 5352 963 5405 ιιι,
985 5355 1038 5405 p.
1068 5342 1137 5403 11,
1166 5355 1218 5406 q.
1244 5352 1314 5400 ιι,
1356 5343 1531 5404 atti,
1568 5341 1691 5392 duh.
1720 5346 1780 5407 13

252 5413 308 5462 et
328 5410 389 5461 de
413 5408 612 5476 coquit.
639 5412 791 5476 Any„
818 5426 869 5476 q.
890 5424 961 5478 11;
990 5412 1248 5477 Richard„
1277 5414 1319 5463 11
1348 5413 1509 5474 Seni„
1546 5408 1663 5465 dist.
1691 5424 1781 5478 ιιι,

252 5486 433 5548 art-6,
463 5494 603 5547 q.}1;
628 5484 911 5547 Bomitae,
936 5483 1136 5546 Quolib-
1156 5485 1309 5550 Ἴψῳ
1328 5494 1446 5547 nu
1477 5484 1781 5544 uuanda,

3274 505 3392 568 339

1863 647 2019 711 ergo
2067 630 2438 695 naturaliter
2480 631 2683 713 ipsam
2731 631 3015 698 divinam
3059 637 3394 702 essentiam

1864 738 1936 799 in
1960 736 2163 820 seipsa
2189 738 2625 819 cognoscebat.

1948 849 2008 909 4.
2055 844 2212 910 ltem
2235 863 2426 910 omne
2451 846 2607 911 illud
2626 848 2794 929 quod
2817 849 2912 912 est
2935 865 3048 913 ens
3074 853 3398 933 cognosci-

1865 952 1991 1016 bile
2031 971 2146 1035 per
2189 971 2278 1034 se,
2325 959 2437 1018 ant
2470 955 2871 1036 cognoscitur
2910 973 3025 1040 per
3065 959 3164 1022 sui
3193 978 3400 1025 essen-

1867 1059 2023 1124 tiam
2042 1108 2059 1139 ,
2114 1064 2227 1124 aut
2289 1079 2401 1143 per
2459 1062 2731 1144 speciem
2767 1086 2782 1127 :
2809 1063 2870 1145 si
2927 1082 3084 1147 ergo
3131 1066 3403 1149 angelus

1870 1168 2288 1249 cognoscebat
2315 1168 2518 1234 Deum
2552 1171 2923 1235 naturaliter
2941 1221 2959 1251 ,
2990 1175 3064 1237 ut
3094 1173 3242 1237 dicit
3267 1173 3402 1240 Ma-

1871 1274 2069 1355 gister
2093 1275 2163 1338 in
2187 1274 2415 1355 littera,
2448 1280 2562 1341 aut
2584 1294 2700 1359 per
2724 1277 3020 1360 speciem,
3051 1283 3165 1344 aut
3189 1281 3258 1343 in
3287 1299 3404 1346 sua

1872 1381 2183 1445 essentia:
2214 1382 2323 1446 sed
2366 1401 2497 1447 non
2539 1402 2654 1467 per
2691 1386 3003 1467 speciem:
3048 1403 3206 1469 ergo
3221 1436 3240 1467 ,
3281 1391 3399 1453 etc.

1875 1488 2051 1566 Quod
2081 1493 2295 1554 autem
2321 1507 2452 1562 non
2475 1509 2591 1573 per
2614 1492 2912 1574 speciem,
2944 1494 3237 1560 videtur:
3269 1514 3408 1579 spe-

1875 1598 2001 1662 cies
2013 1600 2188 1662 enim
2206 1601 2301 1663 est
2313 1599 2573 1681 majoris
2591 1600 3028 1683 simplicitatis,
3049 1604 3113 1666 et
3129 1602 3411 1668 abstrac-

1873 1704 2097 1784 tioniS,
2142 1706 2206 1770 et
2261 1705 2591 1788 puritatis,
2640 1725 2835 1789 quam
2883 1707 3040 1772 illud
3086 1711 3271 1792 cujus
3311 1700 3411 1774 est

1874 1813 2146 1895 species:
2175 1812 2283 1877 sed
2309 1813 2473 1876 nihil
2499 1814 2627 1878 Deo
2647 1814 3030 1897 simplicius:
3060 1835 3219 1900 ergo
3247 1816 3413 1882 Deus

1875 1920 2150 2001 speciem
2176 1939 2307 1985 non
2340 1922 2565 1986 habet:
2595 1940 2752 2004 ergo
2779 1941 2910 1987 non
2936 1928 3180 2007 poterat
3209 1944 3411 2008 ange-

1874 2031 1978 2095 lus
2016 2028 2220 2094 Deum
2256 2033 2446 2094 nosse'
2477 2045 2591 2113 per
2631 2031 2943 2113 speciem:
2974 2034 3038 2098 et
3078 2032 3260 2100 novit
3300 2052 3415 2122 per

1860 2138 2173 2222 speciem,
2198 2138 2304 2203 vel
2325 2139 2701 2204 essentiam:
2733 2157 2912 2223 ergo,
2949 2145 3065 2207 etc.

1958 2248 2018 2311 5.
2044 2231 2214 2310 'Item
2249 2247 2520 2328 angelus
2555 2263 2671 2328 per
2708 2247 3065 2313 naturalem
3101 2249 3415 2331 cognitio-

1875 2370 2028 2418 nem
2053 2353 2257 2417 Deum
2281 2353 2719 2434 cognoscebat.
2748 2355 2881 2419 Aut
2902 2371 3059 2435 ergo
3090 2355 3213 2418 suh
3241 2355 3413 2421 vela-

1875 2460 2070 2540 tione,
2102 2464 2216 2525 aut
2240 2460 2395 2525 facie
2423 2461 2733 2526 revelata:
2768 2473 2900 2525 non
2929 2461 3052 2526 suh
3073 2461 3409 2540 velatione,

1878 2567 2031 2650 quia
2057 2568 2349 2633 velamen
2384 2585 2516 2632 non
2550 2572 2645 2632 est
2678 2568 2803 2631 nisi
2837 2571 3095 2651 propter
3132 2568 3410 2651 culpam,

1878 2673 1982 2738 vel
2019 2680 2277 2758 propter
2317 2674 2551 2739 molem
2586 2673 2797 2739 carnis
2834 2676 2974 2757 conj
2982 2678 3274 2740 unctam:
3306 2674 3416 2741 sed

1878 2783 1946 2846 in
1991 2784 2223 2864 angelo
2265 2782 2445 2848 nulla
2493 2785 2628 2847 erat
2671 2782 2922 2847 macula
2960 2781 3194 2864 culpae,
3237 2781 3418 2848 nulla

1881 2888 2080 2960 moles
2114 2889 2318 2954 carnis
2342 2892 2703 2972 conjuncta,
2744 2903 2863 2954 nec
2900 2890 3418 2972 phanmsmatum

1880 2997 2246 3063 obsistentia
2279 3017 2297 3062 :
2353 3015 2510 3081 ergo
2559 3015 2678 3063 sua
2733 2999 3011 3064 naturali
3054 2998 3417 3081 cognitione

1881 3120 2203 3170 summam
2224 3106 2560 3171 essentiam
2584 3105 2655 3169 in
2684 3123 2801 3170 sua
2823 3105 2965 3171 luce
2991 3104 3266 3171 videbat.

1961 3217 2022 3278 6.
2050 3212 2231 3292 Item,
2252 3213 2308 3278 si
2325 3213 2593 3297 angelus
2619 3214 3037 3295 cognosoebat
3061 3212 3287 3291 Deum,
3308 3215 3422 3278 aut

1881 3338 2039 3402 ergo
2081 3339 2196 3403 per
2229 3321 2516 3386 medium
2530 3369 2548 3402 ,
2580 3324 2695 3385 aut
2731 3320 2870 3384 sine
2909 3320 3152 3385 medio:
3200 3319 3257 3385 si
3282 3320 3417 3385 sine

1880 3427 2112 3507 mediO,
2157 3446 2314 3511 ergo
2355 3428 2609 3493 videbat
2638 3428 2707 3491 in
2748 3427 2982 3511 seipso;
3032 3427 3089 3490 si
3127 3440 3243 3511 per
3281 3442 3418 3492 me-

1883 3534 2089 3612 dium,
2107 3552 2264 3615 ergo
2276 3534 2445 3599 inter
2462 3537 2743 3600 mentem
2758 3534 2994 3615 angeli,
3012 3538 3075 3598 et
3087 3532 3287 3600 Deum
3307 3535 3414 3620 (α),

1882 3642 2123 3725 aliquid
2166 3645 2303 3706 erat
2338 3643 2657 3707 medinm:
2697 3641 2868 3724 quod
2908 3644 3001 3706 est
3036 3645 3255 3707 contra
3283 3645 3416 3707 Au-

1884 3749 2217 3832 gustinum
2239 3797 2257 3827 ,
2301 3753 2364 3814 et
2412 3752 2631 3813 contra
2671 3747 3005 3812 rationem.
3050 3745 3213 3813 Nam
3261 3748 3420 3814 illud
3473 3784 3483 3793 ·

1883 3857 2196 3936 medium,
2244 3860 2356 3921 aut
2412 3859 2572 3920 esset
2629 3855 2840 3936 magis
2888 3856 3421 3939 proportionabile

1885 3963 2011 4029 Deo
2057 3978 2252 4046 quam
2290 3980 2474 4027 mens
2503 3962 2747 4043 angeli,
2778 3966 2894 4026 aut
2918 3962 3167 4027 minus:
3204 3962 3259 4027 si
3280 3979 3422 4028 ma-

1885 4070 2008 4151 gis,
2047 4086 2206 4152 ergo
2248 4069 2461 4151 aliqua
2498 4073 2789 4133 creatura
2823 4069 3117 4152 superior
3154 4069 3385 4152 angelo
3397 4088 3416 4150 ;

1885 4176 1940 4240 si
1985 4177 2229 4257 minus,
2270 4190 2426 4258 ergo
2460 4176 2670 4260 potius
2699 4177 3081 4260 impediebat
3118 4177 3422 4260 cognitio—

1884 4301 2036 4348 nem
2050 4331 2069 4362 ,
2111 4300 2308 4367 quam
2346 4284 2693 4367 adjuvabat
2729 4306 2743 4348 :
2774 4288 2970 4350 restat
3012 4284 3213 4367 igitur
3250 4284 3422 4370 quod

1886 4392 2155 4473 angelus
2179 4410 2294 4476 per
2308 4393 2739 4474 cognitionem
2767 4394 3125 4459 naturalem
3149 4406 3424 4476 cognos-3

1887 4501 2067 4565 cebat
2090 4500 2378 4566 divinam
2406 4500 2744 4564 essentiam
2776 4500 2847 4565 in
2871 4501 3101 4583 seipsa.

1967 4608 2198 4673 Contra
2211 4614 2271 4672 ¹·:
2304 4609 2457 4674 Hoec
2481 4613 2573 4674 est
2596 4608 2741 4675 vita
2769 4611 3029 4687 (eima,
3068 4605 3147 4675 ut
3170 4618 3425 4691 coquos-
3449 4636 3657 4684 ranam.

1888 4724 2037 4785 cam
2064 4723 2121 4784 te
2152 4718 2346 4783 Deum
2363 4737 2389 4779 .-
2423 4734 2580 4797 ergo
2605 4717 2673 4780 in
2699 4717 2941 4781 visione
2968 4716 3078 4781 Dei
3103 4719 3196 4781 est
3221 4716 3425 4782 heati-

1888 4826 2042 4891 tudo
2063 4842 2350 4890 summa:
2380 4824 2436 4887 si
2463 4841 2617 4906 ergo
2648 4823 2773 4888 hoc
2800 4824 2992 4888 habet
3015 4824 3286 4906 angelus
3308 4843 3424 4909 per

1888 4934 2209 5011 naturam,
2240 4949 2397 5012 ergo
2427 4942 2539 5013 per
2564 4934 2863 4996 naturam
2892 4936 3028 4996 erat
3055 4932 3299 4997 beatus.

1891 5094 1935 5144 11
1958 5094 2117 5156 Sena,
2144 5092 2259 5143 dist.
2283 5105 2362 5156 111,
2383 5106 2433 5157 q.
2453 5103 2539 5156 v1;
2570 5093 2651 5142 Jo.
2680 5094 2920 5155 Baccon.,
2951 5094 2991 5143 ΙΙ
3017 5095 3174 5155 Seni„
3202 5094 3317 5147 dist.
3339 5105 3391 5145 v1
3404 5133 3423 5160 ,

1891 5180 1942 5230 q.
1968 5174 2019 5228 13
2049 5164 2225 5228 Steph.
2247 5163 2455 5227 Bruler„
2488 5164 2530 5214 n
2556 5162 2714 5222 Seni„
2744 5164 2858 5214 dist.
2881 5174 2970 5230 111,
3000 5178 3052 5230 q.
3077 5178 3130 5216 x.
3150 5193 3211 5205 —
3235 5158 3423 5218 *mom

1892 5240 2100 5299 areop„
2128 5236 2188 5286 de
2216 5235 2329 5285 Dio.
2357 5236 2582 5299 Nomia„
2611 5244 2657 5286 c.
2681 5246 2752 5286 ιν.
2774 5252 2838 5273 -ι
2861 5235 3137 5302 unguet„
3173 5235 3234 5289 de
3265 5236 3423 5304 Tria„

1891 5307 1981 5358 lib.
2007 5309 2092 5371 lx,
2121 5322 2168 5357 c.
2189 5318 2320 5371 ¹1113
2348 5306 2408 5357 de
2433 5307 2554 5359 Gen.
2576 5307 2646 5358 ad
2666 5305 2792 5371 litt„
2816 5306 2908 5358 lib.
2928 5309 3042 5373 ΧΗ,
3077 5322 3124 5360 c.
3144 5319 3260 5375 m,
3272 5320 3420 5362 11¹1.

1891 5378 1975 5416 -δ
1987 5379 2151 5440 Ιοαη.,
2173 5389 2301 5439 xvn,
2327 5380 2374 5429 3.

1958 5485 2025 5549 ‹a›
2050 5484 2175 5536 σοι.
2201 5483 2322 5535 edit.
2350 5482 2460 5535 net.
