<?xml version="1.0" encoding="UTF-8"?>
<!DOCTYPE html PUBLIC "-//W3C//DTD XHTML 1.0 Transitional//EN"
    "http://www.w3.org/TR/xhtml1/DTD/xhtml1-transitional.dtd">
<html xmlns="http://www.w3.org/1999/xhtml" xml:lang="en" lang="en">
 <head>
  <title>
</title>
<meta http-equiv="Content-Type" content="text/html;charset=utf-8" />
  <meta name='ocr-system' content='tesseract 3.04.00' />
  <meta name='ocr-capabilities' content='ocr_page ocr_carea ocr_par ocr_line ocrx_word'/>
</head>
<body>
  <div class='ocr_page' id='page_1' title='image "./srecardinalissb01peltgoog_0520.png"; bbox 0 0 4125 6225; ppageno 0'>
   <div class='ocr_carea' id='block_1_1' title="bbox 710 404 829 465">
    <p class='ocr_par' dir='ltr' id='par_1_1' title="bbox 710 404 829 465">
     <span class='ocr_line' id='line_1_1' title="bbox 710 404 829 465; baseline 0 0"><span class='ocrx_word' id='word_1_1' title='bbox 710 404 829 465; x_wconf 71' lang='lat'>454</span> 
     </span>
    </p>
   </div>
   <div class='ocr_carea' id='block_1_2' title="bbox 701 531 2251 1366">
    <p class='ocr_par' dir='ltr' id='par_1_2' title="bbox 701 531 2251 1366">
     <span class='ocr_line' id='line_1_2' title="bbox 705 531 2251 616; baseline 0.001 -18"><span class='ocrx_word' id='word_1_2' title='bbox 705 532 1200 616; x_wconf 77' lang='lat' dir='ltr'><strong>imaginationes</strong></span> <span class='ocrx_word' id='word_1_3' title='bbox 1221 533 1531 616; x_wconf 84' lang='lat' dir='ltr'>effugere,</span> <span class='ocrx_word' id='word_1_4' title='bbox 1550 531 1809 598; x_wconf 83' lang='lat' dir='ltr'><strong>sollicite</strong></span> <span class='ocrx_word' id='word_1_5' title='bbox 1833 536 1898 597; x_wconf 91' lang='lat' dir='ltr'>et</span> <span class='ocrx_word' id='word_1_6' title='bbox 1912 531 2251 615; x_wconf 79' lang='lat' dir='ltr'>diligenter</span> 
     </span>
     <span class='ocr_line' id='line_1_3' title="bbox 704 639 2246 723; baseline 0 -17"><span class='ocrx_word' id='word_1_7' title='bbox 704 640 1060 706; x_wconf 87' lang='lat' dir='ltr'>cavendum</span> <span class='ocrx_word' id='word_1_8' title='bbox 1101 644 1225 720; x_wconf 89' lang='lat' dir='ltr'>est,</span> <span class='ocrx_word' id='word_1_9' title='bbox 1255 658 1338 705; x_wconf 91' lang='lat' dir='ltr'>ne</span> <span class='ocrx_word' id='word_1_10' title='bbox 1374 639 1705 723; x_wconf 87' lang='lat' dir='ltr'>contingat</span> <span class='ocrx_word' id='word_1_11' title='bbox 1729 639 2071 723; x_wconf 80' lang='lat' dir='ltr'>aliquando</span> <span class='ocrx_word' id='word_1_12' title='bbox 2098 642 2246 706; x_wconf 88' lang='lat' dir='ltr'>ani-</span> 
     </span>
     <span class='ocr_line' id='line_1_4' title="bbox 705 746 2248 830; baseline 0.001 -18"><span class='ocrx_word' id='word_1_13' title='bbox 705 766 887 812; x_wconf 89' lang='lat' dir='ltr'>mum</span> <span class='ocrx_word' id='word_1_14' title='bbox 931 766 970 811; x_wconf 91' lang='lat' dir='ltr'>a</span> <span class='ocrx_word' id='word_1_15' title='bbox 1006 748 1194 813; x_wconf 91' lang='lat' dir='ltr'>bonis</span> <span class='ocrx_word' id='word_1_16' title='bbox 1235 751 1297 811; x_wconf 88' lang='lat' dir='ltr'>et</span> <span class='ocrx_word' id='word_1_17' title='bbox 1332 747 1414 812; x_wconf 87' lang='lat' dir='ltr'>ab</span> <span class='ocrx_word' id='word_1_18' title='bbox 1452 746 1717 812; x_wconf 87' lang='lat' dir='ltr'>utilibus</span> <span class='ocrx_word' id='word_1_19' title='bbox 1756 747 2248 830; x_wconf 81' lang='lat' dir='ltr'>cogitationibus</span> 
     </span>
     <span class='ocr_line' id='line_1_5' title="bbox 702 852 2246 939; baseline 0.001 -20"><span class='ocrx_word' id='word_1_20' title='bbox 702 855 990 919; x_wconf 88' lang='lat' dir='ltr'>revocari</span> <span class='ocrx_word' id='word_1_21' title='bbox 1031 876 1046 919; x_wconf 73' lang='grc' dir='ltr'><strong>ι</strong></span> <span class='ocrx_word' id='word_1_22' title='bbox 1075 854 1202 919; x_wconf 92' lang='lat' dir='ltr'>hoc</span> <span class='ocrx_word' id='word_1_23' title='bbox 1225 859 1439 919; x_wconf 81' lang='lat' dir='ltr'>tamen</span> <span class='ocrx_word' id='word_1_24' title='bbox 1466 852 1719 918; x_wconf 83' lang='lat' dir='ltr'>difficile</span> <span class='ocrx_word' id='word_1_25' title='bbox 1746 859 1861 931; x_wconf 87' lang='lat' dir='ltr'>est,</span> <span class='ocrx_word' id='word_1_26' title='bbox 1890 855 2013 919; x_wconf 89' lang='lat' dir='ltr'>nisi</span> <span class='ocrx_word' id='word_1_27' title='bbox 2041 857 2102 920; x_wconf 91' lang='lat' dir='ltr'>ei</span> <span class='ocrx_word' id='word_1_28' title='bbox 2133 857 2246 939; x_wconf 84' lang='lat' dir='ltr'>qui</span> 
     </span>
     <span class='ocr_line' id='line_1_6' title="bbox 702 959 2244 1042; baseline 0.003 -19"><span class='ocrx_word' id='word_1_29' title='bbox 702 960 926 1024; x_wconf 87' lang='lat' dir='ltr'>solitus</span> <span class='ocrx_word' id='word_1_30' title='bbox 966 964 1064 1025; x_wconf 90' lang='lat' dir='ltr'>est</span> <span class='ocrx_word' id='word_1_31' title='bbox 1106 960 1175 1023; x_wconf 91' lang='lat' dir='ltr'>in</span> <span class='ocrx_word' id='word_1_32' title='bbox 1216 959 1400 1025; x_wconf 88' lang='lat' dir='ltr'>bonis</span> <span class='ocrx_word' id='word_1_33' title='bbox 1439 959 1732 1023; x_wconf 88' lang='lat' dir='ltr'>animum</span> <span class='ocrx_word' id='word_1_34' title='bbox 1771 978 2108 1042; x_wconf 87' lang='lat' dir='ltr'>exercere;</span> <span class='ocrx_word' id='word_1_35' title='bbox 2139 964 2244 1028; x_wconf 91' lang='lat' dir='ltr'>cui</span> 
     </span>
     <span class='ocr_line' id='line_1_7' title="bbox 701 1065 2245 1135; baseline 0.004 -6"><span class='ocrx_word' id='word_1_36' title='bbox 701 1066 907 1130; x_wconf 91' lang='lat' dir='ltr'>multo</span> <span class='ocrx_word' id='word_1_37' title='bbox 946 1065 1192 1131; x_wconf 84' lang='lat' dir='ltr'>facilius</span> <span class='ocrx_word' id='word_1_38' title='bbox 1237 1069 1302 1129; x_wconf 88' lang='lat' dir='ltr'>et</span> <span class='ocrx_word' id='word_1_39' title='bbox 1334 1065 1761 1131; x_wconf 77' lang='lat' dir='ltr'>delectabilius</span> <span class='ocrx_word' id='word_1_40' title='bbox 1804 1072 1900 1132; x_wconf 91' lang='lat' dir='ltr'>est</span> <span class='ocrx_word' id='word_1_41' title='bbox 1941 1068 2012 1132; x_wconf 93' lang='lat' dir='ltr'>in</span> <span class='ocrx_word' id='word_1_42' title='bbox 2060 1070 2245 1135; x_wconf 87' lang='lat' dir='ltr'>bonis</span> 
     </span>
     <span class='ocr_line' id='line_1_8' title="bbox 703 1176 2241 1259; baseline 0.002 -17"><span class='ocrx_word' id='word_1_43' title='bbox 703 1177 946 1242; x_wconf 84' lang='lat' dir='ltr'>versari</span> <span class='ocrx_word' id='word_1_44' title='bbox 970 1176 1481 1257; x_wconf 86' lang='lat' dir='ltr'>cogitationibus,</span> <span class='ocrx_word' id='word_1_45' title='bbox 1509 1194 1707 1259; x_wconf 84' lang='lat' dir='ltr'>quam</span> <span class='ocrx_word' id='word_1_46' title='bbox 1725 1178 1806 1240; x_wconf 87' lang='lat' dir='ltr'>sit</span> <span class='ocrx_word' id='word_1_47' title='bbox 1831 1177 1989 1242; x_wconf 90' lang='lat' dir='ltr'>viris</span> <span class='ocrx_word' id='word_1_48' title='bbox 2014 1196 2241 1244; x_wconf 89' lang='lat' dir='ltr'>carna-</span> 
     </span>
     <span class='ocr_line' id='line_1_9' title="bbox 701 1282 2016 1366; baseline 0.002 -20"><span class='ocrx_word' id='word_1_49' title='bbox 701 1282 873 1348; x_wconf 89' lang='lat' dir='ltr'>libus</span> <span class='ocrx_word' id='word_1_50' title='bbox 898 1284 967 1349; x_wconf 93' lang='lat' dir='ltr'>in</span> <span class='ocrx_word' id='word_1_51' title='bbox 994 1283 1176 1350; x_wconf 83' lang='lat' dir='ltr'>soedis</span> <span class='ocrx_word' id='word_1_52' title='bbox 1199 1287 1263 1347; x_wconf 90' lang='lat' dir='ltr'>et</span> <span class='ocrx_word' id='word_1_53' title='bbox 1284 1283 1578 1366; x_wconf 81' lang='lat' dir='ltr'>turpibus</span> <span class='ocrx_word' id='word_1_54' title='bbox 1601 1284 2016 1366; x_wconf 87' lang='lat' dir='ltr'>imaginibus.</span> 
     </span>
    </p>
   </div>
   <div class='ocr_carea' id='block_1_3' title="bbox 1252 1522 1726 1602">
    <p class='ocr_par' dir='ltr' id='par_1_3' title="bbox 1252 1522 1726 1602">
     <span class='ocr_line' id='line_1_10' title="bbox 1252 1522 1726 1602; baseline 0.002 -13"><span class='ocrx_word' id='word_1_55' title='bbox 1252 1522 1610 1602; x_wconf 88' lang='lat' dir='ltr'>QUAESTIO</span> <span class='ocrx_word' id='word_1_56' title='bbox 1651 1524 1726 1590; x_wconf 84' lang='lat' dir='ltr'>V.</span> 
     </span>
    </p>
   </div>
   <div class='ocr_carea' id='block_1_4' title="bbox 701 1674 2232 1755">
    <p class='ocr_par' dir='ltr' id='par_1_4' title="bbox 701 1674 2232 1755">
     <span class='ocr_line' id='line_1_11' title="bbox 701 1674 2232 1755; baseline 0.007 -24"><span class='ocrx_word' id='word_1_57' title='bbox 701 1674 794 1732; x_wconf 82' lang='lat' dir='ltr'>An</span> <span class='ocrx_word' id='word_1_58' title='bbox 821 1675 1078 1735; x_wconf 77' lang='lat' dir='ltr'>doemones</span> <span class='ocrx_word' id='word_1_59' title='bbox 1114 1678 1291 1735; x_wconf 78' lang='lat' dir='ltr'>malas</span> <span class='ocrx_word' id='word_1_60' title='bbox 1320 1679 1624 1750; x_wconf 78' lang='lat' dir='ltr'>affectiones</span> <span class='ocrx_word' id='word_1_61' title='bbox 1655 1681 1929 1739; x_wconf 79' lang='lat' dir='ltr'>incendere</span> <span class='ocrx_word' id='word_1_62' title='bbox 1957 1686 2172 1755; x_wconf 76' lang='lat' dir='ltr'>possint</span> <span class='ocrx_word' id='word_1_63' title='bbox 2191 1686 2232 1742; x_wconf 86' lang='lat'>¹.</span> 
     </span>
    </p>
   </div>
   <div class='ocr_carea' id='block_1_5' title="bbox 503 1817 2238 1904">
    <p class='ocr_par' dir='ltr' id='par_1_5' title="bbox 503 1817 2238 1904">
     <span class='ocr_line' id='line_1_12' title="bbox 503 1817 2238 1904; baseline 0.01 -31"><span class='ocrx_word' id='word_1_64' title='bbox 503 1823 671 1871; x_wconf 71' lang='lat' dir='ltr'>ruod·-</span> <span class='ocrx_word' id='word_1_65' title='bbox 779 1817 1004 1883; x_wconf 91' lang='lat' dir='ltr'>Utrum</span> <span class='ocrx_word' id='word_1_66' title='bbox 1033 1819 1357 1884; x_wconf 81' lang='lat' dir='ltr'>daemones</span> <span class='ocrx_word' id='word_1_67' title='bbox 1378 1822 1620 1904; x_wconf 83' lang='lat' dir='ltr'>possint</span> <span class='ocrx_word' id='word_1_68' title='bbox 1648 1823 1846 1888; x_wconf 90' lang='lat' dir='ltr'>malas</span> <span class='ocrx_word' id='word_1_69' title='bbox 1874 1826 2238 1892; x_wconf 76' lang='lat' dir='ltr'>allectiones</span> 
     </span>
    </p>
   </div>
   <div class='ocr_carea' id='block_1_6' title="bbox 457 1884 667 1940">
    <p class='ocr_par' dir='ltr' id='par_1_6' title="bbox 457 1884 667 1940">
     <span class='ocr_line' id='line_1_13' title="bbox 457 1884 667 1940; baseline 0.029 -6"><span class='ocrx_word' id='word_1_70' title='bbox 457 1893 587 1935; x_wconf 74' lang='lat' dir='ltr'>ment·</span> <span class='ocrx_word' id='word_1_71' title='bbox 606 1884 667 1940; x_wconf 65' lang='grc'>(0)</span> 
     </span>
    </p>
   </div>
   <div class='ocr_carea' id='block_1_7' title="bbox 664 1927 2234 3960">
    <p class='ocr_par' dir='ltr' id='par_1_7' title="bbox 664 1927 2234 3960">
     <span class='ocr_line' id='line_1_14' title="bbox 696 1927 2234 2012; baseline 0.008 -23"><span class='ocrx_word' id='word_1_72' title='bbox 696 1927 1064 2006; x_wconf 83' lang='lat' dir='ltr'>incendere3</span> <span class='ocrx_word' id='word_1_73' title='bbox 1113 1934 1177 1993; x_wconf 90' lang='lat' dir='ltr'>et</span> <span class='ocrx_word' id='word_1_74' title='bbox 1215 1930 1389 2012; x_wconf 89' lang='lat' dir='ltr'>quod</span> <span class='ocrx_word' id='word_1_75' title='bbox 1428 1929 1557 2010; x_wconf 89' lang='lat' dir='ltr'>sic,</span> <span class='ocrx_word' id='word_1_76' title='bbox 1602 1931 1854 1995; x_wconf 86' lang='lat' dir='ltr'>videtur</span> <span class='ocrx_word' id='word_1_77' title='bbox 1878 1933 1901 1967; x_wconf 81' lang='lat'>⁸</span> <span class='ocrx_word' id='word_1_78' title='bbox 1944 1955 1960 1997; x_wconf 71' lang='grc' dir='ltr'>ε</span> <span class='ocrx_word' id='word_1_79' title='bbox 2010 1934 2234 2002; x_wconf 76' lang='lat' dir='ltr'>Omnes</span> 
     </span>
     <span class='ocr_line' id='line_1_15' title="bbox 692 2034 2234 2109; baseline 0.006 -8"><span class='ocrx_word' id='word_1_80' title='bbox 692 2034 1123 2103; x_wconf 77' lang='lat' dir='ltr'>adulterantes</span> <span class='ocrx_word' id='word_1_81' title='bbox 1158 2039 1326 2105; x_wconf 80' lang='lat' dir='ltr'>sicut</span> <span class='ocrx_word' id='word_1_82' title='bbox 1354 2038 1645 2106; x_wconf 77' lang='lat' dir='ltr'>clibanus</span> <span class='ocrx_word' id='word_1_83' title='bbox 1678 2057 2013 2109; x_wconf 77' lang='lat' dir='ltr'>succensus</span> <span class='ocrx_word' id='word_1_84' title='bbox 2052 2061 2095 2108; x_wconf 86' lang='grc' dir='ltr'><em>α</em></span> <span class='ocrx_word' id='word_1_85' title='bbox 2128 2059 2234 2109; x_wconf 89' lang='lat' dir='ltr'>co-</span> 
     </span>
     <span class='ocr_line' id='line_1_16' title="bbox 688 2145 2232 2230; baseline 0.005 -22"><span class='ocrx_word' id='word_1_86' title='bbox 688 2152 916 2224; x_wconf 79' lang='lat' dir='ltr'>quente</span> <span class='ocrx_word' id='word_1_87' title='bbox 947 2164 970 2206; x_wconf 92' lang='grc'>.·</span> <span class='ocrx_word' id='word_1_88' title='bbox 1001 2149 1066 2208; x_wconf 90' lang='lat' dir='ltr'>et</span> <span class='ocrx_word' id='word_1_89' title='bbox 1089 2145 1301 2210; x_wconf 88' lang='lat' dir='ltr'>Glossa</span> <span class='ocrx_word' id='word_1_90' title='bbox 1327 2148 1587 2229; x_wconf 80' lang='lat' dir='ltr'>exponit</span> <span class='ocrx_word' id='word_1_91' title='bbox 1614 2149 1786 2230; x_wconf 88' lang='lat' dir='ltr'>quod</span> <span class='ocrx_word' id='word_1_92' title='bbox 1824 2150 2113 2215; x_wconf 89' lang='lat' dir='ltr'>clibanus</span> <span class='ocrx_word' id='word_1_93' title='bbox 2136 2155 2232 2215; x_wconf 85' lang='lat' dir='ltr'>est</span> 
     </span>
     <span class='ocr_line' id='line_1_17' title="bbox 684 2251 2225 2338; baseline 0.006 -25"><span class='ocrx_word' id='word_1_94' title='bbox 684 2251 1027 2316; x_wconf 81' lang='lat' dir='ltr'>fornicator</span> <span class='ocrx_word' id='word_1_95' title='bbox 1051 2300 1068 2331; x_wconf 95' lang='lat'>,</span> <span class='ocrx_word' id='word_1_96' title='bbox 1100 2257 1164 2316; x_wconf 90' lang='lat' dir='ltr'>et</span> <span class='ocrx_word' id='word_1_97' title='bbox 1189 2271 1473 2335; x_wconf 87' lang='lat' dir='ltr'>coquens</span> <span class='ocrx_word' id='word_1_98' title='bbox 1512 2253 1799 2319; x_wconf 88' lang='lat' dir='ltr'>diabolus</span> <span class='ocrx_word' id='word_1_99' title='bbox 1829 2276 1846 2318; x_wconf 70' lang='grc' dir='ltr'><strong>ε</strong></span> <span class='ocrx_word' id='word_1_100' title='bbox 1878 2275 2036 2338; x_wconf 89' lang='lat' dir='ltr'>ergo</span> <span class='ocrx_word' id='word_1_101' title='bbox 2057 2305 2077 2336; x_wconf 90' lang='lat'>,</span> <span class='ocrx_word' id='word_1_102' title='bbox 2107 2264 2225 2323; x_wconf 88' lang='lat' dir='ltr'>etc.</span> 
     </span>
     <span class='ocr_line' id='line_1_18' title="bbox 766 2356 2228 2446; baseline 0.005 -25"><span class='ocrx_word' id='word_1_103' title='bbox 766 2356 923 2422; x_wconf 90' lang='lat' dir='ltr'>Item</span> <span class='ocrx_word' id='word_1_104' title='bbox 952 2358 1171 2437; x_wconf 79' lang='lat' dir='ltr'>Beda³,</span> <span class='ocrx_word' id='word_1_105' title='bbox 1198 2378 1389 2443; x_wconf 88' lang='lat' dir='ltr'>super</span> <span class='ocrx_word' id='word_1_106' title='bbox 1415 2361 1601 2440; x_wconf 80' lang='lat' dir='ltr'>Acta,</span> <span class='ocrx_word' id='word_1_107' title='bbox 1634 2362 1981 2446; x_wconf 90' lang='lat' dir='ltr'>dicitquod</span> <span class='ocrx_word' id='word_1_108' title='bbox 2003 2363 2228 2429; x_wconf 87' lang='lat' dir='ltr'>diabo—</span> 
     </span>
     <span class='ocr_line' id='line_1_19' title="bbox 684 2464 2226 2552; baseline 0.006 -25"><span class='ocrx_word' id='word_1_109' title='bbox 684 2464 787 2528; x_wconf 90' lang='lat' dir='ltr'>lus</span> <span class='ocrx_word' id='word_1_110' title='bbox 808 2465 1214 2531; x_wconf 80' lang='lat' dir='ltr'>fraudulenta</span> <span class='ocrx_word' id='word_1_111' title='bbox 1236 2472 1301 2532; x_wconf 88' lang='lat' dir='ltr'>et</span> <span class='ocrx_word' id='word_1_112' title='bbox 1317 2468 1539 2534; x_wconf 85' lang='lat' dir='ltr'>callida</span> <span class='ocrx_word' id='word_1_113' title='bbox 1559 2470 1924 2552; x_wconf 85' lang='lat' dir='ltr'>deceptione</span> <span class='ocrx_word' id='word_1_114' title='bbox 1941 2472 2226 2537; x_wconf 89' lang='lat' dir='ltr'>animam</span> 
     </span>
     <span class='ocr_line' id='line_1_20' title="bbox 682 2571 2226 2644; baseline 0.006 -10"><span class='ocrx_word' id='word_1_115' title='bbox 682 2571 752 2635; x_wconf 91' lang='lat' dir='ltr'>in</span> <span class='ocrx_word' id='word_1_116' title='bbox 793 2571 1093 2638; x_wconf 79' lang='lat' dir='ltr'>affectum</span> <span class='ocrx_word' id='word_1_117' title='bbox 1134 2574 1393 2639; x_wconf 81' lang='lat' dir='ltr'>malitiae</span> <span class='ocrx_word' id='word_1_118' title='bbox 1444 2577 1640 2640; x_wconf 89' lang='lat' dir='ltr'>trahit</span> <span class='ocrx_word' id='word_1_119' title='bbox 1687 2599 1702 2642; x_wconf 73' lang='grc' dir='ltr'>ε</span> <span class='ocrx_word' id='word_1_120' title='bbox 1745 2580 1853 2642; x_wconf 90' lang='lat' dir='ltr'>sed</span> <span class='ocrx_word' id='word_1_121' title='bbox 1900 2579 2022 2644; x_wconf 68' lang='lat' dir='ltr'>hoc</span> <span class='ocrx_word' id='word_1_122' title='bbox 2061 2580 2226 2644; x_wconf 90' lang='lat' dir='ltr'>nihil</span> 
     </span>
     <span class='ocr_line' id='line_1_21' title="bbox 681 2679 2222 2766; baseline 0.006 -22"><span class='ocrx_word' id='word_1_123' title='bbox 681 2679 855 2744; x_wconf 86' lang='lat' dir='ltr'>aliud</span> <span class='ocrx_word' id='word_1_124' title='bbox 886 2685 981 2746; x_wconf 90' lang='lat' dir='ltr'>est</span> <span class='ocrx_word' id='word_1_125' title='bbox 997 2730 1015 2763; x_wconf 95' lang='lat'>,</span> <span class='ocrx_word' id='word_1_126' title='bbox 1046 2701 1243 2765; x_wconf 88' lang='lat' dir='ltr'>quam</span> <span class='ocrx_word' id='word_1_127' title='bbox 1281 2702 1546 2766; x_wconf 85' lang='lat' dir='ltr'>pravam</span> <span class='ocrx_word' id='word_1_128' title='bbox 1574 2687 1970 2752; x_wconf 84' lang='lat' dir='ltr'>affectionem</span> <span class='ocrx_word' id='word_1_129' title='bbox 1996 2688 2222 2753; x_wconf 88' lang='lat' dir='ltr'>incen-</span> 
     </span>
     <span class='ocr_line' id='line_1_22' title="bbox 681 2788 1236 2872; baseline 0.007 -19"><span class='ocrx_word' id='word_1_130' title='bbox 681 2788 829 2854; x_wconf 83' lang='lat' dir='ltr'>dere</span> <span class='ocrx_word' id='word_1_131' title='bbox 860 2809 877 2853; x_wconf 73' lang='grc' dir='ltr'><em>τ</em></span> <span class='ocrx_word' id='word_1_132' title='bbox 906 2809 1087 2872; x_wconf 87' lang='lat' dir='ltr'>ergo,</span> <span class='ocrx_word' id='word_1_133' title='bbox 1118 2798 1236 2857; x_wconf 87' lang='lat' dir='ltr'>etc.</span> 
     </span>
     <span class='ocr_line' id='line_1_23' title="bbox 761 2896 2222 2982; baseline 0.006 -22"><span class='ocrx_word' id='word_1_134' title='bbox 761 2896 941 2976; x_wconf 90' lang='lat' dir='ltr'>ltem,</span> <span class='ocrx_word' id='word_1_135' title='bbox 959 2899 1248 2964; x_wconf 86' lang='lat' dir='ltr'>diabolus</span> <span class='ocrx_word' id='word_1_136' title='bbox 1258 2904 1461 2982; x_wconf 88' lang='lat' dir='ltr'>potest</span> <span class='ocrx_word' id='word_1_137' title='bbox 1477 2919 1735 2965; x_wconf 90' lang='lat' dir='ltr'>carnem</span> <span class='ocrx_word' id='word_1_138' title='bbox 1752 2907 2034 2968; x_wconf 88' lang='lat' dir='ltr'>nostram</span> <span class='ocrx_word' id='word_1_139' title='bbox 2053 2923 2222 2969; x_wconf 91' lang='lat' dir='ltr'>com-</span> 
     </span>
     <span class='ocr_line' id='line_1_24' title="bbox 680 3007 2219 3096; baseline 0.006 -27"><span class='ocrx_word' id='word_1_140' title='bbox 680 3024 939 3070; x_wconf 88' lang='lat' dir='ltr'>movere</span> <span class='ocrx_word' id='word_1_141' title='bbox 958 3055 975 3084; x_wconf 92' lang='lat'>,</span> <span class='ocrx_word' id='word_1_142' title='bbox 1031 3007 1194 3072; x_wconf 89' lang='lat' dir='ltr'>sicut</span> <span class='ocrx_word' id='word_1_143' title='bbox 1240 3008 1469 3073; x_wconf 90' lang='lat' dir='ltr'>dicitur</span> <span class='ocrx_word' id='word_1_144' title='bbox 1514 3009 1581 3072; x_wconf 91' lang='lat' dir='ltr'>in</span> <span class='ocrx_word' id='word_1_145' title='bbox 1624 3009 1756 3076; x_wconf 85' lang='lat' dir='ltr'>Job.</span> <span class='ocrx_word' id='word_1_146' title='bbox 1805 3009 1981 3075; x_wconf 90' lang='lat' dir='ltr'>Unde</span> <span class='ocrx_word' id='word_1_147' title='bbox 2025 3031 2219 3096; x_wconf 89' lang='lat' dir='ltr'>super</span> 
     </span>
     <span class='ocr_line' id='line_1_25' title="bbox 676 3111 2213 3203; baseline 0.007 -27"><span class='ocrx_word' id='word_1_148' title='bbox 676 3111 838 3177; x_wconf 88' lang='lat' dir='ltr'>illud</span> <span class='ocrx_word' id='word_1_149' title='bbox 862 3119 885 3153; x_wconf 69' lang='lat'><strong>⁴</strong></span> <span class='ocrx_word' id='word_1_150' title='bbox 925 3135 940 3178; x_wconf 77' lang='lat' dir='ltr'><em>z</em></span> <span class='ocrx_word' id='word_1_151' title='bbox 994 3114 1189 3180; x_wconf 79' lang='lat' dir='ltr'>Terra</span> <span class='ocrx_word' id='word_1_152' title='bbox 1223 3115 1474 3183; x_wconf 78' lang='lat' dir='ltr'>tradita</span> <span class='ocrx_word' id='word_1_153' title='bbox 1509 3123 1598 3183; x_wconf 80' lang='lat' dir='ltr'>est</span> <span class='ocrx_word' id='word_1_154' title='bbox 1635 3120 1708 3184; x_wconf 74' lang='lat' dir='ltr'>in</span> <span class='ocrx_word' id='word_1_155' title='bbox 1744 3135 1942 3185; x_wconf 83' lang='lat' dir='ltr'>manu</span> <span class='ocrx_word' id='word_1_156' title='bbox 1984 3123 2213 3203; x_wconf 78' lang='lat' dir='ltr'>impii,</span> 
     </span>
     <span class='ocr_line' id='line_1_26' title="bbox 675 3220 2215 3304; baseline 0.006 -19"><span class='ocrx_word' id='word_1_157' title='bbox 675 3220 936 3304; x_wconf 82' lang='lat' dir='ltr'>exponit</span> <span class='ocrx_word' id='word_1_158' title='bbox 974 3221 1320 3303; x_wconf 81' lang='lat' dir='ltr'>Gregorius</span> <span class='ocrx_word' id='word_1_159' title='bbox 1355 3247 1368 3288; x_wconf 75' lang='grc' dir='ltr'>ε</span> <span class='ocrx_word' id='word_1_160' title='bbox 1420 3248 1451 3286; x_wconf 74' lang='grc' dir='ltr'><strong>α</strong></span> <span class='ocrx_word' id='word_1_161' title='bbox 1482 3223 1552 3289; x_wconf 93' lang='lat' dir='ltr'>Id</span> <span class='ocrx_word' id='word_1_162' title='bbox 1590 3230 1687 3290; x_wconf 92' lang='lat' dir='ltr'>est</span> <span class='ocrx_word' id='word_1_163' title='bbox 1720 3244 1865 3291; x_wconf 91' lang='lat' dir='ltr'>caro</span> <span class='ocrx_word' id='word_1_164' title='bbox 1905 3227 1974 3291; x_wconf 91' lang='lat' dir='ltr'>in</span> <span class='ocrx_word' id='word_1_165' title='bbox 2015 3247 2215 3296; x_wconf 88' lang='lat' dir='ltr'>manu</span> 
     </span>
     <span class='ocr_line' id='line_1_27' title="bbox 673 3327 2215 3411; baseline 0.008 -19"><span class='ocrx_word' id='word_1_166' title='bbox 673 3327 927 3392; x_wconf 90' lang='lat' dir='ltr'>diaboli.</span> <span class='ocrx_word' id='word_1_167' title='bbox 959 3349 989 3388; x_wconf 70' lang='grc' dir='ltr'>ι)</span> <span class='ocrx_word' id='word_1_168' title='bbox 1028 3328 1094 3393; x_wconf 92' lang='lat' dir='ltr'>Si</span> <span class='ocrx_word' id='word_1_169' title='bbox 1130 3347 1287 3411; x_wconf 92' lang='lat' dir='ltr'>ergo</span> <span class='ocrx_word' id='word_1_170' title='bbox 1326 3349 1515 3396; x_wconf 90' lang='lat' dir='ltr'>carne</span> <span class='ocrx_word' id='word_1_171' title='bbox 1546 3338 1861 3399; x_wconf 89' lang='lat' dir='ltr'>commota</span> <span class='ocrx_word' id='word_1_172' title='bbox 1901 3337 2215 3405; x_wconf 90' lang='lat' dir='ltr'>excitatur</span> 
     </span>
     <span class='ocr_line' id='line_1_28' title="bbox 671 3433 2213 3524; baseline 0.01 -28"><span class='ocrx_word' id='word_1_173' title='bbox 671 3433 969 3498; x_wconf 85' lang='lat' dir='ltr'>stimulus</span> <span class='ocrx_word' id='word_1_174' title='bbox 1018 3438 1578 3520; x_wconf 77' lang='lat' dir='ltr'>concupiscentiae,</span> <span class='ocrx_word' id='word_1_175' title='bbox 1626 3442 1739 3524; x_wconf 89' lang='lat' dir='ltr'>qui</span> <span class='ocrx_word' id='word_1_176' title='bbox 1786 3446 1880 3506; x_wconf 89' lang='lat' dir='ltr'>est</span> <span class='ocrx_word' id='word_1_177' title='bbox 1921 3445 1989 3508; x_wconf 91' lang='lat' dir='ltr'>in</span> <span class='ocrx_word' id='word_1_178' title='bbox 2027 3447 2213 3511; x_wconf 88' lang='lat' dir='ltr'>nobis</span> 
     </span>
     <span class='ocr_line' id='line_1_29' title="bbox 670 3542 2210 3631; baseline 0.012 -30"><span class='ocrx_word' id='word_1_179' title='bbox 670 3544 972 3621; x_wconf 88' lang='lat' dir='ltr'>tanquam</span> <span class='ocrx_word' id='word_1_180' title='bbox 1002 3542 1326 3623; x_wconf 80' lang='lat' dir='ltr'>igniculus</span> <span class='ocrx_word' id='word_1_181' title='bbox 1354 3564 1571 3628; x_wconf 68' lang='lat' dir='ltr'>pravae</span> <span class='ocrx_word' id='word_1_182' title='bbox 1602 3550 1954 3616; x_wconf 78' lang='lat' dir='ltr'>affectionis</span> <span class='ocrx_word' id='word_1_183' title='bbox 1974 3602 1991 3631; x_wconf 90' lang='lat'>,</span> <span class='ocrx_word' id='word_1_184' title='bbox 2031 3554 2210 3618; x_wconf 90' lang='lat' dir='ltr'>vide-</span> 
     </span>
     <span class='ocr_line' id='line_1_30' title="bbox 667 3649 2205 3736; baseline 0.012 -27"><span class='ocrx_word' id='word_1_185' title='bbox 667 3653 776 3710; x_wconf 90' lang='lat' dir='ltr'>tur</span> <span class='ocrx_word' id='word_1_186' title='bbox 802 3649 975 3731; x_wconf 90' lang='lat' dir='ltr'>quod</span> <span class='ocrx_word' id='word_1_187' title='bbox 1003 3649 1289 3716; x_wconf 90' lang='lat' dir='ltr'>diabolus</span> <span class='ocrx_word' id='word_1_188' title='bbox 1316 3655 1512 3736; x_wconf 89' lang='lat' dir='ltr'>possit</span> <span class='ocrx_word' id='word_1_189' title='bbox 1548 3657 1618 3720; x_wconf 93' lang='lat' dir='ltr'>in</span> <span class='ocrx_word' id='word_1_190' title='bbox 1650 3658 1834 3722; x_wconf 90' lang='lat' dir='ltr'>nobis</span> <span class='ocrx_word' id='word_1_191' title='bbox 1874 3660 2205 3728; x_wconf 88' lang='lat' dir='ltr'>incendere</span> 
     </span>
     <span class='ocr_line' id='line_1_31' title="bbox 664 3755 1627 3843; baseline 0.01 -25"><span class='ocrx_word' id='word_1_192' title='bbox 664 3755 1061 3822; x_wconf 84' lang='lat' dir='ltr'>affectionem</span> <span class='ocrx_word' id='word_1_193' title='bbox 1085 3761 1627 3843; x_wconf 67' lang='lat' dir='ltr'>concupiscentiae.</span> 
     </span>
     <span class='ocr_line' id='line_1_32' title="bbox 699 3861 2202 3960; baseline 0.011 -33"><span class='ocrx_word' id='word_1_194' title='bbox 699 3918 705 3927; x_wconf 94' lang='lat'>.</span> <span class='ocrx_word' id='word_1_195' title='bbox 745 3861 902 3927; x_wconf 88' lang='lat' dir='ltr'>Item</span> <span class='ocrx_word' id='word_1_196' title='bbox 917 3864 1140 3947; x_wconf 89' lang='lat' dir='ltr'>ignem</span> <span class='ocrx_word' id='word_1_197' title='bbox 1158 3867 1520 3947; x_wconf 78' lang='lat' dir='ltr'>inoendere,</span> <span class='ocrx_word' id='word_1_198' title='bbox 1542 3890 1677 3935; x_wconf 91' lang='lat' dir='ltr'>non</span> <span class='ocrx_word' id='word_1_199' title='bbox 1694 3876 1789 3936; x_wconf 86' lang='lat' dir='ltr'>est</span> <span class='ocrx_word' id='word_1_200' title='bbox 1804 3874 1977 3939; x_wconf 89' lang='lat' dir='ltr'>aliud</span> <span class='ocrx_word' id='word_1_201' title='bbox 2002 3896 2202 3960; x_wconf 89' lang='lat' dir='ltr'>quam</span> 
     </span>
    </p>
   </div>
   <div class='ocr_carea' id='block_1_8' title="bbox 663 3965 2201 4064">
    <p class='ocr_par' dir='ltr' id='par_1_8' title="bbox 663 3965 2201 4064">
     <span class='ocr_line' id='line_1_33' title="bbox 663 3965 2201 4064; baseline 0.012 -36"><span class='ocrx_word' id='word_1_202' title='bbox 663 3965 804 4046; x_wconf 89' lang='lat' dir='ltr'>igni</span> <span class='ocrx_word' id='word_1_203' title='bbox 836 3968 1146 4050; x_wconf 89' lang='lat' dir='ltr'>pabulum</span> <span class='ocrx_word' id='word_1_204' title='bbox 1174 3973 1534 4039; x_wconf 88' lang='lat' dir='ltr'>ministrare</span> <span class='ocrx_word' id='word_1_205' title='bbox 1567 3999 1581 4040; x_wconf 75' lang='grc' dir='ltr'>ε</span> <span class='ocrx_word' id='word_1_206' title='bbox 1612 3977 1721 4041; x_wconf 86' lang='lat' dir='ltr'>sed</span> <span class='ocrx_word' id='word_1_207' title='bbox 1750 3978 1934 4042; x_wconf 84' lang='lat' dir='ltr'>malae</span> <span class='ocrx_word' id='word_1_208' title='bbox 1966 3981 2201 4064; x_wconf 89' lang='lat' dir='ltr'>imagi—</span> 
     </span>
    </p>
   </div>
   <div class='ocr_carea' id='block_1_9' title="bbox 659 4070 2199 4262">
    <p class='ocr_par' dir='ltr' id='par_1_9' title="bbox 659 4070 2199 4262">
     <span class='ocr_line' id='line_1_34' title="bbox 661 4070 2199 4163; baseline 0.014 -32"><span class='ocrx_word' id='word_1_209' title='bbox 661 4070 982 4152; x_wconf 84' lang='lat' dir='ltr'>nationes,</span> <span class='ocrx_word' id='word_1_210' title='bbox 1040 4078 1103 4137; x_wconf 90' lang='lat' dir='ltr'>et</span> <span class='ocrx_word' id='word_1_211' title='bbox 1150 4076 1494 4141; x_wconf 77' lang='lat' dir='ltr'>exteriores</span> <span class='ocrx_word' id='word_1_212' title='bbox 1549 4082 2076 4163; x_wconf 86' lang='lat' dir='ltr'>opportunitates,</span> <span class='ocrx_word' id='word_1_213' title='bbox 2134 4091 2199 4151; x_wconf 92' lang='lat' dir='ltr'>et</span> 
     </span>
     <span class='ocr_line' id='line_1_35' title="bbox 659 4169 2192 4262; baseline 0.01 -31"><span class='ocrx_word' id='word_1_214' title='bbox 659 4169 1017 4234; x_wconf 87' lang='lat' dir='ltr'>occasiones</span> <span class='ocrx_word' id='word_1_215' title='bbox 1072 4178 1227 4237; x_wconf 90' lang='lat' dir='ltr'>sunt</span> <span class='ocrx_word' id='word_1_216' title='bbox 1279 4174 1559 4240; x_wconf 83' lang='lat' dir='ltr'>fomenta</span> <span class='ocrx_word' id='word_1_217' title='bbox 1602 4180 2127 4262; x_wconf 66' lang='lat' dir='ltr'>concupiscentiae</span> <span class='ocrx_word' id='word_1_218' title='bbox 2174 4204 2192 4247; x_wconf 73' lang='grc' dir='ltr'><strong><em>ε</em></strong></span> 
     </span>
    </p>
   </div>
   <div class='ocr_carea' id='block_1_10' title="bbox 636 4277 2191 5311">
    <p class='ocr_par' dir='ltr' id='par_1_10' title="bbox 636 4277 2191 5311">
     <span class='ocr_line' id='line_1_36' title="bbox 657 4277 2191 4371; baseline 0.01 -31"><span class='ocrx_word' id='word_1_219' title='bbox 657 4294 815 4358; x_wconf 89' lang='lat' dir='ltr'>ergo</span> <span class='ocrx_word' id='word_1_220' title='bbox 869 4277 1124 4343; x_wconf 89' lang='lat' dir='ltr'>videtur</span> <span class='ocrx_word' id='word_1_221' title='bbox 1178 4281 1349 4362; x_wconf 86' lang='lat' dir='ltr'>quod</span> <span class='ocrx_word' id='word_1_222' title='bbox 1404 4283 1694 4349; x_wconf 83' lang='lat' dir='ltr'>diabolus</span> <span class='ocrx_word' id='word_1_223' title='bbox 1740 4286 1914 4352; x_wconf 90' lang='lat' dir='ltr'>hunc</span> <span class='ocrx_word' id='word_1_224' title='bbox 1969 4289 2191 4371; x_wconf 89' lang='lat' dir='ltr'>ignem</span> 
     </span>
     <span class='ocr_line' id='line_1_37' title="bbox 656 4386 2104 4470; baseline 0.012 -24"><span class='ocrx_word' id='word_1_225' title='bbox 656 4386 1185 4466; x_wconf 78' lang='lat' dir='ltr'>concupiscentiae</span> <span class='ocrx_word' id='word_1_226' title='bbox 1212 4389 1407 4470; x_wconf 90' lang='lat' dir='ltr'>possit</span> <span class='ocrx_word' id='word_1_227' title='bbox 1433 4390 1503 4452; x_wconf 89' lang='lat' dir='ltr'>in</span> <span class='ocrx_word' id='word_1_228' title='bbox 1533 4391 1716 4455; x_wconf 91' lang='lat' dir='ltr'>nobis</span> <span class='ocrx_word' id='word_1_229' title='bbox 1744 4397 2104 4463; x_wconf 87' lang='lat' dir='ltr'>accendere.</span> 
     </span>
     <span class='ocr_line' id='line_1_38' title="bbox 733 4489 2189 4586; baseline 0.012 -33"><span class='ocrx_word' id='word_1_230' title='bbox 733 4489 891 4554; x_wconf 90' lang='lat' dir='ltr'>Item</span> <span class='ocrx_word' id='word_1_231' title='bbox 927 4491 1202 4556; x_wconf 87' lang='lat' dir='ltr'>calidum</span> <span class='ocrx_word' id='word_1_232' title='bbox 1229 4499 1431 4577; x_wconf 90' lang='lat' dir='ltr'>potest</span> <span class='ocrx_word' id='word_1_233' title='bbox 1464 4497 1800 4565; x_wconf 83' lang='lat' dir='ltr'>calefacere</span> <span class='ocrx_word' id='word_1_234' title='bbox 1839 4524 1853 4565; x_wconf 73' lang='grc' dir='ltr'>ε</span> <span class='ocrx_word' id='word_1_235' title='bbox 1885 4521 2043 4586; x_wconf 90' lang='lat' dir='ltr'>ergo</span> <span class='ocrx_word' id='word_1_236' title='bbox 2082 4506 2189 4569; x_wconf 90' lang='lat' dir='ltr'>in-</span> 
     </span>
     <span class='ocr_line' id='line_1_39' title="bbox 648 4600 2187 4686; baseline 0.013 -24"><span class='ocrx_word' id='word_1_237' title='bbox 648 4600 1052 4665; x_wconf 88' lang='lat' dir='ltr'>flammatum</span> <span class='ocrx_word' id='word_1_238' title='bbox 1115 4608 1319 4686; x_wconf 90' lang='lat' dir='ltr'>potest</span> <span class='ocrx_word' id='word_1_239' title='bbox 1358 4605 1756 4675; x_wconf 85' lang='lat' dir='ltr'>inflammare</span> <span class='ocrx_word' id='word_1_240' title='bbox 1816 4631 1833 4675; x_wconf 75' lang='lat' dir='ltr'>x</span> <span class='ocrx_word' id='word_1_241' title='bbox 1891 4615 1999 4679; x_wconf 91' lang='lat' dir='ltr'>sed</span> <span class='ocrx_word' id='word_1_242' title='bbox 2048 4615 2187 4681; x_wconf 90' lang='lat' dir='ltr'>dia-</span> 
     </span>
     <span class='ocr_line' id='line_1_40' title="bbox 645 4705 2183 4797; baseline 0.013 -27"><span class='ocrx_word' id='word_1_243' title='bbox 645 4705 831 4772; x_wconf 92' lang='lat' dir='ltr'>bolus</span> <span class='ocrx_word' id='word_1_244' title='bbox 856 4711 1028 4774; x_wconf 88' lang='lat' dir='ltr'>totus</span> <span class='ocrx_word' id='word_1_245' title='bbox 1060 4714 1154 4775; x_wconf 89' lang='lat' dir='ltr'>est</span> <span class='ocrx_word' id='word_1_246' title='bbox 1189 4712 1622 4781; x_wconf 87' lang='lat' dir='ltr'>inflammatus</span> <span class='ocrx_word' id='word_1_247' title='bbox 1641 4766 1660 4797; x_wconf 95' lang='lat'>,</span> <span class='ocrx_word' id='word_1_248' title='bbox 1689 4718 1889 4785; x_wconf 91' lang='lat' dir='ltr'>immo</span> <span class='ocrx_word' id='word_1_249' title='bbox 1916 4723 2079 4787; x_wconf 89' lang='lat' dir='ltr'>etin</span> <span class='ocrx_word' id='word_1_250' title='bbox 2107 4744 2183 4790; x_wconf 93' lang='lat' dir='ltr'>eo</span> 
     </span>
     <span class='ocr_line' id='line_1_41' title="bbox 643 4817 2182 4910; baseline 0.013 -33"><span class='ocrx_word' id='word_1_251' title='bbox 643 4823 795 4880; x_wconf 88' lang='lat' dir='ltr'>sunt</span> <span class='ocrx_word' id='word_1_252' title='bbox 838 4817 1117 4882; x_wconf 73' lang='lat' dir='ltr'>flammae</span> <span class='ocrx_word' id='word_1_253' title='bbox 1154 4824 1219 4883; x_wconf 92' lang='lat' dir='ltr'>et</span> <span class='ocrx_word' id='word_1_254' title='bbox 1253 4819 1575 4887; x_wconf 85' lang='lat' dir='ltr'>incentiva</span> <span class='ocrx_word' id='word_1_255' title='bbox 1613 4826 1954 4910; x_wconf 87' lang='lat' dir='ltr'>vitiorum,</span> <span class='ocrx_word' id='word_1_256' title='bbox 2015 4833 2182 4898; x_wconf 89' lang='lat' dir='ltr'>sicut</span> 
     </span>
     <span class='ocr_line' id='line_1_42' title="bbox 641 4921 2180 5020; baseline 0.013 -35"><span class='ocrx_word' id='word_1_257' title='bbox 641 4921 871 4988; x_wconf 91' lang='lat' dir='ltr'>dicitur</span> <span class='ocrx_word' id='word_1_258' title='bbox 898 4924 963 4988; x_wconf 93' lang='lat' dir='ltr'>in</span> <span class='ocrx_word' id='word_1_259' title='bbox 988 4926 1212 4994; x_wconf 86' lang='lat' dir='ltr'>Jacobo</span> <span class='ocrx_word' id='word_1_260' title='bbox 1234 4934 1279 5004; x_wconf 80' lang='lat'>⁸,</span> <span class='ocrx_word' id='word_1_261' title='bbox 1302 4933 1365 4993; x_wconf 90' lang='lat' dir='ltr'>et</span> <span class='ocrx_word' id='word_1_262' title='bbox 1389 4928 1557 4996; x_wconf 87' lang='lat' dir='ltr'>Beda</span> <span class='ocrx_word' id='word_1_263' title='bbox 1580 4931 1757 5011; x_wconf 89' lang='lat' dir='ltr'>dicit,</span> <span class='ocrx_word' id='word_1_264' title='bbox 1789 4939 1852 5000; x_wconf 89' lang='lat' dir='ltr'>et</span> <span class='ocrx_word' id='word_1_265' title='bbox 1877 4935 2180 5020; x_wconf 84' lang='lat' dir='ltr'>Magister</span> 
     </span>
     <span class='ocr_line' id='line_1_43' title="bbox 707 5084 2167 5168; baseline 0.014 -35"><span class='ocrx_word' id='word_1_266' title='bbox 707 5084 724 5117; x_wconf 88' lang='lat'><strong>¹</strong></span> <span class='ocrx_word' id='word_1_267' title='bbox 781 5085 863 5148; x_wconf 78' lang='lat' dir='ltr'>Cf.</span> <span class='ocrx_word' id='word_1_268' title='bbox 908 5087 963 5138; x_wconf 88' lang='lat' dir='ltr'>S.</span> <span class='ocrx_word' id='word_1_269' title='bbox 1002 5087 1258 5152; x_wconf 86' lang='lat' dir='ltr'>Thomas,</span> <span class='ocrx_word' id='word_1_270' title='bbox 1311 5094 1443 5155; x_wconf 85' lang='lat' dir='ltr'>part.</span> <span class='ocrx_word' id='word_1_271' title='bbox 1488 5092 1528 5157; x_wconf 89' lang='lat'>1,</span> <span class='ocrx_word' id='word_1_272' title='bbox 1573 5100 1751 5159; x_wconf 83' lang='lat' dir='ltr'>quaest.</span> <span class='ocrx_word' id='word_1_273' title='bbox 1796 5108 1918 5163; x_wconf 81' lang='lat' dir='ltr'>ext,</span> <span class='ocrx_word' id='word_1_274' title='bbox 1961 5104 2060 5151; x_wconf 85' lang='lat' dir='ltr'>art.</span> <span class='ocrx_word' id='word_1_275' title='bbox 2106 5105 2167 5168; x_wconf 74' lang='lat'>25</span> 
     </span>
     <span class='ocr_line' id='line_1_44' title="bbox 638 5155 2168 5240; baseline 0.013 -35"><span class='ocrx_word' id='word_1_276' title='bbox 638 5158 691 5206; x_wconf 88' lang='lat' dir='ltr'>et</span> <span class='ocrx_word' id='word_1_277' title='bbox 713 5155 775 5205; x_wconf 79' lang='lat' dir='ltr'>de</span> <span class='ocrx_word' id='word_1_278' title='bbox 807 5157 977 5219; x_wconf 83' lang='lat' dir='ltr'>Verbo,</span> <span class='ocrx_word' id='word_1_279' title='bbox 1003 5172 1205 5225; x_wconf 85' lang='lat' dir='ltr'>q.xx11‚</span> <span class='ocrx_word' id='word_1_280' title='bbox 1225 5166 1321 5213; x_wconf 77' lang='lat' dir='ltr'>art.</span> <span class='ocrx_word' id='word_1_281' title='bbox 1344 5166 1404 5227; x_wconf 86' lang='grc'>9,·</span> <span class='ocrx_word' id='word_1_282' title='bbox 1436 5163 1563 5216; x_wconf 82' lang='lat' dir='ltr'>etde</span> <span class='ocrx_word' id='word_1_283' title='bbox 1584 5167 1737 5231; x_wconf 77' lang='lat' dir='ltr'>Malo,</span> <span class='ocrx_word' id='word_1_284' title='bbox 1762 5183 1813 5233; x_wconf 87' lang='lat' dir='ltr'>q.</span> <span class='ocrx_word' id='word_1_285' title='bbox 1835 5181 1942 5234; x_wconf 76' lang='lat' dir='ltr'>xvx,</span> <span class='ocrx_word' id='word_1_286' title='bbox 1964 5178 2059 5223; x_wconf 87' lang='lat' dir='ltr'>art.</span> <span class='ocrx_word' id='word_1_287' title='bbox 2083 5179 2168 5240; x_wconf 78' lang='lat'>¹¹3</span> 
     </span>
     <span class='ocr_line' id='line_1_45' title="bbox 636 5225 2167 5311; baseline 0.014 -36"><span class='ocrx_word' id='word_1_288' title='bbox 636 5225 805 5291; x_wconf 81' lang='lat' dir='ltr'>AEgid.</span> <span class='ocrx_word' id='word_1_289' title='bbox 830 5229 1000 5294; x_wconf 63' lang='lat' dir='ltr'>Rom„</span> <span class='ocrx_word' id='word_1_290' title='bbox 1030 5233 1068 5281; x_wconf 84' lang='lat' dir='ltr'>n</span> <span class='ocrx_word' id='word_1_291' title='bbox 1102 5232 1261 5298; x_wconf 63' lang='lat' dir='ltr'>Seni„</span> <span class='ocrx_word' id='word_1_292' title='bbox 1290 5234 1411 5286; x_wconf 84' lang='lat' dir='ltr'>dist.</span> <span class='ocrx_word' id='word_1_293' title='bbox 1435 5247 1567 5301; x_wconf 80' lang='lat' dir='ltr'>vm,</span> <span class='ocrx_word' id='word_1_294' title='bbox 1597 5253 1649 5302; x_wconf 87' lang='lat' dir='ltr'>q.</span> <span class='ocrx_word' id='word_1_295' title='bbox 1670 5251 1744 5303; x_wconf 83' lang='lat'>11,</span> <span class='ocrx_word' id='word_1_296' title='bbox 1772 5245 1867 5292; x_wconf 86' lang='lat' dir='ltr'>art.</span> <span class='ocrx_word' id='word_1_297' title='bbox 1893 5245 1941 5296; x_wconf 81' lang='lat'>5.</span> <span class='ocrx_word' id='word_1_298' title='bbox 1965 5245 2088 5295; x_wconf 84' lang='lat' dir='ltr'>dub.</span> <span class='ocrx_word' id='word_1_299' title='bbox 2111 5249 2167 5311; x_wconf 73' lang='lat'>35</span> 
     </span>
    </p>
   </div>
   <div class='ocr_carea' id='block_1_11' title="bbox 634 5297 2166 5455">
    <p class='ocr_par' dir='ltr' id='par_1_11' title="bbox 634 5297 2166 5455">
     <span class='ocr_line' id='line_1_46' title="bbox 635 5297 2166 5380; baseline 0.015 -34"><span class='ocrx_word' id='word_1_300' title='bbox 635 5297 912 5365; x_wconf 84' lang='lat' dir='ltr'>Henricus‚</span> <span class='ocrx_word' id='word_1_301' title='bbox 950 5303 1145 5364; x_wconf 78' lang='lat' dir='ltr'>Quolib.</span> <span class='ocrx_word' id='word_1_302' title='bbox 1180 5303 1281 5372; x_wconf 86' lang='lat'>111,</span> <span class='ocrx_word' id='word_1_303' title='bbox 1322 5321 1373 5371; x_wconf 85' lang='lat' dir='ltr'>q.</span> <span class='ocrx_word' id='word_1_304' title='bbox 1401 5320 1529 5373; x_wconf 78' lang='lat'>11113</span> <span class='ocrx_word' id='word_1_305' title='bbox 1574 5311 1883 5380; x_wconf 68' lang='lat' dir='ltr'>aichardus,</span> <span class='ocrx_word' id='word_1_306' title='bbox 1926 5317 1970 5367; x_wconf 85' lang='lat'>11</span> <span class='ocrx_word' id='word_1_307' title='bbox 2008 5318 2166 5378; x_wconf 67' lang='lat' dir='ltr'>Seut„</span> 
     </span>
     <span class='ocr_line' id='line_1_47' title="bbox 634 5368 2165 5455; baseline 0.016 -38"><span class='ocrx_word' id='word_1_308' title='bbox 634 5368 748 5420; x_wconf 81' lang='lat' dir='ltr'>diet.</span> <span class='ocrx_word' id='word_1_309' title='bbox 777 5382 867 5423; x_wconf 81' lang='lat' dir='ltr'>vm</span> <span class='ocrx_word' id='word_1_310' title='bbox 882 5410 900 5437; x_wconf 87' lang='lat'>,</span> <span class='ocrx_word' id='word_1_311' title='bbox 927 5379 1022 5426; x_wconf 87' lang='lat' dir='ltr'>art.</span> <span class='ocrx_word' id='word_1_312' title='bbox 1044 5379 1099 5439; x_wconf 79' lang='lat'>2,</span> <span class='ocrx_word' id='word_1_313' title='bbox 1124 5391 1175 5442; x_wconf 87' lang='lat' dir='ltr'>q.</span> <span class='ocrx_word' id='word_1_314' title='bbox 1201 5389 1280 5442; x_wconf 58' lang='grc' dir='ltr'>νη</span> <span class='ocrx_word' id='word_1_315' title='bbox 1311 5381 1606 5448; x_wconf 83' lang='lat' dir='ltr'>Durandus,</span> <span class='ocrx_word' id='word_1_316' title='bbox 1635 5384 1678 5435; x_wconf 89' lang='lat' dir='ltr'>ll</span> <span class='ocrx_word' id='word_1_317' title='bbox 1707 5385 1869 5450; x_wconf 60' lang='lat' dir='ltr'>Seni„</span> <span class='ocrx_word' id='word_1_318' title='bbox 1897 5388 2015 5440; x_wconf 81' lang='lat' dir='ltr'>dist.</span> <span class='ocrx_word' id='word_1_319' title='bbox 2039 5402 2165 5455; x_wconf 83' lang='lat' dir='ltr'>vm,</span> 
     </span>
    </p>
   </div>
   <div class='ocr_carea' id='block_1_12' title="bbox 1836 394 2768 465">
    <p class='ocr_par' dir='ltr' id='par_1_12' title="bbox 1836 394 2768 465">
     <span class='ocr_line' id='line_1_48' title="bbox 1836 394 2768 465; baseline 0.001 -1"><span class='ocrx_word' id='word_1_320' title='bbox 1836 394 2460 464; x_wconf 80' lang='lat' dir='ltr'>SENTENTIARUM</span> <span class='ocrx_word' id='word_1_321' title='bbox 2495 397 2643 464; x_wconf 90' lang='lat' dir='ltr'>LIB.</span> <span class='ocrx_word' id='word_1_322' title='bbox 2688 399 2768 465; x_wconf 89' lang='lat'>11.</span> 
     </span>
    </p>
   </div>
   <div class='ocr_carea' id='block_1_13' title="bbox 2354 533 3890 717">
    <p class='ocr_par' dir='ltr' id='par_1_13' title="bbox 2354 533 3890 717">
     <span class='ocr_line' id='line_1_49' title="bbox 2357 533 3890 620; baseline 0.005 -22"><span class='ocrx_word' id='word_1_323' title='bbox 2357 533 2428 598; x_wconf 90' lang='lat' dir='ltr'>in</span> <span class='ocrx_word' id='word_1_324' title='bbox 2449 533 2635 599; x_wconf 87' lang='lat' dir='ltr'>litera</span> <span class='ocrx_word' id='word_1_325' title='bbox 2657 553 2672 595; x_wconf 72' lang='grc' dir='ltr'><strong>ε</strong></span> <span class='ocrx_word' id='word_1_326' title='bbox 2705 553 2862 618; x_wconf 89' lang='lat' dir='ltr'>ergo</span> <span class='ocrx_word' id='word_1_327' title='bbox 2881 538 3086 620; x_wconf 88' lang='lat' dir='ltr'>potest</span> <span class='ocrx_word' id='word_1_328' title='bbox 3101 537 3386 603; x_wconf 85' lang='lat' dir='ltr'>diabolus</span> <span class='ocrx_word' id='word_1_329' title='bbox 3400 556 3521 604; x_wconf 89' lang='lat' dir='ltr'>nos</span> <span class='ocrx_word' id='word_1_330' title='bbox 3539 538 3621 604; x_wconf 85' lang='lat' dir='ltr'>ad</span> <span class='ocrx_word' id='word_1_331' title='bbox 3646 538 3890 605; x_wconf 86' lang='lat' dir='ltr'>malum</span> 
     </span>
     <span class='ocr_line' id='line_1_50' title="bbox 2354 633 3472 717; baseline 0.004 -20"><span class='ocrx_word' id='word_1_332' title='bbox 2354 633 2762 699; x_wconf 85' lang='lat' dir='ltr'>inflammare</span> <span class='ocrx_word' id='word_1_333' title='bbox 2800 656 2814 700; x_wconf 90' lang='lat'><strong>:</strong></span> <span class='ocrx_word' id='word_1_334' title='bbox 2843 653 3002 717; x_wconf 92' lang='lat' dir='ltr'>ergo</span> <span class='ocrx_word' id='word_1_335' title='bbox 3029 640 3094 701; x_wconf 89' lang='lat' dir='ltr'>et</span> <span class='ocrx_word' id='word_1_336' title='bbox 3118 636 3472 703; x_wconf 89' lang='lat' dir='ltr'>incendere.</span> 
     </span>
    </p>
   </div>
   <div class='ocr_carea' id='block_1_14' title="bbox 2434 741 4103 876">
    <p class='ocr_par' dir='ltr' id='par_1_14' title="bbox 2434 741 4103 876">
     <span class='ocr_line' id='line_1_51' title="bbox 2434 741 4103 876; baseline 0.004 -71"><span class='ocrx_word' id='word_1_337' title='bbox 2434 741 2534 805; x_wconf 88' lang='lat' dir='ltr'>Ad</span> <span class='ocrx_word' id='word_1_338' title='bbox 2585 743 2944 825; x_wconf 87' lang='lat' dir='ltr'>oppositum</span> <span class='ocrx_word' id='word_1_339' title='bbox 2985 762 3001 804; x_wconf 76' lang='grc' dir='ltr'>ε</span> <span class='ocrx_word' id='word_1_340' title='bbox 3049 749 3106 808; x_wconf 77' lang='lat'>1.</span> <span class='ocrx_word' id='word_1_341' title='bbox 3155 744 3379 828; x_wconf 87' lang='lat' dir='ltr'>Imago</span> <span class='ocrx_word' id='word_1_342' title='bbox 3418 745 3702 809; x_wconf 81' lang='lat' dir='ltr'>maxime</span> <span class='ocrx_word' id='word_1_343' title='bbox 3741 763 3887 867; x_wconf 42' lang='lat' dir='ltr'>per-</span> <span class='ocrx_word' id='word_1_344' title='bbox 3936 761 4103 876; x_wconf 39' lang='lat' dir='ltr'>xjx)-</span> 
     </span>
    </p>
   </div>
   <div class='ocr_carea' id='block_1_15' title="bbox 2315 850 3889 3636">
    <p class='ocr_par' dir='ltr' id='par_1_15' title="bbox 2349 850 3889 1256">
     <span class='ocr_line' id='line_1_52' title="bbox 2351 850 3888 934; baseline 0.003 -21"><span class='ocrx_word' id='word_1_345' title='bbox 2351 850 2563 915; x_wconf 88' lang='lat' dir='ltr'>ficitur</span> <span class='ocrx_word' id='word_1_346' title='bbox 2601 850 2671 914; x_wconf 92' lang='lat' dir='ltr'>in</span> <span class='ocrx_word' id='word_1_347' title='bbox 2714 851 3041 916; x_wconf 82' lang='lat' dir='ltr'>affectione</span> <span class='ocrx_word' id='word_1_348' title='bbox 3102 857 3165 916; x_wconf 90' lang='lat' dir='ltr'>et</span> <span class='ocrx_word' id='word_1_349' title='bbox 3221 852 3580 932; x_wconf 81' lang='lat' dir='ltr'>voluntate3</span> <span class='ocrx_word' id='word_1_350' title='bbox 3625 871 3783 934; x_wconf 89' lang='lat' dir='ltr'>ergo</span> <span class='ocrx_word' id='word_1_351' title='bbox 3838 874 3888 918; x_wconf 73' lang='lat' dir='ltr'>sl</span> 
     </span>
     <span class='ocr_line' id='line_1_53' title="bbox 2349 956 3887 1043; baseline 0.003 -22"><span class='ocrx_word' id='word_1_352' title='bbox 2349 956 2641 1022; x_wconf 88' lang='lat' dir='ltr'>diabolus</span> <span class='ocrx_word' id='word_1_353' title='bbox 2671 975 2802 1022; x_wconf 90' lang='lat' dir='ltr'>non</span> <span class='ocrx_word' id='word_1_354' title='bbox 2826 958 3019 1023; x_wconf 85' lang='lat' dir='ltr'>habet</span> <span class='ocrx_word' id='word_1_355' title='bbox 3044 977 3223 1042; x_wconf 87' lang='lat' dir='ltr'>posse</span> <span class='ocrx_word' id='word_1_356' title='bbox 3248 978 3442 1043; x_wconf 91' lang='lat' dir='ltr'>super</span> <span class='ocrx_word' id='word_1_357' title='bbox 3477 961 3764 1025; x_wconf 88' lang='lat' dir='ltr'>animam</span> <span class='ocrx_word' id='word_1_358' title='bbox 3781 1010 3799 1041; x_wconf 92' lang='lat'>,</span> <span class='ocrx_word' id='word_1_359' title='bbox 3822 960 3887 1024; x_wconf 92' lang='lat' dir='ltr'>in</span> 
     </span>
     <span class='ocr_line' id='line_1_54' title="bbox 2350 1065 3889 1150; baseline 0.003 -21"><span class='ocrx_word' id='word_1_360' title='bbox 2350 1068 2666 1146; x_wconf 89' lang='lat' dir='ltr'>quantum</span> <span class='ocrx_word' id='word_1_361' title='bbox 2702 1068 2799 1129; x_wconf 90' lang='lat' dir='ltr'>est</span> <span class='ocrx_word' id='word_1_362' title='bbox 2824 1065 2935 1130; x_wconf 89' lang='lat' dir='ltr'>Dei</span> <span class='ocrx_word' id='word_1_363' title='bbox 2971 1066 3221 1149; x_wconf 89' lang='lat' dir='ltr'>imago,</span> <span class='ocrx_word' id='word_1_364' title='bbox 3267 1086 3424 1150; x_wconf 90' lang='lat' dir='ltr'>ergo</span> <span class='ocrx_word' id='word_1_365' title='bbox 3463 1087 3595 1133; x_wconf 92' lang='lat' dir='ltr'>non</span> <span class='ocrx_word' id='word_1_366' title='bbox 3640 1069 3889 1133; x_wconf 86' lang='lat' dir='ltr'>videtur</span> 
     </span>
     <span class='ocr_line' id='line_1_55' title="bbox 2349 1172 3882 1256; baseline 0.003 -20"><span class='ocrx_word' id='word_1_367' title='bbox 2349 1172 2523 1256; x_wconf 80' lang='lat' dir='ltr'>quod</span> <span class='ocrx_word' id='word_1_368' title='bbox 2558 1173 2751 1255; x_wconf 91' lang='lat' dir='ltr'>possit</span> <span class='ocrx_word' id='word_1_369' title='bbox 2776 1174 3171 1238; x_wconf 82' lang='lat' dir='ltr'>affectionem</span> <span class='ocrx_word' id='word_1_370' title='bbox 3204 1181 3487 1239; x_wconf 87' lang='lat' dir='ltr'>nostram</span> <span class='ocrx_word' id='word_1_371' title='bbox 3527 1176 3882 1242; x_wconf 85' lang='lat' dir='ltr'>incendere.</span> 
     </span>
    </p>

    <p class='ocr_par' dir='ltr' id='par_1_16' title="bbox 2338 1279 3883 2098">
     <span class='ocr_line' id='line_1_56' title="bbox 2427 1279 3883 1350; baseline 0.005 -7"><span class='ocrx_word' id='word_1_372' title='bbox 2427 1284 2489 1343; x_wconf 80' lang='lat'>2.</span> <span class='ocrx_word' id='word_1_373' title='bbox 2514 1279 2671 1344; x_wconf 88' lang='lat' dir='ltr'>Item</span> <span class='ocrx_word' id='word_1_374' title='bbox 2688 1280 2942 1346; x_wconf 88' lang='lat' dir='ltr'>libertas</span> <span class='ocrx_word' id='word_1_375' title='bbox 2955 1282 3199 1347; x_wconf 89' lang='lat' dir='ltr'>arbitrii</span> <span class='ocrx_word' id='word_1_376' title='bbox 3222 1283 3500 1348; x_wconf 90' lang='lat' dir='ltr'>consistit</span> <span class='ocrx_word' id='word_1_377' title='bbox 3518 1285 3797 1350; x_wconf 86' lang='lat' dir='ltr'>maxime</span> <span class='ocrx_word' id='word_1_378' title='bbox 3816 1287 3883 1350; x_wconf 91' lang='lat' dir='ltr'>in</span> 
     </span>
     <span class='ocr_line' id='line_1_57' title="bbox 2346 1388 3881 1469; baseline 0.003 -18"><span class='ocrx_word' id='word_1_379' title='bbox 2346 1388 2608 1465; x_wconf 80' lang='lat' dir='ltr'>affectu,</span> <span class='ocrx_word' id='word_1_380' title='bbox 2643 1389 2780 1453; x_wconf 90' lang='lat' dir='ltr'>sive</span> <span class='ocrx_word' id='word_1_381' title='bbox 2806 1389 2876 1453; x_wconf 93' lang='lat' dir='ltr'>in</span> <span class='ocrx_word' id='word_1_382' title='bbox 2916 1388 3279 1469; x_wconf 81' lang='lat' dir='ltr'>voluntate3</span> <span class='ocrx_word' id='word_1_383' title='bbox 3326 1392 3436 1455; x_wconf 86' lang='lat' dir='ltr'>sed</span> <span class='ocrx_word' id='word_1_384' title='bbox 3463 1391 3737 1455; x_wconf 90' lang='lat' dir='ltr'>liberum</span> <span class='ocrx_word' id='word_1_385' title='bbox 3778 1410 3881 1455; x_wconf 86' lang='lat' dir='ltr'>ar-</span> 
     </span>
     <span class='ocr_line' id='line_1_58' title="bbox 2346 1494 3881 1582; baseline 0.003 -24"><span class='ocrx_word' id='word_1_386' title='bbox 2346 1494 2609 1560; x_wconf 86' lang='lat' dir='ltr'>bitrium</span> <span class='ocrx_word' id='word_1_387' title='bbox 2638 1502 2734 1561; x_wconf 89' lang='lat' dir='ltr'>est</span> <span class='ocrx_word' id='word_1_388' title='bbox 2772 1496 2929 1562; x_wconf 90' lang='lat' dir='ltr'>illud</span> <span class='ocrx_word' id='word_1_389' title='bbox 2955 1515 3147 1581; x_wconf 89' lang='lat' dir='ltr'>super</span> <span class='ocrx_word' id='word_1_390' title='bbox 3172 1497 3344 1581; x_wconf 90' lang='lat' dir='ltr'>quod</span> <span class='ocrx_word' id='word_1_391' title='bbox 3384 1498 3652 1563; x_wconf 89' lang='lat' dir='ltr'>minime</span> <span class='ocrx_word' id='word_1_392' title='bbox 3684 1503 3881 1582; x_wconf 86' lang='lat' dir='ltr'>potest</span> 
     </span>
     <span class='ocr_line' id='line_1_59' title="bbox 2345 1603 3878 1691; baseline 0.003 -24"><span class='ocrx_word' id='word_1_393' title='bbox 2345 1603 2635 1669; x_wconf 86' lang='lat' dir='ltr'>diabolus</span> <span class='ocrx_word' id='word_1_394' title='bbox 2667 1628 2680 1668; x_wconf 95' lang='lat'><strong>:</strong></span> <span class='ocrx_word' id='word_1_395' title='bbox 2718 1623 2876 1686; x_wconf 88' lang='lat' dir='ltr'>ergo</span> <span class='ocrx_word' id='word_1_396' title='bbox 2900 1606 3153 1671; x_wconf 86' lang='lat' dir='ltr'>videtur</span> <span class='ocrx_word' id='word_1_397' title='bbox 3181 1607 3355 1690; x_wconf 91' lang='lat' dir='ltr'>quod</span> <span class='ocrx_word' id='word_1_398' title='bbox 3388 1607 3656 1672; x_wconf 87' lang='lat' dir='ltr'>minime</span> <span class='ocrx_word' id='word_1_399' title='bbox 3690 1608 3878 1691; x_wconf 85' lang='lat' dir='ltr'>possit</span> 
     </span>
     <span class='ocr_line' id='line_1_60' title="bbox 2343 1710 3874 1798; baseline 0.005 -25"><span class='ocrx_word' id='word_1_400' title='bbox 2343 1710 2411 1774; x_wconf 90' lang='lat' dir='ltr'>in</span> <span class='ocrx_word' id='word_1_401' title='bbox 2436 1717 2727 1777; x_wconf 90' lang='lat' dir='ltr'>nostrum</span> <span class='ocrx_word' id='word_1_402' title='bbox 2754 1714 3053 1779; x_wconf 80' lang='lat' dir='ltr'>affectum</span> <span class='ocrx_word' id='word_1_403' title='bbox 3082 1738 3096 1778; x_wconf 94' lang='lat'>:</span> <span class='ocrx_word' id='word_1_404' title='bbox 3126 1732 3285 1796; x_wconf 89' lang='lat' dir='ltr'>ergo</span> <span class='ocrx_word' id='word_1_405' title='bbox 3308 1715 3365 1777; x_wconf 88' lang='lat' dir='ltr'>si</span> <span class='ocrx_word' id='word_1_406' title='bbox 3388 1733 3520 1779; x_wconf 91' lang='lat' dir='ltr'>non</span> <span class='ocrx_word' id='word_1_407' title='bbox 3545 1720 3749 1798; x_wconf 89' lang='lat' dir='ltr'>potest</span> <span class='ocrx_word' id='word_1_408' title='bbox 3775 1716 3874 1779; x_wconf 90' lang='lat' dir='ltr'>in—</span> 
     </span>
     <span class='ocr_line' id='line_1_61' title="bbox 2340 1816 3871 1905; baseline 0.004 -23"><span class='ocrx_word' id='word_1_409' title='bbox 2340 1816 2616 1883; x_wconf 88' lang='lat' dir='ltr'>tellectui</span> <span class='ocrx_word' id='word_1_410' title='bbox 2654 1821 3085 1902; x_wconf 90' lang='lat' dir='ltr'>cognitionem</span> <span class='ocrx_word' id='word_1_411' title='bbox 3119 1821 3223 1887; x_wconf 83' lang='lat' dir='ltr'>vel</span> <span class='ocrx_word' id='word_1_412' title='bbox 3256 1823 3708 1905; x_wconf 88' lang='lat' dir='ltr'>cogitationem</span> <span class='ocrx_word' id='word_1_413' title='bbox 3750 1824 3871 1888; x_wconf 90' lang='lat' dir='ltr'>im·-</span> 
     </span>
     <span class='ocr_line' id='line_1_62' title="bbox 2340 1927 3871 2009; baseline 0.004 -19"><span class='ocrx_word' id='word_1_414' title='bbox 2340 1927 2589 1990; x_wconf 91' lang='lat' dir='ltr'>mittere</span> <span class='ocrx_word' id='word_1_415' title='bbox 2609 1975 2626 2004; x_wconf 92' lang='lat'>,</span> <span class='ocrx_word' id='word_1_416' title='bbox 2667 1946 2825 2009; x_wconf 88' lang='lat' dir='ltr'>ergo</span> <span class='ocrx_word' id='word_1_417' title='bbox 2851 1929 3055 1993; x_wconf 85' lang='lat' dir='ltr'>multo</span> <span class='ocrx_word' id='word_1_418' title='bbox 3092 1930 3312 1994; x_wconf 82' lang='lat' dir='ltr'>minus</span> <span class='ocrx_word' id='word_1_419' title='bbox 3349 1931 3747 1996; x_wconf 85' lang='lat' dir='ltr'>affectionem</span> <span class='ocrx_word' id='word_1_420' title='bbox 3772 1932 3871 1996; x_wconf 89' lang='lat' dir='ltr'>in·</span> 
     </span>
     <span class='ocr_line' id='line_1_63' title="bbox 2338 2034 2626 2098; baseline 0.003 -1"><span class='ocrx_word' id='word_1_421' title='bbox 2338 2034 2626 2098; x_wconf 89' lang='lat' dir='ltr'>cendere.</span> 
     </span>
    </p>

    <p class='ocr_par' dir='ltr' id='par_1_17' title="bbox 2330 2141 3869 2653">
     <span class='ocr_line' id='line_1_64' title="bbox 2418 2141 3869 2228; baseline 0.007 -24"><span class='ocrx_word' id='word_1_422' title='bbox 2418 2146 2478 2204; x_wconf 87' lang='lat'>3.</span> <span class='ocrx_word' id='word_1_423' title='bbox 2508 2141 2668 2206; x_wconf 90' lang='lat' dir='ltr'>Item</span> <span class='ocrx_word' id='word_1_424' title='bbox 2687 2143 3002 2226; x_wconf 89' lang='lat' dir='ltr'>cogitatus</span> <span class='ocrx_word' id='word_1_425' title='bbox 3019 2147 3455 2228; x_wconf 72' lang='lat' dir='ltr'>praeambulus</span> <span class='ocrx_word' id='word_1_426' title='bbox 3480 2152 3576 2212; x_wconf 88' lang='lat' dir='ltr'>est</span> <span class='ocrx_word' id='word_1_427' title='bbox 3592 2148 3671 2213; x_wconf 89' lang='lat' dir='ltr'>ad</span> <span class='ocrx_word' id='word_1_428' title='bbox 3692 2149 3869 2213; x_wconf 84' lang='lat' dir='ltr'>affec-</span> 
     </span>
     <span class='ocr_line' id='line_1_65' title="bbox 2334 2248 3865 2340; baseline 0.007 -29"><span class='ocrx_word' id='word_1_429' title='bbox 2334 2248 2575 2313; x_wconf 90' lang='lat' dir='ltr'>tionem</span> <span class='ocrx_word' id='word_1_430' title='bbox 2608 2271 2624 2314; x_wconf 86' lang='lat'>:</span> <span class='ocrx_word' id='word_1_431' title='bbox 2652 2251 2762 2317; x_wconf 86' lang='lat' dir='ltr'>sed</span> <span class='ocrx_word' id='word_1_432' title='bbox 2800 2253 2971 2334; x_wconf 84' lang='lat' dir='ltr'>quod</span> <span class='ocrx_word' id='word_1_433' title='bbox 3002 2272 3135 2318; x_wconf 91' lang='lat' dir='ltr'>non</span> <span class='ocrx_word' id='word_1_434' title='bbox 3179 2261 3382 2338; x_wconf 84' lang='lat' dir='ltr'>potest</span> <span class='ocrx_word' id='word_1_435' title='bbox 3406 2256 3474 2319; x_wconf 90' lang='lat' dir='ltr'>in</span> <span class='ocrx_word' id='word_1_436' title='bbox 3513 2256 3865 2340; x_wconf 88' lang='lat' dir='ltr'>dispositio·</span> 
     </span>
     <span class='ocr_line' id='line_1_66' title="bbox 2334 2360 3864 2446; baseline 0.005 -28"><span class='ocrx_word' id='word_1_437' title='bbox 2334 2372 2518 2433; x_wconf 91' lang='lat' dir='ltr'>nem,</span> <span class='ocrx_word' id='word_1_438' title='bbox 2540 2376 2672 2421; x_wconf 90' lang='lat' dir='ltr'>non</span> <span class='ocrx_word' id='word_1_439' title='bbox 2690 2361 2895 2440; x_wconf 88' lang='lat' dir='ltr'>potest</span> <span class='ocrx_word' id='word_1_440' title='bbox 2916 2360 2983 2423; x_wconf 91' lang='lat' dir='ltr'>in</span> <span class='ocrx_word' id='word_1_441' title='bbox 3009 2361 3547 2444; x_wconf 89' lang='lat' dir='ltr'>complementum</span> <span class='ocrx_word' id='word_1_442' title='bbox 3580 2382 3595 2423; x_wconf 72' lang='grc' dir='ltr'><strong><em>ι</em></strong></span> <span class='ocrx_word' id='word_1_443' title='bbox 3631 2382 3788 2446; x_wconf 86' lang='lat' dir='ltr'>ergo</span> <span class='ocrx_word' id='word_1_444' title='bbox 3814 2365 3864 2426; x_wconf 90' lang='lat' dir='ltr'>si</span> 
     </span>
     <span class='ocr_line' id='line_1_67' title="bbox 2331 2460 3860 2552; baseline 0.006 -28"><span class='ocrx_word' id='word_1_445' title='bbox 2331 2460 2621 2527; x_wconf 89' lang='lat' dir='ltr'>diabolus</span> <span class='ocrx_word' id='word_1_446' title='bbox 2664 2482 2799 2528; x_wconf 92' lang='lat' dir='ltr'>non</span> <span class='ocrx_word' id='word_1_447' title='bbox 2848 2470 3051 2549; x_wconf 87' lang='lat' dir='ltr'>potest</span> <span class='ocrx_word' id='word_1_448' title='bbox 3093 2467 3436 2533; x_wconf 89' lang='lat' dir='ltr'>immittere</span> <span class='ocrx_word' id='word_1_449' title='bbox 3474 2469 3826 2552; x_wconf 88' lang='lat' dir='ltr'>cogitatum</span> <span class='ocrx_word' id='word_1_450' title='bbox 3842 2519 3860 2549; x_wconf 93' lang='lat'>,</span> 
     </span>
     <span class='ocr_line' id='line_1_68' title="bbox 2330 2573 3413 2653; baseline 0.009 -21"><span class='ocrx_word' id='word_1_451' title='bbox 2330 2586 2463 2634; x_wconf 88' lang='lat' dir='ltr'>non</span> <span class='ocrx_word' id='word_1_452' title='bbox 2494 2576 2701 2653; x_wconf 88' lang='lat' dir='ltr'>potest</span> <span class='ocrx_word' id='word_1_453' title='bbox 2729 2573 3067 2639; x_wconf 88' lang='lat' dir='ltr'>incendere</span> <span class='ocrx_word' id='word_1_454' title='bbox 3096 2576 3413 2641; x_wconf 86' lang='lat' dir='ltr'>affectum.</span> 
     </span>
    </p>

    <p class='ocr_par' dir='ltr' id='par_1_18' title="bbox 2315 2677 3861 3636">
     <span class='ocr_line' id='line_1_69' title="bbox 2408 2677 3858 2768; baseline 0.009 -28"><span class='ocrx_word' id='word_1_455' title='bbox 2408 2681 2468 2741; x_wconf 78' lang='lat'>4.</span> <span class='ocrx_word' id='word_1_456' title='bbox 2505 2677 2661 2743; x_wconf 87' lang='lat' dir='ltr'>Item</span> <span class='ocrx_word' id='word_1_457' title='bbox 2703 2703 2716 2744; x_wconf 91' lang='lat'>:</span> <span class='ocrx_word' id='word_1_458' title='bbox 2752 2681 2807 2745; x_wconf 92' lang='lat' dir='ltr'>si</span> <span class='ocrx_word' id='word_1_459' title='bbox 2834 2687 3038 2765; x_wconf 89' lang='lat' dir='ltr'>potest</span> <span class='ocrx_word' id='word_1_460' title='bbox 3079 2684 3277 2749; x_wconf 88' lang='lat' dir='ltr'>malas</span> <span class='ocrx_word' id='word_1_461' title='bbox 3308 2687 3722 2768; x_wconf 86' lang='lat' dir='ltr'>cogitationes</span> <span class='ocrx_word' id='word_1_462' title='bbox 3763 2689 3858 2753; x_wconf 89' lang='lat' dir='ltr'>in-</span> 
     </span>
     <span class='ocr_line' id='line_1_70' title="bbox 2328 2789 3857 2882; baseline 0.008 -31"><span class='ocrx_word' id='word_1_463' title='bbox 2328 2789 2628 2870; x_wconf 89' lang='lat' dir='ltr'>cendere;</span> <span class='ocrx_word' id='word_1_464' title='bbox 2656 2810 2805 2855; x_wconf 89' lang='lat' dir='ltr'>cum</span> <span class='ocrx_word' id='word_1_465' title='bbox 2832 2792 3201 2876; x_wconf 89' lang='lat' dir='ltr'>hujusmodi</span> <span class='ocrx_word' id='word_1_466' title='bbox 3229 2790 3592 2862; x_wconf 60' lang='lat' dir='ltr'>affectiones</span> <span class='ocrx_word' id='word_1_467' title='bbox 3613 2816 3857 2882; x_wconf 85' lang='lat' dir='ltr'>semper</span> 
     </span>
     <span class='ocr_line' id='line_1_71' title="bbox 2326 2896 3858 2987; baseline 0.008 -28"><span class='ocrx_word' id='word_1_468' title='bbox 2326 2896 2455 2960; x_wconf 91' lang='lat' dir='ltr'>sint</span> <span class='ocrx_word' id='word_1_469' title='bbox 2498 2899 2843 2981; x_wconf 84' lang='lat' dir='ltr'>culpabiles</span> <span class='ocrx_word' id='word_1_470' title='bbox 2863 2949 2881 2981; x_wconf 93' lang='lat'>,</span> <span class='ocrx_word' id='word_1_471' title='bbox 2930 2904 3228 2969; x_wconf 87' lang='lat' dir='ltr'>continue</span> <span class='ocrx_word' id='word_1_472' title='bbox 3262 2910 3471 2987; x_wconf 88' lang='lat' dir='ltr'>posset</span> <span class='ocrx_word' id='word_1_473' title='bbox 3508 2925 3627 2971; x_wconf 89' lang='lat' dir='ltr'>nos</span> <span class='ocrx_word' id='word_1_474' title='bbox 3660 2908 3858 2972; x_wconf 79' lang='lat' dir='ltr'>facere</span> 
     </span>
     <span class='ocr_line' id='line_1_72' title="bbox 2324 3009 3858 3097; baseline 0.007 -29"><span class='ocrx_word' id='word_1_475' title='bbox 2324 3022 2581 3087; x_wconf 87' lang='lat' dir='ltr'>peccare</span> <span class='ocrx_word' id='word_1_476' title='bbox 2618 3027 2634 3070; x_wconf 71' lang='grc' dir='ltr'><em>τ</em></span> <span class='ocrx_word' id='word_1_477' title='bbox 2673 3009 2841 3092; x_wconf 89' lang='lat' dir='ltr'>quod</span> <span class='ocrx_word' id='word_1_478' title='bbox 2878 3010 3054 3075; x_wconf 85' lang='lat' dir='ltr'>nefas</span> <span class='ocrx_word' id='word_1_479' title='bbox 3094 3016 3190 3075; x_wconf 89' lang='lat' dir='ltr'>est</span> <span class='ocrx_word' id='word_1_480' title='bbox 3236 3013 3463 3077; x_wconf 88' lang='lat' dir='ltr'>dicere.</span> <span class='ocrx_word' id='word_1_481' title='bbox 3506 3013 3618 3078; x_wconf 90' lang='lat' dir='ltr'>Est</span> <span class='ocrx_word' id='word_1_482' title='bbox 3658 3014 3858 3097; x_wconf 87' lang='lat' dir='ltr'>igitur</span> 
     </span>
     <span class='ocr_line' id='line_1_73' title="bbox 2323 3114 3854 3203; baseline 0.007 -26"><span class='ocrx_word' id='word_1_483' title='bbox 2323 3114 2591 3195; x_wconf 69' lang='lat' dir='ltr'>quaestio</span> <span class='ocrx_word' id='word_1_484' title='bbox 2608 3163 2625 3191; x_wconf 91' lang='lat'>,</span> <span class='ocrx_word' id='word_1_485' title='bbox 2651 3117 3182 3198; x_wconf 82' lang='lat' dir='ltr'>quae&#39;differentia</span> <span class='ocrx_word' id='word_1_486' title='bbox 3198 3121 3280 3184; x_wconf 88' lang='lat' dir='ltr'>sit</span> <span class='ocrx_word' id='word_1_487' title='bbox 3304 3122 3471 3185; x_wconf 89' lang='lat' dir='ltr'>inter</span> <span class='ocrx_word' id='word_1_488' title='bbox 3496 3122 3854 3203; x_wconf 85' lang='lat' dir='ltr'>incendere,</span> 
     </span>
     <span class='ocr_line' id='line_1_74' title="bbox 2322 3222 3861 3313; baseline 0.008 -29"><span class='ocrx_word' id='word_1_489' title='bbox 2322 3225 2386 3284; x_wconf 91' lang='lat' dir='ltr'>et</span> <span class='ocrx_word' id='word_1_490' title='bbox 2456 3222 2803 3289; x_wconf 89' lang='lat' dir='ltr'>immittere</span> <span class='ocrx_word' id='word_1_491' title='bbox 2825 3274 2843 3305; x_wconf 94' lang='lat'>,</span> <span class='ocrx_word' id='word_1_492' title='bbox 2936 3230 2999 3290; x_wconf 87' lang='lat' dir='ltr'>et</span> <span class='ocrx_word' id='word_1_493' title='bbox 3082 3246 3198 3311; x_wconf 89' lang='lat' dir='ltr'>pro</span> <span class='ocrx_word' id='word_1_494' title='bbox 3265 3234 3507 3313; x_wconf 82' lang='lat' dir='ltr'>quanto</span> <span class='ocrx_word' id='word_1_495' title='bbox 3572 3231 3861 3296; x_wconf 87' lang='lat' dir='ltr'>diabolus</span> 
     </span>
     <span class='ocr_line' id='line_1_75' title="bbox 2321 3330 3854 3422; baseline 0.01 -30"><span class='ocrx_word' id='word_1_496' title='bbox 2321 3330 2532 3412; x_wconf 90' lang='lat' dir='ltr'>magis</span> <span class='ocrx_word' id='word_1_497' title='bbox 2577 3332 2806 3398; x_wconf 89' lang='lat' dir='ltr'>dicitur</span> <span class='ocrx_word' id='word_1_498' title='bbox 2861 3335 3155 3401; x_wconf 90' lang='lat' dir='ltr'>incensor</span> <span class='ocrx_word' id='word_1_499' title='bbox 3174 3386 3192 3418; x_wconf 90' lang='lat'>,</span> <span class='ocrx_word' id='word_1_500' title='bbox 3240 3357 3439 3421; x_wconf 88' lang='lat' dir='ltr'>quam</span> <span class='ocrx_word' id='word_1_501' title='bbox 3488 3340 3816 3406; x_wconf 89' lang='lat' dir='ltr'>immissor</span> <span class='ocrx_word' id='word_1_502' title='bbox 3836 3391 3854 3422; x_wconf 90' lang='lat'>,</span> 
     </span>
     <span class='ocr_line' id='line_1_76' title="bbox 2317 3444 3857 3531; baseline 0.01 -31"><span class='ocrx_word' id='word_1_503' title='bbox 2317 3454 2468 3501; x_wconf 91' lang='lat' dir='ltr'>cum</span> <span class='ocrx_word' id='word_1_504' title='bbox 2519 3458 2559 3503; x_wconf 89' lang='lat' dir='ltr'>e</span> <span class='ocrx_word' id='word_1_505' title='bbox 2608 3459 2915 3507; x_wconf 88' lang='lat' dir='ltr'>converso</span> <span class='ocrx_word' id='word_1_506' title='bbox 2968 3444 3259 3511; x_wconf 82' lang='lat' dir='ltr'>videatur</span> <span class='ocrx_word' id='word_1_507' title='bbox 3313 3449 3485 3531; x_wconf 90' lang='lat' dir='ltr'>quod</span> <span class='ocrx_word' id='word_1_508' title='bbox 3535 3450 3608 3530; x_wconf 91' lang='lat' dir='ltr'>(c)</span> <span class='ocrx_word' id='word_1_509' title='bbox 3656 3451 3857 3515; x_wconf 86' lang='lat' dir='ltr'>multo</span> 
     </span>
     <span class='ocr_line' id='line_1_77' title="bbox 2315 3546 3313 3636; baseline 0.011 -26"><span class='ocrx_word' id='word_1_510' title='bbox 2315 3546 2459 3629; x_wconf 89' lang='lat' dir='ltr'>plus</span> <span class='ocrx_word' id='word_1_511' title='bbox 2486 3549 2567 3614; x_wconf 92' lang='lat' dir='ltr'>sit</span> <span class='ocrx_word' id='word_1_512' title='bbox 2592 3551 2758 3615; x_wconf 84' lang='lat' dir='ltr'>affici</span> <span class='ocrx_word' id='word_1_513' title='bbox 2787 3570 2984 3635; x_wconf 88' lang='lat' dir='ltr'>quam</span> <span class='ocrx_word' id='word_1_514' title='bbox 3014 3555 3313 3636; x_wconf 86' lang='lat' dir='ltr'>cogitare.</span> 
     </span>
    </p>
   </div>
   <div class='ocr_carea' id='block_1_16' title="bbox 2854 3793 3304 3863">
    <p class='ocr_par' dir='ltr' id='par_1_19' title="bbox 2854 3793 3304 3863">
     <span class='ocr_line' id='line_1_78' title="bbox 2854 3793 3304 3863; baseline 0.013 -6"><span class='ocrx_word' id='word_1_515' title='bbox 2854 3793 3304 3863; x_wconf 86' lang='lat' dir='ltr'>CONCLUSIO.</span> 
     </span>
    </p>
   </div>
   <div class='ocr_carea' id='block_1_17' title="bbox 2309 3945 3844 4108">
    <p class='ocr_par' dir='ltr' id='par_1_20' title="bbox 2309 3945 3844 4108">
     <span class='ocr_line' id='line_1_79' title="bbox 2309 3945 3844 4027; baseline 0.011 -28"><span class='ocrx_word' id='word_1_516' title='bbox 2309 3945 2525 4000; x_wconf 83' lang='lat' dir='ltr'>Doemon</span> <span class='ocrx_word' id='word_1_517' title='bbox 2544 3950 2724 4018; x_wconf 77' lang='lat' dir='ltr'>potest</span> <span class='ocrx_word' id='word_1_518' title='bbox 2754 3950 2968 4005; x_wconf 84' lang='lat' dir='ltr'>animas</span> <span class='ocrx_word' id='word_1_519' title='bbox 2988 3954 3198 4007; x_wconf 81' lang='lat' dir='ltr'>nostras</span> <span class='ocrx_word' id='word_1_520' title='bbox 3224 3952 3520 4021; x_wconf 80' lang='lat' dir='ltr'>incendere,</span> <span class='ocrx_word' id='word_1_521' title='bbox 3553 3960 3844 4027; x_wconf 59' lang='lat' dir='ltr'>cogitatio-</span> 
     </span>
     <span class='ocr_line' id='line_1_80' title="bbox 2368 4036 3775 4108; baseline 0.011 -18"><span class='ocrx_word' id='word_1_522' title='bbox 2368 4049 2459 4092; x_wconf 81' lang='lat' dir='ltr'>nes</span> <span class='ocrx_word' id='word_1_523' title='bbox 2484 4039 2535 4091; x_wconf 80' lang='lat' dir='ltr'>et</span> <span class='ocrx_word' id='word_1_524' title='bbox 2566 4036 2872 4108; x_wconf 78' lang='lat' dir='ltr'>affectiones</span> <span class='ocrx_word' id='word_1_525' title='bbox 2900 4041 3185 4096; x_wconf 74' lang='lat' dir='ltr'>excitando</span> <span class='ocrx_word' id='word_1_526' title='bbox 3217 4045 3268 4097; x_wconf 83' lang='lat' dir='ltr'>et</span> <span class='ocrx_word' id='word_1_527' title='bbox 3290 4043 3775 4106; x_wconf 76' lang='lat' dir='ltr'>subministrando.</span> 
     </span>
    </p>
   </div>
   <div class='ocr_carea' id='block_1_18' title="bbox 2285 4193 3842 5158">
    <p class='ocr_par' dir='ltr' id='par_1_21' title="bbox 2285 4193 3842 5158">
     <span class='ocr_line' id='line_1_81' title="bbox 2384 4193 3842 4287; baseline 0.012 -29"><span class='ocrx_word' id='word_1_528' title='bbox 2384 4193 2567 4278; x_wconf 86' lang='lat' dir='ltr'>Resp.</span> <span class='ocrx_word' id='word_1_529' title='bbox 2599 4196 2677 4261; x_wconf 90' lang='lat' dir='ltr'>ad</span> <span class='ocrx_word' id='word_1_530' title='bbox 2714 4197 2872 4280; x_wconf 81' lang='lat' dir='ltr'>Arg.</span> <span class='ocrx_word' id='word_1_531' title='bbox 2907 4199 3253 4267; x_wconf 90' lang='lat' dir='ltr'>Dicendum</span> <span class='ocrx_word' id='word_1_532' title='bbox 3293 4206 3465 4287; x_wconf 87' lang='lat' dir='ltr'>quod</span> <span class='ocrx_word' id='word_1_533' title='bbox 3504 4206 3842 4275; x_wconf 88' lang='lat' dir='ltr'>incendere</span> 
     </span>
     <span class='ocr_line' id='line_1_82' title="bbox 2300 4305 3842 4400; baseline 0.011 -35"><span class='ocrx_word' id='word_1_534' title='bbox 2300 4306 2396 4366; x_wconf 92' lang='lat' dir='ltr'>est</span> <span class='ocrx_word' id='word_1_535' title='bbox 2426 4306 2604 4368; x_wconf 91' lang='lat' dir='ltr'>actus</span> <span class='ocrx_word' id='word_1_536' title='bbox 2638 4305 2981 4371; x_wconf 90' lang='lat' dir='ltr'>translatus</span> <span class='ocrx_word' id='word_1_537' title='bbox 3008 4327 3047 4373; x_wconf 91' lang='lat' dir='ltr'>a</span> <span class='ocrx_word' id='word_1_538' title='bbox 3071 4311 3506 4393; x_wconf 88' lang='lat' dir='ltr'>corporalibus</span> <span class='ocrx_word' id='word_1_539' title='bbox 3536 4315 3619 4379; x_wconf 90' lang='lat' dir='ltr'>ad</span> <span class='ocrx_word' id='word_1_540' title='bbox 3650 4316 3842 4400; x_wconf 89' lang='lat' dir='ltr'>spiri-</span> 
     </span>
     <span class='ocr_line' id='line_1_83' title="bbox 2299 4410 3839 4499; baseline 0.012 -25"><span class='ocrx_word' id='word_1_541' title='bbox 2299 4410 2517 4475; x_wconf 90' lang='lat' dir='ltr'>tualia.</span> <span class='ocrx_word' id='word_1_542' title='bbox 2542 4411 2615 4476; x_wconf 91' lang='lat' dir='ltr'>In</span> <span class='ocrx_word' id='word_1_543' title='bbox 2643 4416 3077 4497; x_wconf 87' lang='lat' dir='ltr'>corporalibus</span> <span class='ocrx_word' id='word_1_544' title='bbox 3100 4425 3349 4499; x_wconf 86' lang='lat' dir='ltr'>autem,</span> <span class='ocrx_word' id='word_1_545' title='bbox 3382 4422 3718 4490; x_wconf 88' lang='lat' dir='ltr'>incendere</span> <span class='ocrx_word' id='word_1_546' title='bbox 3744 4431 3839 4491; x_wconf 88' lang='lat' dir='ltr'>est</span> 
     </span>
     <span class='ocr_line' id='line_1_84' title="bbox 2297 4520 3833 4615; baseline 0.01 -34"><span class='ocrx_word' id='word_1_547' title='bbox 2297 4535 2425 4582; x_wconf 89' lang='lat' dir='ltr'>non</span> <span class='ocrx_word' id='word_1_548' title='bbox 2449 4520 2667 4600; x_wconf 88' lang='lat' dir='ltr'>ignem</span> <span class='ocrx_word' id='word_1_549' title='bbox 2704 4539 3044 4602; x_wconf 82' lang='lat' dir='ltr'>generare,</span> <span class='ocrx_word' id='word_1_550' title='bbox 3073 4525 3182 4589; x_wconf 88' lang='lat' dir='ltr'>sed</span> <span class='ocrx_word' id='word_1_551' title='bbox 3210 4528 3421 4609; x_wconf 87' lang='lat' dir='ltr'>potius</span> <span class='ocrx_word' id='word_1_552' title='bbox 3451 4529 3596 4611; x_wconf 89' lang='lat' dir='ltr'>igni</span> <span class='ocrx_word' id='word_1_553' title='bbox 3632 4533 3833 4615; x_wconf 87' lang='lat' dir='ltr'>pabu-</span> 
     </span>
     <span class='ocr_line' id='line_1_85' title="bbox 2295 4624 3835 4719; baseline 0.012 -31"><span class='ocrx_word' id='word_1_554' title='bbox 2295 4624 2432 4689; x_wconf 93' lang='lat' dir='ltr'>lum</span> <span class='ocrx_word' id='word_1_555' title='bbox 2460 4627 2821 4693; x_wconf 88' lang='lat' dir='ltr'>ministrare</span> <span class='ocrx_word' id='word_1_556' title='bbox 2840 4677 2858 4709; x_wconf 93' lang='lat'>,</span> <span class='ocrx_word' id='word_1_557' title='bbox 2881 4631 2984 4695; x_wconf 90' lang='lat' dir='ltr'>vel</span> <span class='ocrx_word' id='word_1_558' title='bbox 3007 4631 3383 4715; x_wconf 87' lang='lat' dir='ltr'>applicando</span> <span class='ocrx_word' id='word_1_559' title='bbox 3412 4637 3636 4719; x_wconf 92' lang='lat' dir='ltr'>ignem</span> <span class='ocrx_word' id='word_1_560' title='bbox 3664 4659 3835 4705; x_wconf 89' lang='lat' dir='ltr'>com-</span> 
     </span>
     <span class='ocr_line' id='line_1_86' title="bbox 2290 4731 3833 4824; baseline 0.012 -29"><span class='ocrx_word' id='word_1_561' title='bbox 2290 4731 2573 4797; x_wconf 89' lang='lat' dir='ltr'>bustibili</span> <span class='ocrx_word' id='word_1_562' title='bbox 2596 4782 2613 4813; x_wconf 93' lang='lat'>,</span> <span class='ocrx_word' id='word_1_563' title='bbox 2663 4735 2767 4800; x_wconf 92' lang='lat' dir='ltr'>vel</span> <span class='ocrx_word' id='word_1_564' title='bbox 2812 4738 3248 4805; x_wconf 79' lang='lat' dir='ltr'>combustibile</span> <span class='ocrx_word' id='word_1_565' title='bbox 3290 4742 3463 4824; x_wconf 91' lang='lat' dir='ltr'>igni;</span> <span class='ocrx_word' id='word_1_566' title='bbox 3512 4745 3605 4811; x_wconf 90' lang='lat' dir='ltr'>sic</span> <span class='ocrx_word' id='word_1_567' title='bbox 3651 4752 3712 4811; x_wconf 91' lang='lat' dir='ltr'>et</span> <span class='ocrx_word' id='word_1_568' title='bbox 3760 4749 3833 4814; x_wconf 88' lang='lat' dir='ltr'>in</span> 
     </span>
     <span class='ocr_line' id='line_1_87' title="bbox 2289 4840 3829 4938; baseline 0.012 -35"><span class='ocrx_word' id='word_1_569' title='bbox 2289 4840 2745 4922; x_wconf 79' lang='lat' dir='ltr'>spiritualibus.</span> <span class='ocrx_word' id='word_1_570' title='bbox 2800 4844 2977 4927; x_wconf 86' lang='lat' dir='ltr'>Ignis</span> <span class='ocrx_word' id='word_1_571' title='bbox 3030 4852 3245 4912; x_wconf 88' lang='lat' dir='ltr'>autem</span> <span class='ocrx_word' id='word_1_572' title='bbox 3311 4850 3427 4915; x_wconf 88' lang='lat' dir='ltr'>iste</span> <span class='ocrx_word' id='word_1_573' title='bbox 3485 4856 3829 4938; x_wconf 87' lang='lat' dir='ltr'>concupis-</span> 
     </span>
     <span class='ocr_line' id='line_1_88' title="bbox 2286 4999 3822 5084; baseline 0.016 -36"><span class='ocrx_word' id='word_1_574' title='bbox 2286 5013 2338 5064; x_wconf 87' lang='lat' dir='ltr'>q.</span> <span class='ocrx_word' id='word_1_575' title='bbox 2362 5011 2424 5064; x_wconf 88' lang='lat' dir='ltr'>v;</span> <span class='ocrx_word' id='word_1_576' title='bbox 2461 4999 2644 5053; x_wconf 88' lang='lat' dir='ltr'>Thom.</span> <span class='ocrx_word' id='word_1_577' title='bbox 2675 5005 2817 5070; x_wconf 61' lang='lat' dir='ltr'>Arg„</span> <span class='ocrx_word' id='word_1_578' title='bbox 2860 5008 2903 5058; x_wconf 81' lang='lat' dir='ltr'>il</span> <span class='ocrx_word' id='word_1_579' title='bbox 2947 5008 3107 5069; x_wconf 65' lang='lat' dir='ltr'>Sent„</span> <span class='ocrx_word' id='word_1_580' title='bbox 3146 5010 3264 5063; x_wconf 82' lang='lat' dir='ltr'>dist.</span> <span class='ocrx_word' id='word_1_581' title='bbox 3294 5025 3420 5080; x_wconf 81' lang='lat' dir='ltr'>vm,</span> <span class='ocrx_word' id='word_1_582' title='bbox 3459 5030 3511 5080; x_wconf 87' lang='lat' dir='ltr'>q.</span> <span class='ocrx_word' id='word_1_583' title='bbox 3544 5030 3596 5081; x_wconf 88' lang='lat'>1,</span> <span class='ocrx_word' id='word_1_584' title='bbox 3633 5024 3724 5070; x_wconf 82' lang='lat' dir='ltr'>art.</span> <span class='ocrx_word' id='word_1_585' title='bbox 3758 5024 3822 5084; x_wconf 77' lang='lat'>43</span> 
     </span>
     <span class='ocr_line' id='line_1_89' title="bbox 2285 5072 3817 5158; baseline 0.014 -35"><span class='ocrx_word' id='word_1_586' title='bbox 2285 5072 2462 5135; x_wconf 87' lang='lat' dir='ltr'>Steph.</span> <span class='ocrx_word' id='word_1_587' title='bbox 2494 5074 2704 5141; x_wconf 64' lang='lat' dir='ltr'>Bruler„</span> <span class='ocrx_word' id='word_1_588' title='bbox 2729 5078 2771 5128; x_wconf 83' lang='lat'>11</span> <span class='ocrx_word' id='word_1_589' title='bbox 2804 5078 2962 5144; x_wconf 73' lang='lat' dir='ltr'>Sent„</span> <span class='ocrx_word' id='word_1_590' title='bbox 2992 5080 3110 5133; x_wconf 82' lang='lat' dir='ltr'>dist.</span> <span class='ocrx_word' id='word_1_591' title='bbox 3139 5094 3255 5149; x_wconf 81' lang='lat' dir='ltr'>vm,</span> <span class='ocrx_word' id='word_1_592' title='bbox 3286 5099 3336 5148; x_wconf 79' lang='lat' dir='ltr'>q.</span> <span class='ocrx_word' id='word_1_593' title='bbox 3359 5098 3501 5137; x_wconf 77' lang='lat'>11.—</span> <span class='ocrx_word' id='word_1_594' title='bbox 3526 5092 3548 5126; x_wconf 75' lang='lat'><strong>¹</strong></span> <span class='ocrx_word' id='word_1_595' title='bbox 3569 5091 3696 5156; x_wconf 64' lang='lat' dir='ltr'>ose„</span> <span class='ocrx_word' id='word_1_596' title='bbox 3721 5104 3817 5158; x_wconf 73' lang='lat' dir='ltr'>vn,</span> 
     </span>
    </p>
   </div>
   <div class='ocr_carea' id='block_1_19' title="bbox 2282 5146 3819 5279">
    <p class='ocr_par' dir='ltr' id='par_1_22' title="bbox 2282 5146 3819 5279">
     <span class='ocr_line' id='line_1_90' title="bbox 2283 5146 3819 5266; baseline 0.015 -73"><span class='ocrx_word' id='word_1_597' title='bbox 2283 5146 2330 5194; x_wconf 76' lang='lat'>4.</span> <span class='ocrx_word' id='word_1_598' title='bbox 2351 5170 2412 5266; x_wconf 55' lang='grc' dir='ltr'>-ἐ</span> <span class='ocrx_word' id='word_1_599' title='bbox 2427 5146 2449 5180; x_wconf 77' lang='lat'><strong>³</strong></span> <span class='ocrx_word' id='word_1_600' title='bbox 2468 5147 2622 5210; x_wconf 85' lang='lat' dir='ltr'>Beda,</span> <span class='ocrx_word' id='word_1_601' title='bbox 2654 5149 2705 5197; x_wconf 79' lang='lat' dir='ltr'>in</span> <span class='ocrx_word' id='word_1_602' title='bbox 2736 5150 2867 5214; x_wconf 61' lang='lat' dir='ltr'>Act„</span> <span class='ocrx_word' id='word_1_603' title='bbox 2897 5167 2941 5202; x_wconf 92' lang='lat' dir='ltr'>c.</span> <span class='ocrx_word' id='word_1_604' title='bbox 2964 5164 3035 5203; x_wconf 73' lang='grc' dir='ltr'>νι.</span> <span class='ocrx_word' id='word_1_605' title='bbox 3055 5179 3118 5191; x_wconf 93' lang='grc'><strong>-</strong></span> <span class='ocrx_word' id='word_1_606' title='bbox 3151 5156 3174 5190; x_wconf 65' lang='lat'><strong>⁴</strong></span> <span class='ocrx_word' id='word_1_607' title='bbox 3190 5156 3312 5219; x_wconf 80' lang='lat' dir='ltr'>Job,</span> <span class='ocrx_word' id='word_1_608' title='bbox 3338 5171 3412 5224; x_wconf 85' lang='lat' dir='ltr'>1x,</span> <span class='ocrx_word' id='word_1_609' title='bbox 3442 5162 3522 5211; x_wconf 76' lang='lat'>24.</span> <span class='ocrx_word' id='word_1_610' title='bbox 3544 5186 3608 5200; x_wconf 90' lang='lat'>-·-</span> <span class='ocrx_word' id='word_1_611' title='bbox 3628 5165 3650 5200; x_wconf 79' lang='lat'>⁸</span> <span class='ocrx_word' id='word_1_612' title='bbox 3686 5164 3819 5226; x_wconf 82' lang='lat' dir='ltr'>Jac.,</span> 
     </span>
     <span class='ocr_line' id='line_1_91' title="bbox 2282 5226 2431 5279; baseline 0 -15"><span class='ocrx_word' id='word_1_613' title='bbox 2282 5226 2362 5279; x_wconf 83' lang='lat'>111,</span> <span class='ocrx_word' id='word_1_614' title='bbox 2420 5253 2431 5264; x_wconf 93' lang='lat'>.</span> 
     </span>
    </p>
   </div>
   <div class='ocr_carea' id='block_1_20' title="bbox 2276 5324 3816 5462">
    <p class='ocr_par' dir='ltr' id='par_1_23' title="bbox 2276 5324 3816 5462">
     <span class='ocr_line' id='line_1_92' title="bbox 2346 5324 3816 5399; baseline 0.015 -26"><span class='ocrx_word' id='word_1_615' title='bbox 2346 5324 2407 5387; x_wconf 86' lang='grc' dir='ltr'>(α)</span> <span class='ocrx_word' id='word_1_616' title='bbox 2439 5325 2582 5377; x_wconf 77' lang='lat' dir='ltr'>Edit.</span> <span class='ocrx_word' id='word_1_617' title='bbox 2613 5327 2767 5378; x_wconf 76' lang='lat' dir='ltr'>Vatic.</span> <span class='ocrx_word' id='word_1_618' title='bbox 2800 5329 2877 5378; x_wconf 77' lang='lat' dir='ltr'>Ad</span> <span class='ocrx_word' id='word_1_619' title='bbox 2900 5343 3086 5395; x_wconf 85' lang='lat' dir='ltr'>opp.-</span> <span class='ocrx_word' id='word_1_620' title='bbox 3112 5332 3181 5399; x_wconf 81' lang='grc' dir='ltr'>(ὁ)</span> <span class='ocrx_word' id='word_1_621' title='bbox 3212 5334 3355 5386; x_wconf 75' lang='lat' dir='ltr'>Edit.</span> <span class='ocrx_word' id='word_1_622' title='bbox 3384 5337 3541 5392; x_wconf 60' lang='lat' dir='ltr'>Varie.</span> <span class='ocrx_word' id='word_1_623' title='bbox 3559 5341 3816 5395; x_wconf 77' lang='lat' dir='ltr'>Fundam.</span> 
     </span>
     <span class='ocr_line' id='line_1_93' title="bbox 2276 5397 2880 5462; baseline 0.008 -17"><span class='ocrx_word' id='word_1_624' title='bbox 2276 5422 2337 5435; x_wconf 92' lang='lat'><strong>—</strong></span> <span class='ocrx_word' id='word_1_625' title='bbox 2360 5397 2425 5462; x_wconf 87' lang='lat' dir='ltr'>(c)</span> <span class='ocrx_word' id='word_1_626' title='bbox 2454 5397 2715 5451; x_wconf 76' lang='lat' dir='ltr'>Caet.ed1·t.</span> <span class='ocrx_word' id='word_1_627' title='bbox 2749 5414 2880 5450; x_wconf 86' lang='lat' dir='ltr'>cum.</span> 
     </span>
    </p>
   </div>
  </div>
 </body>
</html>
