4125 6225
789 421 910 482 uo

785 560 929 621 tum
953 553 1160 618 solum
1184 554 1535 621 secundum
1557 572 1779 621 causas
1807 553 2185 637 superiores,
2210 549 2319 613 de-

787 661 1032 750 ficiente
1077 663 1354 744 potentia
1399 664 1606 729 activa
1651 667 1859 728 creata
1906 662 2280 744 disponente
2302 707 2318 738 ‚

786 767 890 832 vel
926 774 1307 832 consonante
1327 818 1342 848 ,
1381 770 1613 835 dicitur
1650 768 1930 854 potentia
1966 766 2320 832 secundum

786 874 968 956 quid,
1004 878 1066 938 et
1113 875 1340 940 dicitur
1373 878 1652 960 potentia
1694 876 2069 941 obedientiae
2102 898 2116 939 :
2151 879 2213 939 et
2243 874 2321 939 de

784 981 905 1044 hac
950 981 1099 1045 dicit
1131 983 1568 1065 AugustinuS,
1609 985 1782 1069 quod
1822 984 1891 1048 in
1933 988 2105 1049 costa
2144 986 2313 1060 erat,

783 1105 915 1152 non
943 1090 1112 1153 unde
1148 1093 1328 1156 fieret
1358 1094 1610 1173 mulier,
1652 1094 1760 1158 sed
1790 1094 1962 1158 unde
2001 1092 2142 1156 fieri
2174 1109 2317 1174 pos-

649 1220 658 1225 ·
783 1198 912 1276 set,
963 1197 1196 1262 scilicet
1244 1201 1527 1282 potentia
1570 1200 1963 1265 obedientiae.
2022 1199 2320 1264 Possihile

781 1321 940 1385 ergo
985 1306 1156 1387 quod
1204 1307 1463 1389 dicitur,
1507 1328 1547 1373 a
1590 1311 1868 1392 potentia
1916 1328 2050 1373 non
2092 1309 2321 1374 dicitur

782 1411 1210 1493 uniformiter,
1240 1432 1357 1478 nec
1392 1416 1625 1480 dicitur
1657 1417 1919 1481 omnino
1956 1416 2315 1499 aequivoce,

782 1519 892 1582 sed
939 1519 1302 1602 analogice,
1350 1523 1519 1588 sicut
1565 1540 1797 1590 sanum
1821 1546 1847 1592 .·
1874 1528 1937 1588 et
1988 1525 2132 1588 ideo
2180 1525 2322 1606 ejus

782 1626 1060 1707 acceptio
1081 1616 1542 1694 determinatur
1561 1650 1672 1713 per
1689 1633 2086 1712 adjunctum.
2111 1630 2322 1695 Potest

783 1750 940 1814 ergo
972 1734 1093 1798 hoc
1129 1720 1302 1818 quod
1334 1740 1428 1799 est
1467 1738 1758 1820 possibile
1787 1739 1993 1804 dicere
2028 1739 2319 1803 ordinem

782 1841 1150 1906 substantias
1174 1844 1254 1907 ad
1284 1863 1496 1927 agere,
1527 1850 1590 1910 et
1612 1851 1769 1910 tunc
1794 1846 1942 1910 dicit
1972 1847 2319 1929 potentiam

781 1949 1053 2012 activam
1084 1971 1099 2013 z
1131 1954 1193 2014 et
1234 1952 1357 2016 hoc
1396 1954 1854 2018 determinatur
1895 1973 2008 2037 per
2045 1955 2318 2036 adjunc-

778 2059 941 2119 tum.
981 2056 1140 2120 Nam
1179 2060 1231 2122 si
1267 2059 1433 2125 dicat
1473 2062 1764 2127 ordinem
1804 2062 2174 2127 substantiae
2209 2063 2318 2126 in-

781 2169 1006 2229 creatae
1034 2165 1113 2228 ad
1144 2172 1380 2248 actum,
1412 2170 1562 2234 dicit
1589 2172 1938 2253 potentiam
1965 2172 2318 2236 secundum

780 2291 1002 2337 causas
1050 2276 1441 2358 superiores;
1493 2282 1566 2341 ιιι
1607 2279 1659 2341 si
1704 2277 1948 2343 dicatur
1985 2297 2002 2342 ε
2037 2302 2069 2339 α
2112 2280 2316 2344 Deum

779 2398 993 2446 creare
1016 2384 1334 2448 mundum
1362 2389 1456 2449 est
1482 2386 1793 2468 possibile,
1820 2387 1921 2452 vel
1950 2387 2317 2453 illuminare

778 2507 1041 2554 caecum.
1077 2514 1107 2551 n
1134 2491 1201 2556 Si
1232 2498 1448 2558 autem
1489 2493 1653 2558 dicat
1695 2494 1982 2559 ordinem
2015 2496 2314 2559 substan-

776 2595 882 2660 tiae
912 2604 1138 2663 creatas
1178 2601 1257 2665 ad
1290 2605 1503 2666 actum
1524 2651 1540 2682 ,
1582 2603 1734 2667 dicit
1773 2605 2124 2686 potentiam
2155 2605 2315 2669 acti-

774 2722 923 2768 vam
957 2710 1262 2788 creatam3
1295 2713 1387 2788 ut,
1418 2709 1472 2772 si
1503 2708 1748 2773 dicatur
1779 2732 1793 2772 ε
1821 2732 1851 2771 α
1886 2708 2186 2775 Possibile
2223 2714 2318 2775 est

774 2810 1237 2878 Antichristum
1265 2834 1543 2895 currere,
1562 2838 1591 2875 n
1619 2816 1755 2880 vel:
1780 2839 1809 2877 α
1832 2815 2084 2881 Caecum
2106 2818 2313 2899 possi-

772 2918 898 2983 bile
928 2924 1021 2984 est
1045 2922 1292 3002 videre,
1323 2944 1355 2982 ι)
1382 2923 1672 3004 signatur
1700 2924 1980 3005 potentia
2006 2925 2077 2987 in
2103 2943 2311 2990 caeco:

771 3024 913 3091 ideo
948 3028 1102 3091 falsa
1130 3035 1224 3093 est
1266 3013 1655 3114 simpliciter.
1689 3029 1899 3094 Potest
1935 3030 2171 3096 iterum
2209 3033 2314 3096 di-

775 3152 916 3198 cere
944 3136 1235 3201 ordinem
1261 3137 1531 3220 alicujus
1557 3137 1637 3202 ad
1664 3138 1837 3214 fieri,
1866 3144 1930 3202 et
1957 3139 2081 3202 hoc
2111 3145 2315 3221 potest

775 3259 909 3305 esse
937 3242 1268 3325 dupliciter
1300 3267 1315 3307 t
1345 3249 1457 3308 aut
1486 3245 1554 3308 in
1582 3244 2053 3326 comparatione
2087 3247 2166 3309 ad
2197 3246 2314 3311 ali-

773 3348 929 3429 quid
964 3368 1045 3413 ex
1081 3370 1247 3433 qu03
1286 3356 1398 3416 aut
1436 3352 1574 3416 sine
1611 3352 2122 3434 comparatione:
2153 3352 2208 3415 si
2241 3353 2313 3415 in

771 3459 1240 3538 comparatione
1267 3459 1347 3523 ad
1374 3459 1612 3542 aliquid
1641 3478 1722 3524 ex
1747 3478 1901 3542 quo,
1931 3465 2004 3524 ut
2035 3474 2185 3524 cum
2213 3459 2309 3523 di-

770 3561 935 3626 citur
962 3582 980 3627 ε
1011 3586 1042 3623 α
1069 3562 1366 3630 Possibile
1396 3571 1490 3632 est
1527 3586 1608 3631 ex
1638 3585 1783 3632 aere
1812 3566 1948 3631 fieri
1988 3567 2242 3648 ignem,
2271 3588 2302 3626 n

768 3671 924 3733 tunc
940 3670 1238 3752 importat
1255 3675 1600 3755 potentiam
1618 3675 1936 3758 passivam
1954 3676 2187 3739 secund
2197 3695 2311 3740 um

768 3793 942 3855 rem;
990 3784 1052 3843 et
1091 3780 1145 3842 si
1185 3781 1268 3844 sit
1308 3784 1585 3864 potentia
1627 3785 1874 3866 passiva
1916 3784 2306 3868 simpliciter,

768 3887 845 3948 ut
880 3884 987 3948 illa
1013 3905 1159 3969 quae
1187 3893 1279 3952 est
1310 3891 1662 3955 secundum
1697 3911 1917 3956 causas
1947 3894 2309 3975 superiores

767 3993 831 4053 et
855 3991 1203 4070 inferioreS,
1235 3996 1464 4061 dicitur
1492 4000 1783 4081 possibile
1813 4001 2205 4082 simpliciter.
2241 4000 2308 4065 Si

766 4101 981 4160 autem
1012 4099 1095 4164 sit
1120 4104 1398 4184 potentia
1423 4106 1674 4188 passiva
1699 4106 2060 4170 reducibilis
2095 4108 2303 4172 solum

767 4206 1116 4270 secundum
1146 4227 1368 4274 causas
1393 4213 1772 4295 superioreS,
1804 4219 1898 4278 est
1924 4214 2136 4278 solum
2164 4233 2305 4298 pos-

766 4310 943 4376 sibile
985 4317 1334 4381 secundum
1372 4321 1561 4402 quid3
1610 4325 1683 4385 ut
1728 4321 1779 4385 si
1822 4321 2116 4385 dicatur:
2149 4346 2179 4382 α
2211 4322 2309 4386 Ex

767 4421 997 4484 trunco
1036 4426 1327 4505 possibile
1362 4432 1455 4492 est
1494 4430 1630 4493 fieri
1658 4429 1932 4496 vitulum
1965 4449 1982 4493 ε
2011 4453 2041 4489 ι)
2073 4435 2137 4495 et
2163 4430 2305 4494 ideo

768 4529 1140 4608 negandum
1176 4537 1270 4597 est
1311 4535 1698 4619 simpliciter,
1738 4537 1859 4600 nisi
1894 4537 2160 4602 addatur
2194 4537 2305 4601 de-

766 4636 1129 4703 terminatio
1168 4643 1578 4724 contrahens3
1624 4650 1698 4710 ut
1743 4646 1796 4709 si
1829 4645 2076 4711 dicatur
2102 4670 2132 4708 α
2160 4664 2303 4728 pos-

772 4741 950 4807 sibile
988 4747 1267 4826 potentia
1306 4751 1681 4817 obedientias
1703 4803 1720 4832 ,
1755 4776 1784 4813 n
1817 4755 1916 4820 vel
1952 4776 1981 4814 α
2010 4754 2304 4838 possibile

767 4848 918 4915 Deo,
953 4873 994 4911 n.
1015 4854 1084 4918 Si
1127 4860 1341 4921 autem
1387 4860 1534 4924 dicit
1581 4863 1866 4926 ordinem
1908 4863 2181 4946 alicujus
2225 4863 2305 4927 ad

766 4958 908 5022 fleri
952 4961 1088 5026 sine
1138 4969 1605 5049 comparatione
1654 4970 1734 5034 ad
1783 4971 2172 5054 principium
2221 4989 2304 5035 ex

767 5086 933 5151 quo,
967 5078 1124 5139 tunc
1151 5077 1450 5160 importat
1479 5082 1825 5163 potentiam
1863 5082 2182 5163 passivam
2212 5099 2308 5146 se·

767 5178 1049 5243 cundum
1102 5185 1368 5250 modum
1388 5236 1408 5267 ,
1465 5187 1574 5252 sed
1626 5189 1899 5252 activam
1951 5188 2303 5253 secundum

765 5300 943 5363 rem;
985 5293 1059 5352 ιιι
1092 5292 1144 5354 si
1178 5293 1426 5359 dicatur
1458 5318 1473 5360 z
1505 5318 1535 5357 σ
1565 5294 1861 5361 Possibile
1893 5300 1988 5360 est
2018 5297 2301 5361 animam

764 5371 1138 5463 Antichristi
1165 5402 1397 5482 creari,
1430 5423 1462 5464 n
1491 5403 1596 5469 vel
1625 5426 1657 5467 α
1684 5402 1985 5471 Possibile
2012 5408 2110 5469 est
2134 5404 2304 5471 vitu-

1915 407 2535 482 SENTENTIARUM
2579 412 2726 479 LIB.
2775 415 2826 480 1.

2428 546 2563 611 lum
2600 550 2772 630 fleri,
2803 572 2834 611 ι»
2863 551 2986 615 hoc
3015 554 3108 616 est
3136 550 3342 617 dicere
3372 574 3388 617 τ
3419 577 3452 616 α
3477 554 3724 640 Aliquis
3757 562 3946 641 potest

2427 654 2629 721 facere
2652 679 2666 721 ε
2690 678 2721 716 n
2747 662 2811 721 et
2834 657 2975 722 ideo
2998 658 3136 722 sine
3160 658 3681 727 determinatione
3703 669 3794 729 est
3815 685 3945 749 pos·

2426 761 2625 841 sibile,
2649 764 2783 828 sive
2805 764 3159 830 secundum
3182 783 3404 829 causas
3426 770 3800 851 superioreS,
3821 774 3946 839 sive

2426 887 2569 933 secu
2579 869 2777 934 ndum
2825 890 3048 935 causas
3102 872 3428 937 inferiores
3447 922 3464 951 ,
3517 876 3667 957 quia
3719 881 3947 947 ratione

2426 977 2720 1058 potentiae
2755 980 2981 1043 activae
3021 981 3358 1063 utrobique
3397 982 3682 1048 salvatur
3714 987 3945 1070 simpli-

2427 1086 2599 1149 citer.
2623 1085 2830 1151 Potest
2858 1087 3051 1152 etiam
3081 1089 3267 1153 tertio
3299 1089 3422 1155 hoc
3443 1138 3460 1167 ,
3494 1093 3665 1174 quod
3698 1099 3789 1158 est
3809 1113 3950 1178 pos-

2425 1191 2640 1268 sibile,
2691 1192 2899 1257 dicere
2944 1195 3231 1260 ordinem
3278 1197 3381 1260 vel
3425 1202 3949 1282 comparationem

2426 1299 2588 1362 entis
2622 1299 2701 1363 ad
2734 1318 2903 1379 esse,
2933 1307 3009 1365 ιιι
3039 1320 3187 1365 cum
3219 1303 3452 1368 dicitur
3483 1327 3497 1368 z
3530 1328 3561 1366 α
3590 1306 3723 1371 Hoc
3757 1312 3950 1390 potest

2426 1427 2593 1488 esse,
2626 1430 2656 1469 ι»
2687 1429 3093 1494 quocumque
3126 1411 3551 1478 demonstrato
3583 1438 3599 1480 z
3630 1418 3811 1481 etsie
3842 1438 3951 1485 nec

2425 1517 2771 1597 potentiam
2799 1519 3093 1598 activam,
3123 1537 3241 1583 nec
3266 1522 3610 1602 potentiam
3643 1528 3949 1606 passivam

2425 1622 2576 1687 dicit
2602 1624 3038 1706 determinate,
3070 1645 3187 1691 nec
3213 1629 3568 1693 secundum
3600 1650 3822 1696 causas
3848 1653 3949 1699 su-

2425 1729 2735 1811 periores,
2769 1752 2887 1797 nec
2914 1735 3277 1821 secundum
3320 1753 3540 1801 causas
3580 1739 3946 1807 inferiores:

2426 1839 2595 1902 unde
2622 1839 2985 1924 simpliciter
3009 1842 3261 1921 dicitur,
3288 1861 3701 1929 quocumque
3724 1848 3950 1912 horum

2427 1946 2777 2039 modorum
2801 1952 2882 2015 sit
2921 1951 3236 2034 possibile.
3268 1952 3488 2017 Solum
3529 1941 3688 2036 ergo
3729 1956 3800 2019 in
3830 1975 3950 2021 uno

2425 2071 2577 2117 casu
2603 2057 2895 2137 possibile
2920 2057 3272 2122 secundum
3302 2060 3455 2140 quid
3480 2060 3713 2125 dicitur
3741 2081 3951 2126 secun·

2425 2160 2582 2225 dum
2624 2181 2844 2228 causas
2883 2167 3238 2249 superiores
3255 2214 3272 2246 ‚
3307 2165 3591 2232 videlicet
3631 2187 3784 2233 cum
3812 2171 3952 2235 dicit

2424 2269 2770 2349 potentiam
2817 2274 3134 2354 passivam
3183 2274 3535 2338 secundum
3585 2276 3851 2341 modum
3893 2284 3951 2343 et

2423 2393 2592 2455 rem,
2624 2381 2695 2441 ιιι
2726 2397 2874 2442 cum
2900 2379 3131 2444 dicitur
3162 2405 3176 2445 ε
3209 2405 3239 2441 α
3266 2380 3359 2445 Ex
3390 2399 3557 2447 caeco
3586 2387 3798 2466 potaet
3825 2387 3951 2451 fleri

2423 2482 2673 2564 videnS,
2719 2491 2783 2550 et
2827 2506 2910 2551 ex
2955 2493 3184 2553 trunco
3224 2489 3495 2569 vituluS,
3541 2495 3605 2554 et
3652 2510 3740 2555 ex
3777 2493 3949 2558 asino

2421 2592 2715 2672 possibile
2741 2599 2835 2659 est
2857 2596 2998 2659 fieri
3036 2595 3384 2661 hominem.
3412 2619 3443 2656 n
3477 2597 3573 2661 Ex
3605 2598 3712 2662 his
3744 2606 3951 2682 patent

2421 2699 2637 2762 omnia
2678 2702 2920 2783 objecta
2962 2703 3041 2767 ad
3084 2707 3423 2786 utramque
3466 2709 3717 2787 partem
3752 2726 3770 2770 ε
3805 2726 3952 2772 nam

2421 2805 2663 2888 objecta
2686 2808 2764 2872 ad
2786 2811 3059 2892 primam
3082 2814 3324 2892 partem
3346 2810 3702 2893 procedunt
3721 2814 3799 2878 de
3822 2833 3953 2897 pos-

2421 2913 2620 2991 sibili,
2651 2906 3002 2981 ‘secuudum
3035 2918 3203 3000 quod
3233 2917 3384 2982 dicit
3427 2920 3780 3001 potentiam
3819 2940 3952 3004 pas-

2420 3022 2646 3087 sivam.

2501 3138 2560 3196 1.
2592 3134 2690 3198 Ad
2716 3134 2873 3199 illud
2901 3135 3072 3217 quod
3106 3135 3399 3217 objicitur
3432 3136 3513 3201 ad
3551 3137 3946 3220 oppositum,

2418 3243 2588 3322 quod
2606 3244 2901 3326 possibile
2927 3244 3157 3308 dicitur
3179 3244 3653 3310 denominative
3673 3266 3714 3309 a
3734 3252 3951 3329 poten-

2421 3350 2537 3430 tia3
2571 3352 2909 3417 dicendum
2936 3353 3107 3436 quod
3134 3352 3427 3436 possibile
3458 3359 3660 3435 potest
3688 3356 3810 3420 dici
3839 3357 3949 3421 de-

2418 3461 2810 3525 nominative
2842 3480 2881 3523 a
2914 3461 3194 3544 potentia
3232 3461 3514 3543 passiva,
3556 3463 3662 3527 vel
3694 3465 3900 3528 activa
3927 3484 3944 3528 ε

2417 3572 2481 3632 et
2506 3570 2657 3651 quia
2695 3570 2762 3631 in
2791 3570 2917 3633 Deo
2951 3570 3206 3652 proprie
3254 3573 3349 3632 est
3390 3569 3670 3651 potentia
3713 3572 3944 3649 activa;

2417 3675 2558 3740 ideo
2586 3677 2814 3740 dicitur
2843 3676 3138 3760 possibile
3169 3677 3564 3760 simpliciter,
3596 3680 3949 3744 secundum

2416 3783 2588 3865 quod
2624 3784 2706 3847 ab
2750 3784 2858 3847 illa
2904 3783 3372 3864 denominatur,
3430 3802 3557 3848 non
3595 3786 3948 3850 secundum

2416 3892 2586 3974 quod
2617 3912 2656 3956 a
2686 3893 2955 3975 passiva.

2493 4003 2554 4062 2.
2598 3999 2693 4063 Ad
2731 3999 2887 4064 illud
2922 3999 3094 4082 quod
3128 4000 3428 4082 objicitur
3467 3999 3543 4064 de
3579 4000 3742 4080 hoc,
3781 4001 3947 4083 quod

2413 4112 2506 4170 est
2524 4107 2840 4170 mundum
2860 4108 3090 4184 creari,
3113 4107 3451 4172 dicendum
3479 4108 3684 4190 quod,
3718 4127 3947 4190 quam-

2412 4216 2512 4280 vis
2545 4215 2710 4279 dicat
2749 4216 3094 4298 potentiam
3135 4234 3249 4299 per
3291 4216 3558 4280 modum
3599 4216 3938 4298 passionis,

2413 4328 2628 4388 tamen
2662 4324 3014 4389 secundum
3051 4342 3189 4388 rem
3220 4341 3353 4387 non
3386 4322 3535 4387 dicit
3562 4323 3687 4386 nisi
3718 4329 3943 4406 poten-

2412 4431 2566 4494 tiam
2592 4432 2896 4511 activam,
2932 4433 3085 4515 quia
3119 4436 3265 4495 ante
3298 4430 3522 4495 mundi
3559 4431 3944 4494 creationem

2410 4538 2572 4601 nihil
2597 4543 2691 4603 est
2712 4539 2835 4602 nisi
2856 4539 3136 4622 potentia
3162 4539 3370 4603 activa
3402 4556 3420 4603 ε
3451 4543 3515 4602 et
3542 4538 3683 4601 ideo
3706 4531 3945 4602 'dicitur

2411 4646 2777 4729 simpliciter
2799 4645 3149 4711 secundum
3178 4664 3398 4709 causas
3421 4644 3807 4727 superiores.

2493 4755 2551 4814 3.
2588 4750 2681 4841 ᾼᾶ
2714 4750 2869 4813 illud
2894 4750 3064 4833 quod
3084 4749 3407 4832 oincitur,
3435 4747 3606 4832 quod
3627 4747 3938 4830 sequitur,

2410 4858 2465 4922 si
2502 4857 2662 4923 Deus
2684 4861 2889 4941 potest
2914 4858 3147 4933 facere,
3179 4855 3352 4939 quod
3380 4874 3483 4919 res
3522 4859 3731 4937 potest
3757 4855 3895 4918 fleri
3922 4875 3937 4917 z

2411 4968 2749 5033 dicendum
2784 4967 2957 5051 quod
2993 4985 3221 5033 verum
3256 4971 3352 5030 est
3381 4965 3737 5028 secundum
3773 4962 3940 5047 quod

2403 5083 2610 5162 potest
2647 5076 2797 5139 dicit
2831 5074 3118 5139 eamdem
3146 5073 3497 5157 potentiam
3533 5090 3649 5155 per
3677 5070 3935 5135 modum

2409 5184 2745 5269 passioniS,
2776 5189 2839 5247 et
2868 5183 2988 5247 hoc
3014 5201 3164 5245 cum
3192 5180 3561 5263 simpliciter
3588 5179 3856 5254 dicitur;
3884 5176 3935 5238 si

2409 5296 2624 5357 autem
2651 5309 2802 5355 vere
2833 5290 2994 5353 dicat
3030 5288 3377 5373 potentiam
3411 5288 3765 5371 passivam,
3807 5301 3936 5347 non

2407 5399 2720 5485 sequitur,
2748 5398 2905 5482 quia
2934 5398 3219 5464 variatur
3244 5396 3368 5461 hoc
3400 5395 3572 5478 quod
3603 5399 3695 5460 ost
3730 5389 3934 5477 possis·
