4125 6225
27 1557 179 1603 undam.

1168 440 1556 511 ms‘rmc'r.
1598 442 1676 510 v.
1720 440 1902 509 Aer.
1943 443 1993 507 1.
2038 416 2339 522 QUAEST.
2384 444 2435 509 1.

207 582 551 647 aversione
594 580 925 646 minorum
966 580 1382 662 angelorum3
1428 579 1642 660 tertie,
1686 579 1764 645 de

208 688 634 754 conversione
658 688 1002 753 bonorum.
1031 685 1357 765 Quantum
1375 686 1455 752 ad
1479 686 1764 770 primum

206 795 339 861 duo
367 796 761 878 quaeruntur
791 812 808 857 τ
835 794 1121 877 primum
1146 796 1263 871 est,
1298 796 1521 859 utrum
1545 811 1764 877 pecca·

208 902 383 966 verit
404 904 660 983 peccato
689 900 1043 983 superbiae;
1076 900 1431 964 secundum
1459 902 1575 977 est,
1607 899 1763 982 quid

208 1009 410 1074 fuerit
428 1011 570 1092 ejus
595 1006 956 1091 appetibile.

763 1234 1123 1314 QUAESTIO
1161 1235 1211 1300 Ι.

368 1391 462 1448 An
486 1391 702 1459 Lucifer
725 1392 1032 1462 peccaverit
1052 1392 1271 1462 peccato
1297 1389 1561 1462 superbiae
1578 1389 1617 1446 ¹.

290 1543 481 1621 Quod
494 1542 855 1625 peccaverit
875 1543 1129 1623 peccato
1148 1539 1488 1622 superbiae,
1508 1539 1765 1623 videtur

210 1650 302 1714 sic
328 1672 345 1716 z
380 1649 593 1731 Super
608 1647 769 1712 illud
794 1645 984 1711 Lucae
1002 1647 1026 1681 ²
1058 1668 1072 1710 ε
1106 1644 1414 1712 Videbam
1433 1647 1762 1724 Seianam,

211 1762 360 1836 etc.,
394 1755 617 1819 Glossa
646 1772 666 1818 ε
704 1776 736 1815 α
764 1753 890 1831 Qui
915 1751 1327 1833 singulariter
1364 1752 1566 1816 elatus
1604 1755 1761 1830 erat,

213 1864 377 1928 utin
402 1865 547 1944 ejus
572 1880 725 1925 casu
750 1860 963 1924 caeteri
990 1859 1068 1923 de
1091 1857 1362 1922 elatione
1382 1858 1700 1924 timerent.

295 1969 460 2034 Item
485 1974 509 2010 ⁸
535 1992 552 2033 ε
583 1968 861 2035 Initium
898 1967 1110 2033 omnis
1141 1966 1389 2048 peccati
1426 1968 1721 2048 superbia
1741 1986 1764 2027 .-

216 2079 325 2143 sed
350 2079 644 2162 primum
662 2076 829 2140 inter
853 2073 1073 2137 omnia
1097 2075 1352 2155 peccata
1391 2072 1515 2137 fuit
1546 2091 1769 2156 pecca-

219 2192 358 2253 tum
384 2185 628 2253 diaboli
662 2202 680 2248 t
711 2201 892 2264 erg0,
928 2185 1048 2273 etc.

297 2295 465 2359 Item
491 2311 607 2376 per
649 2290 1095 2372 Augustinum
1122 2287 1148 2324 ⁸
1177 2309 1195 2352 z
1234 2310 1266 2349 α
1289 2286 1521 2352 Factus
1564 2289 1766 2353 conti-

222 2420 354 2468 nuo
384 2420 457 2466 se
482 2417 522 2464 a
546 2399 690 2463 luce
707 2395 993 2463 veritatis
1017 2395 1248 2460 avertit
1265 2393 1565 2477 superbia
1581 2394 1771 2459 tumi-

219 2510 360 2588 dus,
400 2513 472 2573 et
507 2505 787 2590 propriae
831 2502 1153 2587 potestatis
1179 2501 1587 2567 delectatione
1621 2519 1767 2566 cor-

220 2619 477 2699 ruptus.
504 2633 536 2673 ι)

296 2723 465 2789 Item
509 2739 626 2804 per
668 2718 984 2784 Isidorum
1009 2763 1029 2795 ,
1071 2716 1151 2783 de
1188 2718 1442 2783 Summo
1468 2719 1647 2783 Bono
1686 2717 1709 2752 ⁸
1746 2736 1770 2777 .-

220 2854 252 2893 ι
280 2831 435 2897 Mox
458 2834 535 2894 ut
560 2829 762 2892 factus
790 2828 907 2905 est,
934 2825 1006 2889 in
1035 2823 1404 2906 superbiam
1441 2824 1676 2905 erupit,
1707 2826 1772 2888 et

223 2936 669 3021 praecipitatus
693 2934 773 2998 de
797 2932 958 2997 coelo
982 2934 1101 2996 est.
1130 2951 1162 2989 n

294 3045 462 3112 Item
496 3043 741 3109 ratione
766 3040 1022 3105 videtur
1037 3086 1055 3118 ‚
1087 3038 1241 3123 quia
1278 3055 1414 3102 non
1454 3037 1771 3119 contingit

220 3170 481 3235 peccare
505 3151 629 3216 nisi
655 3149 988 3232 tripliciter
1028 3146 1367 3212 :videlicet
1390 3148 1511 3216 ,aut
1544 3161 1770 3212 concu-

219 3261 544 3341 piscentia
578 3258 833 3334 carnia,
873 3258 986 3319 aut
1012 3253 1535 3335 concupiscentia
1568 3251 1772 3348 oculo-

222 3384 386 3448 rum,
407 3370 526 3432 aut
542 3365 843 3447 superbia
864 3363 1023 3454 vitae
1043 3369 1088 3425 ⁶.
1107 3361 1229 3426 Sed
1242 3360 1528 3443 primum
1548 3378 1774 3443 pecca·

223 3479 361 3540 tum
393 3493 531 3541 non
569 3472 777 3557 potuit
815 3487 951 3535 esse
993 3469 1202 3533 carnis
1237 3467 1766 3549 concupiscentia,

225 3602 341 3648 nec
381 3581 599 3667 potuit
637 3597 771 3646 esse
814 3578 1132 3661 appetitus
1169 3576 1578 3655 divitiarum,
1616 3577 1771 3659 quia

226 3691 488 3773 spiritus
515 3688 649 3752 istis
690 3704 825 3750 non
865 3685 1110 3766 indiget
1143 3703 1162 3748 ε
1192 3703 1352 3765 ergo
1382 3701 1636 3749 necesse
1675 3687 1772 3750 est

231 3801 401 3880 quod
427 3797 624 3862 fuerit
649 3793 947 3877 superbia
978 3793 1155 3856 vitae.

303 3904 467 3970 Item
494 3920 736 3984 genera
754 3902 1159 3983 peccatorum
1183 3898 1614 3981 spiritualium
1637 3916 1770 3962 non

226 4017 373 4077 sunt
398 4011 529 4076 nisi
555 4012 853 4094 quatuor,
883 4012 1117 4089 praeter
1142 4007 1478 4071 avaritiam
1501 4024 1648 4088 quae
1675 4009 1772 4071 te-

228 4123 331 4183 net
357 4118 545 4203 quasi
573 4116 859 4181 medium
891 4114 1056 4179 inter
1083 4113 1359 4177 carnalia
1383 4116 1447 4177 et
1472 4112 1772 4195 spiritua-

228 4225 331 4305 lia,
355 4227 594 4292 seilicet
620 4222 938 4306 superbia,
963 4222 1081 4301 ira,
1103 4220 1339 4299 acedia,
1358 4219 1621 4284 invidia.
1649 4219 1772 4284 Sed

228 4332 297 4398 in
312 4336 650 4418 postremis
670 4334 749 4417 (α)
768 4332 1067 4397 omnibus
1081 4332 1287 4396 tribus
1306 4331 1650 4412 generibus
1679 4335 1774 4394 est

232 4441 493 4508 odium:
523 4459 681 4523 ergo
706 4459 856 4505 cum
892 4457 1084 4503 omne
1115 4438 1337 4502 odium
1363 4441 1656 4502 causetur
1691 4438 1773 4501 ab

233 4567 478 4631 amore,
548 4551 770 4615 odium
837 4549 1277 4613 inordinatum
1338 4551 1637 4611 causatur
1690 4548 1772 4611 ab

235 4674 450 4724 amore
467 4657 826 4723 inordinato
858 4679 875 4719 ε
898 4673 1057 4736 ergo
1074 4658 1225 4718 ante
1239 4653 1361 4718 ista
1384 4654 1506 4718 tria
1532 4672 1774 4735 genera

235 4770 477 4846 oportet
509 4764 764 4848 aliquod
800 4765 1131 4844 peccatum
1164 4761 1489 4844 spirituale
1528 4779 1773 4843 praece-

236 4868 379 4937 dere
406 4873 475 4936 in
506 4871 796 4937 diabolo:
822 4870 927 4933 sed
953 4868 1078 4932 hoc
1104 4886 1237 4932 non
1254 4869 1461 4951 potuit
1484 4885 1622 4932 esse
1646 4867 1774 4931 nisi

237 4979 528 5062 superbia
557 5003 574 5044 ε
606 4995 787 5059 erge,
816 4981 935 5040 etc.

301 5139 319 5174 ¹
340 5142 421 5204 Cf.
444 5142 589 5193 Alex.
609 5141 806 5204 Alens„
829 5154 884 5204 p.
904 5139 967 5202 11,
989 5152 1042 5204 q.
1061 5148 1246 5199 xcvm,
1266 5138 1457 5187 memb.
1477 5140 1536 5201 23
1562 5139 1615 5189 S.
1641 5137 1776 5188 Tho·

240 5220 371 5276 mas,
410 5227 462 5277 p.
487 5216 537 5277 1,
569 5227 619 5278 q.
650 5224 795 5275 mm,
825 5214 919 5260 art.
945 5214 1003 5275 23
1051 5213 1103 5260 et
1142 5211 1183 5259 11
1217 5211 1378 5268 Seni„
1406 5209 1523 5260 dist.
1547 5222 1608 5273 ν,
1637 5222 1772 5275 q.·1,

241 5286 332 5330 art-
353 5288 413 5349 33
443 5285 574 5336 etde
598 5285 755 5349 Μαῖο,
784 5299 838 5349 q.
862 5294 979 5347 ΧΠ,
1008 5286 1102 5333 art.
1123 5285 1151 5331 3
1182 5284 1234 5332 et
1256 5284 1316 5343 43
1349 5283 1508 5343 Scot.,
1539 5283 1583 5333 11
1612 5282 1774 5339 Sent„

245 5352 355 5404 dist.
378 5369 516 5422 v1,q.
539 5357 800 5421 11;AEgid.
821 5358 991 5418 Rom„
1010 5356 1050 5404 11
1072 5357 1230 5412 sent„
1249 5353 1365 5404 dist.
1390 5367 1440 5417 v,
1460 5368 1511 5418 q.
1538 5366 1577 5418 1,
1593 5358 1686 5404 art.
1710 5356 1769 5416 33

245 5423 535 5494 Richardus,
559 5430 602 5480 ΙΙ
633 5429 793 5490 Sena,
816 5427 934 5478 dist.
956 5439 1009 5492 v,
1027 5440 1080 5491 q.
1109 5426 1480 5491 13Frunciscus
1497 5426 1561 5476 de
1584 5428 1768 5490 mayr„

1954 578 2115 644 Item
2148 596 2488 662 nunqnam
2522 578 2910 663 pervertitur
2947 579 3241 659 affectuS,
3287 579 3412 643 nisi

1871 685 2055 769 prius
2106 688 2512 768 pervertatur
2561 685 2907 768 judicium3
2968 688 3032 749 et
3076 702 3413 768 nunquam

1873 792 2261 875 pervertitur
2276 792 2592 875 Judicium
2621 793 2691 856 in
2712 793 2814 857 his
2839 811 2988 876 quae
3014 797 3165 858 sunt
3186 793 3263 857 de
3297 811 3416 857 ne-

1872 899 2157 962 cessitate
2181 898 2423 979 salutis,
2453 899 2578 963 nisi
2614 900 2828 982 aliqua
2862 900 3199 964 excaecatio
3225 899 3307 963 sit
3343 899 3416 965 in

1870 1004 2118 1069 ratione
2158 1026 2175 1069 z
2220 1023 2380 1087 ergo
2427 1006 2769 1071 excaecatio
2814 1007 3080 1071 rationis
3117 1005 3415 1090 praecedit

1872 1128 2133 1175 omnem
2157 1113 2530 1195 appetitum.
2557 1113 2682 1179 Sed
2699 1114 3041 1178 excaecatio
3059 1132 3194 1179 non
3212 1116 3416 1197 potest

1872 1236 2028 1299 esse,
2060 1220 2221 1301 quin
2245 1224 2637 1303 praecesserit
2661 1227 3026 1306 peccatum3
3058 1226 3122 1286 et
3145 1240 3276 1286 non
3294 1238 3417 1304 po-

1870 1327 1994 1391 tuit
2046 1327 2405 1410 praecedere
2447 1333 2778 1411 peccatum
2823 1329 3139 1414 appetitus
3188 1351 3205 1393 :
3258 1347 3438 1411 ergo⁴

1872 1435 2193 1515 praecessit
2219 1440 2546 1516 peccatum
2571 1438 3127 1519 praesumptionis:
3158 1437 3267 1501 sed
3294 1436 3418 1500 hoc

1870 1546 1966 1606 est
1995 1547 2324 1624 peccatum
2351 1545 2666 1626 superbiae
2695 1567 2710 1609 ε
2734 1562 2923 1625 ergo,
2957 1548 3077 1608 etc.

3290 449 3410 509 363
3487 455 3494 463 .

1953 1649 2224 1715 Contra:
2255 1655 2316 1716 1.
2349 1648 2531 1728 Quod
2557 1653 2749 1715 fuerit
2775 1653 3060 1734 primum
3088 1653 3418 1733 peccatum
3449 1676 3517 1719 Aa
3551 1688 3654 1731 opp.

1872 1757 2134 1822 omissio
2159 1806 2177 1838 ,
2206 1757 2464 1822 videtur
2483 1805 2504 1835 ,
2547 1760 2701 1842 quia
2742 1760 2795 1822 si
2840 1760 2975 1842 ipse
3013 1758 3419 1847 deliberasset

1872 1867 2096 1928 utrum
2146 1863 2305 1928 illud
2345 1869 2508 1929 esset
2553 1864 2984 1948 appetendum
3003 1914 3021 1943 ,
3078 1881 3416 1946 nunquam

1872 1976 2208 2057 peccasset,
2242 1991 2362 2037 nec
2389 1973 2571 2037 aliter
2594 1973 2797 2038 vitare
2823 1976 3068 2055 poterat
3094 1993 3111 2038 ε
3141 1990 3301 2055 ergo
3320 1973 3416 2037 te-

1873 2080 2148 2144 nebatur
2194 2078 2543 2143 deliberare
2580 2101 2597 2143 :
2634 2082 2698 2142 et
2733 2082 2882 2143 ante
2922 2078 3135 2143 omisit
3173 2078 3415 2143 delibe-

1873 2205 2039 2266 rare,
2067 2203 2264 2268 quam
2295 2185 2452 2249 illud
2478 2188 2801 2267 appeteret
2832 2206 2847 2249 ε
2880 2203 3038 2268 ergo
3070 2189 3217 2251 ante
3244 2186 3416 2249 omi-

1874 2293 1992 2373 sit,
2030 2312 2227 2375 quam
2263 2292 2641 2375 superbiret.
2686 2291 2754 2356 Si
2797 2293 2958 2356 forte
3002 2292 3174 2356 dicas
3192 2341 3210 2369 ,
3241 2295 3416 2376 quod

1874 2419 1990 2483 per
2010 2399 2406 2464 intellectum
2425 2400 2799 2464 deiformem
2829 2402 3077 2482 poterat
3100 2400 3240 2466 sine
3266 2403 3416 2467 deli-

1873 2506 2200 2571 beratione
2237 2506 2454 2571 videre
2491 2506 2647 2589 quid
2689 2507 3085 2586 faciendum3
3126 2507 3356 2573 Contra
3393 2529 3411 2573 ε

1875 2613 1976 2677 Ad
2003 2613 2128 2676 hoc
2165 2613 2336 2694 quod
2380 2613 2516 2695 ipse
2555 2614 2677 2678 hoc
2717 2614 3055 2697 inspiceret
3071 2664 3090 2695 ‚
3137 2616 3421 2699 oportuit

1874 2721 2089 2803 ipsum
2132 2719 2528 2785 considerare
2567 2720 3070 2785 circumstantias
3111 2723 3414 2805 appetiti,
3539 2727 3546 2733 '

1875 2830 1939 2890 et
1971 2826 2453 2907 consequentia,
2486 2830 2550 2890 et
2581 2827 2701 2889 ista
2727 2832 2877 2891 sunt
2915 2828 3117 2893 multa
3149 2850 3165 2893 ε
3198 2830 3307 2894 sed
3336 2831 3417 2910 (b)

1874 2932 2150 3016 simplex
2158 2932 2418 2998 virtutis
2432 2934 2654 3013 finitae,
2673 2934 2844 3016 quod
2857 2936 3182 3016 cognoscit
3210 2936 3417 3001 multa

1874 3058 1990 3121 per
2017 3040 2245 3121 multa,
2271 3041 2658 3123 impossibile
2683 3045 2778 3106 est
2803 3041 2999 3107 simul
3024 3045 3227 3109 multa
3260 3063 3418 3128 cog-

1874 3167 2158 3228 noscere,
2180 3167 2332 3212 cum
2350 3166 2417 3213 se
2441 3148 2714 3213 totaliter
2741 3154 3067 3214 convertat
3089 3151 3168 3215 ad
3196 3154 3422 3233 cogni-

1874 3263 2017 3325 tum
2056 3278 2074 3322 2
2121 3276 2280 3340 ergo
2321 3276 2577 3323 necesse
2615 3258 2843 3323 habuit
2876 3259 3261 3339 deliberare3
3311 3261 3421 3325 sed

1873 3370 2091 3431 tamen
2116 3365 2240 3429 hoc
2265 3384 2400 3430 non
2427 3365 2645 3445 solvit,
2676 3366 2865 3448 quia,
2894 3365 3206 3448 quidquid
3234 3370 3416 3446 esset,

1875 3474 2210 3540 tenebatur
2237 3473 2443 3539 vitare
2468 3477 2826 3555 peccatum,
2852 3475 3190 3539 tenebatur
3213 3477 3417 3558 repri-

1856 3599 2052 3646 mere
2079 3564 2532 3662 cogitationem
2575 3597 2758 3643 suam
2781 3628 2799 3659 ‚
2838 3598 2921 3644 ne
2947 3581 3314 3664 procederet
3337 3582 3418 3647 ad

1877 3704 2258 3752 consensum
2278 3732 2301 3763 ,
2331 3688 2395 3750 et
2430 3686 2554 3749 hoc
2597 3690 2942 3768 antequam
2986 3689 3365 3754 consentiret
3395 3712 3411 3754 :

1877 3814 2037 3878 ergo
2062 3799 2210 3859 ante
2232 3794 2448 3859 omisit
2476 3813 2495 3858 ε
2525 3813 2704 3875 ergo,
2741 3798 2860 3859 etc.

1956 3907 2017 3966 2.
2051 3901 2209 3966 Item
2237 3902 2491 3966 videtur
2520 3902 2690 3983 quod
2715 3906 2972 3983 peccato
3000 3904 3418 3986 ingratitudi-

1876 4011 1998 4074 nis,
2028 4009 2424 4087 BernardUS,
2462 4008 2539 4075 de
2580 4009 2897 4075 Gradibus
2923 4011 3315 4078 humilitatis
3343 4013 3366 4048 '¹
3395 4033 3420 4075 .-

1885 4142 1917 4180 α
1943 4118 2105 4197 Quia
2127 4116 2426 4198 gratuitae
2451 4115 2717 4180 bonitati
2743 4116 2875 4196 Dei,
2911 4135 2950 4180 a
2977 4136 3106 4199 quo
3129 4118 3424 4182 conditus

1879 4243 1967 4304 eS,
2001 4226 2296 4305 ingratus
2326 4223 2567 4303 existiS,
2595 4224 2939 4305 justitiam,
2967 4243 3166 4308 quam
3193 4244 3422 4309 exper-

1877 4338 1984 4399 tus
2013 4351 2148 4398 non
2176 4349 2265 4408 ea,
2296 4349 2429 4395 non
2455 4330 2689 4394 metuis
2711 4378 2728 4409 ,
2759 4331 2903 4397 ideo
2945 4332 3247 4398 audacter
3278 4335 3422 4398 cul-

1878 4460 2030 4524 pam
2071 4439 2437 4504 committis.
2478 4459 2512 4498 ι»
2548 4437 2720 4520 Ergo
2747 4442 2894 4503 ante
2934 4439 3058 4504 fuit
3097 4440 3419 4522 ingratuS,

1879 4568 2078 4633 quam
2105 4547 2526 4612 committeret
2566 4547 2820 4630 culpam
2859 4548 3035 4611 illam
3079 4549 3420 4634 superbiae.

1961 4662 2022 4721 3.
2066 4655 2227 4721 Item
2291 4654 2537 4719 ratione
2601 4655 2878 4720 videtur.
2940 4655 3216 4722 Tenetur
3280 4658 3425 4741 quis

1880 4763 2123 4847 gratias
2148 4780 2341 4845 agere
2368 4762 2446 4827 de
2471 4761 2823 4842 beneficiiS,
2854 4763 3111 4845 quando
3137 4763 3246 4826 illa
3272 4782 3424 4828 con-

1881 4906 1925 4957 ΙΙ
1949 4907 2112 4968 Seni„
2130 4905 2246 4956 dist.
2269 4916 2318 4968 ν,
2349 4919 2399 4969 q.
2427 4916 2508 4970 1v3
2540 4905 2718 4970 Steph.
2743 4906 2950 4970 Brulef.,
2981 4907 3023 4956 11
3048 4908 3207 4969 Seni„
3234 4908 3353 4960 dist.
3370 4922 3420 4976 v,

1881 4992 1932 5042 q.
1962 4990 2053 5040 1113
2101 4978 2254 5028 Gabr.
2285 4977 2422 5041 Biel,
2466 4979 2506 5029 11
2552 4979 2713 5042 Seni„
2742 4979 2860 5028 dist.
2886 4991 2970 5042 vt,
3002 4993 3051 5044 q.
3082 4995 3131 5044 ¹3
3175 4981 3329 5031 Joan.
3359 4982 3425 5032 de

1882 5049 2098 5113 BassoL,
2147 5050 2186 5099 11
2232 5050 2393 5112 Sena,
2438 5049 2554 5100 dist.
2583 5061 2664 5113 vt,
2704 5064 2756 5113 q.
2785 5061 2820 5099 1.
2846 5077 2907 5087 —
2932 5053 2956 5084 ²
2977 5053 3111 5112 Luc„
3152 5063 3223 5116 Χ,
3255 5056 3331 5103 18.
3362 5082 3426 5092 —-

1880 5122 2102 5185 ³Eccli.‚
2130 5136 2199 5186 x,
2231 5125 2309 5173 14.
2327 5150 2388 5160 —
2407 5122 2430 5156 ὅ
2448 5125 2680 5187 August„
2706 5122 2766 5172 de
2794 5124 2916 5175 Gen.
2953 5124 3023 5174 ad
3047 5124 3172 5189 litt„
3201 5124 3289 5175 lib.
3321 5128 3385 5177 Xl
3405 5165 3423 5192 ‚

1883 5207 1929 5244 c.
1950 5203 2110 5256 xxm,
2139 5208 2196 5243 n.
2214 5194 2556 5256 3⁰.--⁸1sid.,
2584 5193 2645 5243 de
2665 5194 2870 5243 Summo
2896 5195 3064 5258 Bone,
3091 5196 3183 5246 lib.
3208 5197 3262 5261 Ι,
3291 5211 3339 5247 c.
3365 5211 3420 5250 x.

1880 5265 2019 5314 —⁶1
2047 5266 2214 5328 Joan„
2237 5277 2298 5328 11,
2335 5268 2412 5315 16.
2439 5291 2503 5303 —
2526 5267 2548 5300 '²
2580 5267 2754 5329 Bam„
2780 5265 2842 5314 de
2869 5266 3081 5318 Gradib.
3118 5267 3324 5333 humil„
3368 5270 3423 5321 in

1878 5335 2030 5400 prim.
2050 5337 2195 5401 grad.
2216 5337 2488 5401 superbiae.

1944 5427 2013 5491 (a)
2045 5427 2167 5478 Coet.
2185 5428 2305 5479 edit.
2321 5442 2420 5477 non
2438 5426 2619 5477 habent
2635 5427 2986 5491 postremiS.-
3014 5429 3078 5495 (b)
3099 5430 3276 5496 suppl.
3300 5445 3414 5484 ens.
