4125 6225
733 460 851 520 586

732 590 1057 674 Scriptura
1087 611 1104 656 ε
1135 592 1500 661 FecitDcuz
1536 593 1664 660 duo
1741 594 2102 660 luminaria
2142 611 2276 660 ma·

732 714 898 782 qna,
951 702 1072 764 etc.
1115 698 1293 777 Quod
1342 718 1495 764 vero
1548 700 1844 783 oincitur
1861 747 1879 777 ,
1924 700 2096 783 quod
2139 720 2276 766 non

731 809 882 870 sunt
907 806 1110 889 posita
1150 805 1217 869 in
1252 807 1681 886 firmamento,
1731 811 1891 886 etc.;
1930 808 2275 874 dicendum

732 914 904 996 quod
933 914 1445 981 Firmamentum
1464 915 1533 977 in
1556 913 1906 998 scripturis
1934 916 2276 999 aliquando

731 1021 1040 1103 accipitur
1062 1020 1262 1101 large,
1286 1022 1627 1104 aliquando
1649 1022 1863 1087 stricte
1887 1045 1901 1087 :
1932 1024 2277 1107 aliquando

732 1128 906 1193 enim
931 1133 1202 1193 vocatur
1236 1133 1461 1194 octava
1503 1128 1758 1212 sphaera
1783 1130 1851 1194 in
1889 1150 2020 1213 qua
2054 1132 2276 1215 positae

733 1240 886 1300 sunt
911 1235 1138 1312 stellae,
1164 1239 1229 1300 et
1262 1236 1355 1299 sic
1383 1236 1636 1318 proprie
1662 1238 1972 1320 accipitur
1999 1239 2089 1302 ibi
2126 1262 2142 1304 ι
2187 1244 2280 1309 Et

730 1346 948 1428 posuit
972 1344 1187 1411 stellas
1207 1346 1282 1409 in
1305 1344 1709 1424 firmamento
1736 1345 1877 1412 coeli
1891 1370 1918 1421 ;
1936 1347 2277 1431 aliquando

734 1454 1039 1535 accipitur
1081 1455 1262 1535 large
1300 1471 1417 1535 pro
1446 1457 1680 1518 natura
1729 1454 1942 1536 quinti
1970 1457 2275 1539 corporis»,

736 1579 888 1643 quae
913 1560 1130 1624 divisit
1159 1580 1360 1643 aquas
1384 1560 1466 1624 ab
1505 1562 1712 1643 aquis»,
1741 1565 1804 1624 et
1843 1562 1933 1625 sic
1973 1564 2280 1646 accipitur

736 1669 823 1733 ibi
856 1688 873 1731 ε
909 1670 1060 1735 Fiat
1094 1670 1566 1750 firmamentum
1601 1669 1677 1733 in
1712 1668 1924 1736 medio
1959 1686 2280 1753 aquarum

738 1781 801 1842 et
825 1778 1149 1860 posthoc:
1185 1777 1385 1844 Fiant
1409 1775 1771 1842 luminaria
1808 1778 1881 1842 in
1910 1778 2277 1858 firmamen-

741 1890 801 1951 to
833 1886 996 1951 coeli.

1369 1984 1508 2030 nun.
1546 1984 1638 2032 iv.

803 2092 862 2142 Et
884 2089 1060 2141 sintin
1084 2090 1247 2156 signa,
1267 2094 1320 2141 et
1338 2093 1590 2156 tempora,
1613 2094 1665 2140 et
1690 2091 1818 2155 dice,
1842 2094 1893 2141 et
1914 2102 2096 2156 annos,
2120 2095 2218 2143 etc.

820 2207 1093 2273 Contra:
1129 2204 1197 2270 Si
1243 2210 1395 2270 sunt
1435 2206 1505 2269 in
1548 2206 1758 2288 signa,
1805 2225 1956 2277 non.
1982 2207 2285 2274 videntur

739 2332 1019 2398 peccare,
1045 2313 1158 2396 qui
1185 2331 1299 2395 per
1332 2313 1440 2376 illa
1469 2313 1917 2395 praenosticant
1943 2313 2190 2394 futura3
2221 2319 2285 2379 et

740 2423 796 2487 si
828 2423 895 2486 in
920 2425 1231 2504 tempora,
1267 2423 1422 2485 tunc
1441 2420 1701 2485 videtur
1720 2420 1891 2502 quod
1911 2424 2057 2484 ante
2073 2420 2284 2485 Solem

741 2533 804 2593 et
827 2528 1074 2593 Lunam
1120 2533 1413 2610 tempora
1437 2547 1569 2592 non
1606 2528 1910 2609 fuerunt;
1948 2526 2075 2604 vel,
2122 2528 2177 2591 si
2215 2529 2282 2592 in

738 2642 1048 2721 tempora,
1074 2638 1387 2719 quaeritur
1406 2656 1608 2720 quare
1626 2637 1957 2721 pluraliter
1976 2637 2142 2702 dicta
2160 2637 2286 2701 sint

740 2750 1049 2829 tempora,
1099 2763 1251 2809 cum
1297 2763 1427 2810 non
1465 2746 1546 2809 sit
1583 2744 1707 2808 nisi
1748 2762 1958 2808 unum
2001 2749 2280 2827 tempus,

741 2851 921 2932 item,
951 2854 1268 2936 quaeritur
1289 2853 1366 2918 de
1400 2853 1781 2918 sufficientia
1811 2854 2082 2917 istorum
2118 2873 2283 2936 qua-

742 2965 889 3026 tuor
914 2979 1060 3043 quae
1088 2966 1445 3039 enumerat,
1475 2963 1550 3027 in
1567 2942 1784 3043 siqua,
1805 2968 1863 3027 et
1888 2967 2195 3043 tempora,
2225 2966 2287 3028 et

742 3067 903 3147 dies,
933 3078 991 3136 et
1019 3068 1247 3148 απηοε,
1275 3069 1428 3152 quia
1453 3069 1742 3133 similiter
1767 3069 2008 3133 suntin
2034 3086 2287 3133 menses

744 3179 808 3240 et
837 3177 1241 3258 septimanas.
1274 3176 1344 3242 Si
1375 3181 1446 3239 tu
1491 3177 1661 3239 dicas
1685 3176 1859 3258 quod
1899 3175 2286 3240 clauduntur

744 3284 813 3347 in
849 3284 953 3347 his
1000 3284 1273 3363 duobus,
1323 3284 1556 3347 scilicet
1597 3284 1736 3350 dies
1781 3290 1844 3350 et
1887 3299 2116 3361 αηηοθ,
2163 3284 2287 3348 hoc

747 3409 879 3455 non
905 3391 1112 3467 solvit,
1140 3409 1290 3455 cum
1317 3390 1607 3454 similiter
1632 3390 1765 3454 dies
1792 3394 1854 3454 et
1881 3391 2034 3453 anni
2077 3389 2287 3454 claudi

747 3498 987 3581 possint
1011 3499 1081 3562 in
1107 3499 1230 3563 hoc
1255 3499 1426 3581 quod
1453 3498 1622 3578 dicit,
1651 3501 1846 3581 siqua
1881 3504 1940 3564 et
1979 3502 2283 3579 tempora..

708 3660 722 3674 .
829 3605 1014 3688 Resp.
1048 3605 1398 3670 Dicendum
1437 3606 1611 3688 quod
1646 3606 1800 3670 illud
1839 3606 2113 3669 verbum
2160 3607 2286 3670 du-

748 3714 995 3797 pliciter
1022 3712 1212 3777 habet
1250 3713 1508 3796 exponi,
1549 3712 1903 3777 secundum
1942 3713 2116 3795 quod
2160 3714 2286 3779 du-

748 3822 896 3904 plex
923 3826 1016 3885 aet
1042 3839 1200 3885 usus
1224 3821 1394 3901 signi
1425 3843 1440 3884 ε
1476 3820 1740 3901 signum
1769 3821 1944 3884 enim
1984 3826 2047 3885 et
2088 3827 2183 3885 est
2208 3823 2288 3886 ad

748 3929 1159 4009 signandum,
1190 3933 1253 3992 et
1278 3929 1469 3992 estad
1496 3929 2044 4009 distinguendum.
2073 3927 2140 3992 Si
2162 3929 2290 4011 pri-

748 4054 855 4100 mo
884 4037 1073 4102 modo
1101 4037 1408 4118 accipitur
1432 4036 1719 4118 signum,
1747 4041 1904 4101 tunc
1928 4041 2022 4101 est
2062 4055 2289 4101 sensus

746 4144 918 4227 quod
952 4145 1060 4209 illa
1097 4144 1441 4208 luminaria
1475 4145 1636 4208 facta
1673 4149 1827 4209 sunt
1862 4144 1931 4209 in
1976 4145 2188 4226 signa,
2222 4146 2287 4209 id

745 4255 861 4327 est,
894 4252 962 4315 in
990 4252 1519 4332 significationem
1555 4255 1944 4331 futurorum,
1979 4256 2043 4317 et
2073 4253 2286 4318 varia-

746 4363 986 4428 tionem
1014 4369 1401 4446 temporum‚
1448 4370 1512 4429 et
1534 4357 1811 4444 dierum,
1844 4369 1909 4430 et
1938 4382 2282 4442 annorum,

744 4477 821 4536 ut
864 4473 1132 4537 variatio
1159 4477 1523 4555 temporum
1570 4473 1931 4538 attendatur
1976 4473 2048 4536 in
2077 4477 2289 4536 muta-

745 4581 914 4646 tione
954 4585 1273 4663 quantum
1317 4582 1398 4647 ad
1425 4582 1698 4646 calorem
1746 4582 1914 4646 aeris
1951 4586 2013 4647 et
2040 4582 2284 4663 frigus;

745 4690 1015 4754 variatio
1052 4691 1326 4770 dierum,
1356 4694 1676 4773 quantum
1704 4691 1785 4754 ad
1823 4690 2044 4755 lumen
2085 4694 2150 4754 et
2186 4694 2285 4754 te-

744 4798 1008 4879 nebras;
1041 4798 1307 4866 variatio
1335 4815 1677 4877 annorum,
1722 4803 2041 4881 quantum
2068 4798 2148 4863 ad
2182 4815 2289 4862 re-

745 4907 1152 4973 novationem
1174 4908 1413 4971 horum
1440 4907 1721 4971 duorum
1745 4924 1761 4969 ε
1788 4910 1851 4971 et
1878 4907 1967 4970 sic
1989 4906 2291 4970 dicuntur

747 5032 1013 5097 corpora
1038 5013 1317 5079 coelestia
1342 5031 1477 5078 esse
1503 5015 1569 5078 in
1598 5014 1785 5095 signa
1816 5031 1949 5077 non
1970 5030 2284 5094 quorum-

745 5121 899 5184 libet
948 5122 1337 5199 futurorum,
1394 5122 1501 5186 sed
1547 5139 1774 5185 eorum
1827 5139 2109 5203 quorum
2151 5121 2290 5203 ipsa
2336 5155 2347 5165 ·

748 5231 899 5292 sunt
940 5229 1216 5311 quodam
1255 5230 1446 5294 modo
1490 5247 1679 5294 causa
1700 5276 1716 5306 ‚
1769 5228 1936 5293 sicut
1978 5228 2289 5293 imbrium

750 5338 814 5397 et
833 5340 1200 5412 ventorum,
1225 5341 1289 5399 et
1308 5335 1401 5399 sic
1416 5335 1678 5419 exponit
1692 5334 2156 5415 Damascenus3
2185 5335 2289 5400 vel

815 5457 835 5496 ¹
852 5457 986 5519 Luc„
1008 5469 1120 5522 xxi,
1140 5461 1219 5510 25.
1237 5483 1298 5497 ·-
1317 5460 1342 5496 ⁸
1357 5460 1441 5511 Pr.
1462 5471 1652 5524 cxxxv,
1674 5462 1723 5524 8,
1743 5463 1791 5512 9.

1843 454 2474 523 SENTENTIARUM
2514 453 2663 521 Lm.
2708 454 2787 520 11.

2379 593 2573 659 etiam
2597 609 2824 658 eorum
2852 607 2967 675 per
2989 605 3139 672 quae
3166 585 3557 671 praesiguat
3572 582 3805 647 divina
3824 598 3935 665 pro·

2379 702 2683 780 videntia,
2714 699 2877 764 sicut
2905 715 3131 763 eorum
3160 713 3311 779 quae
3340 691 3733 759 advenient
3752 692 3817 754 in
3846 693 3933 773 Ju-

2380 810 2566 886 dicio‚
2592 807 2945 873 secundum
2965 804 3121 869 illud
3158 802 3355 868 Lucae
3376 804 3401 838 ¹
3451 824 3469 867 :
3524 801 3764 865 Erunt
3782 801 3935 882 styria

2381 920 2457 985 in
2490 918 2614 983 sole
2633 964 2655 995 ,
2699 922 2759 982 et
2808 915 3000 993 lima,
3047 918 3109 979 ct
3145 912 3375 979 stellis.
3447 908 3779 974 Aliorum
3819 927 3933 973 ran

2381 1044 2529 1109 quae
2556 1027 2710 1088 sunt
2744 1042 2784 1087 a
2825 1022 3025 1086 libero
3060 1020 3328 1085 arbitrio
3368 1036 3525 1082 non
3577 1019 3749 1080 sunt
3788 1016 3937 1098 signa

2382 1132 2772 1197 institutione
2799 1130 3042 1207 divina3
3075 1127 3184 1191 sed
3204 1127 3433 1210 potius
3451 1125 3551 1189 ad
3574 1124 3699 1188 illa
3714 1124 3937 1205 sigm-

2383 1242 2466 1306 da
2482 1241 2676 1305 traxit
2702 1239 2990 1303 humana
3008 1236 3205 1316 fictio,
3234 1242 3300 1301 et
3318 1234 3606 1301 fallacia
3633 1232 3935 1297 diabolica

2385 1348 2450 1413 Si
2473 1352 2691 1413 autem
2722 1345 3001 1411 secundo
3039 1343 3231 1408 modo
3270 1341 3644 1425 accipitur,
3683 1340 4047 1409 videtin-eit·-

2385 1456 2466 1520 ab
2506 1458 2655 1519 actu
2681 1452 3135 1534 distinguendi,
3165 1455 3325 1516 tunc
3372 1456 3481 1515 est
3526 1468 3778 1515 sensm
3798 1472 3815 1513 ε
3836 1449 3941 1515 Sim

2384 1562 2451 1626 in
2500 1561 2708 1642 signa,
2746 1559 2928 1641 quasi
2964 1556 3411 1623 distinctiones
3453 1561 3867 1641 temporum,
3899 1570 3943 1622 et

2385 1670 2660 1743 dierum,
2693 1672 2757 1732 et
2792 1684 3132 1731 annorum.
3183 1665 3340 1730 Haec
3368 1670 3625 1730 autem
3664 1668 3939 1750 expcs‘ti:

2386 1777 2621 1841 divinae
2645 1775 2987 1859 Scripturae
3012 1775 3269 1839 videtur
3299 1788 3455 1838 esse
3478 1775 3720 1856 magis
3758 1794 3941 1839 conso-

2386 1902 2517 1948 na:
2554 1884 2723 1966 quod
2768 1885 2940 1966 patet
2983 1899 3100 1964 per
3135 1882 3661 1946 antecedentem
3703 1883 3939 1956 literam,

2389 1990 2795 2056 ubidicitur:
2828 1990 3024 2055 Fiant
3049 1988 3427 2056 luminaria
3462 1991 3550 2057 in
3572 1992 3941 2070 firmam

2388 2098 2550 2178 caeli,
2577 2102 2639 2164 et
2665 2097 2979 2164 dividant
3004 2097 3179 2163 diem
3203 2114 3246 2162 a
3263 2106 3494 2164 nocte.
3522 2098 3791 2182 Duplex
3806 2100 3942 2163 enim

2388 2210 2482 2271 est
2498 2211 2712 2271 motus
2734 2206 3153 2270 luminarium
3178 2228 3194 2269 :
3217 2223 3432 2283 unuS,
3470 2206 3606 2289 qui
3626 2213 3729 2270 est
3746 2208 3823 2271 ad
3839 2227 3942 2271 mc-

2388 2319 2529 2380 tum
2557 2315 2803 2379 ultimae
2831 2315 3102 2397 sphaerae
3134 2331 3336 2395 super
3365 2314 3581 2396 polos
3602 2315 3943 2399 principales

2390 2422 2470 2487 ab
2520 2423 2763 2487 oriente
2823 2421 2895 2485 in
2940 2422 3253 2487 orientem
3310 2440 3446 2504 per
3508 2423 3903 2487 occidentem
3928 2474 3941 2489 ,

2389 2548 2519 2612 quo
2546 2534 2727 2594 motu
2753 2528 3178 2593 revolvuntur
3202 2520 3417 2593 semel
3448 2530 3770 2613 quolibet
3794 2537 3944 2595 natu-

2388 2638 2505 2701 rali
2528 2638 2651 2715 die,
2689 2641 2752 2703 et
2774 2637 3126 2702 secundum
3154 2635 3342 2700 hunc
3370 2645 3669 2703 motum
3702 2641 3945 2704 dividunt

2389 2744 2556 2809 diem
2601 2748 2664 2809 et
2702 2748 2975 2821 noctem,
3011 2744 3175 2807 sicut
3210 2743 3473 2809 dicitur
3518 2746 3603 2810 in
3652 2748 3947 2813 Psalmo&

2390 2852 2567 2918 Fecit
2593 2851 2800 2918 Solem
2843 2854 2918 2918 in
2958 2856 3337 2933 potestatem
3370 2850 3537 2919 diei
3560 2903 3583 2934 ,
3632 2856 3875 2922 Lunam
3906 2864 3945 2919 ιε

2389 2961 2607 3027 stellas
2633 2964 2710 3028 in
2748 2966 3113 3044 potestatem
3160 2962 3389 3027 noctis
3405 2982 3439 3041 ;
3495 2963 3685 3027 alius
3723 2972 3815 3028 est
3848 2982 3945 3027 mo-

2390 3074 2495 3135 tus
2516 3070 2814 3153 proprius
2836 3087 3028 3154 quem
3054 3069 3296 3134 habent
3326 3074 3760 3139 naturaliter
3784 3075 3844 3138 in
3864 3073 3947 3136 cir·

2391 3179 2537 3243 culo
2564 3180 2848 3262 obliquo,
2881 3177 3110 3242 scilicet
3136 3178 3205 3241 in
3222 3176 3551 3260 zodiaco,
3578 3182 3659 3245 in
3688 3201 3817 3266 quo
3834 3183 3947 3246 duo-

2392 3285 2596 3350 decim
2651 3286 2839 3366 signa
2887 3284 3345 3350 describuntur
3393 3309 3409 3350 :
3493 3292 3571 3352 et
3632 3290 3944 3354 secundum

2393 3395 2640 3456 motum
2662 3392 3058 3474 planetarum
3078 3390 3146 3454 in
3167 3390 3294 3453 illis
3316 3392 3591 3474 sig-niS,
3614 3401 3690 3459 et
3712 3397 3945 3460 maxime

2393 3497 2575 3578 Solis,
2606 3499 2680 3563 fit
2704 3499 2978 3581 signatio
3004 3503 3069 3562 et
3110 3497 3448 3564 distinctio
3486 3506 3882 3586 temporum,
3902 3507 3947 3566 et

2392 3607 2668 3685 dierum,
2709 3610 2773 3670 et
2813 3623 3158 3670 annorum.
3190 3606 3562 3674 Distinctio
3610 3616 3945 3695 temporum

2392 3714 2487 3790 fit,
2524 3714 2674 3796 quia
2701 3719 2976 3796 quatuor
3009 3718 3164 3777 sunt
3186 3718 3507 3797 tempora
3531 3720 3730 3797 anni,
3764 3739 3882 3793 ver,
3903 3727 3949 3782 a

2393 3825 2609 3901 aestaS,
2668 3827 3047 3898 autumnus,
3094 3827 3159 3885 et
3202 3821 3449 3905 hyems
3472 3873 3493 3901 ‚
3553 3845 3720 3909 quae
3764 3829 3947 3892 distin·

2394 3932 2689 4010 guuntur
2717 3947 2830 4012 per
2855 3934 3105 3993 motum
3136 3928 3301 3993 Solis
3330 3931 3407 3993 in
3440 3930 3765 4014 zodiaco,
3800 3939 3947 4018 prout

2394 4036 2474 4101 ad
2495 4055 2613 4100 nos
2637 4038 2892 4116 accedit,
2924 4040 2987 4101 et
3006 4055 3045 4100 a
3061 4037 3248 4101 nohis
3273 4037 3681 4121 elongatur.
3718 4043 3947 4108 Distine-

2392 4143 2482 4207 tio
2500 4163 2654 4208 vero
2674 4145 2918 4208 dierum
2941 4146 3014 4208 fit
3028 4145 3327 4208 similiter
3347 4165 3476 4227 per
3500 4152 3829 4215 eumdem
3848 4168 3947 4214 ma-

2395 4254 2557 4330 tum,
2592 4252 2745 4334 quia
2766 4253 2956 4317 modo
2982 4252 3117 4316 dies
3140 4258 3467 4334 croecunt,
3498 4258 3719 4322 modo
3742 4259 3947 4323 decres-

2395 4363 2567 4423 cunt.
2599 4360 2956 4442 Aliquando
2979 4360 3114 4424 dies
3140 4365 3296 4425 sunt
3324 4365 3632 4445 majoroe
3658 4368 3946 4440 noctibus,

2395 4466 2738 4549 aliquando
2778 4469 3082 4546 minoren,
3124 4470 3498 4535 secundum
3530 4475 3727 4556 quod
3759 4494 3866 4558 per
3888 4475 3949 4537 il—

2393 4574 2531 4638 lum
2575 4579 2822 4639 motum
2860 4575 3196 4657 dupliciter
3240 4577 3575 4660 accipitur
3602 4583 3947 4659 solstitium,

2394 4683 2627 4748 scilicet
2649 4683 2950 4763 aestivale‚
2976 4687 3040 4747 et
3056 4684 3379 4766 hyemale3
3404 4691 3474 4751 et
3488 4687 3757 4773 duplex
3776 4691 3949 4774 aequi-

2394 4791 2705 4867 noctium,
2734 4791 2968 4855 scilicet
2980 4792 3265 4870 vernale,
3282 4794 3348 4855 et
3364 4797 3794 4862 autumnale.
3812 4797 3950 4863 Sunt

2396 4900 2586 4964 etiam
2612 4904 2825 4964 motus
2846 4900 2914 4963 in
2935 4900 3341 4965 distinctione
3361 4920 3715 4971 annorum
3743 4926 3948 4972 secun-

2395 5008 2551 5072 dum
2579 5008 3003 5072 servationem
3033 5008 3206 5073 illius
3244 5014 3477 5075 motus
3506 5011 3683 5078 Solis
3709 5017 3785 5080 in
3806 5017 3947 5081 ohli-

2396 5133 2525 5197 quo
2554 5114 2809 5179 circulo.
2844 5115 3145 5180 Similiter
3170 5135 3293 5182 suo
3328 5120 3539 5186 modo
3569 5121 3761 5188 Luna
3784 5129 3871 5189 est
3890 5127 3947 5188 in

2395 5221 2928 5303 significationem
2954 5229 3352 5307 temporum,
3403 5233 3477 5294 et
3521 5249 3865 5310 annorum,
3894 5235 3945 5295 et

2395 5331 2671 5411 dierum,
2701 5332 2874 5415 apud
2894 5331 2928 5396 J
2934 5332 3153 5397 udaeos
3187 5334 3495 5404 maxime
3541 5347 3854 5425 quantum
3874 5338 3941 5403 ad

2398 5441 2849 5521 solemnitatum,
2877 5440 3047 5508 sicut
3069 5441 3248 5525 apud
3271 5443 3693 5515 Christianos
3715 5455 3807 5516 est
3828 5446 3935 5518 Sol.
