4125 6225
532 2066 654 2113 natio

474 2143 658 2191 mgog.

742 440 1150 525 posmodum
1189 441 1378 508 detur
1420 441 1670 507 homini
1707 443 2117 527 quiestquia
2155 462 2288 508 non

740 550 1116 633 pervenitur
1139 549 1221 615 ad
1247 549 1698 634 perlecfionem
1728 552 1939 616 meriti
1971 569 2178 634 usque
2205 552 2286 618 ad

740 659 1357 734 consummationem
1385 658 1612 741 gratim
1639 659 1848 723 finalis
1862 707 1880 739 ,
1918 663 2060 742 post
2086 678 2284 743 quam

737 764 920 831 nulla
958 767 1246 851 sequitur
1278 786 1547 852 vespera
1574 787 1593 831 ε
1623 771 1687 833 et
1728 768 1873 833 ideo
1914 767 2049 833 dies
2086 770 2283 851 septi-

735 893 884 940 mus
927 877 1062 941 non
1094 876 1287 941 habet
1318 877 1439 940 sibi
1473 876 1875 959 assignatum
1913 895 2175 960 vespere
2210 878 2281 942 in

735 980 1089 1066 Scriptura.
1122 983 1484 1066 Allegorica
1520 1002 1674 1049 vero
1712 983 1875 1049 ratio
1915 987 2010 1048 est
2025 1030 2043 1059 ‚
2084 985 2241 1067 quia
2257 1032 2275 1061 ‚

643 1107 670 1139 0
731 1090 901 1155 sicut
928 1107 1223 1174 expresse
1252 1090 1658 1172 Augustinus
1679 1091 1699 1125 ²
1729 1089 2041 1171 ostendit,
2071 1089 2142 1153 in
2170 1091 2278 1156 illa

668 1184 683 1201 ⁰
727 1198 943 1282 prima
980 1198 1206 1264 mundi
1240 1198 1632 1280 conditione,
1663 1217 1813 1282 quae
1853 1203 1949 1264 oet
1982 1199 2278 1266 distincta

724 1323 843 1389 per
852 1307 1200 1388 senarium,
1212 1309 1421 1372 totum
1434 1308 1712 1391 spatium
1727 1307 2031 1373 decursus
2045 1310 2274 1374 muudi

723 1414 1055 1497 praesentis
1094 1414 1451 1479 secundum
1496 1432 1610 1480 sex
1654 1418 1869 1479 aetates
1914 1416 2271 1498 praesigna-

720 1523 831 1586 tur
855 1543 872 1585 z
897 1525 973 1587 ut
991 1521 1244 1604 primus
1264 1522 1398 1586 dies
1419 1522 1592 1587 aetati
1613 1523 1843 1604 primae
1866 1524 2266 1606 respondeat,

719 1628 1038 1693 secundus
1075 1628 1399 1709 sectmdae,
1443 1633 1507 1694 et
1543 1629 1634 1693 sic
1672 1629 1999 1712 deinceps»,
2039 1649 2269 1695 secun-

719 1736 878 1801 dum
903 1736 1076 1819 quod
1110 1736 1297 1819 plane
1323 1736 1577 1820 adaptat
1605 1737 2012 1819 Augustinus
2029 1785 2046 1816 ‚
2078 1755 2269 1821 super

720 1845 1015 1913 Genesim
1038 1844 1130 1910 ad
1149 1846 1428 1912 litteram
1435 1865 1464 1925 ,·
1485 1845 1660 1929 quod
1680 1846 1787 1909 hic
1808 1846 2081 1928 longum
2104 1852 2267 1913 esset

714 1956 1020 2035 repetere.
1063 1952 1245 2018 Ratio
1281 1957 1496 2018 autem
1533 1953 1893 2034 anagogica
1926 1956 2050 2035 est,
2085 1959 2159 2020 ut
2193 1957 2264 2020 in

714 2058 825 2123 illa
844 2059 1097 2125 dierum
1118 2060 1523 2125 distinctione
1542 2060 1940 2142 intelligatur
1963 2062 2262 2144 perfectio

712 2167 1097 2248 cognitionis
1139 2169 1210 2232 in
1254 2167 1545 2249 angelica
1587 2171 1819 2233 natura
1866 2169 2222 2237 beatificata
2236 2219 2255 2252 ,

709 2275 1067 2340 secundum
1094 2276 1266 2358 quod
1302 2276 1489 2359 plane
1520 2275 1791 2341 ostendit
1814 2276 2256 2361 Augustinus,

706 2397 900 2465 super
924 2382 1217 2450 δεηθείη
1248 2382 1337 2449 ad
1360 2383 1648 2451 litteram
1670 2384 1858 2466 quasi
1885 2396 2001 2467 per
2020 2388 2253 2453 totum.

706 2488 889 2566 Quod
926 2491 1070 2556 ideo
1099 2494 1288 2556 vocat
1315 2490 1415 2556 ud
1448 2492 1768 2572 litteram,
1806 2492 1963 2574 quia
2000 2495 2255 2576 exposi-

700 2597 943 2663 tionem
970 2599 1162 2664 istam
1178 2647 1197 2680 ,
1229 2617 1427 2682 quam
1454 2599 1567 2665 alii
1591 2599 1974 2682 reputabant
2005 2618 2251 2683 anago-

702 2705 943 2787 gicam,
970 2707 1120 2772 dicit
1146 2705 1579 2788 legislatorem
1602 2706 1949 2771 intendisse
1972 2707 2056 2771 ad
2083 2707 2250 2773 litte-

698 2830 841 2877 ram
875 2836 891 2879 :
923 2813 1089 2879 nihil
1128 2818 1346 2879 tamen
1391 2814 1482 2878 ibi
1526 2812 1862 2878 asserendo
1907 2813 2095 2894 dicit,
2139 2815 2250 2881 sed

695 2924 1083 3002 protestatur
1103 2923 1238 3004 ipse
1260 2920 1451 2986 modo
1474 2920 1878 3003 inquisitorio
1902 2938 1969 2985 se
1988 2920 2082 2984 ihi
2104 2939 2250 3003 pro-

695 3027 937 3093 cedere.
965 3026 1044 3092 Et
1072 3028 1238 3093 sicut
1269 3030 1443 3109 patet
1465 3045 1549 3091 ex
1573 3029 1716 3108 ejus
1752 3027 2106 3092 intentione
2131 3028 2249 3092 ihi-

695 3138 866 3218 dem,
892 3140 1103 3223 magis
1123 3139 1378 3204 volebat
1397 3137 1788 3204 intellectum
1810 3156 1895 3203 ex
1914 3137 2247 3222 Scriptura

699 3247 955 3329 elicere,
984 3266 1068 3313 ex
1098 3266 1233 3330 quo
1262 3245 1592 3329 Scriptura
1624 3264 1755 3311 non
1789 3250 1999 3329 posset
2023 3266 2066 3311 a
2089 3248 2245 3314 viris

696 3354 1149 3439 philosophicis
1180 3352 1484 3431 derideri,
1518 3371 1637 3418 nec
1673 3356 1930 3437 propter
1965 3353 2090 3419 hoc
2123 3354 2245 3419 ali-

692 3460 839 3543 quis
886 3461 1167 3526 naun-ali
1216 3459 1619 3544 philosophia
1664 3460 1956 3525 imbutus
2003 3479 2045 3524 a
2092 3461 2242 3526 fidei

688 3566 957 3634 veritate
981 3567 1291 3633 retardari
1307 3616 1326 3647 ,
1359 3568 1528 3632 sicut
1559 3568 1695 3649 ipse
1721 3566 2062 3650 aliqfflndo
2097 3568 2242 3632 fue·-

686 3679 788 3739 rat
813 3675 1196 3752 retardatus,
1226 3675 1469 3757 magis,
1496 3675 1762 3757 inquam
1775 3723 1795 3755 ,
1824 3693 2023 3757 quam
2048 3673 2242 3741 intel-

685 3780 924 3856 lectum
949 3783 1365 3866 principalem
1391 3800 1745 3865 exponere,
1774 3800 1972 3864 quem
2000 3781 2093 3845 ibi
2118 3781 2238 3846 ha-

684 3888 830 3954 huit
868 3888 1220 3971 legislator;
1253 3894 1317 3955 et
1350 3890 1564 3972 magis
1600 3888 1871 3954 intendit
1904 3889 2238 3956 ostendere

686 3995 842 4078 quid
865 3999 1152 4062 creatum
1171 3996 1386 4075 fuerit,
1406 3996 1513 4061 vel
1535 3999 1688 4059 tunc
1710 3994 2012 4078 potuerit,
2034 4014 2237 4078 quam

684 4102 844 4185 quid
868 4103 1110 4168 factum
1136 4102 1351 4172 fuerit.
1376 4102 1453 4168 Et
1477 4103 1548 4167 in
1570 4100 1682 4168 XII
1711 4103 2196 4184 Confessiomcm
2212 4105 2236 4139 ²

684 4210 1059 4276 ostenditur.
1092 4212 1264 4294 quod
1317 4229 1453 4277 una
1508 4216 1575 4276 et
1631 4210 1856 4276 eadem
1906 4210 2237 4295 Scriptura

684 4319 1120 4404 multipliciter
1153 4323 1359 4404 potest
1388 4319 1696 4402 intelligi,
1726 4322 1791 4384 et
1829 4320 1901 4384 in
1929 4321 2236 4386 omnibus

682 4428 974 4494 sensibus
990 4444 1165 4508 vere,
1186 4445 1472 4510 quorum
1488 4427 1708 4493 nullus
1725 4427 2037 4511 Spiritum
2056 4446 2237 4494 sanc-

683 4538 827 4601 tum
860 4536 1082 4615 latuit,
1117 4553 1199 4601 ex
1238 4536 1428 4617 cujus
1462 4534 1875 4618 inspiratione
1904 4535 2234 4618 Scriptura

682 4644 850 4710 edita
871 4644 1025 4725 fuit3
1055 4642 1217 4708 etin
1241 4642 1366 4707 hoc
1392 4642 1723 4709 manifeste
1750 4643 2025 4708 ostendit
2054 4644 2231 4727 quod

682 4750 823 4817 aliis
841 4769 977 4816 non
997 4749 1393 4816 contradicit.
1422 4749 1603 4816 Hanc
1623 4750 1829 4832 igitur
1848 4750 2230 4834 positionem

679 4858 1085 4938 sustinendo,
1128 4858 1211 4923 ad
1253 4856 1500 4941 objecta
1541 4857 1613 4923 in
1650 4857 2046 4924 contrarium
2083 4875 2228 4924 res-

679 4967 1095 5050 pandendum
1124 4970 1243 5032 est.

739 5174 758 5208 ²
785 5175 938 5238 Aug„
965 5174 1027 5224 de
1053 5174 1173 5224 Gen.
1197 5171 1267 5223 ad
1284 5171 1391 5222 litt.
1418 5171 1509 5221 lib.
1530 5171 1616 5233 lv,
1634 5183 1683 5219 c.
1705 5180 1744 5219 11
1769 5174 1820 5219 et
1835 5182 1943 5234 seq.
1957 5184 1975 5233 3
1991 5168 2050 5218 de
2068 5170 2222 5221 civit.

676 5243 727 5291 ei·
748 5243 807 5305 Ι),
821 5244 910 5295 lib.
934 5245 1089 5308 XXll,
1110 5259 1156 5295 c.
1175 5255 1304 5308 xxx,
1320 5256 1374 5293 n.
1394 5245 1443 5293 5.
1458 5243 1566 5282 -2
1586 5241 1682 5303 ld„
1705 5239 1848 5303 Cous.
1869 5239 1959 5290 lib.
1979 5239 2092 5306 xn,
2110 5255 2226 5306 pas-

677 5312 794 5376 sim,
814 5316 909 5366 sed
934 5317 1220 5379 praesertim
1246 5316 1303 5366 in
1327 5315 1521 5366 medic.
1544 5340 1605 5352 -
1624 5313 1811 5375 ⁸Gen.,
1837 5321 1900 5370 11.
1922 5315 1971 5362 3.

1887 304 2509 380 ΒΕΝΤΕΝΤῙΜΠῙΜ
2549 309 2700 377 LIB.
2746 310 2826 377 11.

2477 451 2540 514 1.
2569 446 2667 514 Ad
2692 447 2853 513 illud
2877 446 3054 514 enim
3087 451 3259 533 quod
3287 451 3501 535 primo
3531 451 3833 537 obiicitur
3853 450 3926 519 dc

2395 556 2576 619 textu
2607 554 2865 622 Genesis
2880 604 2904 635 ,
2935 555 3279 622 dicendum
3300 559 3473 641 quod
3497 558 3658 625 illud
3688 560 3926 626 dictum

2393 666 2491 726 est
2517 681 2634 747 per
2665 664 3259 748 recapitulationem
3272 714 3291 745 ,
3329 671 3395 730 et
3426 666 3541 731 iste
3577 667 3921 747 terminus,

2391 768 2502 836 die
2517 819 2539 849 ,
2569 770 2659 835 ibi
2685 772 3096 837 confunditur
3116 775 3193 837 ut
3215 777 3508 845 teneatur
3526 793 3641 857 pro
3659 774 3926 839 diversis

2391 875 2649 956 diebus;
2674 878 2779 943 vel
2799 882 3055 943 tenetur
3074 881 3472 962 zeugmatice
3491 931 3508 961 ,
3532 885 3607 945 ut
3632 882 3925 947 reddatur

2388 982 2532 1047 aliis
2548 984 2822 1067 singulis
2838 987 3149 1051 membris
3170 987 3343 1053 illius
3364 988 3918 1071 recapitulationis.

2465 1094 2530 1157 2.
2549 1093 2642 1157 Ad
2669 1093 2826 1159 illud
2844 1096 3018 1178 quod
3032 1097 3334 1179 objicitur
3345 1097 3426 1163 de
3436 1097 3886 1164 Ecclesiastico
3896 1120 3920 1163 .-

2387 1198 2512 1272 Qui
2560 1202 2732 1268 vivit
2789 1204 2868 1268 in
2918 1210 3228 1271 oetemum
3247 1254 3268 1284 ‚
3341 1208 3511 1285 etc.;
3583 1204 3920 1269 dicendum

2383 1306 2556 1389 quod
2591 1307 2923 1392 Scriptura
2945 1312 3092 1376 facit
3116 1314 3256 1379 vim
3283 1312 3452 1376 inter
3481 1328 3696 1379 creare
3719 1315 3786 1376 et
3815 1312 3918 1392 fa-

2380 1428 2511 1481 cere
2538 1436 2562 1475 .·
2592 1434 2747 1481 nam
2790 1420 3174 1485 creationem
3210 1422 3398 1485 vocat
3432 1419 3917 1502 productionem

2380 1538 2463 1587 ex
2492 1523 2722 1604 nihil03
2763 1525 3102 1591 factionem
3140 1545 3298 1592 vero
3328 1526 3536 1610 ipsam
3573 1526 3916 1591 distinctio·

2377 1644 2528 1692 nem
2560 1645 2575 1688 z
2614 1630 2677 1692 et
2720 1627 2844 1693 hoc
2873 1629 3035 1694 bene
3071 1630 3368 1711 signatur
3408 1629 3478 1693 in
3511 1628 3768 1708 Genesi,
3809 1629 3916 1694 ubi

2376 1736 2608 1801 dicitur
2632 1735 2654 1770 ⁸
2678 1736 2853 1818 quod
2896 1738 3164 1803 cessavit
3209 1738 3308 1802 ab*
3333 1737 3513 1801 omni
3558 1755 3752 1820 opere
3802 1755 3914 1802 suo

2374 1843 2547 1925 quod
2564 1846 2807 1910 creavit
2832 1847 2909 1907 ut
2925 1845 3181 1924 faceret.
3211 1844 3447 1910 Omnes
3471 1844 3677 1926 igitur
3702 1842 3914 1908 Sancti

2372 1950 2443 2015 in
2478 1951 2602 2015 hoc
2630 1952 3047 2029 concordant,
3079 1952 3252 2035 quod
3287 1952 3507 2017 omnia
3536 1956 3692 2016 sunt
3720 1950 3912 2015 simul

2370 2055 2677 2137 producta
2699 2055 2770 2118 in
2810 2055 3078 2120 materia
3107 2074 3124 2119 ε
3153 2058 3216 2120 et
3250 2055 3394 2120 ideo
3436 2055 3657 2119 omnia
3683 2071 3910 2119 conce-

2367 2166 2530 2231 dunt
2563 2166 2761 2232 simul
2802 2185 2939 2234 esse
2968 2171 3179 2233 creata
3192 2214 3216 2246 ,
3254 2167 3367 2233 sed
3408 2170 3629 2233 tamen
3660 2184 3798 2232 non
3826 2165 3911 2231 si-

2368 2274 2509 2339 mul
2532 2275 2720 2341 sacta.

2447 2384 2509 2445 3.
2538 2381 2636 2447 Ad
2674 2381 2832 2446 illud
2857 2382 3031 2464 quod
3070 2381 3372 2474 objicitur
3400 2380 3480 2445 de
3505 2380 3649 2457 Job,
3691 2380 3906 2444 dicen·

2364 2489 2521 2553 dum
2562 2489 2736 2571 quod
2783 2487 3129 2570 Gregorius
3174 2487 3437 2571 exponit
3483 2488 3657 2570 quod
3699 2492 3899 2553 tecum

2361 2596 2511 2661 dicit
2537 2597 2628 2660 ihi
2645 2594 3032 2662 simultatem
3050 2616 3180 2661 non
3197 2596 3533 2679 temporis,
3555 2596 3665 2659 sed
3684 2596 3903 2659 simul-

2358 2707 2556 2769 tatem
2581 2705 2879 2787 rationis‚
2917 2704 3102 2789 quasi
3133 2704 3297 2769 dicat
3327 2722 3342 2764 :
3376 2702 3533 2769 Ecce
3569 2701 3902 2770 Behemoth

2359 2830 2542 2896 quem
2567 2814 2694 2894 feci
2721 2818 2949 2894 tecum,
2979 2813 3046 2877 id
3076 2815 3198 2892 est,
3232 2812 3350 2875 tibi
3388 2810 3666 2876 similem
3694 2811 3768 2876 in
3791 2827 3899 2877 ra-

2356 2921 2554 2986 tionis
2580 2918 2944 3005 capacitate.
3331 2974 3336 2981 .

2433 3034 2496 3111 4,
2543 3032 2582 3093 5
2616 3033 2680 3093 et
2705 3034 2768 3093 6.
2806 3028 2906 3092 Ad
2951 3026 3111 3091 illud
3148 3025 3320 3109 quod
3349 3024 3685 3109 objicitur,
3723 3026 3898 3109 quod

2353 3138 2616 3221 majoris
2633 3138 2932 3222 potentiae
2949 3139 3044 3201 est
3066 3134 3524 3200 declarativum
3543 3132 3896 3217 producere

2351 3246 2556 3311 multa
2593 3243 2820 3324 simul;
2858 3243 3202 3308 dicendum
3244 3240 3419 3324 quod
3460 3240 3625 3305 Deus
3664 3244 3896 3323 poten-

2350 3354 2505 3419 tiam
2538 3372 2726 3418 suam
2757 3353 2967 3436 magis
2994 3350 3358 3416 intendebat
3382 3349 3794 3413 manifestare
3824 3349 3896 3413 in

2348 3463 2762 3548 productione
2788 3462 2868 3526 de
2888 3480 3021 3526 non
3049 3478 3185 3524 esse
3207 3460 3278 3522 in
3300 3476 3436 3522 esse
3451 3505 3468 3536 ,
3501 3475 3698 3540 quam
3726 3460 3895 3540 post·

2348 3572 2616 3636 modum
2642 3569 3117 3636 informatione
3149 3591 3164 3631 z
3197 3566 3290 3631 ibi
3314 3565 3490 3631 enim
3517 3566 3731 3646 magis
3759 3583 3895 3629 ma·

2346 3680 2602 3744 nifestat
2621 3679 3003 3763 sapientiam
3027 3680 3091 3741 et
3115 3674 3460 3740 bonitatem
3486 3692 3501 3734 ι
3526 3677 3590 3738 et
3611 3676 3686 3736 ut
3704 3672 3889 3754 sigil-

2344 3786 2548 3868 latim,
2576 3792 2640 3852 et
2656 3786 3004 3851 distinctim
3020 3833 3038 3865 ‚
3063 3789 3127 3848 et
3152 3781 3633 3868 appropriatim,
3657 3781 3724 3844 in
3747 3798 3893 3863 pro-

2343 3896 2639 3962 ductione
2667 3895 3013 3960 effectuum
3044 3891 3558 3956 manifestaretur
3588 3886 3889 3972 perfectio

2343 4004 2644 4089 potentiae
2661 4051 2679 4084 ,
2710 4000 3036 4085 sapientiae
3062 4003 3124 4064 et
3151 3996 3475 4076 honitatis,
3511 3995 3749 4080 placuit
3785 3995 3890 4060 di-

2343 4112 2496 4178 vino
2547 4109 2792 4178 auctori
2849 4107 3235 4192 praemittere
3291 4121 3455 4188 opus
3509 4103 3844 4167 creationis
3863 4151 3885 4182 ,

2340 4217 2751 4304 postmodum
2783 4215 3183 4297 subjungere
3222 4230 3386 4296 opus
3425 4210 3848 4276 distinctionis
3862 4259 3885 4292 ,

2340 4326 2660 4407 postremo
2687 4340 2841 4387 vero
2868 4338 3031 4404 opus
3064 4322 3328 4384 ornatus
3354 4321 3418 4382 et
3441 4316 3882 4383 decorationiS.

2340 4429 2422 4496 Et
2461 4431 2535 4496 in
2568 4430 2780 4515 primo
2826 4428 3270 4494 manifestatur
3309 4426 3634 4511 potentia3
3672 4425 3743 4489 in
3781 4441 3885 4489 se·

2338 4538 2553 4604 cundo
2579 4538 2918 4623 sapientia;
2949 4537 3019 4602 in
3043 4536 3229 4601 tertio
3267 4552 3423 4601 vero
3456 4533 3712 4599 bonitas
3735 4550 3888 4617 per-

2337 4645 2531 4727 fecta,
2568 4644 2715 4710 licet
2738 4643 2956 4710 omnia
2988 4643 3059 4707 iu
3085 4642 3370 4726 quolibet
3400 4641 3641 4707 horum
3675 4638 3884 4705 mani-

2335 4755 2552 4822 festari
2586 4755 2828 4839 possint
2864 4772 2906 4818 a
2937 4753 3066 4819 Deo
3095 4772 3114 4818 ε
3142 4758 3203 4819 et
3231 4752 3374 4817 ideo
3399 4751 3489 4816 ita
3523 4751 3688 4816 hene
3728 4752 3887 4814 sunt

2337 4863 2736 4948 manifestata
2772 4863 2914 4945 post
2943 4864 3459 4925 consummatum
3490 4876 3627 4923 esse
3658 4874 3880 4922 rerum

2225 5023 2229 5032 .
2333 4963 2445 5036 illa
2469 4971 2615 5053 tria,
2642 4972 2812 5035 sicut
2835 4969 2890 5033 si
2919 4969 2992 5034 in
3021 4968 3337 5052 principio
3364 4966 3581 5032 statim
3610 4964 3883 5031 materia

2332 5077 2554 5145 fuisset
2581 5079 2886 5163 producta
2899 5125 2921 5160 ,
2963 5081 3031 5142 et
3059 5073 3375 5158 distincta,
3412 5077 3478 5140 et
3507 5077 3756 5140 ornata.
3791 5068 3880 5137 Et

2333 5204 2450 5269 per
2492 5185 2616 5251 hoc
2652 5189 2873 5270 patent
2902 5183 3033 5250 duo
3066 5183 3423 5266 sequentia,
3464 5199 3616 5266 quae
3653 5195 3882 5264 proce-

2332 5293 2497 5360 dunt
2522 5293 2844 5359 consimili
2868 5293 2980 5359 via
2993 5340 3014 5373 ,
3045 5288 3339 5359 videlicet
3365 5290 3447 5356 de
3472 5287 3769 5356 honitatis
3802 5291 3880 5353 et
