4125 6225
1267 375 1648 442 DlSTINCT.
1691 375 1826 443 Vll.
1870 374 2106 442 PART.
2148 376 2199 440 Ι.
2244 375 2428 442 ART.
2468 377 2520 442 Ι.
3360 381 3472 444 391

298 533 612 581 sensuum
640 510 1034 581 subtilitates
1050 563 1068 598 ,
1099 518 1165 580 et
1187 533 1538 603 corporum
1574 510 1975 580 mobilitates
2001 511 2075 581 in
2108 512 2418 582 membris
2443 511 2720 582 terrenis
2747 520 2812 581 et
2837 510 3066 606 pigris.
3105 512 3290 583 Unde
3315 536 3478 606 qua·
3514 523 3720 643 oplgffiur

294 627 764 719 libuscumque
793 627 1048 717 angelis
1078 629 1331 697 vicinas
1359 649 1586 697 causas
1611 627 1695 696 ab
1736 627 2076 697 elementis
2118 629 2500 698 contrahere
2545 637 2794 722 quanto
2845 629 3102 699 facilius
3136 638 3262 715 est,
3294 636 3475 697 tanto
3561 650 3663 758 ιῑοξι

3520 730 3621 760 crea
3640 729 3718 760 11Ρὸ

296 744 734 813 mirabiliores
761 743 833 811 in
860 742 1242 835 hujusmodi
1267 766 1497 813 eorum
1528 744 1820 813 existunt
1844 744 2206 814 celeritates
2229 745 2375 814 :sed
2403 768 2539 813 non
2567 754 2662 814 est
2686 754 2963 832 creator,
2995 746 3124 814 nisi
3149 745 3266 838 qui
3295 745 3475 838 prin·
3503 784 3716 827 mrim,

3523 858 3598 889 cus
3629 859 3715 891 seffl-

291 860 592 953 cipaliter
616 860 741 928 ista
773 859 1042 946 format3
1075 882 1194 927 nec
1222 859 1576 952 quisquam
1602 859 1725 928 hoc
1755 867 1987 951 potest,
2009 861 2138 929 nisi
2166 884 2342 929 unus
2369 859 2639 929 Creator
2666 861 2842 929 Deus
2861 871 2906 929 ¹.
2942 860 3145 930 Aliud
3174 869 3269 929 est
3295 859 3473 928 enim
3521 907 3624 952 vm·

293 999 377 1045 ex
409 976 644 1045 intimo
671 998 745 1045 ac
776 999 1036 1044 summo
1081 998 1430 1045 causarum
1467 975 1731 1045 cardine
1775 977 2087 1063 condere,
2131 999 2206 1045 ac
2241 976 2615 1045 ministrare
2660 986 3029 1046 creaturam
3048 1030 3066 1065 ,
3106 977 3283 1071 quod
3322 977 3478 1046 facit

290 1093 471 1161 solus
493 1092 760 1161 Creator
788 1092 995 1179 Deus;
1025 1092 1210 1161 aliud
1237 1101 1459 1160 autem
1487 1114 1603 1184 pro
1649 1092 2015 1161 distributis
2042 1093 2126 1161 ab
2171 1093 2288 1161 illo
2319 1093 2572 1161 viribus
2619 1115 2694 1161 ac
2721 1093 3145 1162 facultatibus
3180 1093 3474 1185 aliquam

291 1209 735 1302 operationem
763 1209 1118 1278 forinsecus
1145 1231 1443 1278 amovere
1462 1261 1480 1295 ,
1531 1218 1607 1277 ut
1646 1218 1803 1278 tunc
1830 1208 1932 1278 vel
1978 1218 2168 1296 tunc,
2211 1208 2302 1276 sic
2329 1209 2434 1277 vel
2462 1208 2554 1277 sic
2582 1216 2769 1276 exeat
2807 1208 2984 1301 quod
3023 1219 3303 1278 creatur.
3346 1210 3478 1280 Ista

289 1326 536 1418 quippe
564 1325 973 1415 originaliter
998 1333 1062 1393 et
1088 1325 1601 1417 primordialiter
1628 1325 1701 1393 in
1727 1324 2013 1417 quadam
2042 1333 2304 1393 textura
2330 1325 2806 1394 elementorum
2832 1333 3067 1394 cuncta
3093 1324 3234 1418 jam
3261 1333 3477 1395 creata

288 1449 477 1527 sunt3
509 1441 617 1510 sed
646 1442 924 1534 acceptis
948 1441 1548 1534 opportunitatibus
1574 1450 1797 1553 postea
1822 1441 2170 1532 prodeunt.
2202 1467 2238 1508 >³
2732 1433 2746 1439 ”

377 1557 552 1626 Illud
582 1579 850 1650 quoque
884 1558 1221 1626 sciendum
1251 1564 1385 1644 est,
1433 1557 1611 1650 quod
1639 1557 1859 1646 angeli
1894 1556 2053 1624 mali
2081 1557 2384 1649 quaedam
2412 1566 2682 1648 possunt
2716 1579 2832 1648 per
2858 1564 3109 1627 naturae
3146 1556 3475 1626 subtilita-
3536 1559 3682 1680 ⁸2:22

292 1682 456 1757 tem,
487 1695 640 1765 quae
683 1682 899 1741 tamen
942 1695 1075 1741 non
1122 1682 1394 1765 possunt
1432 1682 1696 1765 propter
1728 1673 1842 1742 Dei
1870 1674 1976 1742 vel
2017 1675 2345 1743 bonorum
2391 1675 2782 1763 angelorum
2823 1674 3370 1767 prohibitionem,
3403 1673 3471 1743 id
3539 1688 3674 1793 352

288 1797 406 1874 est,
435 1789 595 1880 quia
619 1812 755 1858 non
783 1789 1260 1881 permittuntur
1287 1789 1405 1857 illa
1430 1790 1640 1858 facere
1664 1814 1705 1860 a
1732 1790 1866 1859 Deo
1896 1785 2002 1858 vel
2032 1792 2115 1858 ab
2144 1790 2395 1879 angelis
2422 1790 2656 1860 bonis:
2690 1799 2952 1881 possent
2981 1790 3211 1883 utique
3247 1791 3470 1860 fecisse
3498 1818 3695 1927 &⁸22ss

285 1906 547 1989 cinifes,
576 1906 697 1996 qui
740 1928 934 1974 ranas
983 1913 1441 1997 serpentesque
1472 1905 1791 1974 fecerunt.
1836 1905 2151 1988 Quaedam
2180 1928 2337 1976 vero
2383 1929 2517 1975 non
2562 1916 2836 1998 possunt
2879 1907 3126 1993 facere,
3170 1907 3368 1975 etiam
3413 1908 3468 1976 si
3497 1946 3558 1977 m
3585 1938 3710 1994 vigo-

286 2023 745 2114 permittantur
776 2021 860 2089 ab
885 2020 1136 2109 angelis
1163 2020 1642 2112 superioribus3
1690 2024 1851 2114 quia
1893 2046 2027 2091 non
2069 2022 2387 2115 permittit
2425 2023 2623 2090 Deus,
2668 2021 2859 2091 Unde
2901 2023 3318 2112 Augustinus
3339 2077 3356 2110 ‚
3396 2023 3467 2092 in
3494 2009 3711 2118 ζῗᾞξῗ

285 2137 455 2206 libro
485 2139 675 2206 tertio
701 2136 784 2206 de
818 2138 1184 2207 Trinitate²
1215 2162 1238 2203 .·
1276 2162 1311 2203 «
1333 2137 1432 2205 Ex
1458 2137 1783 2208 ineffabili
1810 2147 2152 2231 potentatu
2176 2138 2296 2207 Dei
2324 2138 2432 2222 fit,
2466 2146 2542 2207 ut
2564 2138 2744 2231 quod
2776 2145 3038 2235 possent
3066 2139 3224 2208 mali
3248 2140 3468 2228 angeli
3515 2132 3693 2244 Ρζξιξζζ,

284 2254 338 2320 si
356 2253 913 2345 permitterentur,
937 2253 1082 2321 ideo
1106 2275 1240 2321 non
1261 2262 1564 2344 possunt,
1588 2256 1747 2346 quia
1773 2278 1908 2324 non
1928 2256 2427 2347 permittuntur.
2459 2254 2688 2348 Neque
2707 2256 2880 2324 enim
2904 2243 3188 2324 occurrit
3211 2255 3341 2323 alia
3367 2278 3471 2323 ra·
3496 2251 3707 2361 &2:3¹

284 2369 375 2437 tio
394 2424 415 2453 ‚
450 2390 568 2435 cur
595 2391 729 2437 non
757 2377 1057 2459 poterant
1082 2369 1292 2437 facere
1318 2369 1579 2458 cinifes,
1619 2372 1737 2462 qui
1778 2394 1972 2440 ranas
2016 2380 2477 2464 serpentesque
2515 2371 2813 2441 fecerunt
2836 2425 2854 2459 ,
2902 2372 3031 2440 nisi
3063 2372 3223 2465 quia
3259 2372 3470 2463 major
3494 2379 3709 2497 ³303}th-

280 2485 506 2555 aderat
544 2485 904 2553 dominatio
945 2485 1335 2576 prohibendi
1370 2509 1486 2577 per
1527 2486 1852 2579 Spiritum
1888 2495 2187 2556 sanctum
2222 2512 2238 2556 ε
2271 2487 2450 2579 quod
2499 2489 2695 2556 etiam
2738 2488 2914 2578 magi
2951 2487 3226 2557 confessi
3272 2496 3463 2575 sunt,
3522 2506 3693 2581 hibitiq·

280 2602 567 2670 dicentes
594 2610 617 2645 ⁸
659 2627 674 2669 :
714 2602 979 2694 Digitus
1014 2602 1138 2669 Dei
1182 2614 1277 2670 est
1318 2601 1447 2671 hic.
1489 2602 1665 2684 Quid
1710 2612 1932 2672 autem
1969 2627 2085 2695 per
2118 2610 2426 2672 naturam
2470 2604 2749 2694 possint,
2796 2627 2916 2672 nec
2957 2613 3196 2672 tamen·
3219 2604 3466 2697 possint
3495 2572 3708 2687 2¹:5¹2}ss

281 2727 546 2811 propter
571 2718 1081 2812 prohibitionem
1101 2770 1118 2803 ,
1151 2719 1402 2810 etquid
1432 2741 1549 2811 per
1572 2719 1779 2810 ipsius
1804 2726 2060 2788 naturae
2089 2743 2225 2789 suae
2253 2719 2694 2788 conditionem
2725 2719 2932 2788 facere
2965 2742 3097 2788 non
3132 2719 3457 2808 sinantur,
3492 2707 3710 2802 Ἢηῗζῗ

279 2835 535 2904 homini
581 2837 920 2927 explorare
960 2834 1223 2904 difficile
1273 2844 1405 2922 est,
1453 2837 1589 2905 imo
1634 2836 2055 2928 impossibile.
2103 2836 2425 2904 Novimus
2472 2835 2808 2904 hominem
2847 2857 3031 2927 posse
3084 2834 3458 2924 ambulare,
3517 2825 3603 2867 ¹¹²¹·

279 2961 341 3021 et
372 2975 585 3043 neque
614 2952 737 3019 hoc
781 2975 965 3041 posse
990 3004 1008 3038 ‚
1042 2953 1097 3019 si
1139 2975 1276 3021 non
1315 2951 1760 3042 permittatur3
1794 2953 2018 3022 volare
2054 2960 2275 3020 autem
2304 2974 2437 3020 non
2480 2974 2701 3043 posse,
2738 2950 2992 3019 etiamsi
3019 2951 3457 3042 permittatur.

280 3067 397 3138 Sic
425 3074 488 3135 et
515 3068 619 3137 illi
647 3067 868 3158 angeli
898 3067 1198 3160 quaedam
1225 3077 1499 3161 possunt
1519 3070 1755 3156 facere,
1785 3069 1839 3138 si
1868 3069 2335 3163 permittantur
2361 3067 2444 3136 ab
2463 3066 2713 3157 angelis
2738 3067 3215 3159 potentioribus
3233 3090 3313 3136 ex
3341 3068 3465 3138 im-

276 3185 458 3276 perio
498 3184 651 3271 Dei3
692 3184 995 3277 quaedam
1028 3208 1181 3255 vero
1208 3208 1341 3255 non
1379 3194 1686 3278 possunt,
1729 3185 1984 3254 etiamsi
2012 3186 2097 3254 ab
2126 3185 2219 3254 eis
2260 3184 2746 3277 permittantur,
2793 3183 2952 3276 quia
2984 3183 3099 3251 ille
3141 3206 3274 3251 non
3320 3206 3467 3275 per-

276 3302 512 3387 mittit,
544 3324 583 3369 a
608 3324 742 3394 quo
770 3310 866 3370 est
898 3301 1032 3369 illis
1059 3301 1208 3369 talis
1254 3308 1508 3370 naturae
1560 3301 1790 3371 modus
1811 3327 1830 3390 3
1869 3303 1989 3394 qui
2030 3302 2228 3370 etiam
2268 3323 2385 3393 per
2424 3299 2693 3389 angelos
2723 3321 2876 3367 suos
2913 3299 3032 3366 illa
3070 3298 3463 3391 plerumque

280 3438 416 3486 non
442 3418 800 3509 permittit,
829 3440 980 3510 quae
1007 3417 1319 3486 concessit
1347 3426 1425 3486 ut
1448 3418 1718 3509 possint.
1756 3442 1792 3493 η

894 3644 1091 3718 PARS
1137 3642 1188 3717 I.
1921 3634 2120 3717 aliqui
2147 3633 2384 3715 angeli,
2415 3650 2531 3716 per
2557 3630 3062 3708 conversionem,
3093 3635 3156 3696 et
3175 3632 3467 3697 aversio-

1919 3759 2094 3818 nem,
2124 3744 2275 3804 sunt
2299 3757 2413 3821 per
2439 3738 2715 3820 gloriam
2742 3738 3102 3802 confirmati
3123 3786 3141 3817 ,
3172 3742 3236 3801 et
3262 3739 3464 3820 aliqui

308 3819 541 3874 omnus
566 3818 742 3864 men
769 3817 902 3863 surr
929 3818 1144 3864 Anam
1171 3819 1654 3867 comnmriomz
1683 3820 1759 3865 ΕΤ

1922 3866 2036 3929 per
2077 3847 2385 3910 malitiam
2416 3844 2747 3922 obstinati;
2790 3844 2860 3908 in
2911 3844 3190 3909 secunda
3231 3846 3467 3928 quaerit

814 3917 1269 3963 oaanAnoNE.

1921 3959 2144 4018 utrum
2176 3954 2452 4018 habeant
2475 3952 2831 4016 libertatem
2860 3954 3137 4031 arbitrii,
3169 3958 3233 4018 et
3257 3973 3464 4037 oppo-

653 4090 1061 4157 EXpOSfflQ
1101 4071 1429 4157 T'EXTUS·
1919 4061 2016 4125 nit
2040 4061 2123 4125 ad
2161 4061 2315 4137 hoc,
2346 4059 2479 4122 ibi:
2530 4058 2653 4124 Sed
2686 4075 2831 4124 cum
2865 4076 2975 4124 nec
3014 4060 3163 4126 bom·
3201 4077 3463 4142 peccare

686 4156 695 4179 '
1914 4170 2193 4249 possint,
2222 4170 2382 4240 etc.,·
2413 4166 2483 4230 in
2516 4165 2705 4228 tertia
2737 4165 3147 4246 determinat,
3176 4167 3266 4231 ihi
3299 4189 3314 4232 ι
3355 4169 3465 4234 Ad

534 4245 702 4309 Supra
728 4245 920 4296 dietum
945 4248 1024 4296 est
1049 4245 1188 4310 quod
1214 4244 1410 4311 angeli,
1440 4248 1539 4296 etc.
1916 4276 2088 4357 quod
2112 4274 2392 4341 dicimus
2418 4271 2591 4355 quod
2636 4271 2785 4337 boni
2816 4277 3002 4339 tama
3027 4276 3265 4356 qratia,
3296 4280 3414 4339 etc,
3435 4300 3462 4351 ‚-

345 4384 557 4468 Supra
577 4387 717 4467 egit
741 4386 1039 4467 Magister
1064 4387 1142 4450 de
1174 4387 1537 4466 aversione,
1565 4391 1628 4450 et
1652 4404 1809 4450 con-
1917 4383 1988 4446 in
2009 4386 2241 4464 quarta
2266 4385 2330 4444 et
2366 4380 2595 4443 ultima
2620 4378 2917 4460 explanat
2939 4380 3282 4460 quamdam
3303 4400 3462 4446 auc-

262 4491 595 4566 versione3
622 4489 689 4553 in
709 4490 831 4554 hac
853 4495 1030 4573 parte
1049 4490 1188 4571 agit
1204 4491 1281 4554 de
1299 4491 1802 4570 confirmatione,
1914 4489 2235 4553 toritatem
2276 4487 2601 4551 inductam
2622 4533 2641 4563 ‚
2684 4484 2772 4547 ibi
2804 4507 2819 4548 z
2854 4485 3034 4558 Quod
3063 4500 3209 4569 erqo
3234 4487 3460 4554 Hiero-

261 4602 328 4660 et
381 4597 823 4662 obstinatione.
877 4598 956 4663 Et
1004 4599 1311 4664 dividitur
1353 4599 1494 4663 haec
1538 4618 1686 4681 pars
1736 4600 1805 4663 in
1914 4611 2151 4678 numus
2171 4595 2267 4660 ait
2283 4641 2306 4672 ,
2354 4596 2472 4657 etc.
2512 4591 2591 4655 Et
2631 4591 2723 4654 ita
2759 4591 2887 4655 duo
2908 4591 3014 4654 hic
3043 4584 3461 4658 determinanss

34 4734 219 4777 mmo.
261 4703 425 4766 duas
448 4709 654 4786 partes
678 4726 693 4769 :
719 4704 795 4767 In
812 4705 1021 4788 prima
1043 4705 1182 4786 agit
1204 4705 1282 4769 de
1298 4706 1800 4788 confirmatione,
1915 4707 2021 4768 tur
2064 4724 2080 4767 ε
2115 4702 2346 4785 primo,
2367 4699 2639 4783 qualiter
2672 4698 2824 4763 mali
2867 4698 2937 4762 in
2977 4699 3283 4763 malitiam
3310 4705 3462 4767 sunt

262 4813 328 4873 et
364 4809 818 4889 obstinatione3
846 4811 913 4874 in
939 4811 1217 4876 secunda
1241 4830 1397 4876 vero
1422 4812 1500 4876 de
1527 4830 1805 4895 sequen·
1913 4810 2230 4889 obstinati,
2269 4813 2331 4872 et
2355 4806 2507 4871 boni
2545 4807 2614 4867 in
2663 4805 2874 4887 gratia
2917 4806 3309 4885 confirmati;
3356 4826 3461 4872 se-

258 4916 436 4980 tibus
463 4917 542 4980 ad
569 4917 733 4992 haec,
763 4916 949 4997 infra,
985 4917 1382 4982 distinctione
1413 4919 1635 4983 eadem
1668 4942 1683 4983 ε
1716 4922 1806 4987 E't
1847 5003 1850 5006 ἦ
1913 4915 2125 4980 cundo
2141 4963 2160 4995 ‚
2199 4913 2518 4998 quomodo
2571 4911 2968 4975 confirmatio
3017 4915 3080 4975 et
3121 4913 3458 4979 obstinatio

258 5024 414 5092 licet
467 5026 629 5092 mali
683 5024 897 5108 angeli
919 5074 936 5106 ,
979 5031 1097 5090 etc.
1156 5025 1371 5091 Prima
1417 5045 1563 5109 pars
1615 5027 1807 5092 habet
1912 5028 2033 5089 stet
2062 5042 2213 5089 cum
2240 5023 2440 5087 libero
2461 5019 2743 5085 arbitrio.

257 5136 538 5215 quatuor
564 5134 908 5216 particulas
939 5158 954 5197 ε
988 5133 1055 5197 in
1081 5133 1291 5216 prima
1314 5133 1587 5198 ostendit
1630 5134 1805 5217 quod
2373 5188 2631 5260 ARTIC
2639 5184 2861 5257 ULUS
2905 5186 2937 5254 I

328 5294 346 5327 ¹
367 5295 519 5357 Aug„
546 5293 607 5343 de
637 5293 837 5353 Tn’nit„
866 5292 955 5344 lib.
995 5294 1097 5357 111,
1139 5307 1187 5344 c.
1210 5304 1293 5357 lx,
1320 5307 1374 5342 n.
1399 5294 1477 5344 16.
1506 5294 1612 5332 —¹
1648 5300 1801 5359 Aug„

258 5363 321 5414 de
352 5364 511 5428 Trina,
535 5364 624 5415 lib.
647 5365 735 5428 111,
762 5379 811 5414 e.
829 5375 912 5425 11,
936 5377 994 5415 n.
1012 5364 1210 5416 18.—⁸
1237 5363 1420 5429 swod„
1448 5375 1575 5429 vm,
1600 5367 1677 5415 19.
1994 5344 2093 5409 Ad
2122 5342 2614 5426 intelligentiam
2656 5338 2858 5422 hujus
2882 5338 3081 5423 partis
3113 5339 3286 5406 eima
3327 5341 3457 5410 duo
