4125 6225
1173 383 1369 451 DIST.
1414 384 1491 452 11.
1537 384 1768 450 PART.
1813 384 1862 449 Ι.
1905 385 2086 451 ART.
2132 386 2180 451 I.
2224 386 2520 466 QUAEST.
2559 386 2638 451 Il.

316 517 501 599 gelo;
563 517 901 584 dicendum
962 519 1130 601 quod
1190 538 1490 585 mensura
1544 520 1856 586 consimili

314 629 792 706 mensurantur,
825 627 1059 692 scilicet
1084 646 1247 708 aevo,
1282 629 1433 711 quia
1461 628 1853 694 consimilem

312 731 549 796 babent
584 734 853 798 modum
892 735 1164 800 durandi
1197 757 1213 799 :
1262 736 1369 800 sed
1415 736 1609 800 homo
1648 736 1854 800 viator

314 862 444 909 non
495 850 905 910 mensuratur
952 847 1266 911 consimili
1318 865 1617 911 mensura
1636 896 1653 924 ,
1701 848 1853 930 quia

314 954 614 1036 quamvis
668 953 896 1018 habeat
942 956 1111 1019 idem
1165 972 1297 1020 esse
1318 1004 1336 1033 ,
1393 956 1584 1020 babet
1635 959 1851 1020 tamen

313 1060 577 1125 modum
616 1062 864 1126 essendi
899 1067 961 1126 61
985 1061 1256 1126 durandi
1299 1062 1536 1141 alium3
1570 1067 1633 1127 et
1665 1081 1851 1128 men-

312 1186 462 1232 sura
505 1186 641 1233 non
683 1171 934 1233 tantum
979 1188 1134 1248 esse,
1186 1169 1295 1234 sed
1340 1170 1533 1235 etiam
1582 1171 1848 1235 modum

311 1274 584 1340 durandi
613 1277 884 1361 respicit.

388 1386 447 1446 6.
480 1382 659 1460 Quod
683 1385 1020 1467 quaeritur,
1050 1385 1120 1450 in
1142 1404 1274 1469 quo
1299 1403 1534 1468 genere
1560 1384 1641 1448 sit
1662 1404 1846 1450 men-

311 1507 462 1553 sura
481 1492 789 1572 angelicae
808 1492 1157 1574 durationis
1178 1516 1194 1571 ;
1218 1494 1438 1558 dicunt
1454 1493 1652 1575 aliqui
1672 1493 1842 1576 quod

311 1614 441 1660 non
466 1601 560 1660 est
596 1598 948 1679 quantitas,
978 1599 1102 1664 nisi
1129 1600 1448 1683 quantitas
1472 1600 1749 1677 virtutiS‚
1782 1605 1844 1665 et

304 1703 446 1768 ideo
475 1723 607 1768 non
647 1711 741 1769 est
783 1706 852 1769 in
893 1725 1128 1788 genere
1154 1708 1525 1791 quantitatis
1562 1708 1837 1791 proprie.

304 1808 424 1876 Sed
453 1812 505 1874 si
547 1831 698 1877 vere
734 1832 1036 1880 mensura
1076 1820 1190 1895 est,
1234 1816 1555 1899 quomodo
1589 1835 1720 1880 non
1749 1821 1844 1881 est

302 1919 623 2000 quantitas
650 1927 842 1985 vera?
873 1921 1017 1986 Ideo
1046 1923 1265 1987 dicunt
1291 1923 1420 2003 alii,
1455 1923 1628 2005 quod
1655 1924 1841 1987 estin

301 2042 539 2107 genere
555 2027 923 2108 quantitatis
935 2030 1098 2093 sicut
1115 2030 1522 2112 principium.
1539 2029 1606 2094 Si
1623 2034 1839 2097 tamen

297 2137 626 2215 quaeratur
668 2137 853 2217 cujus
896 2136 978 2200 sit
1018 2136 1427 2219 principium,
1478 2157 1628 2203 cum
1674 2139 1838 2203 dicat

298 2257 670 2304 mensuram
694 2241 1010 2306 diversam
1029 2262 1068 2306 a
1087 2248 1396 2327 tempore,
1419 2248 1492 2308 ut
1513 2249 1836 2310 ostensum

298 2351 420 2424 est,
466 2347 718 2412 difficile
759 2350 878 2413 erit
920 2351 1268 2432 assignare.
1314 2352 1392 2415 Et
1434 2351 1578 2417 ideo
1619 2353 1837 2418 sanius

298 2454 418 2518 dici
466 2458 694 2537 potest,
739 2457 910 2538 quod
957 2458 1007 2520 si
1015 2461 1122 2523 cut
1163 2462 1418 2541 tempus
1461 2461 1722 2542 ponitur
1763 2461 1836 2524 in

298 2561 663 2626 substantiis
699 2564 1133 2646 spiritualibus
1168 2570 1485 2648 quantum
1526 2568 1608 2633 ad
1642 2567 1833 2633 affec-

296 2672 497 2735 tiones
522 2674 875 2737 secundum
908 2676 1348 2757 Augustinum
1368 2677 1417 2756 ¹,
1455 2677 1599 2742 licet
1626 2679 1836 2742 consi-

293 2777 531 2843 deratio
547 2777 910 2865 Philosophi
925 2783 1035 2847 ¹ad
1049 2782 1203 2847 illud
1216 2802 1347 2848 non
1365 2785 1795 2850 conscenderit
1810 2807 1827 2863 ;

296 2884 386 2948 sic
424 2890 489 2950 et
525 2905 828 2952 mensura
864 2890 1123 2972 ponitur
1162 2890 1457 2954 differens
1499 2891 1705 2973 specie
1748 2894 1829 2956 ab

293 2991 431 3056 aliis
453 2994 913 3074 quantitatibus
927 3045 944 3075 ,
973 2996 1121 3060 licet
1148 2997 1225 3060 de
1254 2997 1361 3061 illa
1382 3016 1514 3062 non
1533 2998 1831 3081 loquatur

293 3099 737 3185 PhilosophuS,
764 3104 917 3185 quia
943 3124 1277 3169 mensuras
1303 3124 1523 3171 rerum
1563 3105 1828 3171 inferio-

288 3228 437 3275 rum
482 3210 901 3276 determinare
946 3212 1333 3277 intendebat.
1392 3211 1521 3277 Nec
1568 3215 1828 3297 ponitur

286 3337 371 3384 ex
414 3318 535 3383 hoc
579 3319 648 3382 in
694 3318 830 3402 ipso
882 3321 1370 3402 insufficientia3
1428 3327 1491 3386 et
1536 3325 1590 3387 si
1634 3325 1825 3389 etiam

284 3429 652 3507 poneretur,
695 3445 827 3490 non
855 3431 1015 3493 esset
1044 3432 1302 3512 propter
1325 3430 1448 3494 1100
1475 3450 1515 3495 a
1540 3432 1824 3498 veritatis

285 3533 538 3597 tramite
565 3534 966 3616 aliquatenus
991 3535 1462 3602 discedendum.

813 3778 1169 3856 QUAESTIO
1215 3781 1292 3846 Il.

404 3932 491 3987 An
518 3935 755 3989 omnium
777 3935 1153 3991 oeviternorum
1180 3937 1257 3991 sit
1280 3951 1446 3992 unum
1467 3952 1638 3992 aevum
1655 3936 1696 3993 ⁸.

361 4073 589 4138 Utrum
663 4075 1017 4157 spiritualia
1098 4078 1375 4142 habeant
1447 4098 1819 4145 mensuram

278 4198 480 4246 unam
529 4200 643 4264 per
686 4184 1025 4247 essentiam
1047 4182 1083 4260 ,'
1110 4190 1177 4248 et
1226 4185 1349 4249 1100
1402 4189 1495 4249 est
1532 4205 1819 4268 quaerere

279 4292 503 4352 utrum
554 4308 761 4354 unum
808 4291 887 4353 sit
941 4309 1157 4355 aevum
1204 4292 1680 4357 aeviternorum.
1741 4293 1819 4358 Et

281 4396 456 4477 quod
475 4415 630 4472 non,
644 4397 898 4463 videtur
916 4417 1030 4481 per
1047 4399 1441 4484 Dionysium,
1463 4400 1542 4466 de
1559 4402 1818 4469 Divinis

280 4504 661 4571 Nominibus
683 4505 746 4570 ⁴:
798 4529 827 4567 e
863 4506 1001 4589 Ipse
1035 4512 1128 4572 est
1168 4526 1384 4574 aevum
1418 4527 1742 4575 aevorum:
1777 4533 1807 4571 n

278 4629 436 4692 ergo
471 4612 656 4694 plura
696 4617 848 4678 sunt
883 4633 1024 4679 aeva
1056 4638 1070 4678 z
1102 4634 1232 4680 non
1268 4635 1382 4698 per
1406 4616 1816 4702 interruptio-

277 4736 460 4797 nem,
491 4719 579 4782 ita
616 4721 786 4803 quod
834 4739 1039 4785 unum
1068 4726 1211 4804 post
1251 4724 1464 4789 aliud:
1506 4744 1664 4807 ergo
1701 4744 1817 4809 per

277 4824 706 4892 diversitatem
732 4827 923 4893 simul
945 4828 1378 4895 existentium.

341 5024 359 5057 ¹
382 5025 529 5086 Aug„
561 5023 630 5073 ad
650 5024 811 5087 Oro-5„
829 5039 880 5089 q.
903 5036 1033 5088 xL13
1070 5025 1132 5075 de
1156 5026 1276 5077 Gen.
1301 5026 1371 5075 ad
1391 5025 1518 5092 titt„
1543 5026 1633 5080 lib.
1663 5031 1811 5093 VIII,

280 5110 328 5144 0.
353 5107 419 5145 xx
433 5133 451 5157 ,
470 5106 596 5145 xxlv
611 5100 661 5146 et
677 5109 884 5147 111111-
900 5098 924 5132 ¹
942 5098 1115 5161 Arist„
1129 5097 1324 5163 Phys-ic.
1342 5098 1431 5150 lib.
1453 5101 1537 5162 IV,
1563 5105 1698 5151 cont.
1726 5106 1812 5152 100

279 5168 334 5215 et
354 5166 674 5231 seq.--⁸Cf.
700 5169 753 5219 S.
773 5168 976 5231 Thom.,
1005 5182 1059 5233 p.
1091 5170 1132 5232 I,
1159 5183 1208 5233 q.
1233 5182 1294 5231 x,
1322 5174 1416 5221 art.
1441 5173 1500 5235 ὃς
1524 5175 1575 5222 61
1593 5172 1633 5221 ll
1654 5174 1812 5237 Seni„

279 5237 396 5289 dist.
416 5248 477 5300 11,
497 5252 548 5302 q.
569 5250 606 5302 1,
625 5243 718 5289 art.
736 5242 795 5303 23
821 5245 873 5291 et
895 5239 1092 5302 Quolib.
1114 5242 1178 5306 V,
1201 5246 1295 5292 art.
1316 5244 1374 5304 73
1406 5244 1567 5308 scot„
1591 5244 1633 5293 11
1653 5245 1813 5311 Sem„

279 5310 396 5360 dist.
424 5321 497 5372 11,
526 5324 576 5374 q.
601 5320 696 5373 1113
725 5313 959 5375 AEgidius
987 5315 1156 5376 Rom„
1187 5313 1225 5363 ΙΙ
1252 5314 1411 5377 Seni„
1444 5315 1559 5366 dist.
1584 5328 1654 5382 11,
1684 5330 1735 5381 q.
1759 5330 1813 5380 1,

280 5385 378 5431 art.
397 5384 427 5430 2
445 5418 460 5441 ,
490 5381 627 5432 etde
647 5397 878 5434 mensura
904 5382 1103 5448 Anqel„
1131 5396 1277 5452 q.11;
1304 5385 1562 5452 mebant„
1588 5390 1628 5439 II
1655 5388 1816 5452 Seni„

3383 396 3503 456 279

2044 522 2202 586 Item
2241 523 2453 586 unitas
2495 521 2892 587 accidentalis
2925 524 3102 588 venit
3136 524 3218 588 ab
3256 527 3502 590 unitate

1960 629 2261 712 subjecti:
2297 629 2407 693 sed
2444 648 2575 694 non
2612 634 2706 694 est
2735 649 2971 714 ponere
2997 651 3208 696 unum
3248 633 3500 715 subjec-

1958 741 2101 800 tum
2140 738 2433 802 omnium
2471 738 2963 818 aeviternorum,
3013 758 3164 803 cum
3198 741 3494 822 quaedam

1957 844 2314 926 spiritualia
2352 863 2481 909 non
2525 845 2805 909 habeant
2851 847 3106 930 aliquod
3156 865 3497 912 commune

1955 952 2034 1016 ad
2062 971 2140 1016 cu
2140 955 2249 1035 jus
2289 956 2616 1036 aspectum
2655 958 3150 1018 mensurentur:
3185 973 3342 1037 ergo
3365 972 3497 1020 non

1955 1062 2050 1123 est
2090 1077 2326 1141 ponere
2364 1078 2582 1125 aevum
2610 1079 2746 1125 esse
2787 1079 3015 1127 unum.
3062 1060 3241 1138 Quod
3277 1067 3495 1127 autem

1954 1166 2210 1231 nullum
2225 1167 2502 1232 babeant
2521 1168 2647 1233 tale
2665 1169 2808 1251 subj
2815 1174 3028 1233 ectum
3046 1168 3219 1251 quod
3240 1170 3320 1233 sit
3338 1188 3493 1234 con-
3521 1154 3527 1164 ¹

1952 1276 2272 1340 tentivum
2313 1276 2743 1358 spiritualium
2763 1324 2780 1353 ,
2831 1275 2955 1340 hoc
2998 1281 3293 1358 apparet,
3341 1277 3495 1359 quia

1950 1380 2107 1445 illud
2127 1383 2389 1447 haberet
2412 1384 2872 1459 excellentiam,
2893 1386 2957 1447 et
2975 1383 3401 1463 influentiam,
3428 1388 3496 1449 61

1950 1490 2403 1554 continentiam
2445 1494 2733 1574 respectu
2775 1492 3234 1556 aeviternorum
3253 1541 3271 1572 ,
3325 1493 3492 1558 sicut

1948 1599 2236 1679 primum
2275 1599 2508 1663 mobile
2546 1603 2837 1682 respectu
2864 1600 3349 1682 temporalium:
3379 1602 3487 1667 sed

1946 1703 2072 1768 tale
2086 1709 2374 1789 respectu
2398 1706 2899 1770 substantiarum
2925 1707 3353 1789 spiritualium
3375 1709 3485 1772 in·-

1945 1813 2153 1878 veniri
2191 1832 2323 1878 non
2363 1818 2590 1897 potest,
2631 1817 2708 1878 ut
2749 1818 2921 1897 patet
2962 1815 3344 1881 discurrenti
3371 1834 3486 1899 per

1944 1921 2238 2003 singula:
2270 1939 2449 2004 ergo,
2476 1926 2593 1986 etc.

2024 2028 2182 2094 Item
2209 2030 2507 2110 omnibus
2533 2028 2671 2093 aliis
2700 2028 3036 2111 corruptis,
3064 2029 3360 2112 possibile
3388 2035 3486 2097 est

1942 2138 2210 2202 unicum
2249 2137 2554 2218 angelum
2597 2154 2930 2201 remanere
2944 2184 2961 2213 ,
3003 2155 3155 2201 cum
3195 2156 3328 2203 non
3369 2139 3479 2205 de-

1941 2245 2215 2329 pendeat
2247 2246 2329 2309 ab
2361 2244 2501 2308 aliis
2539 2243 2825 2325 angelis:
2877 2247 2940 2307 et
2983 2243 3039 2306 si
3081 2249 3369 2312 remanet
3411 2246 3483 2312 in

1943 2372 2078 2419 esse
2104 2352 2441 2436 completo,
2468 2351 2661 2415 habet
2688 2368 3059 2415 mensuram
3086 2370 3481 2438 consequen-

1940 2465 2072 2526 tem
2098 2459 2254 2524 illud
2280 2478 2451 2524 esse:
2482 2463 2545 2524 et
2561 2459 2686 2522 hoc
2703 2463 2797 2522 est
2819 2476 3069 2524 aevum:
3095 2478 3252 2543 ergo
3272 2481 3478 2530 rema-

1938 2574 2047 2634 net
2090 2587 2306 2635 aevum
2320 2615 2337 2646 ,
2386 2566 2667 2649 quolibet
2708 2566 2937 2648 angelo
2982 2575 3383 2652 remanente,
3415 2578 3479 2639 et

1937 2681 2148 2742 totum
2191 2679 2515 2752 remanet,
2563 2676 2626 2736 et
2669 2673 3017 2756 perfectum
3048 2696 3066 2738 ι
3116 2692 3272 2757 ergo
3321 2685 3479 2762 quot

1937 2787 2088 2849 sunt
2115 2784 2350 2865 angeli,
2376 2785 2468 2846 tot
2492 2783 2642 2846 sunt
2667 2798 2829 2846 aeva.

2016 2891 2175 2956 Item
2216 2909 2437 2956 aevum
2467 2895 2561 2955 est
2605 2907 2908 2953 mensura
2947 2889 3040 2953 rei
3067 2891 3381 2973 perfectae,
3412 2898 3477 2958 et

1935 2999 2216 3063 multum
2242 2998 2534 3063 habentis
2562 2997 2639 3061 de
2666 2997 2874 3080 specie
2890 3045 2907 3076 ,
2937 2998 3073 3061 sive
3113 2999 3191 3062 de
3228 3000 3468 3066 forma:

1934 3107 1988 3171 si
2048 3127 2207 3190 ergo
2258 3125 2476 3172 aevum
2528 3106 2808 3169 maxime
2860 3110 3283 3189 consequatur
3336 3128 3473 3174 esse

1932 3216 2341 3297 completum,
2355 3233 2503 3279 011111
2523 3214 2681 3278 illud
2698 3232 2829 3277 non
2849 3214 2931 3278 sit
2947 3232 3158 3279 unum
3172 3233 3465 3297 numero,

1931 3322 2041 3386 sed
2082 3324 2334 3385 tantum
2374 3321 2610 3402 specie,
2638 3319 2892 3385 videtur
2919 3320 3090 3402 quod
3133 3338 3351 3386 aevum
3390 3323 3471 3386 sit

1929 3447 2139 3492 unum
2162 3432 2412 3492 tantum
2443 3426 2795 3491 secundum
2823 3427 3119 3509 speciem.

2009 3536 2240 3602 Contra
2269 3558 2284 3599 z
2312 3536 2433 3599 1100
2464 3534 2761 3616 arguitur
2789 3540 2845 3599 1.
2875 3553 2917 3598 a
2940 3535 3173 3598 simili:
3201 3534 3377 3601 Sicut
3400 3555 3469 3603 se
3498 3557 3569 3602 Ad
3601 3570 3708 3615 opp.

1928 3644 2123 3708 habet
2146 3648 2398 3727 tempus
2435 3643 2516 3707 ad
2567 3642 2971 3725 temporalia,
3010 3642 3098 3707 ita
3141 3661 3360 3708 aevum
3386 3646 3469 3710 ad

1931 3753 2269 3816 aeviterna:
2300 3751 2408 3815 sed
2436 3756 2687 3832 tempus
2712 3754 2808 3813 est
2845 3769 3052 3814 unum
3080 3752 3252 3834 quod
3279 3771 3467 3817 men-

1928 3864 2107 3924 surat
2147 3860 2363 3924 omnia
2402 3858 2798 3940 temporalia,
2837 3858 3003 3923 sicut
3052 3858 3200 3923 dicit
3239 3861 3464 3925 Ansel-

1929 3988 2079 4034 mus
2115 3975 2162 4049 ⁸,
2221 3975 2283 4035 et
2332 3968 2801 4049 Philosophus:
2851 3985 3008 4048 ergo
3064 3974 3127 4031 et
3174 3968 3467 4034 similiter

1925 4096 2138 4142 unum
2163 4080 2258 4142 est
2277 4095 2494 4143 aevum
2517 4074 2686 4158 quod
2711 4080 3039 4138 mensurat
3059 4076 3279 4140 omnia
3302 4079 3461 4142 61νί-

1990 4199 2128 4243 rna.

1924 4182 2066 4352 teffz.
2112 4287 2270 4352 Item
2304 4286 2428 4352 hoc
2450 4285 2716 4351 .videtur
2742 4304 2783 4349 a
2822 4285 3078 4349 minori.
3128 4283 3331 4367 Major
3370 4289 3465 4351 est

1923 4397 2195 4465 varietas
2219 4398 2283 4459 et
2306 4394 2682 4459 difformitas
2707 4396 2776 4458 in
2800 4395 2993 4459 rebus
3016 4394 3458 4474 mutabilibus,

1922 4523 2121 4590 quam
2145 4504 2218 4567 in
2253 4502 2444 4566 rebus
2470 4502 3012 4567 immutabilibus:
3046 4520 3202 4584 ergo
3230 4502 3285 4565 si
3312 4519 3460 4566 mu-

1921 4614 2141 4679 tabilia
2183 4611 2401 4676 omnia
2443 4612 2708 4692 possunt
2750 4610 2944 4674 unica
2992 4628 3295 4674 mensura
3348 4627 3462 4692 per

1922 4719 2259 4786 essentiam
2285 4717 2664 4796 mensurari,
2689 4736 2813 4798 ego
2838 4716 3042 4782 multo
3059 4716 3284 4783 fortius
3306 4717 3461 4784 aevi-

1922 4831 2125 4893 terna.

1922 5027 2039 5077 dist.
2067 5038 2138 5091 11,
2167 5029 2261 5076 art.
2287 5028 2340 5087 1,
2363 5037 2414 5088 q.
2437 5034 2509 5086 113
2536 5021 2785 5087 Durand.,
2812 5020 2856 5070 11
2883 5019 3049 5083 Seni„
3076 5018 3195 5069 dist.
3217 5032 3291 5083 11,
3314 5034 3367 5084 q.
3391 5032 3455 5086 ν,

1921 5102 2003 5150 Jo.
2027 5100 2267 5160 Baccon.,
2301 5098 2342 5146 ll
2377 5096 2535 5159 Seni„
2562 5094 2680 5143 dist.
2702 5105 2767 5154 11,
2802 5107 2853 5155 q.
2875 5103 2927 5141 1v
2951 5095 3000 5140 et
3022 5103 3079 5154 v3
3114 5091 3370 5141 Francisc.
3392 5092 3456 5144 de

1922 5172 2107 5234 Mayr.,
2137 5169 2178 5218 ll
2214 5170 2374 5229 Seni,
2402 5166 2516 5216 dist..
2542 5177 2607 5225 11,
2631 5178 2684 5227 q.
2707 5174 2803 5225 1113
2831 5162 3013 5213 Thom.
3043 5164 3186 5226 Arg„
3220 5164 3263 5212 Il
3295 5163 3456 5223 Seni„

1923 5242 2040 5293 dist.
2067 5251 2138 5305 11,
2167 5254 2218 5304 q.
2243 5252 2290 5303 1,
2313 5244 2406 5289 art.
2431 5240 2489 5300 4;
2520 5235 2697 5300 Steph.
2728 5232 2937 5297 Bruler„
2971 5235 3014 5284 ll
3045 5233 3205 5298 Seni„
3234 5234 3352 5285 dist.
3382 5247 3454 5299 11,

1924 5330 1977 5378 q.
1998 5326 2060 5365 11.
2087 5339 2149 5350 —
2170 5313 2192 5347 ὃ
2222 5312 2376 5363 Dion.
2409 5314 2618 5373 Areop.,
2656 5307 2716 5357 de
2752 5308 2863 5357 Div.
2882 5306 3051 5370 Nom.,
3091 5320 3137 5357 c.
3176 5318 3210 5356 v
3232 5311 3284 5358 et
3309 5318 3367 5358 x.
3393 5334 3457 5349 -

1923 5387 2209 5450 ⁸Anselm.,
2236 5383 2483 5450 prostey„
2512 5397 2559 5434 0.
2578 5392 2701 5445 1¹13
2731 5378 2937 5446 λίποι,
2962 5394 3008 5430 0.
3030 5391 3161 5433 1111.
