4125 6225
646 459 766 521 604
1763 448 2387 519 SENTENTIARUM
2427 449 2575 516 LlB.
2622 451 2703 516 11.

475 606 616 658 Quare
645 598 711 660 et
735 610 1086 683 possessor,
1121 590 1333 681 quiet
1359 589 1670 658 omnibus
1701 587 2150 681 praeferendus
2175 593 2340 673 erat,
2372 586 2550 656 unde
2576 586 2877 679 sequitur
2903 585 2921 622 ¹
2957 611 2973 653 t
3021 584 3201 656 Vidit
3239 586 3413 655 Deus
3457 586 3635 680 quod
3673 599 3832 659 esset

405 673 618 774 Ἦτῖῗ
647 709 911 790 bonum,
946 717 1010 775 et
1036 706 1138 774 ait
1173 732 1195 773 .-
1225 707 1585 775 Faciamus
1611 704 1945 774 hominem
1973 703 2068 772 ad
2088 704 2469 796 imaqinem,
2504 711 2625 772 etc.
2672 702 2803 796 Sed
2844 710 3200 794 antequam
3230 702 3311 771 de
3346 703 3636 773 hominis
3660 726 3832 775 crea-

430 795 591 900 2¹⁸0ssss
647 827 821 893 tione
849 830 1223 908 tractemus,
1255 822 1434 913 quod
1461 844 1661 913 supra
1689 824 1712 858 ²
1741 820 2029 890 breviter
2056 820 2415 909 tetigimus,
2435 819 2697 910 planius
2723 827 3078 905 versanteS,
3111 819 3352 888 clarius
3385 819 3725 892 faciamus
3758 822 3831 889 In

643 942 763 1009 hac
789 940 966 1009 enim
994 960 1218 1006 rerum
1250 937 1665 1007 distinctione
1692 937 1994 1005 catholici
2015 944 2394 1004 tractatores
2418 936 2784 1022 dissentire,
2817 942 3117 1027 utsupra
3140 935 3453 1023 diximuS,
3482 937 3834 1006 inveniun-

644 1067 754 1125 tur
786 1081 802 1123 ε
834 1055 983 1124 aliis
1007 1052 1400 1138 dicentibuS,
1432 1075 1536 1121 res
1562 1061 1809 1121 creatas
1851 1075 1988 1121 esse
2030 1060 2230 1143 atque
2272 1050 2608 1119 distinctas
2643 1051 3004 1120 secundum
3044 1052 3286 1143 species
3329 1075 3446 1145 per
3482 1053 3835 1122 intervalla

643 1195 764 1241 sex
791 1171 1050 1240 dierum
1087 1195 1102 1236 τ
1136 1191 1426 1261 quorum
1454 1169 1790 1239 sententiae
1814 1169 1973 1260 quia
1997 1168 2235 1237 litterae
2262 1168 2530 1235 Genesis
2557 1167 2766 1257 magis
2793 1167 3111 1236 inservire
3136 1168 3424 1254 videtur,
3456 1177 3655 1262 atque
3683 1193 3827 1239 eam

640 1287 958 1358 catholica
991 1285 1277 1354 Ecclesia
1319 1285 1527 1373 magis
1564 1285 1906 1376 approbat,
1948 1284 2096 1353 ideo
2133 1283 2447 1352 hacteuus
2489 1283 2775 1351 studiose
2812 1283 3195 1370 docuimuS,
3241 1285 3574 1375 quomodo
3612 1308 3695 1354 ex
3722 1286 3836 1354 illa

641 1404 979 1474 communi
1006 1402 1279 1487 materia
1311 1401 1498 1493 prius
1539 1400 1907 1470 informiter
1946 1400 2139 1486 facta,
2170 1408 2394 1492 postea
2419 1400 2860 1490 corporalium
2888 1422 3112 1469 rerum
3138 1422 3383 1489 genera
3407 1424 3525 1493 per
3561 1425 3675 1470 sex
3702 1402 3837 1470 die-

641 1542 793 1589 rum
832 1519 1175 1589 volumina
1217 1517 1574 1586 distinctim
1622 1516 1753 1584 sint
1792 1517 2093 1585 formata.
2144 1517 2316 1585 Aliis
2358 1525 2580 1586 autem
2617 1501 2925 1602 videtur,
2949 1517 3130 1609 quod
3173 1541 3308 1586 non
3345 1541 3462 1609 per
3489 1518 3838 1588 intervalla

641 1645 1012 1728 temporum
1039 1635 1208 1702 facta
1233 1633 1388 1718 sint,
1420 1633 1530 1701 sed
1560 1632 1761 1700 simul
1791 1634 1882 1700 ita
1909 1633 2190 1701 formata
2222 1632 2305 1700 ad
2334 1655 2469 1701 esse
2509 1632 2916 1723 prodierunt.
2948 1634 3140 1715 Quod
3171 1635 3613 1724 Augustinus,
3643 1659 3839 1727 super

647 1752 978 1836 Genesim,
994 1750 1301 1842 pluribus
1326 1749 1535 1817 modis
1552 1747 2164 1837 nititurostendere,
2195 1748 2446 1817 dicens³
2472 1773 2543 1817 z«
2567 1749 2906 1818 Elementa
2934 1758 3222 1842 quatuor
3247 1751 3342 1819 ita
3368 1751 3646 1821 formata
3673 1752 3843 1821 sicut

642 1868 836 1939 modo
863 1874 1202 1960 apparent,
1233 1865 1317 1934 ab
1344 1864 1533 1933 initio
1553 1865 1866 1950 extitisse,
1896 1873 1959 1933 et
1983 1865 2226 1933 coelum
2248 1864 2573 1933 sideribus
2597 1873 2907 1934 ornatum
2933 1866 3167 1951 fuisse;
3194 1867 3498 1960 quaedam
3523 1890 3682 1937 vero
3705 1891 3841 1937 non

641 1975 1026 2069 formaliter,
1060 1981 1170 2050 sed
1201 1980 1624 2050 materialiter
1647 1989 1806 2049 tuuc
1832 1981 2000 2050 facta
2027 1980 2251 2063 fuisse,
2284 2003 2430 2072 qua}
2459 1988 2604 2072 post
2632 2004 2750 2072 per
2776 1983 3087 2074 temporis
3114 2005 3444 2053 accessum
3473 1985 3845 2054 formaliter

642 2102 944 2171 distincta
970 2107 1162 2181 sunt3
1197 2107 1271 2166 ut
1295 2097 1535 2185 herbae,
1568 2098 1856 2184 arboreS,
1889 2105 1954 2166 et
1976 2099 2145 2167 forte
2180 2098 2514 2166 animalia.
2546 2123 2581 2164 »
2614 2096 2856 2166 Omnia
2902 2121 3058 2187 ergo
3084 2098 3158 2166 in
3184 2099 3326 2190 ipso
3366 2101 3680 2192 temporis
3707 2101 3838 2169 ini-

646 2218 738 2286 tio
765 2218 932 2286 facta
960 2238 1096 2284 esse
1121 2214 1268 2282 dicu
1279 2222 1352 2281 nt
1384 2239 1400 2280 ε
1434 2214 1546 2283 sed
1568 2214 1868 2306 quaedam
1893 2214 2259 2283 formaliter
2278 2222 2342 2282 et
2368 2213 2610 2290 secund
2621 2237 2732 2282 um
2758 2215 2999 2306 species
3025 2238 3191 2307 quas
3208 2216 3449 2284 habere
3475 2217 3835 2305 cernimus,

646 2342 723 2402 ut
769 2332 1049 2422 majores
1088 2330 1322 2398 muudi
1367 2338 1582 2421 partes
1616 2355 1630 2396 z
1670 2331 1974 2421 quaedam
2017 2352 2173 2398 vero
2203 2329 2625 2398 materialiter
2666 2335 2947 2398 tantum.
2992 2329 3148 2416 Sed,
3181 2339 3256 2400 ut
3296 2330 3551 2418 dicunt,
3584 2332 3843 2423 Moyses

637 2450 921 2541 loquens
949 2447 1100 2516 rudi
1124 2455 1189 2514 et
1214 2447 1462 2515 carnali
1497 2448 1741 2539 populo
1760 2499 1778 2532 ,
1814 2446 2165 2515 locutionis
2207 2446 2479 2515 modum
2513 2447 2922 2538 temperavit,
2952 2446 3033 2515 de
3077 2445 3211 2514 Deo
3248 2446 3526 2537 loquens
3570 2470 3609 2515 a
3636 2448 3842 2517 simili

637 2564 948 2649 hominis,
979 2563 1097 2654 qui
1124 2584 1241 2653 per
1267 2585 1486 2631 moras
1523 2571 1899 2654 temporum
1943 2585 2142 2654 opera
2177 2586 2297 2631 sua
2335 2562 2613 2654 perficit,
2643 2586 2795 2631 cum
2824 2562 2961 2653 ipse
2988 2562 3190 2630 simul
3216 2586 3336 2631 sua
3363 2585 3563 2654 opera
3586 2564 3835 2633 fecerit.

640 2680 830 2749 Unde
858 2679 1274 2768 Augustinus
1301 2683 1323 2719 '⁰
1364 2702 1379 2745 ε
1415 2704 1450 2745 «
1481 2680 1662 2763 Ideo,
1692 2679 1936 2771 inquit,
1968 2679 2224 2769 Moyses
2250 2677 2517 2747 divisim
2554 2678 2755 2746 refert
2782 2678 2992 2746 Deum
3019 2678 3138 2745 illa
3173 2701 3371 2769 opera
3397 2679 3646 2765 fecisse,
3680 2681 3843 2771 quia

641 2818 775 2864 non
805 2796 1020 2886 potuit
1047 2794 1248 2863 simul
1295 2794 1378 2862 ab
1416 2795 1682 2863 homine
1720 2795 1873 2881 dici,
1906 2795 2085 2886 quod
2114 2818 2153 2863 a
2181 2796 2313 2864 Deo
2354 2795 2555 2863 simul
2600 2794 2813 2886 potuit
2840 2793 3009 2865 fieri.
3042 2821 3077 2860 »
3111 2796 3273 2863 Item
3304 2796 3518 2887 potuit
3543 2796 3841 2867 dividere

640 2912 983 3004 Scriptura
1009 2912 1324 3004 loquendi
1351 2913 1779 3004 temporibUS,
1811 2913 1986 3003 quod
2018 2912 2191 2980 Deus
2215 2910 2530 3003 operandi
2558 2909 2961 3002 temporibus
2991 2933 3128 2978 non
3169 2910 3416 2978 divisit.
3448 2911 3557 2980 Illi
3585 2913 3702 3004 qui
3735 2912 3843 2982 his

641 3028 1137 3098 auctoritatibus
1167 3040 1231 3097 et
1257 3028 1405 3097 aliis
1429 3029 1809 3122 hujusmodi
1846 3028 2265 3115 inhaerentes,
2297 3028 2526 3097 dicunt
2553 3036 2843 3120 quatuor
2868 3028 3192 3096 elementa
3217 3035 3415 3121 atque
3449 3029 3600 3098 coeli
3635 3029 3842 3098 lumi-

641 3146 828 3214 naria
853 3146 945 3213 ita
970 3146 1252 3215 formata
1279 3145 1477 3215 simul
1504 3168 1665 3232 esse,
1693 3146 1845 3215 illos
1882 3168 1996 3214 sex
2035 3146 2173 3214 dies
2214 3168 2381 3236 quos
2407 3145 2748 3237 Scriptura
2774 3153 3266 3230 commemorat,
3300 3168 3414 3214 sex
3458 3168 3681 3214 rerum
3726 3169 3842 3236 ge—

642 3285 823 3348 nera,
856 3261 926 3330 id
966 3268 1086 3348 est,
1131 3261 1576 3331 distinctiones
1617 3262 1975 3354 appellant,
2016 3283 2164 3353 quae
2204 3261 2407 3330 simul
2452 3261 2621 3330 facta
2665 3267 2843 3347 sunt,
2875 3260 3135 3355 partim⁸
3161 3261 3551 3349 formaliter,
3588 3263 3839 3354 partim

642 3378 1014 3447 causaliter.
3455 3391 3458 3395 ’

421 3491 603 3543 0¹¹⁰¹¹²⁰·
728 3496 877 3565 Jam
904 3495 985 3564 de
1013 3494 1290 3586 septima
1315 3493 1447 3563 diei
1482 3495 1711 3587 requie
1738 3495 1990 3586 aliquid
2017 3517 2140 3565 nos
2158 3494 2383 3586 eloqui
2409 3500 2686 3585 oportet.
2709 3497 2778 3559 ιιε(
2796 3492 3130 3585 Scriptum
3160 3501 3279 3581 est,
3311 3494 3469 3586 quia
3483 3494 3840 3586 complevit

402 3557 598 3675 defigi-⁰¹
642 3611 817 3680 Deus
840 3611 913 3679 in
938 3610 1044 3679 die
1069 3610 1346 3701 septimo
1376 3633 1542 3702 opus
1568 3634 1791 3697 suum,
1823 3619 1888 3679 et
1911 3611 2238 3703 requievit
2278 3610 2383 3680 die
2410 3610 2687 3701 septimo
2715 3611 2799 3678 ab
2829 3609 3134 3678 universo
3172 3632 3366 3702 opere
3407 3611 3587 3702 quod
3617 3618 3840 3702 patra-

421 3680 524 3724 dum
543 3681 600 3724 sit

420 3740 592 3857 ἓξὲξ
642 3736 767 3797 rat.
800 3726 1223 3819 Requievisse
1250 3727 1492 3796 dicitur
1517 3728 1694 3797 Deus
1718 3729 1824 3797 die
1859 3729 2175 3821 septim03
2211 3751 2344 3798 uon
2379 3728 2567 3819 quasi
2599 3726 2938 3818 operando
2971 3726 3217 3810 lassus3
3247 3725 3358 3794 sed
3401 3726 3499 3794 ab
3526 3727 3841 3796 universo

401 3864 515 3909 viae
555 3867 616 3937 ‘ab
643 3866 836 3934 opere
865 3843 1217 3935 requievit,
1250 3845 1407 3935 quia
1433 3868 1676 3913 novam
1700 3852 2068 3913 creaturam
2092 3846 2302 3914 facere
2329 3844 2626 3912 cessavit.
2658 3843 3072 3935 Requiescere
3090 3842 3268 3912 enim
3292 3865 3537 3911 cessare
3565 3842 3835 3911 dicitur.

348 4044 361 4057 ,
443 3940 577 4045 ἷζῖῗζ
642 3959 834 4028 Unde
860 3959 932 4027 in
959 3960 1358 4057 Apocalypsi
1383 3960 1623 4030 dicitur
1648 3958 1710 4028 ⁶:
1759 3965 1914 4033 Non
1940 3961 2268 4031 habebant
2291 3961 2576 4053 requiem
2605 3959 2897 4028 dicentia
2928 3985 2951 4025 .·
2978 3962 3288 4045 Sanctia,
3319 3969 3613 4044 sanctu-3,
3645 3978 3866 4026 sanc-.

449 4062 545 4100 ⁸⁰⁰·
648 4086 775 4158 τηε,
804 4075 873 4144 1(1
896 4085 1015 4161 est,
1045 4076 1257 4144 dicere
1286 4098 1421 4144 non
1446 4076 1804 4145 cessabant.
1837 4061 2263 4169 Requievisse
2291 4100 2446 4166 ergo
2473 4077 2648 4145 Deus
2676 4076 2943 4162 dicitur,
2974 4074 3134 4166 quia
3158 4074 3431 4143 cessavit
3457 4098 3498 4143 a
3524 4073 3843 4144 faciendis

643 4191 996 4281 generibus
1040 4203 1380 4276 creaturae,
1409 4191 1568 4282 quia
1602 4192 1779 4261 ultra
1814 4216 1989 4262 nova
2015 4216 2151 4261 non
2189 4192 2501 4262 condidit.
2560 4195 2768 4284 Usque
2804 4214 2982 4260 nunc
3020 4191 3116 4282 (a)
3155 4198 3407 4276 tamen,
3458 4199 3535 4260 ut
3578 4190 3844 4261 Veritas

640 4306 713 4375 in
739 4306 1102 4395 Evangelio
1130 4307 1223 4375 ait
1247 4315 1269 4350 '¹
1290 4359 1308 4393 ,
1338 4319 1650 4400 operatur
1676 4311 1882 4377 Pater
1900 4332 2054 4378 cum
2082 4309 2276 4396 Filio,
2307 4309 2547 4378 scilicet
2573 4307 3206 4377 administrationem
3228 4306 3611 4375 eorumdem
3640 4329 3843 4395 gene-

640 4445 792 4492 rum
819 4445 967 4516 quae
994 4431 1153 4491 tunc
1207 4424 1510 4493 instituta
1562 4432 1740 4493 sunt.
1811 4425 2135 4495 Creatoris
2163 4425 2340 4494 enim
2366 4426 2580 4494 virtus
2603 4447 2798 4493 causa
2833 4422 3226 4492 subsistendi
3255 4430 3353 4495 est
3378 4423 3560 4491 omni
3584 4431 3844 4493 creatu·

639 4561 753 4609 rae.
788 4564 823 4605 n
870 4539 1062 4620 Quod
1109 4560 1266 4629 ergo
1300 4538 1541 4608 dicitur
1605 4566 1620 4607 ε
1678 4543 1884 4612 Pater
1938 4565 2121 4611 meus
2170 4566 2372 4635 usque
2429 4541 2623 4611 modo
2678 4553 3011 4635 operatur,
3076 4553 3139 4609 et
3193 4562 3306 4629 eqo
3364 4562 3615 4632 operor,
3666 4539 3843 4610 illud

640 4657 968 4727 universae
992 4664 1308 4726 creaturae
1334 4658 1717 4727 continuam
1744 4659 2379 4729 administrationem
2406 4658 2709 4727 ostendit.
2744 4658 2861 4727 Die
2889 4679 3044 4745 ergo
3073 4656 3350 4747 septimo
3377 4654 3728 4747 requievit,
3764 4663 3843 4725 ut

638 4795 880 4843 novam
909 4781 1275 4842 creaturam
1319 4774 1600 4843 ulterius
1641 4798 1776 4844 non
1815 4777 2080 4863 faceret,
2119 4776 2311 4869 cujus
2352 4775 2625 4845 materia
2660 4776 2767 4844 vel
2807 4771 3171 4841 similitudo
3209 4793 3345 4839 non
3387 4771 3784 4862 praecesserit
3815 4796 3834 4840 ε

635 4888 748 4959 sed
780 4911 992 4980 usque
1020 4912 1196 4958 nunc
1224 4898 1560 4981 operatur,
1592 4899 1668 4960 ut
1694 4893 1872 4985 quod
1899 4892 2191 4962 condidit
2221 4893 2553 4961 continere
2581 4900 2643 4960 et
2670 4891 3041 4980 gubernare
3068 4911 3204 4958 non
3236 4894 3461 4957 cesset.

417 5001 610 5054 0⁰⁸¹i‘0‘
727 5004 857 5073 Sed
885 5005 1208 5096 quaeritur
1234 5007 1565 5098 quomodo
1613 5009 1893 5099 septimo
1931 5008 2035 5078 die
2072 5008 2329 5077 dicatur
2355 5008 2531 5076 Deus
2556 5007 2909 5100 complesse
2932 5027 3098 5096 opus
3120 5026 3344 5090 suum,
3366 5026 3520 5072 curn
3539 5002 3623 5072 ab
3651 5005 3841 5074 omni

398 5066 612 5118 aecipien-

419 5124 522 5169 ἀπ’
539 5124 595 5166 ⁸³²
639 5143 834 5213 opere
861 5121 979 5191 illo
1003 5122 1110 5191 die
1138 5122 1562 5215 requieverit,
1585 5147 1706 5194 nec
1732 5125 2002 5217 aliquod
2027 5148 2240 5218 genus
2265 5146 2517 5195 novum
2534 5145 2760 5193 rerum
2785 5121 3030 5194 fecerit.
3052 5121 3209 5191 Alia
3233 5119 3576 5191 translatio
3595 5118 3833 5190 habet:

700 5300 722 5334 ¹
744 5300 895 5363 Gen„
917 5313 965 5364 1,
988 5305 1068 5354 26.
1091 5328 1147 5340 -
1167 5302 1192 5338 ²
1209 5302 1404 5366 Supra,
1432 5302 1552 5354 dist.
1571 5315 1669 5357 111.
1688 5305 1790 5343 ...⁸
1809 5307 1962 5371 Aug„
1988 5305 2049 5356 de
2077 5305 2202 5357 Gen.
2225 5302 2296 5354 ad
2314 5303 2443 5366 litt„
2474 5303 2565 5353 lib.
2592 5304 2677 5365 1v,
2705 5317 2753 5354 c.
2775 5313 2926 5354 xxxn
2955 5303 3007 5353 et
3029 5314 3167 5366 seq.;
3197 5299 3287 5353 lib.
3315 5301 3390 5365 V,
3415 5311 3540 5352 c.1v
3566 5305 3750 5367 etseq.
3773 5326 3839 5340 -

639 5367 662 5402 δ
678 5366 830 5429 1ὸίι1.,
854 5371 945 5422 lib.
970 5385 990 5423 1
1006 5411 1023 5438 ,
1052 5387 1101 5424 c.
1120 5384 1208 5423 xv,
1223 5397 1288 5410 —
1303 5370 1326 5408 ⁸
1343 5373 1492 5437 levid„
1519 5374 1611 5425 lib.
1640 5376 1729 5439 IV,
1757 5389 1804 5425 c.
1826 5388 1919 5427 vm
1950 5381 2003 5426 et
2024 5376 2235 5428 xia—⁸
2256 5377 2429 5439 Apoc„
2451 5385 2524 5434 xv,
2544 5376 2594 5425 8.
2616 5401 2672 5413 -
2694 5374 2717 5411 ἵ
2732 5374 2900 5435 Joan„
2926 5383 2981 5436 v,
3003 5375 3082 5423 17.
3100 5397 3162 5410 —
3179 5370 3204 5410 ⁸
3220 5374 3371 5437 Aug„
3394 5371 3458 5422 de
3479 5372 3601 5424 Gen.
3619 5371 3690 5423 ad
3706 5373 3834 5433 litt„

639 5436 731 5489 nb.
759 5440 850 5505 lv,
879 5456 926 5493 c.
948 5454 1048 5506 ιιι,
1072 5456 1130 5501 n.
1148 5446 1229 5497 22.
1247 5469 1308 5481 —
1325 5445 1398 5507 (a)
1420 5445 1571 5511 Vulg-
1603 5447 1920 5512 Usquemodo.
