4125 6225
1246 433 1442 502 DIST.
1483 432 1590 501 vl.
1634 429 1815 499 ΛΒΤ.
1857 434 1910 500 Ι.
1956 435 2256 515 QUAEST.
2300 437 2352 502 Ι.

197 573 597 656 congruitate
639 571 871 637 coelum
915 588 1294 654 empyreum
1346 573 1441 635 est
1488 570 1735 653 angelis

196 679 427 744 sanctis
463 678 642 743 locus
675 677 1057 744 conveniens
1099 681 1163 742 et
1205 681 1392 761 aptus
1406 724 1425 754 ,
1468 681 1612 742 tum
1652 693 1735 742 ex

193 788 369 865 luce,
411 790 555 851 tum
608 803 691 851 ex
734 785 1144 869 spatiositate3
1196 786 1283 850 ita
1324 788 1492 851 recte
1532 788 1736 869 potest

196 893 318 958 dici
343 894 674 976 palatium,
705 896 1006 958 attestans
1023 893 1311 972 claritati,
1341 897 1406 957 et
1426 894 1733 976 tranquil-

180 985 378 1080 litati,
408 1004 472 1065 et
500 1000 890 1083 ampliationi
911 1000 1255 1064 charitatis.
1277 1000 1380 1064 Sic
1395 1019 1511 1084 per
1534 1019 1735 1083 oppo-

195 1107 392 1171 situm
433 1126 542 1172 aer
591 1106 697 1170 ille
736 1107 1122 1187 caliginosus
1159 1125 1369 1172 carcer
1412 1110 1535 1186 est,
1584 1109 1737 1190 quia

194 1231 457 1297 parma,
486 1217 549 1277 et
576 1216 809 1290 arctus,
839 1220 902 1277 et
927 1214 1258 1294 obscurus,
1287 1233 1417 1279 non
1448 1215 1737 1279 obscuri-

196 1323 323 1385 tate
355 1339 501 1403 quae
529 1320 856 1400 obscuret,
884 1320 988 1385 vel
1019 1321 1398 1386 arctitudine
1436 1340 1584 1405 quae
1614 1341 1737 1386 an-

196 1430 442 1508 gustet3
503 1425 613 1490 sed
661 1426 875 1508 potius
926 1445 1074 1509 quae
1129 1430 1460 1491 attestatur
1503 1429 1737 1492 mentis

195 1531 581 1610 arctitudini,
611 1533 676 1595 et
704 1532 930 1613 frigori
959 1533 1338 1615 iniquitatis„
1369 1537 1432 1598 et
1450 1552 1737 1599 commo-

194 1639 357 1703 tioni
382 1639 829 1704 affectionum:
866 1643 930 1703 et
955 1640 1096 1705 ideo
1129 1646 1296 1706 recte
1322 1660 1536 1707 carcer
1572 1642 1738 1707 dici-

194 1751 326 1812 tur.
356 1746 437 1811 Et
457 1747 621 1812 sicut
641 1747 766 1811 alio
794 1748 984 1812 modo
1004 1749 1183 1814 locus
1208 1751 1552 1831 corporalis
1574 1750 1740 1816 locat

196 1852 479 1935 spiritus,
503 1852 631 1918 alio
647 1854 839 1918 modo
861 1872 1122 1938 corpora
1144 1875 1162 1934 ;
1195 1856 1285 1921 ita
1305 1859 1369 1920 et
1392 1856 1583 1921 etiam
1612 1856 1737 1921 alio

196 1960 387 2025 modo
410 1960 783 2026 incarcerat.
810 1959 886 2025 Et
911 1960 1001 2025 sic
1024 1964 1242 2044 patent
1270 1963 1535 2044 objecta.

823 2176 960 2223 DUB.
1003 2177 1095 2223 111.

228 2297 372 2349 Tunc
399 2297 600 2349 dabitur
636 2298 685 2349 ei
717 2302 944 2364 potestas
980 2315 1012 2351 a
1047 2303 1157 2352 Deo
1182 2302 1413 2354 tentandi
1438 2302 1704 2366 homineS‚

630 2383 785 2434 quam
810 2372 968 2422 modo
995 2386 1103 2423 non
1128 2372 1300 2425 habet.

276 2497 508 2562 Contra
524 2505 582 2563 ¹:
629 2499 773 2566 Non
816 2505 905 2566 eat
934 2505 1212 2583 potestas
1249 2519 1440 2586 super
1477 2508 1735 2584 terram,

195 2621 341 2688 φατε
365 2607 568 2687 possit
593 2608 654 2672 ei
686 2612 1049 2690 comparem·
1065 2632 1091 2676 .·
1133 2628 1291 2692 ergo
1321 2612 1374 2674 si
1401 2612 1571 2677 vires
1598 2589 1738 2694 eJ‘us

194 2712 515 2777 excedunt
537 2717 808 2794 nostras,
837 2715 1051 2798 potius
1070 2717 1352 2796 videtur,
1375 2719 1547 2800 quod
1576 2718 1740 2784 Deus

194 2819 468 2883 debebat
502 2819 687 2883 nobis
735 2839 976 2904 augere
1009 2840 1191 2904 posse
1206 2870 1224 2900 ‚
1254 2842 1450 2906 quam
1495 2825 1739 2891 daemo-

193 2926 418 3004 nibus3
445 2930 559 2990 aut
578 2927 833 2991 videtur
857 2928 1099 3011 injuste
1120 2948 1337 3010 agere,
1359 2935 1423 2995 et
1444 2931 1738 3013 inaequa—

193 3034 364 3110 liter,
394 3033 553 3098 dum
575 3034 837 3117 exponit
857 3034 1131 3100 debilem
1155 3035 1325 3117 forti,
1356 3042 1419 3102 et
1444 3038 1739 3103 fortificat

190 3143 427 3205 fortem
455 3145 677 3205 contra
703 3140 1000 3206 debilem.

280 3247 468 3331 Resp.
499 3248 844 3314 Dicendum
862 3251 1034 3332 quod
1056 3254 1326 3334 potestas
1349 3251 1480 3331 illa,
1509 3252 1587 3317 de
1609 3271 1738 3336 qua

192 3356 488 3439 loquitur
520 3355 662 3432 Job,
688 3360 783 3421 est
806 3361 1080 3439 potestas
1113 3358 1366 3423 virtutis
1405 3360 1734 3436 naturalia,

190 3480 331 3527 non
360 3467 456 3527 est
474 3466 743 3545 potestas
770 3465 1087 3529 tentandi:
1119 3483 1271 3529 nam
1300 3470 1570 3547 potestas
1598 3468 1740 3530 ten-

187 3569 375 3633 tandi
415 3569 639 3633 debilis
683 3574 807 3649 est,
850 3571 973 3634 nisi
1015 3572 1389 3637 fortificetur
1427 3591 1541 3655 per
1585 3592 1741 3637 con-

186 3695 464 3742 sensum
496 3678 750 3743 tentati:
788 3678 1009 3743 debilis
1045 3679 1218 3742 enim
1250 3683 1344 3743 est
1375 3679 1593 3757 hostis,
1625 3681 1738 3763 qui

186 3804 326 3852 non
357 3785 561 3850 vincit
579 3786 705 3850 nisi
734 3788 1076 3852 volentem.
1111 3786 1273 3864 Quia
1300 3792 1513 3852 tamen
1544 3806 1735 3872 prop-

187 3898 291 3959 ter
310 3898 602 3957 nostram
619 3894 1195 3978 concupiscentiam
1221 3899 1285 3959 et
1307 3896 1736 3977 ignorantiam

187 4001 637 4083 multipliciter
660 4002 777 4066 nos
804 4002 1033 4085 decipit
1053 4008 1114 4067 et
1138 4003 1367 4081 allicit3
1395 4003 1536 4068 ideo
1558 4004 1739 4069 fortis

184 4114 307 4188 est,
343 4113 410 4173 et
431 4108 589 4172 adeo
617 4108 788 4191 quod
815 4109 1001 4192 pauci
1027 4113 1253 4187 essent,
1285 4110 1398 4192 qui
1428 4128 1561 4174 non
1588 4111 1738 4175 vin-

184 4220 517 4293 cerentur,
538 4214 663 4278 nisi
680 4214 846 4283 Deus
861 4217 1157 4281 astutiam
1177 4219 1317 4300 ejus
1338 4222 1400 4282 et
1426 4219 1737 4284 fallaciam

181 4325 571 4408 reprimeret
584 4328 647 4387 et
659 4324 1090 4405 restringeret,
1109 4344 1307 4408 quam
1332 4327 1401 4389 in
1420 4328 1548 4391 fine
1565 4330 1737 4410 iusto

172 4431 433 4517 Judicio
457 4431 777 4514 permittet
798 4434 878 4512 (a)
909 4432 1157 4496 dilatari
1193 4451 1209 4497 ε
1250 4438 1313 4497 et
1349 4433 1490 4499 ideo
1534 4440 1737 4517 potes-

180 4546 397 4606 tatem
434 4538 720 4602 tentandi
737 4538 971 4603 dicitur
990 4539 1163 4616 dare,
1196 4558 1329 4604 non
1357 4542 1736 4608 conferendo

179 4664 438 4713 novam
455 4646 826 4728 potentiam,
849 4645 957 4709 sed
981 4646 1245 4710 sinendo
1263 4646 1465 4730 ipsam
1486 4652 1739 4732 operari

180 4753 551 4821 secundum
565 4752 741 4817 illam
759 4752 1109 4835 potentiam
1124 4757 1187 4818 et
1203 4755 1522 4837 astutiam,
1540 4775 1738 4840 quam

172 4867 325 4947 iam
358 4863 576 4927 habet.

841 4958 980 5006 nun.
1024 4958 1114 5005 lv.

679 5067 784 5117 Nec
805 5064 943 5118 ultra
968 5065 1044 5117 fas
1067 5065 1151 5127 sit,
1175 5069 1273 5117 etc.

266 5183 500 5249 Innuit
528 5181 851 5263 Magister,
877 5181 1049 5264 quod
1077 5198 1209 5246 non
1228 5185 1324 5246 aet
1348 5182 1442 5246 fas
1467 5184 1580 5248 ulli
1613 5187 1741 5268 spi·

251 5351 268 5385 ¹
289 5346 417 5408 «1οό,
442 5358 563 5408 xm,
601 5348 681 5396 2⁴.
707 5370 772 5385 --
801 5346 826 5381 ¹
856 5343 937 5407 Cf.
975 5346 1030 5395 S.
1058 5343 1261 5406 Thomu,
1290 5358 1343 5408 p.
1391 5346 1446 5409 1,
1486 5359 1538 5409 q.
1576 5358 1736 5411 Lxm,

180 5426 283 5475 art.
308 5423 381 5483 '13
412 5422 465 5469 et
502 5419 543 5469 11
572 5416 731 5477 Sem„
750 5416 865 5469 dist.
892 5427 954 5480 v,
981 5430 1035 5480 q.
1064 5428 1115 5481 1,
1143 5419 1239 5468 art.
1271 5420 1331 5479 1;
1371 5420 1423 5468 ct
1450 5418 1517 5468 111
1550 5418 1736 5470 Contra

3256 442 3374 501 379

1844 571 2028 652 ritui,
2071 573 2184 656 qui
2225 571 2433 637 victus
2477 573 2603 651 oet,
2642 571 3030 655 impugnare
3068 571 3370 656 aliquem.

1843 676 2110 742 Contra:
2137 677 2551 744 Probabiliter
2579 678 2859 743 creditur
2894 678 3063 760 quod
3087 678 3376 744 diabolus

1843 802 2142 867 magum,
2172 785 2284 868 qui
2310 785 2582 851 tentavit
2604 785 2808 849 Adam
2823 833 2841 863 ,
2869 786 3136 849 tentavit
3163 784 3375 851 Chris-

1839 894 2004 973 tum,
2035 896 2101 957 et
2127 892 2304 956 omni
2327 892 2518 957 modo
2543 895 2638 956 est
2664 892 2910 956 victus:
2941 909 3100 974 ergo
3124 892 3379 959 videtur

1841 999 2013 1081 quod
2041 1017 2378 1082 nunquam
2408 998 2637 1063 amodo
2657 1001 2890 1064 tentet:
2921 999 3092 1080 quod
3116 1002 3211 1063 est
3232 1018 3379 1064 con·

1841 1108 1940 1170 tra
1992 1109 2241 1171 textum
2286 1106 2725 1189 Apocalypsis.
2775 1105 2967 1185 Item,
3020 1106 3072 1168 si
3114 1106 3238 1171 hoc
3286 1110 3380 1172 est

1841 1233 2073 1279 verum
2088 1262 2105 1291 ,
2149 1233 2306 1296 ergo
2351 1215 2607 1279 videtur
2652 1213 2969 1279 exercitus
3010 1211 3379 1279 daemonum

1842 1321 1998 1386 adeo
2041 1322 2395 1386 diminutus
2435 1322 2504 1386 in
2551 1322 2679 1385 fine
2697 1369 2714 1397 ‚
2753 1320 2927 1404 quod
2966 1323 3208 1385 tentare
3246 1339 3381 1385 non

1842 1428 2074 1511 possit:
2106 1429 2230 1492 boc
2273 1432 2489 1492 autem
2527 1427 2758 1492 falsum
2798 1429 2913 1506 est,
2957 1445 3108 1491 cum
3150 1427 3380 1493 fortius

1842 1539 2039 1600 tentet
2060 1537 2129 1599 in
2151 1536 2302 1600 fine.

1923 1640 2110 1723 Roep.
2154 1640 2503 1706 Dicendum
2544 1641 2715 1724 quod
2760 1641 2930 1705 circa
2966 1640 3090 1704 hoc
3128 1640 3380 1707 difficile

1844 1753 1939 1815 est
1962 1749 2298 1814 veritatem
2324 1748 2746 1813 determinare
2779 1770 2794 1812 ε
2824 1747 2997 1830 quod
3025 1750 3241 1812 autem
3269 1750 3384 1813 flat

1844 1856 2187 1921 diminutio
2237 1855 2307 1920 in
2360 1857 2582 1921 eodem
2638 1856 2920 1921 exercitu
2974 1855 3341 1920 daemonum
3359 1905 3377 1932 ,

1844 1980 1973 2027 non
2000 1963 2258 2027 videtur
2281 1962 2721 2045 improbabile,
2755 1981 2902 2027 cum
2931 1963 3022 2026 ita
3046 1962 3384 2027 videamus

1846 2069 2213 2152 contingere
2256 2069 2609 2135 secundum
2653 2070 2865 2151 legem
2903 2068 3052 2133 belli
3067 2117 3085 2148 ,
3145 2071 3220 2133 ut
3270 2069 3383 2151 qui

1844 2181 2185 2261 superatur
2206 2224 2227 2255 ,
2286 2180 2661 2242 amoveatur
2710 2196 2751 2241 a
2799 2176 2964 2240 bello
2996 2197 3011 2240 ε
3063 2178 3381 2259 quantum

1844 2287 2086 2364 tamen,
2112 2288 2176 2349 et
2201 2284 2480 2368 quando,
2509 2284 2760 2349 difficile
2794 2286 2890 2349 est
2917 2283 3336 2348 determinare
3363 2305 3379 2346 :

1846 2393 2040 2471 unde,
2089 2393 2396 2477 quidquid
2436 2393 2600 2458 dicat
2631 2390 2971 2474 OrigeneS,
3019 2392 3250 2457 melius
3291 2397 3387 2457 est

1846 2499 2137 2565 dubitare
2159 2550 2177 2581 ‚
2206 2518 2405 2583 quam
2439 2517 2632 2583 super
2670 2500 2794 2564 hoc
2814 2499 3054 2583 aliquid
3080 2499 3381 2565 diffinire.

2323 2746 2806 2817 ARTICULUS
2857 2750 2910 2817 I.

1925 2927 2022 2992 Ad
2049 2926 2539 3008 intelligentiam
2558 2943 2784 2990 eorum
2806 2945 2953 3009 quae
2972 2927 3039 2992 in
3062 2928 3183 2993 hac
3199 2934 3381 3011 parte

1846 3034 2152 3099 dicuntur
2187 3032 2475 3117 delapsu
2510 3032 2914 3114 angelorum,
2945 3034 3068 3098 tria
3092 3035 3382 3101 incidunt

1846 3140 2232 3224 quaerenda:
2271 3140 2556 3223 primum
2582 3141 2697 3217 est,
2728 3140 2806 3205 de
2847 3159 2977 3224 quo
3010 3142 3255 3221 ordine,
3280 3142 3386 3207 vel

1847 3249 2157 3331 dignitate
2186 3248 2559 3326 ceciderint3
2594 3248 2942 3321 secundum
2970 3253 3095 3329 est,
3133 3251 3202 3313 in
3230 3250 3386 3333 quid

1848 3353 2224 3431 ceciderint3
2258 3352 2515 3417 tertium
2552 3356 2647 3416 est
2667 3352 2746 3416 dc
2778 3352 3022 3430 ordine,
3056 3352 3193 3416 sive
3216 3372 3391 3437 prae-

1845 3460 2082 3525 latione
2121 3478 2346 3525 eorum
2389 3465 2530 3543 post
2580 3476 2824 3523 casum.
2872 3458 3049 3523 Circa
3099 3460 3384 3542 primum

1847 3567 1977 3632 duo
2001 3573 2425 3650 quaeruntur:
2452 3567 2682 3649 primo,
2720 3566 2799 3631 de
2829 3585 2959 3649 quo
2998 3567 3224 3632 ordine
3266 3567 3389 3632 fuit

1849 3675 2129 3756 Lucifer3
2168 3675 2473 3751 secundO,
2513 3675 2589 3739 de
2620 3693 2750 3757 quo
2786 3674 3008 3739 ordine
3045 3674 3204 3758 lapsi
3236 3680 3388 3740 sunt

1849 3786 2130 3849 minores
2157 3783 2396 3864 angeli.

2365 3998 2774 4078 QUAESTIO
2812 3999 2862 4063 l.

1870 4158 1963 4214 An
1987 4156 2201 4225 Lucifer
2221 4155 2391 4224 tuerit
2417 4152 2480 4209 de
2499 4168 2743 4226 wpremo
2772 4152 2958 4210 ordine
2983 4153 3297 4224 angelorum
3315 4151 3359 4208 ².

1928 4322 2015 4386 De
2038 4338 2169 4403 quo
2198 4318 2418 4384 ordine
2437 4318 2630 4381 fuerit
2649 4316 2896 4381 Lucifer
2917 4336 2936 4396 3
2967 4320 3031 4381 et
3046 4318 3218 4401 quod
3241 4319 3389 4384 fue·
3418 4331 3630 4379 Fundam.

1846 4429 1931 4494 rit
1965 4428 2041 4492 de
2088 4444 2424 4509 supremo,
2472 4425 2595 4489 hoc
2634 4423 2985 4488 ostenditur
3028 4443 3140 4507 per
3184 4425 3303 4490 Job
3324 4424 3384 4491 ⁸:

1847 4537 1988 4619 Ipse
2032 4540 2125 4600 est
2161 4533 2561 4617 principium
2600 4533 2857 4597 viarum
2903 4532 3063 4598 Dei:
3111 4533 3220 4597 sed
3254 4551 3387 4597 non

1848 4643 2072 4708 ordine
2095 4644 2343 4705 naturae
2368 4660 2384 4701 ε
2407 4656 2566 4720 ergo
2594 4638 2815 4702 ordine
2838 4638 3167 4720 dignitatis
3190 4660 3205 4703 t
3229 4658 3387 4723 ergo

1847 4750 1969 4815 fuit
1984 4747 2348 4832 praecellens
2364 4746 2532 4810 inter
2560 4747 2879 4810 creaturas
2901 4749 3195 4810 caeteras:
3227 4765 3386 4829 ergo

1849 4860 1913 4920 et
1937 4856 2102 4920 inter
2122 4853 2407 4937 angelos,

1908 4960 3386 5043 ltemGreg.,XXXlIlMoralium,tractansillud

1852 5124 2016 5185 Geni„
2052 5138 2099 5174 c.
2132 5134 2220 5174 crx
2239 5139 2258 5187 ;
2302 5126 2353 5171 et
2384 5122 2557 5185 opusc.
2581 5122 2690 5184 XV,
2720 5136 2768 5171 c.
2799 5132 2922 5184 xtx;
2951 5120 3311 5185 AEgid.Rom.‚
3339 5122 3381 5172 11

1852 5197 2011 5257 Sent„
2028 5196 2147 5246 dist.
2166 5206 2241 5259 w,
2261 5208 2313 5258 q.
2333 5205 2369 5252 1,
2391 5197 2485 5245 art.
2515 5198 2534 5244 1
2554 5208 2572 5257 3
2600 5192 2857 5256 menard„
2893 5194 2932 5243 ΙΙ
2974 5194 3131 5253 Seni„
3161 5192 3278 5242 dist.
3300 5204 3383 5253 vi,

1851 5285 1903 5335 q.
1929 5281 1979 5332 13
2018 5266 2382 5329 DuranduS,ll
2412 5267 2570 5329 Seni„
2605 5265 2723 5315 dist.
2744 5275 2831 5328 vl,
2867 5278 2918 5328 q.
2945 5276 2997 5329 13
3031 5264 3290 5314 Francisc.
3321 5266 3385 5315 de

1852 5345 2035 5406 mayr„
2071 5341 2111 5389 ll
2141 5341 2297 5397 Sent„
2328 5338 2444 5390 dist.
2469 5350 2614 5402 v1‚q.
2642 5349 2693 5400 13
2722 5336 2898 5399 Stepb.
2923 5336 3131 5399 Brulef„
3153 5337 3193 5387 ll
3226 5338 3384 5400 Sena,

1851 5415 1967 5469 dist.
1991 5424 2043 5464 vi
2055 5450 2076 5479 ,
2102 5426 2153 5478 q.
2175 5423 2311 5465 ιι-
2330 5410 2352 5446 ⁸
2368 5410 2480 5473 lob,
2505 5423 2591 5474 η,
2615 5412 2691 5461 14.
2726 5437 2782 5449 —
2811 5408 2882 5475 (a)
2908 5408 2994 5460 ΔΙ.
3018 5407 3290 5474 permittit.
