4125 6225
1251 345 1633 413 ms‘rlNcT.
1680 345 1728 408 1.
1772 342 2005 408 PAa‘r.
2046 343 2096 406 1.
2140 343 2325 433 ΛΒΤ..
2368 343 2416 407 1.

238 486 438 568 primo
481 484 615 548 duo
649 483 1000 566 principia,
1043 502 1117 548 ac
1166 499 1279 566 per
1313 483 1434 546 hoc
1482 481 1777 545 auterens

237 593 520 654 ordinem
552 597 747 672 atque
774 589 1406 664 decorem-universi,
1442 594 1504 652 et
1534 577 1779 651 bonita-

3306 345 3426 405 239

1893 496 2054 542 rem.
2113 477 2190 542 Et
2233 479 2372 541 haec
2407 479 2534 541 duo
2589 477 2899 559 principia
2945 475 3318 541 determinat
3360 476 3428 538 in
3492 535 3501 545 ,

1889 585 2121 666 prim0.
2146 583 2557 648 Postmodum
2577 584 2870 665 adjungit
2887 585 3170 660 tertium,
3196 583 3429 646 scilicet

237 702 362 761 tem
407 703 471 761 et
520 698 634 762 Dei
687 702 1078 780 potestatem.
1135 696 1210 760 Et
1269 697 1441 759 hunc
1496 712 1778 758 errorem
1888 693 2355 773 operatorium,
2398 692 2550 755 dum
2582 691 2796 755 omnia
2823 691 3066 757 reducit
3103 690 3183 754 ad
3225 690 3430 753 Moto-

237 805 399 868 inter
429 809 697 868 caeteros
733 822 863 867 11011
895 804 1249 867 humanam
1288 802 1630 880 malitiam,
1671 799 1778 863 sed
1888 818 2025 863 rem
2069 800 2354 881 primum
2395 800 2464 861 in
2513 805 2759 863 octav0.
2798 799 2873 862 Et
2905 800 2994 863 sic
3042 803 3215 881 patet
3258 797 3428 880 quod

240 910 611 974 diabolicam
658 911 956 975 astutiam
999 910 1186 975 credo
1231 909 1670 984 adinvenisse,
1708 911 1783 971 ut

241 1037 304 1082 se
336 1018 615 1082 alterum
645 1018 849 1083 Deum
884 1037 1017 1082 esse
1050 1017 1429 1101 persuadeat
1460 1015 1783 1079 mentibus

240 1131 663 1208 peccatorum.
703 1126 799 1190 Ex
833 1126 1013 1190 dictis
1046 1126 1248 1206 igitur
1283 1128 1453 1207 patet
1500 1141 1615 1206 pro
1654 1140 1783 1205 quo

244 1239 554 1316 supponat
606 1235 731 1299 hoc
793 1253 1030 1299 nomen
1090 1235 1512 1315 principium.
1576 1230 1787 1295 Potest

245 1343 411 1405 enim
472 1360 836 1423 supponere
886 1359 1003 1424 pro
1058 1340 1219 1404 Filio
1242 1390 1260 1419 ,
1320 1345 1382 1403 et
1444 1339 1609 1403 Deus
1668 1356 1785 1420 pro

247 1446 446 1526 Patre,
491 1451 556 1511 et
591 1467 673 1512 ex
713 1449 904 1512 modo
941 1447 1343 1511 construendi
1384 1448 1456 1509 fit
1491 1446 1632 1509 talis
1669 1463 1785 1525 ap-

245 1555 609 1636 propriatiO.
648 1554 858 1619 Potest
878 1557 1069 1618 etiam
1100 1572 1457 1635 supponere
1476 1570 1593 1635 pro
1621 1569 1787 1615 crea-

244 1665 422 1739 tura,
471 1663 700 1742 utpote
743 1678 858 1743 pro
901 1659 1214 1741 principio
1256 1658 1559 1741 temporis
1610 1681 1624 1721 :
1679 1656 1785 1720 sed

246 1784 371 1829 non
424 1767 575 1829 dicit
627 1771 779 1829 tunc
830 1766 1157 1844 ordinem,
1206 1765 1312 1829 sed
1356 1764 1791 1828 concomitan-

248 1874 398 1936 tiam
427 1890 753 1937 mensurae
779 1872 859 1937 ad
883 1877 1344 1949 mensuratum,
1367 1871 1599 1934 scilicet
1616 1870 1791 1951 quod

251 1981 475 2044 coelum
504 1986 568 2045 et
602 1987 773 2045 terra
802 1999 952 2044 cum
984 1981 1293 2063 principio
1320 1980 1626 2062 temporis
1656 1996 1792 2044 esse

252 2093 597 2170 coeperunt.
642 2086 717 2151 Et
743 2088 833 2151 sic
868 2091 1040 2170 patet
1073 2087 1255 2152 illud.

880 2276 1016 2321 mm.
1064 2275 1155 2319 111.
1256 2239 1259 2240 ⁷

420 2392 723 2443 Aristoteles
746 2405 875 2443 vero
904 2392 1001 2442 tria
1026 2391 1201 2455 posuit
1225 2389 1491 2455 principia,
1515 2393 1613 2440 etc.

332 2515 656 2593 Quaeritur
723 2534 925 2599 quare
987 2516 1329 2596 distinguit
1393 2514 1503 2577 illa
1568 2512 1696 2576 duo
1757 2531 1797 2576 a

262 2624 464 2689 tertio.
500 2624 579 2687 Et
607 2624 842 2687 iterum
879 2641 1009 2686 non
1041 2623 1299 2686 videtur
1333 2620 1491 2684 illud
1523 2638 1657 2683 esse
1692 2636 1796 2681 ve-

257 2746 430 2806 rum,
485 2729 910 2812 perscrutanti
964 2730 1156 2793 libros
1201 2725 1598 2807 Philosophi·,
1647 2725 1799 2807 quia

258 2833 385 2916 ipse
422 2855 554 2900 non
581 2837 766 2919 ponit
792 2837 812 2870 ¹
850 2836 972 2899 nisi
1005 2838 1125 2900 ista
1153 2837 1297 2914 tria,
1337 2834 1701 2908 materiam,
1736 2837 1802 2896 et

257 2940 519 3006 formam
540 2991 563 3019 ,
601 2948 665 3007 et
694 2944 1117 3026 privationem
1139 2991 1156 3021 ,
1195 2944 1266 3006 in
1298 2940 1610 3025 principio
1645 2940 1801 3003 noni

255 3048 711 3134 Memphysicoe
757 3053 822 3115 et
873 3050 940 3115 in
989 3050 1195 3134 primo
1256 3049 1543 3133 Physicoe
1590 3069 1614 3112 .·
1670 3065 1801 3111 11011

258 3175 406 3239 ergo
438 3160 565 3223 ista
600 3176 747 3240 quae
777 3160 960 3240 ponit
992 3157 1311 3239 Magister.

331 3265 513 3349 Resp.
558 3266 904 3330 Dicendum
927 3265 1099 3347 quod
1129 3265 1270 3328 ideo
1303 3264 1431 3329 duo
1463 3261 1804 3343 distinguit

258 3392 295 3438 a
323 3375 544 3453 tertie,
577 3373 734 3455 quia
766 3374 895 3438 duo
928 3377 1082 3436 sunt
1109 3372 1451 3435 intrinseca
1494 3374 1803 3453 tanquam

260 3481 603 3560 elementa,
651 3485 716 3545 et
770 3500 980 3546 uuum
1028 3485 1123 3544 est
1174 3479 1629 3542 extrinsecum.
1685 3475 1805 3541 Ubi

261 3592 468 3654 autem
520 3587 945 3671 Philosophus
1000 3587 1119 3649 ista
1169 3587 1292 3650 tria
1346 3585 1687 3666 distinguit
1741 3589 1805 3648 et

261 3698 464 3777 ponit,
508 3696 565 3760 si
605 3698 966 3778 quaeratur,
1013 3712 1309 3776 expresse
1357 3694 1685 3757 invenitur
1736 3691 1805 3754 in

264 3805 535 3879 secundo
580 3802 658 3868 de
705 3803 1157 3880 Generatione,
1210 3800 1374 3863 circa
1417 3800 1634 3863 finem.
1684 3797 1806 3862 Sed

266 3912 412 3973 tunc
455 3913 556 3975 est
596 3910 864 3991 quaestio
883 3955 901 3986 ,
941 3908 1094 3990 quia
1140 3906 1395 3971 videtur
1448 3924 1576 3969 non
1626 3906 1806 3969 suffi-

268 4016 497 4082 cienter
548 4017 864 4100 principia
914 4016 982 4078 in
1034 4015 1244 4097 primo
1298 4012 1595 4095 Physicoe
1646 4013 1809 4076 assi-

273 4138 530 4203 gnasse3
581 4124 713 4187 imo
763 4123 820 4186 si
873 4122 962 4185 ibi
1010 4120 1364 4202 assignavit
1409 4120 1534 4183 tria
1576 4124 1810 4201 praeter

273 4231 697 4311 operatorium
720 4277 738 4306 ,
785 4233 941 4293 tunc
986 4245 1146 4309 ergo
1189 4231 1341 4291 sunt
1393 4231 1686 4309 quatuor.
1730 4225 1812 4291 Et

276 4334 606 4403 dicendum
634 4338 716 4402 ad
746 4338 888 4413 hoc,
920 4336 1092 4418 quod
1132 4335 1405 4418 privatio
1432 4352 1562 4398 non
1599 4334 1811 4397 differt

278 4460 316 4505 a
337 4444 540 4509 forma
564 4444 667 4509 vel
696 4443 978 4507 materia.
1008 4442 1158 4505 Sive
1185 4441 1358 4505 enim
1385 4440 1658 4523 privatio
1686 4458 1804 4504 no-

280 4550 476 4615 minet
500 4551 853 4634 appetitum
882 4550 1107 4613 formae
1138 4565 1286 4612 cum
1320 4550 1461 4629 eJus
1497 4547 1807 4625 carentia,

281 4656 413 4721 sive
437 4658 724 4722 nominet
747 4657 951 4739 ipsam
978 4656 1201 4719 formae
1230 4656 1592 4732 essentiam,
1624 4658 1815 4737 prout

282 4769 373 4829 aet
400 4765 469 4830 in
499 4766 763 4829 materia
788 4767 854 4828 in
881 4764 1190 4847 potentia,
1222 4782 1352 4828 non
1377 4762 1589 4828 differt
1607 4763 1690 4826 ab
1714 4763 1816 4827 his

281 4873 557 4954 duobus,
589 4875 823 4938 scilicet
849 4873 1112 4937 materia
1147 4877 1210 4936 et
1243 4872 1468 4955 specie.
1499 4870 1661 4935 Nam
1700 4891 1816 4954 ap-

280 4981 510 5061 petitus
528 4983 606 5047 ad
636 4981 971 5045 materiam
990 4980 1338 5054 reducitur,
1360 4998 1479 5043 nec
1495 4984 1589 5042 est
1604 4979 1777 5043 aliud
1794 4999 1810 5059 ;

284 5098 345 5157 et
398 5095 667 5160 essentia
710 5094 932 5156 formae
950 5140 969 5171 ,
1012 5092 1096 5156 ad
1146 5092 1421 5174 speciem
1464 5091 1815 5157 secundum

350 5257 369 5292 ¹
390 5258 620 5320 Ariston,
658 5255 857 5318 Physic.
884 5252 972 5303 lib.
1002 5253 1021 5301 1
1049 5256 1102 5303 et
1128 5253 1171 5303 11
1186 5269 1205 5317 ;
1249 5251 1529 5318 Hetaphys.
1571 5251 1662 5302 lib.
1688 5253 1780 5303 ΧΠ
1796 5289 1816 5316 ,
1850 5261 1858 5271 ·

289 5332 428 5380 cont.
447 5332 524 5380 12.

1891 906 2191 989 Magister
2219 925 2368 972 vere
2394 913 2457 971 et
2484 907 2739 990 proprie
2765 906 3069 989 loquitur.

2529 1094 2668 1140 mm.
2717 1094 2814 1141 IV.

2077 1211 2134 1259 ln
2159 1209 2412 1274 principio
2441 1213 2734 1273 temporum
2761 1209 3011 1260 mundum
3035 1221 3254 1260 creasse.

1975 1335 2206 1398 Contra
2250 1356 2264 1397 ε
2308 1332 2373 1397 Si
2416 1335 2604 1417 coepit
2645 1353 2795 1398 cum
2836 1335 3044 1417 primo
3085 1333 3340 1412 mobili,
3371 1336 3435 1397 et

1893 1441 2049 1506 illud
2080 1442 2268 1523 coepit
2293 1443 2362 1505 in
2389 1443 2666 1506 secundo
2689 1443 2812 1522 die,
2834 1461 2966 1507 non
2991 1460 3148 1523 ergo
3173 1441 3242 1504 in
3265 1441 3435 1524 prin-

1896 1550 2060 1633 cipio
2086 1550 2411 1631 temporiS‚
2447 1551 2555 1614 sed
2581 1555 2748 1614 ante.

1977 1656 2164 1739 Resp.
2201 1657 2550 1720 Dicendum
2580 1657 2751 1740 quod
2780 1661 3033 1739 tempus
3058 1656 3287 1721 dicitur
3313 1658 3435 1720 tri-

1897 1767 2143 1848 pliciter
2203 1787 2217 1829 :
2275 1766 2824 1845 communissime,
2875 1766 3320 1845 communiter,
3376 1770 3440 1829 et

1900 1872 2175 1957 proprie.
2199 1871 2726 1937 Communissime
2744 1873 2974 1937 dicitur
2992 1891 3292 1936 mensura
3309 1874 3442 1936 exi·

1900 1987 2006 2046 tus
2029 1983 2108 2045 de
2135 1999 2266 2044 nou
2293 1999 2429 2044 esse
2457 1982 2526 2043 in
2553 1999 2709 2044 esse.
2740 1971 3179 2045 Communiter
3211 1981 3446 2045 dicitur

1900 2093 2154 2171 tempus
2182 2106 2482 2152 mensura
2507 2089 2846 2170 cujuslibet
2869 2089 3264 2166 mutationiS,
3296 2107 3442 2151 ma-

1902 2198 2078 2261 xime
2110 2197 2282 2260 illius
2302 2246 2318 2273 ,
2348 2216 2496 2279 quae
2531 2198 2652 2261 fuit
2685 2203 2830 2261 ante
2870 2199 3153 2280 primum
3183 2196 3439 2261 mobile.

1901 2304 2112 2369 Tertio
2141 2306 2329 2368 modo
2358 2305 2589 2368 dicitur
2617 2305 2863 2387 proprie
2901 2322 3203 2368 mensura
3231 2309 3443 2367 motus

1902 2413 2094 2494 primi
2120 2413 2392 2491 mobiliS,
2416 2417 2490 2476 ut
2513 2413 2945 2476 communiter
2970 2412 3301 2476 consuevit
3320 2412 3443 2475 dis-

1900 2519 2136 2600 tingui.
2171 2519 2244 2582 Et
2271 2520 2423 2601 quia
2453 2521 2662 2601 primo
2695 2520 2884 2583 modo
2916 2520 3158 2583 dictum
3187 2525 3281 2582 est
3307 2519 3446 2601 pri-

1902 2645 2086 2691 mum
2110 2628 2429 2702 omnium,
2461 2631 2523 2690 et
2547 2627 2616 2689 in
2646 2627 2754 2690 illo
2783 2626 3107 2690 conditum
3132 2632 3224 2689 est
3250 2644 3448 2689 saecu-

1902 2733 2062 2813 lum,
2093 2733 2234 2798 ideo
2261 2733 2411 2797 dicit
2444 2755 2460 2796 ι
2498 2756 2529 2794 α
2553 2731 2626 2796 111
2650 2733 2961 2815 principio
2988 2753 3019 2791 »2
3056 2736 3441 2816 temporum.

2561 2919 2697 2966 DUB.
2728 2920 2798 2966 V.

2108 3031 2598 3100 omnipotentissimi
2623 3039 2701 3087 est
2725 3049 2916 3087 nocere
2943 3049 3050 3086 non
3076 3049 3248 3101 posse.

1988 3163 2218 3228 Contra
2258 3185 2274 3228 t
2308 3162 2529 3229 Omnis
2563 3181 2753 3245 poena
2789 3162 3018 3243 affligit
3058 3164 3122 3227 et
3144 3162 3321 3227 laedit
3349 3181 3367 3226 ε
3395 3163 3448 3225 si

1908 3270 2104 3347 laedit,
2127 3274 2310 3335 nocet
2332 3292 2347 3334 z
2376 3288 2533 3351 ergo
2551 3270 2607 3332 si
2625 3269 2788 3334 Deus
2810 3287 2945 3334 non
2964 3273 3169 3353 potest
3192 3287 3446 3348 nocere,

1909 3396 2043 3442 non
2062 3380 2267 3460 potest
2287 3376 2538 3459 punire.

1990 3485 2178 3567 Resp.
2230 3484 2580 3548 Dicendum
2631 3482 2802 3564 quod
2852 3482 3016 3546 sicut
3066 3481 3306 3563 duplex
3357 3486 3453 3545 est

1912 3593 2191 3667 malum,
2221 3590 2461 3655 scilicet
2509 3590 2714 3670 culpae
2757 3593 2821 3653 et
2861 3608 3104 3672 poenae,
3135 3589 3225 3651 sic
3257 3590 3453 3653 etiam

1912 3699 2152 3783 duplex
2188 3704 2283 3763 est
2314 3705 2799 3764 nocumentum.
2832 3699 2992 3763 Cum
3028 3717 3186 3780 ergo
3223 3700 3456 3764 dicitur

1913 3808 2085 3897 quod
2129 3824 2259 3868 11011
2308 3809 2514 3887 potest
2568 3823 2796 3869 nocere
2817 3854 2835 3884 ,
2894 3824 3027 3870 non
3075 3804 3457 3886 intelligitur

1915 3915 2233 3996 quantum
2260 3913 2339 3976 ad
2367 3916 2828 3975 nocumentum
2847 3912 3018 3993 quod
3036 3911 3182 3975 t’acit
3210 3912 3454 3975 malum

1914 4037 2155 4104 poenae3
2188 4019 2297 4083 sed
2320 4018 2491 4102 quod
2517 4020 2661 4083 facit
2687 4020 2931 4084 malum
2960 4020 3187 4102 culpae.

2386 4271 2871 4342 ARTICULUS
2916 4274 2970 4342 I.

2000 4446 2098 4511 Ad
2125 4445 2608 4526 intelligentiam
2635 4464 2860 4509 eorum
2885 4464 3033 4528 quae
3056 4446 3123 4510 in
3136 4446 3255 4511 hac
3280 4451 3458 4530 parte

1918 4554 2256 4634 dicuntur,
2302 4553 2616 4634 quaeritur
2657 4552 2762 4615 hic
2801 4553 2879 4616 de
2918 4554 3095 4617 exitu
3130 4572 3348 4618 rerum
3386 4555 3456 4618 in

1918 4679 2102 4725 esse:
2134 4661 2378 4743 primo,
2413 4664 2730 4741 quantum
2759 4659 2838 4722 ad
2883 4660 3178 4743 principii
3223 4661 3456 4724 entita-

1919 4772 2076 4843 tem,
2104 4767 2207 4831 vel
2231 4767 2695 4844 causalitatem
2721 4767 3021 4845 secund0,
3047 4773 3360 4849 quantum
3378 4769 3456 4832 ad

1921 4875 2270 4954 unitatem3
2303 4873 2487 4936 tertio
2509 4922 2526 4949 ,
2558 4878 2869 4956 quantum
2904 4872 2985 4936 ad
3027 4873 3458 4955 productionis

1921 4982 2359 5063 quidditatem.
2384 4980 2562 5044 Circa
2580 4980 2863 5063 primum
2882 4978 3009 5042 duo
3031 4983 3417 5060 quaeruntur
3437 5001 3453 5042 t

1922 5088 2134 5171 primo
2169 5087 2483 5171 quaeritur
2518 5092 2741 5151 utrum
2777 5105 2879 5150 res
2911 5085 3189 5150 habeant
3222 5088 3462 5169 prinei-

1922 5195 2104 5278 pium
2124 5195 2371 5259 causale
2390 5215 2407 5275 3
2429 5196 2728 5272 secunde,
2751 5198 2972 5258 utrum
2995 5194 3267 5259 habeant
3281 5197 3460 5278 prin-

1925 5301 2166 5384 cipium
2192 5301 2452 5366 initiale.
