4125 6225
519 4476 728 4523 Fundam.

766 322 846 384 70

765 560 963 638 sario,
1003 565 1068 625 et
1103 562 1337 639 minori
1376 564 1455 629 de
1494 564 1701 631 inesse
1736 587 2008 653 semper,
2044 568 2303 636 conclu-

766 671 936 735 ditur
965 672 1043 736 de
1068 676 1422 739 necessario
1441 726 1459 755 ‚
1494 678 1659 742 sicut
1694 679 1844 744 dicit
1881 680 2303 765 Philosophus

763 778 834 842 in
881 779 1089 861 primo
1131 781 1294 846 libro
1333 782 1630 851 Priorum
1674 786 1715 849 ¹.
1760 786 1897 852 Fiat
1948 805 2107 870 ergo
2162 789 2303 853 talis

766 888 1180 972 syllogismus
1234 911 1250 955 ε
1315 917 1345 956 α
1397 893 1597 962 Omne
1639 878 2005 981 praescitum
2049 917 2303 965 necesse

765 1002 858 1062 est
884 1017 1020 1063 esse
1046 1000 1378 1068 futurum:
1406 1005 1531 1070 hoc
1556 1025 1670 1089 per
1692 1007 2069 1072 Anselmum
2096 1010 2298 1089 patet,

765 1105 874 1170 sed
922 1106 1046 1171 hoc
1089 1112 1184 1171 est
1225 1113 1624 1193 praescitum,
1672 1114 1959 1197 quolibet
1999 1114 2301 1179 demons-

764 1217 930 1277 trato
962 1237 977 1279 ε
1012 1232 1172 1297 ergo
1197 1236 1449 1284 necesse
1481 1224 1735 1285 estesse
1762 1222 2084 1286 futurum.
2111 1243 2144 1282 n

847 1325 906 1386 3.
936 1322 1093 1388 Item
1110 1372 1128 1400 ,
1158 1343 1348 1390 omne
1368 1327 1541 1409 quod
1570 1327 1736 1392 Deus
1763 1329 2038 1410 praescit,
2070 1333 2165 1394 est
2191 1348 2305 1395 ve-

766 1446 916 1493 rum
935 1450 951 1493 ι
965 1431 1097 1511 sed,
1130 1437 1206 1496 ut
1220 1432 1369 1497 dicit
1384 1433 1809 1517 Philosophus
1824 1438 1893 1501 in
1916 1437 2082 1502 libro
2096 1439 2304 1520 primo

764 1538 843 1604 de
871 1539 1394 1622 Interpretatione
1406 1548 1453 1619 ¹,
1483 1560 1673 1607 omne
1700 1544 1871 1626 quod
1901 1548 2016 1623 est,
2048 1546 2305 1627 quando

766 1650 891 1726 est,
926 1665 1179 1711 necesse
1205 1652 1462 1712 estesse
1492 1669 1508 1713 z
1542 1667 1700 1731 ergo
1729 1651 1783 1714 si
1821 1652 2187 1734 praescitum
2212 1656 2308 1718 est

767 1760 957 1824 modo
979 1778 1208 1824 verum
1224 1810 1240 1837 ‚
1270 1780 1520 1826 necesse
1544 1766 1639 1827 est
1661 1781 1834 1828 nunc
1860 1782 1995 1828 esse
2015 1783 2247 1830 verum
2285 1787 2301 1830 t

766 1869 831 1930 et
860 1869 1152 1932 futurum
1192 1873 1288 1933 est
1320 1872 1720 1952 praescitum:
1769 1890 1928 1953 ergo
1961 1872 2153 1938 modo
2188 1891 2301 1938 ne·

766 1975 1111 2039 cessarium
1143 1981 1240 2041 est
1267 1995 1402 2041 esse
1427 1978 1722 2043 futurum
1751 1999 1770 2045 2
1804 1999 1964 2062 ergo
1989 1979 2070 2045 de
2094 1998 2306 2046 neces-

765 2081 947 2146 sitate
974 2085 1245 2179 eveniet.
2099 2095 2103 2102 ’

845 2193 905 2254 4.
937 2187 1094 2255 Item
1123 2192 1244 2256 hoc
1277 2193 1491 2276 ipsum
1529 2194 1885 2259 ostenditur
1911 2213 2026 2278 per
2058 2196 2305 2280 impos-

764 2296 942 2361 sibile
983 2316 1000 2362 ε
1038 2297 1205 2363 Deus
1243 2300 1496 2382 praescit
1529 2301 1773 2384 aliquid
1810 2301 1882 2366 in
1921 2307 2180 2392 partem·
2209 2304 2307 2368 af-

765 2404 1152 2470 firmativam
1191 2428 1205 2471 :
1245 2426 1470 2490 quaero
1506 2427 1663 2491 ergo
1707 2413 1931 2473 utrum
1971 2410 2132 2475 illud
2170 2429 2307 2476 non

764 2513 962 2595 possit
997 2531 1130 2577 non
1160 2533 1295 2579 esse
1327 2537 1343 2580 ι
1382 2516 1627 2596 sinon,
1674 2534 1832 2599 ergo
1871 2522 1968 2582 est
2010 2536 2305 2583 necessa-

765 2619 967 2699 rium3
991 2621 1171 2701 sisic,
1197 2640 1355 2704 ergo
1376 2627 1580 2705 potest
1597 2625 1777 2689 aliter
1797 2626 2081 2706 evenire,
2109 2644 2305 2708 quam

764 2725 930 2791 Deus
968 2730 1221 2812 praescit
1257 2751 1273 2793 t
1313 2748 1473 2811 ergo
1510 2731 1730 2796 divina
1773 2733 2173 2815 praescientia
2212 2739 2309 2800 est

766 2834 1044 2900 fallibilis
1069 2841 1132 2900 et
1165 2837 1425 2903 incerta.
1457 2837 1537 2904 Et
1562 2839 1683 2904 hoc
1723 2842 1819 2904 est
1844 2845 2306 2921 argumentum

762 2941 1134 3026 Augustini,
1145 2949 1208 3009 et
1221 2946 1412 3010 etiam
1430 2945 1649 3026 Boetii,
1675 2946 1754 3013 de
1777 2948 2213 3016 Consolatione
2234 2953 2257 2990 ⁸
2286 2967 2302 3013 ε

767 3072 795 3108 α
818 3047 885 3116 Si
906 3051 1215 3116 aliorsum
1232 3070 1431 3136 quam
1460 3053 1753 3139 praevisae
1767 3059 1920 3119 sunt
1940 3054 2306 3139 detorqueri

763 3157 980 3223 valent
1004 3178 1108 3223 res
1136 3160 1433 3243 praevisae
1453 3206 1475 3240 ,
1503 3161 1645 3242 jam
1671 3178 1803 3225 non
1839 3161 1961 3225 erit
1985 3162 2176 3228 firma
2199 3163 2302 3228 fu-

762 3267 893 3329 turi
922 3267 1338 3348 praescientia.
1369 3289 1399 3326 n

844 3377 901 3436 5.·
928 3352 1135 3452 (Item,
1177 3374 1344 3440 Deus
1380 3375 1636 3458 praescit
1669 3376 1913 3459 aliquid
1953 3395 2091 3442 esse
2127 3378 2303 3444 futu-

762 3500 944 3546 rum:
977 3487 1090 3546 aut
1125 3501 1284 3565 ergo
1327 3483 1620 3566 possibile
1659 3488 1753 3550 est
1797 3501 1929 3549 non
1965 3503 2102 3550 esse
2127 3486 2307 3552 futu-

763 3609 945 3667 rum,
985 3594 1099 3654 aut
1141 3591 1531 3673 impossibile
1583 3612 1599 3655 :
1646 3591 1700 3655 si
1742 3591 2133 3675 impossibile
2171 3613 2306 3660 non

761 3715 896 3762 esse
914 3747 932 3777 ,
962 3717 1120 3780 ergo
1148 3716 1402 3763 necesse
1435 3703 1531 3763 est
1564 3717 1736 3778 esse;
1777 3699 1834 3763 si
1865 3705 2084 3766 autem
2110 3702 2306 3784 possi·

760 3804 916 3885 bile,
959 3806 1068 3869 sed
1105 3824 1293 3870 omne
1330 3805 1626 3889 possibile
1671 3808 1992 3889 ponibile;
2037 3813 2105 3874 et
2146 3809 2303 3875 falso

759 3913 1045 3996 possibili
1076 3915 1279 3997 posito
1314 3914 1387 3979 in
1426 3933 1563 3979 esse
1581 3963 1599 3995 ‚
1632 3915 1806 3997 quod
1847 3917 2137 3999 sequitur
2172 3935 2305 3982 non

761 4026 855 4085 est
880 4016 1268 4104 impossibile
1305 4045 1320 4086 :
1353 4027 1631 4106 ponatur
1654 4042 1812 4105 ergo
1835 4023 1958 4089 hoc
1985 4041 2118 4090 non
2143 4044 2302 4105 esse,

760 4134 824 4196 et
850 4130 1018 4195 Deus
1044 4130 1368 4213 praescivit
1402 4131 1526 4196 hoc
1552 4149 1720 4213 esse;
1757 4150 1917 4214 ergo
1945 4132 2114 4197 Deus
2138 4150 2305 4216 prae·

760 4237 946 4303 scivit
971 4238 1237 4302 falsum:
1268 4240 1376 4304 sed
1397 4239 1521 4303 hoc
1547 4242 1645 4304 est
1681 4239 2106 4322 impossibile:
2148 4258 2306 4323 ergo

758 4345 1146 4428 impossibile
1172 4351 1268 4411 est
1295 4347 1555 4430 aliquod
1587 4349 2086 4430 praecedentium
2077 4386 2140 4440 Δ

839 4450 1069 4517 Contra
1109 4472 1128 4518 z
1164 4454 1336 4536 quod
1382 4473 1512 4519 non
1552 4456 1783 4521 inferat
1822 4457 2265 4522 necessitatem
2281 4507 2300 4538 ,

758 4559 1117 4624 ostenditur
1156 4563 1531 4627 auctoritate
1577 4563 1924 4645 Augustini
1973 4571 2227 4649 sumpta
2265 4585 2306 4631 a

756 4666 976 4746 simili,
1007 4666 1086 4733 de
1112 4667 1332 4734 Libero
1358 4668 1644 4735 Arbitrio
1673 4670 1732 4733 *ε
1762 4694 1791 4731 α
1821 4669 2157 4753 Ξίουῑζῑῐιθε
2174 4690 2305 4736 me-

758 4775 963 4841 moria
989 4793 1119 4839 non
1154 4776 1329 4857 cogit
1358 4777 1522 4840 facta
1561 4794 1696 4841 esse
1712 4825 1732 4856 ,
1778 4795 1930 4860 quae
1968 4779 2301 4861 praeterie-

753 4887 946 4961 runt3
979 4883 1071 4946 sic
1099 4882 1209 4946 Dei
1236 4882 1633 4966 praescientia
1658 4899 1791 4949 non
1818 4886 1992 4966 cogit
2020 4887 2304 4954 facienda

755 5008 919 5070 esse,
950 5008 1100 5073 quae
1128 4990 1345 5054 futura
1370 4994 1542 5054 sunt.
1572 5011 1604 5049 ι)

821 5116 837 5149 ¹
880 5114 1056 5181 Arist„
1108 5115 1274 5166 Prior.
1323 5114 1413 5164 lib.
1458 5114 1512 5172 1,
1574 5125 1685 5177 cap.
1743 5113 1805 5163 de
1866 5115 2198 5166 mixtionibus
2248 5118 2304 5169 in

753 5185 920 5248 prima
946 5186 1139 5251 figura,
1170 5188 1262 5237 sed
1288 5186 1489 5237 videtur
1523 5184 1788 5235 adversari
1815 5188 1972 5238 Scoto
2000 5188 2054 5238 in
2086 5189 2304 5254 Quolib„

753 5269 806 5320 q.
829 5268 881 5320 v,
912 5262 1007 5308 art.
1031 5263 1086 5322 1,
1117 5263 1169 5309 et
1192 5272 1242 5324 q.
1264 5269 1375 5324 xiv,
1404 5261 1500 5308 art.
1527 5261 1587 5320 1,
1616 5261 1668 5307 et
1693 5256 1749 5307 in
1776 5258 1856 5322 ll,
1887 5257 2004 5309 dist.
2024 5271 2121 5324 111,
2149 5275 2201 5325 q.
2224 5268 2301 5326 ιν,

752 5328 884 5381 etin
910 5330 999 5395 lv,
1028 5328 1146 5381 dist.
1165 5343 1219 5396 v,
1247 5345 1299 5399 q.
1324 5342 1379 5396 1,
1407 5334 1461 5382 et
1484 5328 1540 5381 in
1567 5330 1670 5395 ιιι,
1702 5328 1820 5381 dist.
1840 5341 2006 5396 xxm,
2037 5345 2092 5399 q.
2110 5346 2223 5399 un„
2250 5338 2304 5386 et

1912 325 2529 396 SENTENTIARUM
2570 331 2722 397 LIB.
2767 331 2818 396 1.

846 458 906 518 2.
941 453 1101 519 Item
1137 456 1383 521 ratione
1411 457 1503 522 sic
1538 480 1555 523 ε
1587 458 1689 524 Ex
1715 462 1944 544 majori
1979 462 2058 528 de
2084 480 2302 528 neces—
2332 513 2340 519 .

2491 465 2649 531 Item
2686 467 2934 533 ratione
2966 468 3319 534 ostenditur
3356 469 3421 534 id
3454 470 3648 535 idem.
3708 472 3924 537 Intelli-

2409 590 2643 653 gamus
2677 573 2881 640 Deum
2916 575 3083 640 nihil
3123 577 3456 659 praescire;
3498 595 3658 659 ergo
3693 597 3775 642 ex
3814 581 3926 646 hoc

2408 680 2574 744 nihil
2612 683 2908 747 accrescit
2945 683 3143 749 libero
3167 684 3426 749 arbitrio
3466 704 3483 749 ε
3515 704 3672 768 ergo
3711 688 3926 768 positio

2409 791 2822 871 praescientiae
2868 792 3030 858 nihil
3072 792 3129 858 ei
3171 793 3377 858 aufert
3426 816 3441 858 ε
3490 812 3646 875 ergo
3688 813 3833 858 cum
3863 796 3928 859 li-

2409 894 2636 961 berum
2676 898 3012 963 arbitrium
3052 898 3131 964 de
3170 918 3237 964 se
3278 901 3359 964 sit
3396 919 3587 965 causa
3616 919 3834 966 rerum
3856 904 3928 968 ad

2409 1004 2787 1070 utrumlibet
2812 1007 3345 1089 contingentium,
3371 1007 3588 1073 divina
3613 1009 3929 1092 praescien-

2408 1109 2498 1173 tia
2521 1109 2645 1175 hoc
2667 1130 2801 1177 non
2831 1114 3013 1178 tollit.

2491 1215 2681 1297 Item,
2753 1220 2919 1284 sicut
2965 1239 3159 1304 supra
3193 1222 3218 1258 ⁸
3263 1221 3602 1304 probatum
3654 1226 3782 1300 est,
3842 1224 3935 1288 di-

2409 1323 2564 1389 vina
2605 1328 3006 1408 praescientia
3047 1330 3114 1391 in
3159 1328 3450 1411 pluribus
3467 1378 3485 1409 ,
3534 1334 3649 1394 aut
3680 1348 3812 1395 non
3850 1336 3935 1395 est

2412 1449 2631 1509 causa,
2662 1439 2936 1500 autnon
2966 1440 3060 1500 est
3086 1441 3217 1501 tota
3242 1455 3432 1501 causa
3463 1459 3478 1502 ε
3509 1437 3620 1502 sed
3644 1437 3812 1520 quod
3839 1417 3973 1502 dat*

2411 1538 2602 1605 alicui
2631 1543 3062 1608 necessitatem
3078 1593 3095 1624 ,
3127 1543 3322 1609 habet
3348 1544 3662 1609 rationem
3698 1562 3899 1609 causae
3914 1593 3931 1623 ,

2412 1648 2563 1729 quia
2593 1667 2633 1712 a
2671 1669 2800 1733 quo
2844 1656 2940 1716 est
2975 1647 3144 1729 esse,
3179 1657 3243 1716 et
3276 1670 3409 1715 esse
3449 1652 3873 1715 necessarium
3916 1671 3931 1712 ε

2412 1774 2560 1820 cum
2587 1776 2744 1840 ergo
2766 1752 2994 1824 'divina
3029 1759 3424 1842 praescientia
3451 1760 3804 1825 multorum
3832 1761 3929 1824 fu-

2412 1867 2710 1930 turorum
2747 1885 2878 1931 non
2916 1868 3000 1931 sit
3048 1887 3267 1947 causa,
3301 1872 3377 1931 ut
3411 1868 3766 1947 malorum,
3798 1868 3935 1932 nul-

2411 1971 2542 2036 lam
2567 1973 2758 2038 rebus
2782 1974 3057 2057 imponit
3085 1975 3544 2040 necessitatem.

2493 2080 2652 2145 Item
2678 2081 2900 2147 divina
2938 2082 3336 2165 praescientia
3362 2083 3614 2166 praescit
3651 2101 3755 2147 res
3785 2083 3939 2147 sicut

2411 2167 2565 2252 sunt
2622 2193 2950 2255 eventurae
2966 2236 2987 2268 ‚
3047 2208 3199 2254 cum
3250 2190 3411 2254 nihil
3475 2191 3774 2274 praesciat
3824 2191 3938 2254 nisi

2412 2314 2643 2361 verum
2682 2314 2701 2359 z
2737 2314 2897 2380 ergo
2922 2316 3069 2362 cum
3102 2298 3354 2380 praescit
3393 2299 3676 2381 aliquem
3720 2317 3936 2381 pecca-

2410 2409 2665 2484 turum,
2701 2422 2851 2469 cum
2883 2409 3211 2488 peccatum
3243 2423 3374 2469 non
3413 2406 3494 2469 sit
3531 2406 3658 2469 nisi
3687 2425 3799 2489 per
3826 2424 3933 2470 vo-

2410 2509 2746 2591 luntatem,
2777 2513 3032 2594 praeseit
3049 2512 3244 2578 istum
3270 2531 3384 2596 per
3402 2512 3798 2578 voluntatem
3829 2513 3936 2577 hoc

2411 2618 2616 2683 facere
2633 2666 2651 2697 ,
2685 2623 2750 2684 et
2779 2621 3031 2702 praescit
3073 2620 3246 2685 aliud
3286 2638 3468 2703 posse
3503 2621 3713 2684 facere
3749 2642 3763 2683 ε
3791 2638 3936 2703 ergo

2413 2724 2469 2787 si
2513 2744 2706 2790 omne
2748 2728 2921 2810 quod
2952 2728 3235 2810 praescit,
3274 2733 3369 2791 est
3413 2746 3682 2807 verum,
3722 2747 3936 2793 verum

2413 2837 2510 2898 est
2541 2835 2716 2916 quod
2751 2835 2868 2899 iste
2902 2853 3016 2918 per
3048 2834 3439 2899 voluntatem
3476 2836 3598 2900 hoc
3638 2837 3821 2900 faciet
3835 2885 3853 2915 ‚
3880 2842 3937 2901 et

2414 2941 2646 3022 poterit
2670 2941 2842 3007 aliud
2868 2943 3070 3007 facere
3093 2964 3108 3006 z
3132 2947 3193 3006 et
3211 2943 3264 3005 si
3287 2943 3409 3007 hoc
3427 2947 3521 3007 est
3545 2944 3933 3025 contingens,

2413 3066 2571 3131 ergo
2590 3096 2608 3128 ,
2637 3049 2867 3114 sicum
2895 3049 3114 3116 divina
3149 3050 3546 3133 praescientia
3572 3057 3671 3115 est
3697 3051 3938 3116 contin-

2414 3159 2633 3239 gentia
2659 3158 2825 3223 circa
2858 3176 2960 3222 res
2978 3207 2995 3238 ‚
3025 3177 3159 3223 non
3185 3178 3343 3241 ergo
3373 3161 3738 3224 necessitas.

2493 3263 2675 3346 Item,
2704 3267 2827 3331 hoc
2849 3268 3063 3350 ipsum
3089 3267 3443 3332 ostenditur
3464 3268 3820 3332 rationibus
3843 3268 3939 3331 du·

2415 3373 2703 3437 centibus
2746 3374 2825 3438 ad
2864 3374 3249 3457 impossihile
3281 3375 3325 3439 ⁶.
3360 3374 3428 3439 Si
3452 3377 3727 3458 imponit
3752 3393 3936 3458 praes-

2414 3486 2642 3550 cientia
2666 3487 2860 3551 rebus
2883 3488 3315 3550 necessitatem
3338 3535 3354 3562 ,
3387 3489 3548 3570 perit
3571 3507 3733 3571 ergo
3765 3507 3933 3553 casus

2413 3595 2476 3656 et
2502 3592 2775 3657 fortuna.
2821 3592 3185 3657 Secundum
3216 3594 3599 3675 impossibile
3625 3601 3753 3676 est,
3779 3594 3935 3677 quod

2412 3700 2579 3783 perit
2612 3701 2890 3766 liberum
2924 3701 3257 3765 arbitrium
3297 3704 3360 3764 et
3398 3702 3773 3782 consilium3
3819 3709 3939 3767 ter-

2413 3810 2609 3889 tium,
2652 3811 2823 3893 quod
2863 3810 3025 3893 perit
3064 3810 3366 3874 meritum
3417 3816 3483 3875 et
3517 3811 3923 3888 demeritum

2413 3920 2714 4001 quartum
2730 3965 2747 3995 ,
2778 3916 2951 4000 quod
2979 3917 3140 4000 perit
3168 3917 3308 3980 laus
3335 3923 3398 3980 et
3424 3918 3842 4000 vituperium.

2957 4171 3407 4241 CONCLUSIO.

2417 4328 2550 4387 Cum
2590 4330 2936 4402 proescientia
2977 4327 3172 4384 divina
3214 4330 3291 4384 sic
3333 4343 3415 4385 τῶ
3455 4332 3849 4401 praecoqnoscat
3887 4341 3937 4383 oo

2482 4417 2656 4487 mod0,
2676 4432 2778 4488 quo
2804 4419 2999 4486 futura
3013 4423 3157 4485 sunt,
3175 4418 3332 4475 rebus
3357 4418 3509 4475 nullo
3531 4422 3697 4491 pacto
3721 4418 3940 4491 imponit

2484 4510 2874 4565 necessitatem.

2493 4667 2678 4752 Resp.
2730 4668 2813 4733 ad
2859 4669 3133 4750 Argum.
3197 4668 3547 4733 Dicendum
3600 4668 3772 4752 quod
3824 4672 3938 4730 tres
3993 4685 4087 4739 idq

2414 4778 2579 4842 circa
2605 4778 2726 4842 hoc
2746 4777 3006 4842 fuerunt
3032 4776 3376 4859 positiones
3402 4775 3447 4838 ⁷.
3478 4775 3748 4853 Quidam
3778 4773 3938 4838 enim
3960 4762 4036 4810 ¹³⁰⁸·

2411 4975 2468 5026 in
2496 4974 2592 5040 IV,
2619 4972 2738 5024 dist.
2757 4985 2839 5026 111
2856 5011 2874 5038 ,
2903 4986 2954 5037 q.
2980 4985 3018 5024 1.
3047 4999 3103 5009 --
3131 4973 3154 5007 ¹
3172 4972 3348 5036 Arist„
3380 4970 3442 5020 de
3476 4972 3818 5036 [interpr-etat..
3859 4981 3940 5018 seu

2411 5039 2516 5111 περὶ
2532 5037 2793 5110 inmodate,
2817 5044 2904 5094 lib.
2938 5044 2954 5093 Ι
2975 5081 2992 5108 ,
3026 5058 3140 5108 cap.
3162 5056 3234 5095 vl.
3258 5071 3320 5081 —
3344 5042 3365 5076 ⁸
3381 5044 3549 5107 Boet.‚
3585 5043 3646 5092 cle
3682 5041 3941 5101 consolat„

2413 5117 2501 5168 lib.
2527 5119 2592 5182 V,
2620 5130 2760 5180 pros.
2781 5118 2827 5166 3.
2848 5142 2912 5153 -
2931 5115 2954 5149 ⁴
2971 5119 3124 5180 Aug„
3151 5114 3213 5165 de
3236 5114 3343 5166 Lib.
3370 5114 3555 5175 Aroit„
3583 5114 3674 5165 lib.
3699 5114 3786 5178 111,
3813 5127 3856 5162 c.
3877 5122 3940 5172 w,

2414 5204 2467 5241 n.
2495 5193 2572 5239 11.
2591 5215 2653 5225 —
2674 5189 2818 5238 ⁸.irt.
2844 5188 3087 5253 praeced.,
3117 5202 3168 5252 q.
3192 5199 3214 5239 1
3241 5191 3294 5237 et
3316 5199 3376 5239 11.
3396 5213 3460 5223 —
3479 5188 3500 5218 ⁸
3522 5187 3697 5249 Arist„
3720 5185 3779 5235 de
3803 5185 3943 5234 Inter·

2409 5263 2615 5327 pretat„
2645 5259 2733 5310 lib.
2762 5261 2810 5322 ι,
2839 5274 2886 5310 c.
2910 5270 2980 5309 v1.
2998 5260 3100 5297 -7
3120 5262 3242 5311 Haec
3263 5258 3419 5309 infert
3447 5261 3685 5324 August„
3720 5257 3779 5307 de
3801 5254 3940 5305 Cim't.

2421 5332 2654 5398 Dei,lib.
2685 5333 2752 5397 V,
2780 5346 2825 5383 c.
2851 5342 2927 5384 11.
