4125 6225
1211 451 1408 518 DIST.
1446 450 1571 515 XL.
1613 449 1801 515 ART.
1844 450 1896 518 Ι.
1938 452 2236 529 QUAEST.
2286 457 2334 521 1.

245 612 355 661 nem
374 590 444 656 ad
479 588 1010 673 praedestinatum
1041 612 1057 653 ε
1090 588 1199 653 sed
1243 587 1458 652 omnis
1499 585 1721 649 relatio

245 703 380 788 ponit
399 704 746 782 respectum
768 716 1024 779 vem,
1055 698 1163 763 vel
1204 697 1272 762 in
1308 701 1581 778 utroque
1608 713 1722 759 ex-

243 818 555 887 tremorum,
585 807 692 870 vel
709 807 936 870 saltem
962 806 1033 870 in
1050 806 1247 869 altero
1270 828 1287 883 3
1319 803 1430 868 sed
1455 801 1724 887 praedes·

245 918 414 984 tinctio
434 933 561 979 non
585 917 796 998 potest
820 933 1053 979 verum
1090 916 1451 996 respectum
1488 927 1723 994 ponere

246 1024 297 1087 in
315 1018 813 1104 praedestinante:
848 1036 1008 1099 ergo
1026 1017 1203 1101 ponit
1229 1020 1586 1098 respectum
1615 1031 1727 1077 ve-

246 1147 358 1194 rum
385 1128 444 1191 in
487 1126 945 1209 praedestinato
977 1143 996 1187 ι
1032 1124 1143 1189 sed
1172 1141 1371 1187 verus
1410 1124 1730 1205 respectus

244 1256 343 1301 non
369 1234 659 1299 fundatur
680 1280 698 1311 ‚
745 1232 872 1297 nisi
918 1250 1114 1316 supra
1151 1230 1306 1314 quid
1352 1232 1633 1294 creatum
1668 1231 1731 1290 et

245 1341 557 1426 temporale.

302 1455 351 1515 2.
375 1448 542 1527 Item,
573 1446 1045 1531 praedestinatio
1067 1445 1370 1528 importat
1391 1442 1727 1519 actionem,

244 1561 290 1623 et
308 1557 461 1621 omni
483 1554 720 1620 actioni
744 1554 1083 1637 respondet
1106 1552 1315 1635 passio
1348 1570 1366 1614 z
1396 1568 1545 1614 cum
1575 1565 1733 1630 ergo

244 1664 371 1730 cetto
399 1667 455 1728 et
475 1663 682 1746 passio
703 1680 838 1726 non
867 1663 993 1725 sint
1022 1660 1090 1723 in
1123 1659 1346 1724 eodem
1371 1706 1389 1735 ,
1420 1657 1573 1740 quia
1601 1673 1731 1719 non

243 1776 313 1838 est
333 1772 481 1837 idem
504 1770 966 1855 praedestinans
986 1774 1050 1833 et
1075 1767 1583 1852 praedesfinatUS,
1619 1782 1732 1828 ne-

242 1898 377 1944 coese
397 1884 482 1943 aet
514 1878 690 1962 quod
723 1877 806 1941 sit
833 1877 902 1941 in
934 1876 1060 1941 alio
1095 1898 1111 1940 ε
1142 1875 1251 1939 sed
1273 1872 1447 1938 aliud
1476 1890 1608 1938 non
1641 1874 1737 1936 est

242 1985 339 2049 nisi
371 1985 510 2069 quid
539 1983 891 2068 temporale
931 1987 996 2048 et
1021 1986 1305 2047 creatum
1335 1999 1354 2044 ε
1383 1998 1541 2061 ergo
1567 1996 1737 2063 prae-

241 2092 524 2157 destinatio
549 2093 853 2176 importat
881 2090 1034 2174 quid
1071 2089 1420 2174 temporale
1456 2090 1519 2152 et
1561 2105 1735 2152 crea-

241 2204 393 2263 tum:
419 2217 570 2281 ergo
595 2217 732 2264 non
758 2202 854 2263 est
883 2202 1147 2262 aeterna.

303 2311 355 2370 3.
382 2306 528 2371 Item
549 2354 567 2384 ,
594 2306 1067 2391 praedestinatio
1101 2305 1404 2388 importat
1448 2303 1739 2367 ordinem

242 2419 701 2501 praedestinantis
725 2419 808 2483 ad
836 2418 1357 2502 praedestinatum
1391 2436 1408 2479 :
1441 2420 1556 2480 aut
1578 2434 1739 2499 ergo

244 2526 549 2590 secundum
576 2544 712 2590 esse
755 2526 929 2608 quod
974 2525 1171 2588 habet
1195 2524 1263 2587 in
1302 2523 1427 2587 Deo
1448 2571 1466 2603 ,
1498 2526 1609 2586 aut
1635 2540 1740 2588 se-

245 2634 488 2697 eundum
532 2652 666 2699 esse
719 2633 896 2715 quod
938 2632 1132 2697 habet
1187 2631 1260 2694 in
1312 2630 1569 2714 proprio
1618 2649 1735 2712 ge-

243 2757 369 2805 nere
405 2763 420 2805 :
468 2760 594 2806 non
636 2740 995 2805 secundum
1039 2756 1177 2803 esse
1217 2737 1390 2821 quod
1431 2737 1624 2801 habet
1667 2738 1737 2800 in

244 2845 348 2912 Deo
364 2897 383 2927 ,
418 2849 564 2931 quia
617 2848 710 2913 sic
758 2850 854 2912 θεῖ
903 2846 1074 2912 Deus
1090 2892 1113 2925 ,
1161 2848 1226 2909 et
1274 2863 1407 2909 non
1457 2843 1746 2926 sequitur

245 2952 416 3018 Deum
444 2977 462 3018 ι
490 2973 642 3037 ergo
666 2954 1024 3019 secundum
1066 2971 1202 3017 esse
1246 2952 1418 3034 quod
1440 2951 1635 3014 habet
1677 2952 1744 3013 in

246 3064 468 3146 proprio
499 3081 730 3146 genere
764 3082 783 3127 ε
809 3062 920 3128 sed
944 3080 1077 3127 esse
1103 3060 1274 3144 quod
1296 3059 1487 3125 habet
1510 3059 1578 3123 in
1606 3077 1747 3143 pro-

245 3172 361 3253 prio
383 3190 628 3254 genere,
655 3174 754 3236 est
779 3170 934 3254 quid
959 3169 1305 3253 temporale
1330 3172 1396 3232 et
1415 3170 1698 3232 creatum
1726 3190 1741 3230 ε

246 3295 378 3360 ergo
418 3282 480 3344 et
520 3277 987 3363 praedestinatio
1028 3274 1317 3340 similiter
1345 3293 1364 3337 ε
1394 3277 1458 3339 et
1483 3274 1595 3355 sic,
1624 3277 1744 3338 etc.

309 3390 362 3449 4.
389 3385 565 3466 Item,
596 3385 808 3450 omnis
847 3387 1026 3448 actus
1050 3381 1310 3447 divinus
1348 3381 1462 3464 qui
1487 3400 1619 3445 non
1646 3400 1750 3447 re-

251 3491 496 3558 flectitur
513 3511 701 3576 supra
713 3492 1052 3556 essentiam
1080 3489 1182 3554 vel
1199 3507 1561 3572 personam,
1578 3493 1750 3554 tran·

253 3601 316 3664 sit
335 3605 544 3665 extra:
577 3605 638 3666 et
666 3599 876 3664 omnis
902 3602 1079 3662 actus
1110 3597 1421 3661 transiens
1457 3601 1638 3661 extra
1669 3614 1751 3661 ex

253 3711 504 3791 tempore
525 3708 750 3773 dicitur
774 3706 852 3772 de
878 3706 1005 3770 Deo
1036 3723 1225 3770 :cum
1246 3723 1405 3786 ergo
1428 3704 1752 3788 praedesti-

254 3815 402 3878 natio
424 3834 548 3880 non
589 3816 867 3880 transeat
908 3813 976 3876 in
1020 3830 1352 3895 personam
1399 3813 1504 3876 vel
1539 3830 1752 3877 essen-

254 3919 408 4002 fiam,
443 3921 545 3987 sed
563 3927 762 4001 extra,
798 3938 956 4002 ergo
982 3924 1076 3984 est
1103 3919 1491 4002 temporalis.

320 4032 377 4092 5.
401 4028 570 4109 Item,
597 4029 1059 4113 praedestinatio
1086 4032 1177 4092 est
1199 4025 1619 4110 praeparatio:
1646 4026 1755 4090 sed

257 4135 398 4198 nihil
435 4137 647 4201 dicItur
691 4136 1039 4220 praeparari
1056 4184 1073 4215 ,
1110 4139 1453 4217 antequam
1498 4133 1758 4216 inpriat

262 4241 476 4325 aliquid
501 4244 624 4309 fleri
649 4244 1005 4309 secundum
1043 4241 1355 4325 principia
1379 4241 1752 4321 intrinseca;

263 4350 466 4414 artifex
492 4350 649 4415 enim
673 4370 809 4415 non
846 4350 1074 4415 dicitur
1099 4366 1459 4432 praeparare
1493 4348 1758 4412 domum

264 4459 394 4521 ante
415 4457 582 4539 ligna
604 4464 664 4524 et
689 4459 954 4542 lapides,
979 4457 1112 4522 sola
1143 4456 1524 4539 cogitatione
1556 4480 1571 4521 :
1601 4474 1759 4537 ergo

268 4579 495 4630 messe
516 4571 600 4631 aet
621 4566 792 4650 quod
821 4567 1095 4649 ponatur
1124 4565 1194 4630 in
1219 4583 1311 4629 re.

765 4779 1216 4848 CONCLUSIO.

275 4915 642 4978 Proedaeunatio
674 4939 794 4980 cum
826 4925 1082 4995 importet
1118 4937 1185 4978 em
1206 4919 1512 4993 principali
1548 4922 1761 4990 aiquili-

337 5013 445 5065 cato
469 5010 691 5071 divinam
709 5017 1017 5078 essentiam,
1052 5016 1102 5069 et
1128 5028 1195 5069 em
1211 5015 1493 5068 connotato
1519 5013 1759 5080 qratiam

338 5104 384 5155 et
405 5102 640 5172 alm-iam,
676 5109 1079 5174 creaturamque
1104 5101 1424 5158 salvandam
1458 5117 1575 5157 cum
1603 5105 1759 5158 ante-

340 5192 702 5251 cessioneuuius
723 5193 797 5250 ad
813 5194 1064 5260 alterum,
1093 5192 1222 5246 talis
1238 5207 1359 5247 vero
1383 5194 1664 5248 antecessio
1687 5193 1763 5248 sit

340 5283 543 5345 aterna,
567 5285 676 5355 ipsa
696 5299 899 5357 quoque
928 5282 1131 5338 dicitur
1157 5281 1288 5352 quid
1312 5287 1585 5339 ceter-num.

351 5423 525 5511 Resp.
547 5432 614 5500 ad
633 5432 789 5514 Arg.
818 5429 1169 5498 Dicendum
1193 5428 1367 5511 quod
1390 5428 1460 5493 in
1483 5427 1763 5511 praedes-

3286 472 3368 532 95

1777 610 1784 619 ·
1829 586 2133 654 tiuatione
2157 609 2291 656 non
2316 598 2465 657 sunt
2484 592 2609 656 nisi
2633 594 2781 677 dun,
2808 590 3039 663 scilicet
3059 605 3368 665 connota-

1829 696 2002 773 tum,
2042 700 2109 761 et
2144 699 2489 783 principale
2532 700 2985 782 significatum.
3033 704 3375 788 Significa-

1831 802 1974 864 tum
1999 804 2344 889 principale
2370 810 2463 871 est
2488 807 2706 873 divina
2732 812 3041 875 essentia:
3073 818 3374 880 connota-

1833 910 1975 973 tum
2002 930 2153 976 vero
2184 916 2277 976 est
2303 920 2622 994 creatura,
2654 920 2732 979 ut·
2765 918 3005 998 gratia,
3046 925 3108 985 et
3134 921 3374 1003 gloria,

1834 1020 1898 1078 et
1924 1036 2194 1099 persona
2226 1020 2530 1085 salvanda
2561 1044 2576 1085 :
2625 1027 2689 1088 et
2727 1023 2867 1088 haec
2909 1025 3036 1091 duo
3076 1028 3380 1111 importat

1834 1125 2302 1206 praedestinatio
2325 1176 2344 1204 ,
2414 1147 2565 1193 cum
2637 1132 2861 1196 ordine
2931 1137 3379 1202 antecessionis

1835 1230 2032 1295 unius
2088 1233 2169 1297 ad
2220 1235 2492 1299 alterum
2515 1285 2532 1313 ,
2589 1239 2838 1304 ratione
2893 1244 3376 1327 praepositioniS.

1840 1336 2155 1414 Quoniam
2203 1358 2360 1423 ergo
2405 1343 2835 1424 significatum
2890 1349 3237 1431 principale
3288 1356 3386 1415 est

1841 1448 2156 1510 aeternum
2176 1495 2193 1526 ,
2232 1446 2322 1511 ita
2360 1450 2827 1531 praedestinatio
2867 1458 2961 1516 est
2994 1456 3150 1537 quid
3190 1461 3383 1521 aeter-

1840 1571 2022 1616 num.
2053 1552 2317 1635 RursuS,
2347 1558 2651 1638 quoniam
2676 1560 2978 1642 importat
3003 1564 3383 1629 antecessio-

1842 1680 1992 1725 nem
2020 1662 2359 1743 significati
2391 1665 2473 1729 ad
2501 1671 2943 1747 connotatum,
2974 1674 3037 1733 et
3064 1670 3172 1733 illa
3198 1675 3385 1736 ante·-

1843 1768 2038 1832 cessio
2064 1774 2158 1833 est
2186 1770 2265 1833 ab
2294 1775 2565 1851 aetern03
2606 1793 2764 1856 ergo
2789 1776 3264 1859 praedestInatio
3291 1781 3387 1840 est

1843 1875 1998 1958 quid
2022 1879 2339 1941 aeternum
2366 1883 2428 1942 et
2458 1880 2539 1943 ab
2569 1884 2830 1947 aeterno.
2862 1881 2942 1947 Et
2968 1884 3383 1948 concedendae

1843 1988 1996 2050 sunt
2018 1987 2299 2051 rati0nes
2323 1988 2402 2051 ad
2428 1989 2572 2054 hoc.

1925 2097 1985 2156 1.
2035 2093 2133 2157 Ad
2174 2094 2333 2160 illud
2371 2096 2544 2177 quod
2584 2097 2882 2180 objicitur
2928 2100 3005 2165 de
3040 2100 3343 2166 relatione
3362 2150 3381 2181 ,

1844 2197 2189 2263 dIcendum
2229 2201 2401 2282 quod
2427 2220 2530 2267 res
2546 2252 2565 2284 ,
2595 2204 2729 2269 sive
2755 2207 2976 2271 relatio
3000 2255 3017 2284 ‚
3058 2212 3261 2289 potest
3291 2207 3386 2270 si-

1846 2305 2142 2387 gnificari
2170 2307 2238 2369 In
2256 2307 2381 2372 Deo
2399 2308 2733 2392 dupliciter
2752 2331 2768 2375 :
2793 2314 2898 2377 vel
2917 2319 3205 2396 respectu
3230 2317 3389 2380 exis·

1846 2415 2035 2478 tentis
2061 2414 2130 2478 in
2154 2420 2331 2493 actu,
2361 2418 2466 2481 vel
2506 2425 2796 2502 respectu
2824 2421 3151 2486 existentis
3177 2422 3243 2487 in
3274 2443 3390 2506 po-

1846 2521 2045 2586 tentia
2067 2570 2085 2601 ,
2115 2521 2317 2585 futuri
2342 2522 2683 2607 aliquando
2712 2527 2781 2589 in
2809 2533 2953 2591 actu
2985 2550 3001 2592 ε
3033 2532 3099 2592 et
3135 2531 3390 2612 quaudo

1849 2634 1944 2694 est
1968 2636 2259 2713 respectu
2285 2633 2615 2696 existentis
2642 2634 2713 2697 in
2736 2638 2883 2698 actu
2901 2683 2920 2713 ,
2955 2638 3109 2700 tunc
3137 2656 3392 2702 necesse

1850 2738 2124 2821 estquod
2144 2740 2516 2823 respondeat
2532 2759 2726 2806 verus
2748 2746 3069 2825 respectus
3091 2765 3108 2821 ;
3133 2745 3392 2826 quando

1849 2835 2006 2909 vero
2032 2852 2320 2930 respectu
2346 2847 2671 2911 existentis
2704 2847 2777 2911 in
2806 2849 3121 2930 potentia,
3158 2851 3395 2915 sufficit

1851 2953 2022 3035 quod
2035 2953 2410 3036 respondeat
2428 2955 2497 3017 in
2515 2954 2795 3037 potentia
2815 2977 2830 3019 ε
2853 2959 2916 3019 et
2936 2954 3075 3019 talis
3092 2956 3397 3021 fundatur

1851 3076 2050 3144 supra
2067 3079 2180 3125 ens
2200 3060 2269 3125 in
2288 3060 2567 3145 potentia
2584 3083 2601 3125 :
2627 3064 2692 3126 et
2706 3060 2848 3127 ideo
2865 3064 3012 3128 actu
3028 3062 3193 3128 nihil
3214 3063 3398 3146 ponIt

1851 3167 1980 3232 nisi
2008 3166 2234 3233 Deum.

1935 3278 1997 3339 Ξ.
2038 3275 2137 3341 Ad
2164 3274 2325 3339 illud
2348 3274 2524 3358 quod
2547 3275 2847 3357 objicitur
2879 3276 2957 3341 de
2985 3276 3264 3359 actione,
3295 3278 3397 3344 di-

1855 3381 2160 3462 cendum,
2198 3382 2365 3465 quod
2399 3387 2492 3447 est
2528 3382 2694 3446 actio
2732 3383 3087 3448 secundum
3121 3403 3260 3449 rem
3278 3433 3298 3466 ,
3336 3390 3400 3452 et

1856 3493 1951 3554 est
1976 3490 2140 3556 actio
2168 3490 2519 3556 secundum
2544 3490 2835 3554 modum.
2877 3490 3127 3555 Actioni
3163 3510 3399 3556 secun-

1859 3598 2016 3662 dum
2040 3616 2211 3678 rem,
2242 3616 2390 3681 quae
2418 3601 2512 3662 est
2545 3597 2934 3680 principium
2968 3597 3247 3661 efficiens
3281 3598 3401 3662 ali-

1857 3704 2044 3787 quid,
2079 3705 2415 3787 respondet
2452 3705 2660 3786 passio
2698 3703 2997 3768 differens
3043 3702 3396 3767 secundum

1859 3829 2021 3892 rem,
2052 3814 2126 3875 ut
2149 3811 2453 3875 creationi
2482 3811 2739 3887 creati0,
2770 3811 2999 3875 actioni
3027 3812 3254 3894 passi0.
3282 3812 3401 3875 Ac-

1858 3919 2021 3984 tioni
2050 3937 2204 3984 vero
2231 3918 2586 3982 secundum
2614 3920 2880 3982 modum
2909 3937 3041 3982 non
3065 3919 3404 4001 respondet

1860 4028 1984 4092 nisi
2022 4027 2230 4110 passio
2265 4025 2617 4091 secundum
2649 4026 2916 4090 modum
2949 4026 3247 4090 differens
3267 4074 3284 4103 ,
3329 4028 3404 4089 ut

1863 4135 2246 4218 cognitionis
2259 4134 2490 4199 actioni
2503 4134 2702 4215 ipsius
2718 4132 2827 4197 Dei
2836 4132 3172 4215 respondet
3187 4133 3403 4214 ipsum

1865 4241 2183 4322 cognosci,
2204 4243 2267 4304 et
2283 4240 2406 4304 hoc
2425 4224 2684 4322 quidem
2706 4238 2957 4303 realiter
2972 4256 3107 4303 non
3127 4243 3220 4302 est
3231 4237 3405 4303 aliud

1864 4348 2215 4413 secundum
2255 4348 2523 4412 modum
2554 4369 2569 4411 t
2601 4346 2906 4430 quoniam
2947 4364 3105 4428 ergo
3134 4346 3408 4429 praedes-

1864 4455 2089 4519 tinatio
2125 4472 2256 4520 non
2298 4454 2599 4536 importat
2634 4453 2757 4517 nisi
2796 4453 3366 4536 praecognitionem
3384 4500 3404 4533 ,

1866 4562 2001 4627 sive
2027 4561 2255 4642 active,
2285 4561 2421 4626 sive
2444 4559 2723 4644 passive,
2752 4560 2894 4625 ideo
2918 4563 3012 4626 est
3038 4560 3194 4645 quid
3217 4564 3411 4625 aeter-

1866 4688 2050 4748 num,
2079 4672 2142 4732 et
2167 4687 2298 4733 non
2322 4672 2415 4733 est
2439 4668 2613 4733 aliud
2640 4687 2836 4751 quam
2863 4669 3050 4733 Deus,

1950 4783 2010 4843 3.
2043 4778 2140 4843 Ad
2167 4771 2323 4842 illud
2359 4776 2530 4860 quod
2566 4776 2861 4858 objicitur
2890 4776 2967 4840 de
3006 4776 3227 4840 ordine
3248 4824 3266 4856 ,
3310 4775 3411 4840 di·-

1870 4887 2173 4966 cendum‚
2204 4885 2372 4969 quod
2406 4888 2501 4949 est
2536 4885 2693 4949 ordo
2728 4883 3083 4948 secundum
3113 4883 3413 4948 nohilita—

1868 4999 2025 5076 tem,
2052 5001 2117 5060 et
2142 4994 2495 5060 secundum
2534 4993 2934 5057 durationem
2974 5014 2991 5056 ι
3034 4995 3098 5056 et
3123 4991 3277 5056 ordo
3305 5010 3409 5057 se-

1872 5102 2156 5167 cundum
2191 5101 2586 5166 nobilitatem
2620 5100 2798 5184 ponit
2831 5104 3119 5163 extrema
3157 5097 3351 5163 simul
3391 5120 3406 5164 ε

1873 5210 2029 5275 ordo
2071 5227 2226 5274 vero
2265 5208 2614 5273 secundum
2658 5206 3061 5272 durati0nem
3083 5254 3100 5283 ,
3149 5225 3225 5270 eo
3273 5207 3411 5290 ipso

1875 5318 2044 5401 quod
2067 5317 2221 5381 ordo
2238 5319 2355 5396 est,
2381 5315 2561 5400 ponit
2575 5318 2858 5380 extrema
2876 5331 3008 5377 non
3029 5331 3168 5378 esse
3185 5314 3410 5394 simu13

1876 5429 1940 5491 et
1988 5423 2340 5490 secundum
2387 5422 2698 5486 rationem
2752 5419 3166 5487 antecedendi
3186 5470 3207 5503 ,
3260 5421 3415 5487 ordo
