4125 6225
1020 441 1403 508 DISTINCT.
1443 444 1492 508 Ι.
1537 442 1771 511 PART.
1815 444 1892 510 11.
1938 445 2121 511 ART.
2166 446 2217 510 Ι.
2257 444 2553 524 QUAEST.
2595 445 2671 511 11.

244 569 507 634 artificis
532 571 970 638 manifestatur
994 576 1063 638 in
1089 577 1329 641 ordinis
1354 578 1732 661 perfectione
1759 601 1776 647 z

246 677 457 741 omnis
508 683 722 744 autem
766 682 921 747 ordo
961 683 1152 749 habet
1191 685 1268 749 de
1311 687 1677 752 necessitate
1720 690 1782 752 et

243 802 579 849 summum
620 792 685 850 et
705 789 1025 869 medium,
1069 795 1132 855 et
1169 792 1493 859 infimum.
1524 794 1591 859 Si
1623 813 1781 877 ergo

245 890 546 956 infimum
585 898 678 958 est
721 900 949 961 natura
984 917 1145 981 pure
1192 901 1553 983 corporalis,
1595 920 1780 966 sum-

246 1018 433 1063 mum
472 1005 702 1068 natura
727 1006 1094 1087 spirituaIiS‚
1119 1009 1406 1073 medium
1436 1010 1781 1092 composita

246 1126 330 1171 ex
368 1112 672 1191 utraque;
715 1111 840 1175 nisi
885 1114 1024 1177 haec
1069 1116 1288 1179 omnia
1327 1116 1596 1196 fecisset,
1649 1135 1782 1181 non

243 1217 683 1282 ostenderetur
706 1221 975 1301 perfecte
1003 1220 1112 1285 Dei
1133 1223 1470 1306 sapientia:
1503 1225 1781 1306 oportuit

247 1323 453 1405 igitur
479 1325 619 1390 baec
644 1329 859 1393 omnia
887 1330 1049 1394 fieri.
1078 1329 1255 1395 Unde
1291 1331 1697 1414 Augustinus
1715 1334 1772 1397 ¹:

254 1453 283 1491 α
322 1432 462 1497 Duo
485 1434 709 1515 fecisti,
735 1436 1024 1518 Domine,
1044 1457 1250 1503 unum
1277 1458 1473 1522 prope
1498 1444 1583 1520 te,
1605 1439 1778 1505 aliud

243 1559 440 1623 prope
471 1543 655 1607 nihil.
684 1567 716 1604 n

326 1648 485 1713 Item
534 1651 735 1716 Deum
779 1653 989 1718 decuit
1029 1655 1117 1719 sic
1160 1673 1262 1720 res
1304 1655 1670 1738 producere,
1703 1660 1778 1720 ut

244 1758 756 1824 manifestaretur
810 1764 949 1843 ejus
1000 1762 1247 1827 bonitas
1289 1784 1303 1826 :
1365 1764 1474 1828 sed
1529 1764 1777 1828 bonitas

244 1865 528 1929 consistit
547 1866 614 1929 in
639 1867 976 1932 diffusione
993 1874 1057 1933 et
1077 1870 1649 1935 communicatione
1676 1872 1776 1936 sui

243 1972 312 2034 in
337 1973 652 2039 alterum:
685 1977 738 2039 si
767 1994 924 2058 ergo
969 1996 1086 2042 sua
1119 1979 1369 2042 bonitas
1396 1979 1678 2042 consistit
1707 1980 1774 2043 in

241 2083 819 2147 communicatione
854 2087 1033 2147 actus
1076 2086 1478 2165 nobilissimi,
1525 2086 1636 2169 qui
1682 2090 1777 2151 est

238 2186 460 2252 vivere
496 2192 559 2253 et
595 2189 945 2271 intelligere
961 2238 978 2269 ,
1008 2191 1216 2255 decuit
1254 2196 1327 2255 ut
1363 2211 1495 2256 non
1521 2198 1772 2258 tantum

240 2294 417 2361 daret
440 2296 550 2359 alii
582 2298 926 2379 potentiam
967 2299 1224 2363 vivendi
1257 2303 1322 2363 et
1353 2300 1770 2381 intelligendi,

238 2402 344 2467 sed
376 2405 573 2467 etiam
609 2406 954 2487 potentiam
981 2406 1085 2469 alii
1123 2408 1656 2473 communicandi.
1706 2408 1773 2473 Si

240 2527 393 2591 ergo
422 2511 652 2575 vivens
675 2518 738 2576 et
762 2512 1121 2595 intelligens
1148 2521 1242 2578 est
1267 2515 1615 2580 substantia
1641 2517 1775 2598 spi-

237 2618 509 2697 ritualiS,
542 2619 712 2702 quod
742 2626 958 2685 autem
993 2622 1382 2702 vivificatur,
1429 2628 1491 2687 et
1531 2642 1644 2705 per
1670 2624 1773 2687 in-

238 2725 559 2791 tellectum
608 2728 962 2808 perficitur,
1017 2733 1111 2792 est
1164 2747 1426 2811 corpus3
1486 2749 1643 2812 ergo
1692 2732 1772 2796 ad

237 2834 580 2915 perfectam
600 2834 896 2898 bonitatis
923 2836 1496 2901 manifestationem
1520 2857 1772 2902 necesse

236 2941 355 3003 fuit
381 2941 527 3005 fieri
567 2942 980 3007 substantiam
1028 2943 1420 3026 spiritualem
1447 2948 1510 3009 et
1543 2964 1772 3029 corpo-

236 3049 475 3112 ralem:
508 3049 616 3112 sed
646 3049 785 3114 haec
812 3068 943 3114 non
971 3051 1241 3134 perfecte
1277 3052 1767 3135 manifestarent,

236 3157 355 3219 nisi
402 3175 543 3220 una
587 3157 765 3221 alteri
804 3159 1338 3238 communicaret3
1372 3163 1434 3224 et
1478 3160 1598 3224 hoc
1640 3179 1771 3225 non

234 3266 434 3345 potest
463 3282 601 3328 esse
629 3265 751 3328 nisi
783 3284 896 3347 per
935 3268 1278 3330 unionem:
1327 3285 1484 3349 ergo
1520 3285 1773 3332 necesse

232 3371 350 3435 fuit
369 3372 582 3436 facere
609 3374 1022 3455 compositam
1050 3392 1133 3438 ex
1161 3379 1450 3457 utraque.

307 3478 474 3542 Item
499 3479 622 3542 hoc
646 3499 779 3543 non
806 3481 1013 3545 solum
1042 3482 1291 3546 videtur
1318 3482 1561 3547 ratione
1586 3482 1771 3548 theo-

228 3583 471 3666 logica,
517 3587 627 3651 sed
666 3588 855 3651 etiam
892 3588 1356 3672 philosophica;
1397 3590 1550 3672 quia
1586 3590 1639 3654 si
1675 3593 1770 3654 est

230 3710 469 3774 ponere
507 3712 707 3757 unam
736 3694 1161 3760 differentiam
1186 3697 1674 3774 contrarietatis,
1706 3701 1769 3761 et

232 3802 536 3865 alteram:
567 3802 623 3865 si
649 3821 807 3884 ergo
842 3803 1196 3886 corporale,
1226 3809 1287 3868 et
1312 3804 1672 3886 spirituale:
1706 3809 1769 3869 et

230 3908 283 3972 si
307 3927 547 3991 ponere
585 3914 679 3974 est
705 3913 990 3975 extrema
1017 3911 1485 3994 componibilia‚
1516 3930 1674 3992 ergo
1705 3915 1770 3976 et

232 4018 554 4083 medium:
585 4035 764 4098 ergo,
793 4021 913 4081 etc.

790 4266 1240 4336 CONCLUSIO.

234 4438 356 4495 Cum
382 4440 628 4496 universi
659 4439 920 4510 perfectio
948 4440 1023 4494 iis
1050 4438 1223 4494 tribus
1250 4438 1607 4510 compleatur,
1646 4455 1763 4496 am-

303 4529 443 4585 bit-us
479 4527 877 4600 amplitudine,
920 4528 1126 4584 ordinis
1150 4531 1498 4599 sufficientia,
1529 4535 1581 4586 et
1610 4530 1764 4585 boni·-

301 4621 433 4674 tatis
468 4619 794 4688 influentia,
832 4618 932 4673 hac
972 4619 1185 4689 triplici
1226 4618 1537 4675 substantia
1583 4619 1767 4676 debuit

298 4711 521 4777 ornari,
552 4707 878 4780 spirituali,
904 4709 1204 4780 corporali,
1235 4713 1287 4765 et
1315 4711 1513 4766 mixta.

306 4866 494 4951 Raep.
525 4867 607 4931 ad
630 4867 791 4949 Arg.
826 4867 1173 4932 Dicendum
1199 4859 1370 4951 quod
1410 4869 1491 4933 ad
1520 4870 1766 4952 perfec-

229 4973 465 5038 tionem
479 4973 766 5038 universi
778 4974 906 5039 hoc
925 4975 1159 5058 triplex
1175 4994 1383 5058 genus
1399 4977 1765 5042 substantiae

229 5081 604 5163 requiritur,
634 5085 699 5144 et
736 5081 860 5145 boc
893 5087 1150 5165 propter
1184 5083 1495 5166 triplicem
1524 5087 1765 5168 perfec-

228 5185 466 5251 tionem
509 5187 795 5252 universi
808 5236 825 5267 ,
865 5207 1013 5272 quae
1050 5190 1397 5255 attenditur
1429 5191 1500 5255 in
1534 5193 1764 5276 ampli-

226 5293 446 5358 tudine
504 5295 783 5360 ambitus
800 5343 819 5376 ,
884 5297 1264 5362 sufficientia
1319 5300 1560 5366 ordinis
1579 5350 1599 5381 ,
1659 5301 1763 5365 in-

291 5419 480 5484 ¹ling„
510 5420 731 5482 consess.
759 5420 986 5486 unxit,
1015 5437 1062 5472 ο.
1082 5433 1178 5489 vn,
1204 5435 1260 5474 n.
1279 5425 1327 5474 7.
1482 5409 1492 5419 '

1777 5479 1843 5491 ο...-

3313 457 3431 518 263

1891 580 2158 646 fluentia
2183 581 2512 646 bonitatis:
2539 580 2610 646 in
2635 581 2872 665 quibus
2899 583 3106 647 tribus
3131 586 3433 667 exprimit

1890 688 1961 753 in
2004 707 2196 754 causa
2237 690 2548 772 triplicem
2606 690 3053 772 perlectionem
3075 741 3095 773 ,
3139 692 3431 760 videlicet

1887 797 2234 880 sapientiae,
2253 797 2550 879 potentiae
2577 800 2641 860 et
2661 797 2975 862 bonitatis.
2999 797 3179 865 Unde
3203 819 3426 868 conce-

1888 905 2112 969 dendae
2139 910 2290 969 sunt
2312 904 2585 969 rationes
2617 904 2695 969 ad
2722 905 2844 969 hoc
2867 906 3163 972 inductae.

1971 1016 2029 1075 1.
2076 1011 2257 1089 Quod
2285 1012 2602 1094 obiicitur,
2632 1013 2804 1094 quod
2828 1012 2896 1075 in
2927 1014 3226 1097 operibus
3251 1014 3428 1083 salva

1888 1119 2074 1183 debet
2100 1136 2233 1183 esse
2273 1118 2613 1198 ordinatio,
2645 1122 2718 1184 ut
2742 1120 2960 1185 omnia
2985 1121 3145 1184 flant
3170 1123 3427 1205 propter

1889 1226 2175 1290 divinam
2222 1226 2568 1293 bonitatem
2614 1227 3149 1309 participandam;
3207 1227 3426 1293 dicen-

1886 1333 2042 1396 dum
2071 1332 2241 1414 quod
2268 1332 2409 1395 fleri
2455 1336 2710 1414 propter
2750 1332 3036 1396 divinam
3078 1334 3425 1398 bonitatem

1886 1442 1981 1502 est
2003 1438 2370 1520 dupliciter:
2408 1443 2521 1504 aut
2545 1440 3020 1519 ostendendam,
3052 1439 3229 1503 etsie
3264 1439 3426 1504 facta

1887 1549 2037 1609 sunt
2054 1548 2305 1624 cuncta,
2328 1545 2545 1609 omnia
2562 1545 2735 1609 enim
2753 1545 3036 1610 divinam
3054 1545 3426 1627 exprimunt

1885 1652 2270 1733 bonitatem3
2299 1655 2416 1716 aut
2437 1652 2959 1734 participandam,
2991 1657 3052 1716 et
3074 1652 3196 1717 hoc
3218 1652 3425 1735 dupli-

1884 1754 2078 1823 citer:
2127 1763 2239 1822 aut
2283 1758 2436 1840 quia
2471 1761 2623 1822 sunt
2663 1762 2813 1821 nata
2862 1757 3268 1841 participare,
3314 1764 3427 1823 aut

1884 1865 2038 1948 quia
2068 1866 2356 1930 serviunt
2389 1864 2933 1947 participantibus.
2978 1863 3194 1928 Primo
3234 1866 3424 1932 modo

1884 1972 2155 2037 conditae
2181 1978 2329 2035 sunt
2373 1973 2680 2035 creaturae
2719 1970 3082 2053 spirituales
3098 1971 3424 2050 ;.secundo

1884 2079 2095 2159 mod0,
2126 2078 2479 2161 corporales
2510 2100 2524 2141 :
2558 2078 2715 2160 ipsae
2757 2082 2972 2141 tamen
2993 2077 3209 2160 aliquo
3232 2079 3424 2143 modo

1882 2185 2300 2268 participant3
2349 2183 2459 2247 sed
2530 2183 2600 2245 in
2661 2201 2887 2249 earum
2948 2184 3424 2266 participatione

1881 2296 2083 2356 status
2111 2310 2243 2356 non
2270 2295 2382 2371 est,
2408 2290 2518 2355 sed
2545 2290 2876 2355 ordinatur
2900 2291 2980 2355 ad
3021 2292 3419 2357 ulteriorem.

1962 2404 2022 2465 2.
2070 2399 2247 2477 Quod
2270 2398 2590 2481 objicitur,
2619 2398 2791 2481 quod
2815 2397 2884 2461 in
2910 2400 3089 2462 omni
3111 2402 3421 2483 conjunc-

1879 2513 2051 2576 tione
2082 2513 2266 2577 debet
2293 2529 2428 2576 esse
2465 2511 2642 2576 salva
2677 2512 3036 2593 proporti03
3078 2511 3420 2578 dicendum

1881 2626 1975 2684 est
2000 2621 2170 2704 quod
2208 2621 2278 2683 in
2317 2620 2762 2702 conjunctione
2808 2619 3044 2683 animae
3072 2619 3153 2684 ad
3193 2638 3423 2703 corpus

1879 2730 2054 2794 salva
2082 2733 2175 2793 est
2209 2729 2530 2812 proportio
2544 2776 2563 2807 ,
2605 2731 2670 2791 et
2701 2727 2988 2791 absolute
3009 2774 3026 2805 ,
3058 2731 3121 2791 et
3154 2728 3222 2791 in
3253 2728 3423 2793 rela-

1878 2836 2052 2900 tione
2098 2836 2179 2900 ad
2228 2836 2424 2899 finem
2456 2852 2473 2897 :
2531 2832 2818 2897 absolute
2837 2881 2856 2911 ,
2912 2851 3063 2896 nam
3122 2835 3423 2916 quamvis

1879 2960 2254 3024 supremum
2310 2941 2568 3024 spiritus
2590 2988 2608 3019 ,
2667 2944 2730 3004 et
2779 2940 3079 3004 infimum
3135 2941 3419 3023 corporis

1880 3048 2151 3115 multam
2188 3050 2463 3114 habeant
2499 3048 3012 3132 elongationem3
3053 3052 3271 3114 tamen
3305 3068 3418 3114 su·-

1878 3176 2175 3240 premum
2199 3158 2499 3240 corporiS,
2527 3160 2591 3221 et
2615 3157 2914 3220 infimum
2942 3156 3204 3238 spiritus
3228 3173 3416 3219 sum-

1878 3283 2054 3329 mam
2122 3265 2359 3329 habent
2422 3264 2838 3328 vicinitatem.
2914 3263 3185 3346 Spiritus
3250 3262 3428 3327 enim

1838 3447 1853 3466 ο
1879 3372 2174 3436 animalis
2192 3373 2327 3436 sive
2351 3372 2676 3437 rationalis
2694 3372 2884 3436 habet
2899 3371 3246 3455 potentiam
3265 3371 3427 3438 vivi-

1876 3479 2109 3543 ficandi
2137 3528 2156 3560 ,
2215 3480 2562 3561 potentiam
2625 3479 2962 3560 vegetandi
2979 3526 2998 3558 ,
3051 3480 3115 3542 et
3173 3478 3425 3542 sensifi-

1878 3587 2092 3665 candi3
2129 3603 2358 3669 corpus
2388 3589 2602 3650 autem
2633 3586 2998 3649 humanum
3026 3585 3219 3648 habet
3240 3603 3423 3648 com-

1875 3694 2192 3777 plexionis
2246 3694 2673 3776 aequalitatem
2690 3740 2708 3773 ,
2762 3691 2956 3756 habet
3021 3710 3416 3773 organorum

1877 3801 2427 3882 multiplicitatem,
2448 3800 2640 3864 habet
2656 3817 2880 3864 rursus
2902 3799 3245 3881 spirituum
3273 3799 3420 3863 sub·

1873 3908 2196 3987 tilitatem,
2249 3912 2311 3972 et
2361 3907 2715 3979 secundum
2755 3907 3068 3990 triplicem
3114 3906 3415 3971 differen-

1875 4014 2031 4077 tiam
2053 4037 2069 4077 :
2095 4015 2288 4079 habet
2308 4016 2479 4078 enim
2500 4015 2798 4097 spiritum
2814 4013 3097 4093 vitalem,
3116 4013 3414 4096 spiritum

1873 4121 2260 4201 naturalem,
2295 4125 2359 4184 et
2393 4121 2688 4204 spiritum
2732 4120 3098 4185 animalem.
3146 4119 3413 4202 Compa-

1874 4229 2074 4294 rando
2091 4229 2184 4310 igi
2191 4233 2293 4293 tur
2311 4229 2817 4312 complexionem
2844 4228 3158 4310 aequalem
3178 4227 3257 4291 ad
3274 4226 3414 4291 vim

1871 4336 2328 4403 vivificativam
2363 4355 2475 4419 per
2511 4337 2797 4402 medium
2826 4339 2889 4400 et
2924 4335 3257 4401 vinculum
3281 4334 3413 4417 spi-

1872 4444 2037 4508 ritus
2075 4444 2286 4507 vitalis
2302 4492 2321 4524 ,
2365 4443 2645 4526 optimus
2691 4447 2787 4509 est
2829 4461 3059 4508 nexus,
3108 4441 3413 4508 Similiter

1873 4552 2297 4634 comparando
2323 4569 2455 4615 non
2479 4551 2689 4616 solum
2716 4549 3175 4634 complexionis
3196 4568 3412 4632 aequa-

1870 4659 2137 4738 litatem,
2163 4659 2271 4723 sed
2294 4662 2358 4723 et
2383 4659 2945 4741 organizationem,
2976 4664 3040 4724 et
3076 4658 3411 4741 organiza-

1872 4766 2060 4831 tionis
2114 4767 2562 4849 perfectionem
2617 4768 2696 4833 ad
2757 4767 2893 4833 vim
2954 4767 3296 4850 vegetandi
3349 4770 3412 4831 et

1871 4874 2184 4939 sentiendi
2226 4874 2541 4940 mediante
2578 4876 2806 4958 spiritu
2845 4875 3121 4940 naturali
3167 4878 3231 4938 et
3271 4874 3412 4938 ani-

1872 4982 2025 5046 mali
2040 5030 2059 5062 ,
2119 4982 2358 5064 optima
2422 4986 2517 5047 est
2567 4983 2893 5066 proportio
2914 5032 2932 5064 ,
2985 4987 3046 5047 et
3100 4980 3412 5046 mirabilis

1872 5110 2115 5158 nexus:
2145 5093 2317 5157 unde
2342 5092 2504 5157 sicut
2529 5095 2698 5156 terra
2732 5095 2796 5156 et
2833 5090 3026 5173 ignia,
3061 5108 3208 5173 quse
3235 5088 3411 5152 mul-

1818 5185 1833 5259 j
1871 5203 2013 5264 tum
2053 5199 2308 5279 distant,
2355 5202 2697 5264 nectuntur
2725 5199 2963 5282 duplici
3008 5197 3239 5276 medi0,
3276 5214 3410 5261 uno

1832 5325 1837 5332 ·
1872 5308 2043 5390 quod
2073 5308 2283 5389 magis
2313 5306 2747 5370 communicat
2772 5323 2919 5370 cum
2945 5308 3135 5383 terra,
3165 5307 3226 5368 et
3252 5303 3409 5396 reli-

1871 5433 2001 5496 quo
2040 5415 2210 5497 quod
2247 5413 2455 5495 magis
2491 5430 2641 5476 cum
2667 5411 2851 5493 igne3
2882 5411 3169 5478 similiter
3208 5414 3302 5475 est
3339 5410 3404 5474 in
