4125 6225
553 770 761 815 Fundam.

796 424 914 484 170

792 555 1030 620 factum
1075 573 1208 620 non
1249 556 1596 639 impeditur
1641 558 1803 640 quin
1838 557 2049 623 adhuc
2090 558 2327 641 possit:

791 680 950 743 ergo
974 665 1177 745 potest
1202 663 1511 745 quidquid
1541 665 1773 748 potuit.

869 768 990 833 Sed
1026 772 1278 834 contra:
1329 770 1395 835 Si
1422 771 1589 836 Deus
1625 776 1829 855 potest
1865 790 2118 854 semper
2142 772 2334 856 quid-

789 877 943 961 quid
959 878 1166 960 potuit
1183 878 1401 955 semel,
1422 879 1533 944 sed
1551 880 1757 962 potuit
1774 878 2099 944 Christum
2124 898 2333 945 resus-

788 985 980 1048 citare
1007 1002 1044 1047 a
1070 985 1360 1065 mortuis,
1381 990 1443 1050 et
1463 988 1782 1050 mundum
1807 1005 2058 1051 creare:
2085 1005 2243 1069 ergo
2269 991 2332 1052 et

788 1091 979 1155 modo
1014 1095 1253 1174 potest:
1284 1094 1455 1175 quod
1490 1094 1761 1157 stultum
1787 1097 1880 1157 est
1905 1094 2134 1159 dicere.
2171 1094 2329 1158 Item

786 1197 915 1261 sie:
951 1198 1261 1282 quidquid
1299 1200 1495 1265 semel
1524 1204 1748 1283 potest,
1791 1219 2043 1285 semper
2077 1202 2325 1285 potuit:

787 1305 896 1369 sed
923 1306 1111 1369 modo
1146 1311 1349 1390 potest
1375 1308 1693 1372 mundum
1732 1326 2012 1372 creasse:
2050 1327 2210 1390 ergo
2247 1309 2329 1372 ab

787 1416 1030 1476 aeterno
1058 1414 1269 1495 potuit
1298 1430 1566 1479 creasse.

868 1521 1046 1598 Item,
1076 1523 1128 1585 si
1156 1522 1465 1606 quidquid
1491 1529 1698 1607 potest
1714 1526 1933 1605 semel,
1956 1528 2022 1589 et
2049 1543 2324 1608 semper,

784 1629 892 1693 sed
911 1633 1060 1693 ante
1077 1630 1392 1695 mundum
1409 1633 1615 1714 potuit
1631 1635 1833 1698 facere
1853 1633 2023 1716 quod
2043 1633 2329 1697 mundus

783 1754 915 1800 non
934 1736 1174 1815 fuisset,
1208 1755 1365 1818 ergo
1392 1743 1454 1802 et
1479 1739 1670 1805 modo
1695 1744 1899 1824 potest
1920 1740 2127 1805 facere
2151 1739 2324 1823 quod

785 1845 1066 1908 mundus
1093 1864 1223 1909 non
1246 1846 1491 1912 fuisset.

823 2010 830 2016 .
864 1952 1045 2031 ltem,
1081 1971 1233 2017 cum
1258 1953 1522 2019 dicitur:
1569 1977 1602 2017 α
1637 1954 1802 2020 Deus
1839 1959 2044 2039 potest
2075 1955 2198 2020 hoc
2224 1956 2324 2020 ia·-

782 2078 945 2139 cere,
981 2082 1012 2119 »
1050 2060 1266 2142 aliquo
1296 2061 1748 2145 demonstrato,
1791 2066 1904 2126 aut
1944 2066 2327 2127 connotatur

781 2166 1047 2248 aliquid,
1076 2172 1189 2232 aut
1213 2168 1411 2233 nihil:
1456 2170 1510 2232 si
1549 2170 1734 2244 nihil,
1764 2189 1922 2251 ergo
1955 2188 2144 2254 aeque
2175 2189 2325 2237 vere

780 2276 985 2355 potest
1007 2273 1131 2338 dici
1160 2275 1330 2355 quod
1357 2274 1523 2340 Deus
1547 2281 1752 2358 potest
1781 2278 2026 2342 malum
2043 2327 2062 2357 ,
2092 2282 2167 2342 ut
2202 2279 2326 2343 bo-

780 2397 940 2444 num
964 2401 982 2456 ;
1012 2380 1066 2442 si
1092 2385 1310 2445 autem
1341 2383 1580 2466 aliquid
1611 2388 2014 2461 connotatur,
2043 2385 2168 2449 hoc
2190 2404 2324 2450 non

779 2493 875 2552 est
892 2489 1019 2553 nisi
1039 2491 1415 2571 possibilitas
1440 2493 1518 2556 ad
1541 2494 1716 2557 fleri:
1748 2493 1856 2557 sed
1881 2492 2054 2576 quod
2085 2494 2323 2558 factum

779 2600 895 2676 est,
923 2598 1093 2662 idem
1120 2598 1334 2680 ipsum
1358 2617 1491 2664 non
1516 2600 1709 2665 habet
1733 2601 2214 2682 possibilitatem
2242 2603 2321 2666 ad

777 2704 952 2767 fieri:
984 2722 1142 2785 ergo
1169 2704 1336 2770 Deus
1361 2725 1495 2772 non
1530 2712 1733 2791 potest
1759 2709 1961 2773 facere
1988 2709 2161 2791 quod
2190 2710 2323 2773 fae-

777 2814 921 2875 tum
966 2815 1082 2890 est,
1124 2816 1188 2876 et
1231 2812 1408 2894 prius
1450 2816 1656 2898 potuit
1687 2837 1701 2880 :
1753 2834 1911 2897 ergo
1952 2834 2086 2880 non
2120 2808 2345 2898 potest*

779 2917 1087 3001 quidquid
1113 2919 1341 3001 potuit.

1313 3167 1769 3236 CONCLUSIO.

774 3334 1031 3402 Quamvis
1057 3334 1249 3391 divina
1270 3338 1524 3408 potentia
1547 3339 1610 3392 in
1635 3352 1689 3393 se
1713 3340 1788 3394 sit
1813 3340 2197 3410 immutabilis,
2225 3356 2318 3397 ra-

847 3426 991 3479 tion‘e
1011 3428 1185 3481 tamen
1207 3429 1488 3482 connotati
1512 3426 1655 3498 quod
1677 3430 1791 3497 fuit
1820 3431 2122 3501 aliquando
2144 3436 2318 3504 possi-

846 3512 981 3581 bile,
1015 3517 1066 3569 et
1088 3520 1276 3585 postea
1301 3518 1508 3585 factum
1529 3520 1605 3572 est
1631 3519 1990 3590 impossibile,
2022 3536 2132 3576 non
2157 3522 2316 3593 quid-

843 3602 979 3673 quid
998 3607 1206 3674 potuit,
1234 3620 1437 3676 semper
1456 3609 1653 3677 potest.

849 3772 1036 3858 Raep.
1075 3775 1154 3839 ad
1193 3775 1352 3857 Arg.
1385 3776 1487 3842 Ad
1522 3778 1645 3842 hoc
1687 3782 1782 3843 est
1817 3779 2053 3861 duplex
2084 3781 2314 3846 modus

768 3881 1212 3962 respondendi,
1232 3883 1396 3948 sicut
1423 3885 1503 3949 ad
1521 3885 1844 3968 sophisma
1867 3887 1946 3950 de
1973 3888 2235 3951 seientia
2262 3896 2308 3952 ¹.

769 3986 1072 4052 Concesso
1099 3990 1272 4053 enim
1310 3992 1480 4072 quod
1516 3992 1734 4056 divina
1759 3994 2040 4074 potentia
2077 4013 2311 4060 secun-

767 4096 926 4159 dum
952 4097 1283 4161 veritatem
1314 4100 1579 4163 omnino
1605 4101 1687 4164 sit
1725 4101 2167 4181 immutabiliS,
2208 4123 2311 4169 se-

767 4204 1048 4268 cundum
1069 4205 1444 4287 positionem
1462 4211 1678 4271 tamen
1696 4207 2122 4273 nominalium
2154 4230 2309 4276 con·-

766 4311 1001 4386 cedunt
1026 4311 1231 4376 hanc:
1263 4336 1294 4374 α
1320 4311 1529 4379 Potest
1553 4315 1865 4399 quidquid
1890 4317 2133 4398 potuit:
2172 4341 2202 4378 n
2245 4325 2310 4385 et

765 4420 1145 4502 respondent
1186 4420 1481 4501 illationi,
1522 4447 1553 4484 ει
1578 4422 1698 4487 Sed
1746 4427 1950 4507 potuit
1985 4426 2306 4492 Christum

763 4522 1087 4602 suscitare,
1116 4542 1273 4605 ergo
1294 4529 1357 4589 et
1378 4526 1567 4590 modo
1591 4531 1791 4608 potest
1816 4549 1833 4607 ;
1866 4550 1896 4588 υ
1923 4530 2307 4612 respondent

764 4629 932 4712 quod
959 4649 1091 4694 non
1113 4632 1298 4696 debet
1323 4632 1542 4696 inferri
1564 4634 1686 4698 sub
1717 4635 1824 4698 illo
1856 4640 2164 4719 tempore,
2196 4639 2306 4703 sed

762 4737 887 4800 sub
930 4737 1096 4801 alio:
1141 4760 1171 4799 α
1209 4737 1379 4820 Ergo
1421 4742 1624 4822 potest
1656 4739 1976 4805 Christum
2024 4745 2304 4808 resusci-

761 4848 945 4909 tasse.
973 4865 1003 4902 n
1034 4843 1113 4909 Et
1138 4845 1259 4909 hoc
1279 4846 1667 4911 enuntiabile
1699 4848 2076 4930 adjunctum
2093 4851 2305 4916 verbis

759 4952 1162 5017 diversorum
1186 4957 1549 5035 temporum
1570 4958 1666 5018 est
1682 4955 1886 5019 idem:
1916 4957 2056 5021 ideo
2085 4958 2305 5023 dieunt

762 5059 933 5141 quod
947 5059 1290 5142 propositio
1304 5063 1398 5124 est
1413 5077 1568 5126 vera
1585 5079 1602 5124 ε
1621 5065 1684 5125 et
1695 5062 1748 5124 si
1766 5062 1948 5126 aliter
1965 5063 2298 5146 inferatur,

762 5166 1088 5248 assignant
1127 5171 1455 5250 peccatum
1500 5168 1571 5231 in
1614 5186 1914 5251 processu
1946 5172 2305 5235 secundum

763 5272 1072 5336 fallaciam
1094 5274 1328 5356 figurae
1353 5273 1665 5354 dictionis,
1688 5275 1793 5339 vel
1809 5276 2164 5341 secundum
2190 5298 2303 5343 ac-

828 5397 846 5431 ¹
866 5398 1049 5464 Supra,
1076 5396 1194 5449 dist.
1213 5409 1322 5463 ηπ,
1352 5403 1449 5451 art.
1468 5402 1518 5465 2,
1547 5410 1663 5465 q.11.
1677 5425 1741 5439 —
1756 5403 1781 5436 ⁸
1796 5398 1951 5465 ibid„
1975 5400 2032 5456 in
2047 5401 2173 5453 fine.

1925 421 2549 489 SENTENTIARUM
2588 424 2736 492 LIB.
2784 425 2834 490 1.

2441 560 2677 625 cidens.
2711 560 2953 625 Tamen
2966 607 2983 637 ,
3023 560 3189 625 sicut
3227 578 3423 642 supra
3462 561 3792 644 probatum
3820 563 3964 645 fuit,

2440 667 2581 732 haec
2612 668 2839 752 positio
2875 687 3010 733 non
3045 668 3239 732 habet
3280 668 3612 733 veritatem
3630 716 3646 744 ,
3687 671 3969 751 quamvis

2439 774 2550 838 illa
2606 775 2833 858 positio
2893 776 3186 839 videatur
3239 775 3435 839 fuisse
3485 775 3859 858 probabilis3
3912 780 3971 840 et

2440 880 2742 963 Magister
2770 882 2890 947 fuit
2917 882 3114 963 hujus
3140 881 3505 964 positioniS,
3532 882 3690 964 quia
3720 900 3832 964 per
3856 881 3971 945 hoe

2438 989 2627 1053 solvit
2658 1012 2673 1053 z
2724 994 2787 1053 et
2831 990 3069 1054 iterum
3111 1007 3242 1053 non
3289 989 3478 1053 solvit
3514 989 3585 1053 in
3633 990 3966 1073 proposito.

2439 1095 2751 1176 Primum,
2782 1098 2937 1180 quia
2962 1096 3016 1160 si
3042 1097 3359 1161 diceretur
3384 1095 3555 1160 Deus
3579 1114 3760 1179 posse
3787 1095 3969 1178 quid-

2437 1203 2590 1287 quid
2622 1206 2848 1286 potuit,
2887 1203 3044 1288 quia
3078 1208 3282 1286 potest
3316 1203 3534 1267 fecisse
3564 1201 3736 1285 quod
3772 1201 3972 1283 potuit

2434 1311 2639 1375 facere
2653 1332 2668 1390 ;
2682 1313 2822 1396 pari
2837 1312 3082 1376 ratione
3095 1311 3208 1393 qui
3219 1328 3395 1374 nune
3408 1313 3502 1374 est
3509 1326 3714 1373 caecus
3726 1312 3790 1373 et
3801 1312 3973 1372 trun-

2436 1422 2633 1497 catuS,
2662 1424 2867 1502 potest
2886 1417 3194 1501 quidquid
3218 1417 3455 1501 potuit,
3482 1416 3634 1498 quia
3665 1414 3746 1497 (α)
3779 1418 3971 1496 potest

2434 1526 2651 1590 fecisse
2698 1526 2871 1610 quod
2918 1526 3124 1610 potuit
3163 1526 3401 1603 iacere,
3450 1529 3515 1588 et
3556 1527 3761 1607 potest
3804 1541 3971 1587 nunc

2434 1634 2666 1699 vidisse
2691 1633 2861 1715 quod
2883 1632 3091 1717 potuit
3116 1632 3355 1697 videre.
3376 1629 3692 1694 Praeterea
3719 1630 3966 1694 dantem

2434 1740 2797 1823 oppositum
2826 1739 3026 1823 hujus
3051 1738 3386 1803 solutionis
3422 1737 3634 1801 adhuc
3668 1738 3970 1819 contingit

2433 1847 2678 1912 solvere
2705 1846 2829 1910 hoc
2864 1845 3055 1910 modo
3090 1847 3361 1909 formata
3394 1845 3676 1909 ratione:
3717 1868 3748 1905 ει
3773 1842 3972 1908 Potest

2434 1953 2746 2036 quidquid
2771 1954 3010 2036 potuit:
3033 1954 3142 2018 sed
3163 1953 3369 2036 potuit
3392 1970 3526 2017 non
3548 1951 3767 2015 fecisse
3788 1969 3971 2015 mun·

2432 2060 2591 2124 dum
2622 2065 2967 2143 antequam
2992 2062 3256 2125 faceret:
3285 2078 3444 2141 ergo
3471 2064 3537 2123 et
3560 2059 3749 2122 modo
3776 2063 3968 2140 potest

2432 2185 2566 2231 non
2582 2168 2798 2233 fecisse
2817 2189 2834 2247 ;
2856 2190 2886 2229 ι)
2911 2169 3049 2233 loco
3075 2170 3237 2251 ejus,
3263 2169 3435 2250 quod
3458 2171 3705 2234 estnon
3724 2168 3967 2249 fecisse,

2433 2294 2567 2340 non
2589 2280 2686 2340 est
2710 2276 2879 2341 aliud
2904 2275 3054 2339 dare
3077 2274 3505 2358 aequivalens:
3537 2294 3700 2356 ergo
3721 2275 3827 2338 illa
3850 2293 3969 2339 res-

2432 2385 2656 2468 ponsio
2670 2402 2804 2448 non
2827 2383 3040 2460 solvit,
3058 2383 3342 2446 maxime
3356 2401 3507 2447 cum
3529 2383 3666 2464 ipse
3680 2381 3968 2463 Magister

2430 2492 2599 2555 dicat
2633 2492 2702 2554 in
2735 2492 2946 2555 littera
2982 2489 3154 2573 quod
3188 2489 3353 2553 Deus
3387 2507 3517 2553 non
3545 2492 3753 2584 potest
3774 2489 3966 2553 iacere

2431 2616 2622 2663 omne
2645 2600 2818 2681 quod
2848 2597 3057 2681 potuit
3082 2596 3425 2680 aliquando
3437 2599 3668 2676 facere,
3697 2615 3813 2661 nec
3836 2596 3970 2662 vult

2428 2706 2665 2785 facere,
2706 2705 2812 2771 vel
2847 2724 3017 2785 esse,
3055 2705 3161 2770 vel
3196 2705 3371 2785 fleri,
3424 2705 3603 2787 quod
3643 2705 3967 2788 aliquando

2429 2815 2634 2880 voluit
2659 2815 2885 2895 facere,
2921 2833 3081 2894 esse,
3107 2815 3213 2879 vel
3239 2813 3400 2878 fieri.
3432 2814 3584 2879 Ideo
3612 2814 3963 2890 dicendum,

2429 2921 2595 2984 sicut
2633 2920 2872 2984 dictum
2912 2920 3034 2984 ruit
3059 2920 3135 2984 de
3164 2920 3428 2984 scientia
3449 2927 3505 3000 ¹,
3545 2921 3719 3003 quod
3758 2921 3964 2987 divina

2427 3030 2710 3107 scientia,
2742 3030 2815 3093 in
2859 3047 2924 3093 se
2959 3029 3224 3093 omnino
3254 3030 3725 3110 immutabiliS,·
3750 3030 3966 3094 desinit

2426 3138 2586 3201 scire
2612 3137 2868 3221 aliquod
2900 3138 3288 3202 enuntiabile
3328 3138 3578 3203 ratione
3618 3137 3959 3216 connotati3

2424 3246 2580 3328 quia
2604 3246 2819 3310 scibile
2845 3246 3073 3310 desinit
3093 3264 3230 3310 esse
3255 3264 3509 3322 verm,
3531 3251 3601 3310 et
3621 3247 3758 3329 ipsa
3779 3246 3960 3309 scien-

2423 3353 2536 3431 tia,
2564 3351 2697 3416 sive
2715 3354 2896 3430 scire,
2922 3356 3221 3415 connotat
3239 3370 3371 3415 uno
3399 3352 3596 3416 modo
3621 3352 3690 3416 in
3714 3350 3958 3433 cognito

2425 3459 2790 3523 veritatem:
2820 3458 3110 3523 similiter
3135 3458 3642 3539 intelligendum
3671 3458 3838 3541 quod
3863 3458 3958 3522 di-

2422 3565 2577 3630 vina
2603 3565 2881 3647 potentia
2917 3568 3217 3628 connotat
3242 3565 3311 3628 in
3334 3583 3434 3644 eo,
3465 3571 3758 3648 respectu
3786 3572 3960 3646 cujus

2422 3673 2687 3751 dicitur,
2738 3672 3256 3756 possibilitatem,
3297 3676 3361 3736 et
3395 3671 3622 3752 talem,
3670 3672 3954 3754 inquam,

2422 3779 2917 3862 possibilitatem,
2946 3795 3094 3859 quae
3113 3778 3372 3859 respicit
3397 3778 3748 3859 potentiam
3778 3796 3959 3860 agen-

2420 3890 2551 3950 tem
2578 3885 2699 3949 sub
2734 3885 2980 3949 ratione
3019 3885 3352 3967 potentiae,
3383 3902 3519 3947 non
3553 3884 3953 3967 impotentiae.

2421 3994 2735 4071 Quoniam
2762 4012 2919 4075 ergo
2946 3994 3036 4058 ita
3071 3998 3165 4056 est
3194 3993 3367 4075 quod
3402 3993 3610 4058 multa
3647 3991 3953 4076 possibilia

2418 4105 2591 4168 fiunt
2607 4103 3021 4186 impossibilia
3040 4121 3154 4185 per
3181 4101 3492 4181 accidens,
3519 4106 3586 4165 et
3607 4101 3809 4166 multa
3826 4119 3954 4184 pos-

2418 4211 2625 4274 sibilia
2654 4211 2820 4273 fiunt
2856 4210 3057 4287 entia,
3092 4214 3157 4273 et
3184 4211 3327 4292 jam
3362 4213 3516 4273 sunt
3558 4208 3956 4291 impossibilia

2417 4318 2498 4384 ad
2525 4318 2663 4381 fieri
2699 4318 2921 4398 (facere
2954 4317 3130 4380 enim
3161 4318 3333 4400 quod
3365 4336 3497 4382 non
3527 4336 3643 4382 ens
3672 4300 3785 4396 sit,¹
3804 4316 3955 4379 nihil

2417 4430 2511 4491 est
2544 4427 2782 4504 facere3
2814 4424 3104 4488 similiter
3135 4425 3339 4490 facere
3376 4426 3545 4508 quod
3573 4427 3808 4490 factum
3841 4429 3947 4503 est,

2415 4533 2576 4597 nihil
2607 4538 2702 4598 est
2730 4533 2933 4596 facere
2948 4580 2969 4612 ,
3003 4535 3065 4595 et
3109 4532 3198 4596 ita
3237 4533 3625 4615 impossibile
3652 4537 3745 4597 est
3771 4531 3943 4613 sseri);

2414 4641 2566 4706 hinc
2589 4645 2684 4706 est
2707 4640 2879 4723 quod
2907 4640 3062 4721 quia
3088 4638 3255 4704 Deus
3285 4658 3418 4704 non
3444 4644 3651 4724 potest
3671 4640 3790 4702 nisi
3816 4655 3947 4721 pos-

2415 4748 2619 4828 sibile,
2637 4747 2807 4831 quod
2836 4764 3017 4830 posse
3042 4751 3139 4810 est
3170 4747 3503 4828 potentiae3
3529 4752 3593 4812 et
3614 4746 3767 4829 quia
3783 4744 3946 4808 nulla

2414 4856 2766 4919 mutatione
2806 4853 2972 4916 faeta
3005 4852 3075 4916 in
3123 4853 3437 4935 potentia,
3481 4853 3591 4918 sed
3630 4851 3944 4934 aequaliter

2414 4961 2540 5026 Deo
2565 4962 2871 5025 existente
2895 4964 3173 5043 potente,
3206 4961 3287 5023 sit
3310 4960 3551 5042 aliquid
3579 4959 3704 5023 Deo
3727 4959 3942 5038 impos-

2412 5068 2594 5133 sibile
2624 5071 2884 5151 propter
2918 5066 3340 5131 mutationem
3372 5085 3412 5130 a
3453 5072 3629 5149 parte
3668 5065 3780 5141 rei,
3810 5062 3939 5126 haec

2411 5174 2810 5240 concedenda
2855 5178 2985 5252 est,
3038 5172 3211 5255 quod
3256 5172 3478 5237 divina
3537 5171 3812 5255 potentia
3852 5170 3939 5231 est

2475 5330 2542 5395 (a)
2566 5327 2690 5409 Caet.
2709 5324 2832 5376 edit.
2862 5338 3033 5376 caecus
3050 5329 3220 5389 potest
3238 5324 3486 5391 quidquid
3504 5323 3668 5390 potuit
3681 5339 3698 5387 3
3726 5326 3775 5373 et
3795 5325 3935 5371 trun-

2413 5405 2572 5463 catus,
2592 5412 2728 5464 qma.
