4125 6225
520 1030 698 1078 Divisio.

770 474 886 536 194

1138 701 1546 769 EXPOSITIO
1587 698 1910 766 TEXTUS.

762 877 858 929 Hic
886 877 1046 929 oritur
1071 880 1316 944 quaestio;
1348 878 1541 929 dictum
1564 881 1641 928 est
1667 876 1806 927 enim
1837 875 1891 925 in
1919 870 2282 938 superioribus.

840 1029 990 1093 Haec
1016 1025 1110 1095 e'st
1136 1031 1409 1094 secunda
1434 1047 1581 1112 pars
1607 1028 1805 1109 hujus
1829 1026 2037 1090 totalis
2060 1028 2285 1089 tracta-

755 1139 859 1199 tus
897 1137 973 1200 de
1008 1137 1368 1216 voluntate,
1412 1137 1480 1200 in
1522 1155 1652 1218 qua
1691 1133 1989 1215 Magister
2026 1133 2162 1213 agit
2204 1132 2283 1229 de

754 1243 987 1308 divinae
1016 1245 1357 1309 voluntatis
1386 1244 1773 1328 impletione.
1813 1243 1890 1307 Et
1919 1242 2107 1306 habet
2143 1241 2282 1303 haec

751 1368 898 1432 pars
942 1351 1100 1415 duas
1145 1356 1354 1434 partes
1384 1371 1401 1415 ε
1430 1352 1500 1416 in
1543 1351 1783 1434 prima,
1830 1348 2151 1431 supposito
2198 1366 2280 1412 ex

750 1457 1250 1539 praecedentibus
1313 1460 1485 1542 quod
1547 1460 1843 1523 voluntas
1907 1454 2280 1537 beneplaciti

747 1581 994 1645 semper
1022 1563 1385 1646 impleatur,
1417 1565 1521 1628 bic
1544 1569 1829 1628 removet
1857 1562 2277 1626 dubitationes

745 1686 893 1749 quae
931 1689 1013 1734 ex
1053 1672 1173 1734 hac
1216 1672 1644 1754 suppositione
1680 1672 2009 1748 oriuntur;
2056 1669 2126 1731 in
2171 1688 2275 1732 se-

743 1776 952 1839 cunda
978 1778 1248 1859 explicat
1270 1779 1633 1856 veritatem,
1659 1779 1852 1854 infra,
1881 1775 2275 1841 distinctione

740 1884 1032 1963 proxima
1061 1903 1078 1947 z
1110 1885 1414 1951 Voluntas
1443 1888 1675 1968 quippe
1707 1886 1826 1950 Dei
1864 1900 2107 1964 semper
2133 1882 2272 1965 effi—

741 2003 870 2054 cax·
912 1996 1023 2056 est.
1062 1989 1275 2055 Prima
1315 2010 1461 2073 pars
1499 1992 1691 2055 habet
1726 1992 1883 2054 duas
1922 1994 2130 2072 partes
2158 2011 2173 2052 :
2199 1990 2271 2052 in

739 2095 947 2176 prima
1006 2096 1304 2177 Magister
1362 2104 1577 2162 movet
1636 2098 2097 2162 dubitationem
2157 2114 2270 2179 per

630 2277 634 2282 ,
738 2206 1272 2287 comparationem
1317 2207 1394 2271 ad
1437 2208 1635 2286 bona;
1681 2207 1750 2270 in
1795 2207 2108 2280 secunda,
2156 2221 2271 2287 per

736 2313 1269 2394 comparationem
1301 2314 1379 2377 ad
1418 2312 1617 2392 mala,
1658 2301 1745 2375 ibi
1777 2330 1793 2375 ε
1822 2312 2092 2394 Ideoque
2124 2329 2267 2377 cum

733 2429 973 2488 constet
1010 2424 1225 2488 omnia
1267 2422 1429 2488 bona
1465 2440 1607 2505 quoe
1643 2423 1833 2502 fiunt.
1864 2421 2080 2485 Prima
2121 2440 2266 2503 pars

730 2529 920 2593 habet
956 2529 1115 2594 duas
1144 2536 1351 2613 partes
1381 2553 1396 2593 z
1426 2530 1496 2592 in
1532 2531 1740 2613 prima
1767 2529 2063 2611 Magister
2102 2531 2267 2611 obji-

730 2637 847 2715 cit3
894 2638 962 2700 in
1006 2639 1281 2702 secunda
1328 2638 1552 2717 solvit,
1597 2639 1686 2701 ibi
1717 2661 1733 2701 ε
1769 2637 1889 2704 Sed
1917 2636 2263 2703 audiamus

726 2744 1121 2811 solutionem.
1158 2744 1462 2810 Similiter
1503 2745 1777 2809 secunda
1816 2763 1995 2828 parS,
2028 2746 2099 2807 in
2136 2764 2264 2826 qua

726 2851 1026 2932 Magister
1067 2852 1332 2934 inquirit
1376 2857 1600 2916 utrum
1636 2853 1931 2914 voluntas
1983 2851 2094 2914 Dei
2136 2852 2262 2914 im-

724 2958 970 3041 pleatur
997 2963 1285 3041 respectu
1321 2959 1669 3037 malorum,
1702 2959 1893 3021 habet
1920 2958 2078 3021 duas
2114 2977 2260 3040 par-

724 3070 817 3130 tes
847 3088 861 3129 :
896 3068 966 3131 in
1010 3067 1214 3150 prima
1251 3065 1553 3147 Magister
1592 3065 1852 3148 opponit
1888 3064 1966 3129 ad
2014 3071 2260 3148 partem

722 3175 980 3253 falsam;
1026 3175 1095 3239 in
1139 3176 1416 3238 secunda
1454 3176 1713 3256 opponit
1752 3173 1830 3236 ad
1873 3176 2117 3254 partem
2147 3192 2259 3236 ve-

721 3299 861 3344 ram
883 3330 902 3360 ,
954 3282 1042 3345 ibi
1090 3304 1105 3346 ε
1159 3281 1233 3347 Si
1280 3283 1426 3363 quis
1477 3297 1619 3363 erqo
1663 3280 2003 3361 diliqenter
2048 3287 2259 3347 atten-

722 3386 872 3464 dat,
903 3390 1022 3451 etc.
1068 3385 1282 3451 Prima
1311 3406 1457 3470 pars
1495 3387 1685 3451 habet
1711 3387 1869 3450 duas
1894 3405 1911 3449 ι
1936 3387 2004 3450 in
2048 3387 2258 3468 prima

721 3493 976 3557 adducit
1013 3495 1290 3558 rationes
1324 3494 1403 3557 ad
1438 3492 1864 3556 defensionem
1904 3493 2077 3559 falsae
2118 3495 2255 3577 opi·

720 3599 965 3679 nionis;
1017 3600 1086 3663 in
1135 3598 1412 3664 secunda
1458 3602 1635 3682 parte
1684 3599 1864 3680 ponit
1910 3599 2255 3664 solutiones

720 3726 882 3789 quas
907 3707 1235 3788 assignant
1269 3706 1361 3768 illi
1387 3705 1498 3787 qui
1534 3709 1683 3768 sunt
1710 3705 2040 3768 contrariae
2081 3705 2253 3788 posi-

720 3813 940 3892 tionis,
984 3816 1049 3877 et
1076 3813 1195 3876 hoc
1240 3812 1329 3875 ibi
1363 3811 1517 3877 :uli
1542 3790 1693 3878 υενᾱ
1723 3814 1838 3894 qm·
1874 3812 2101 3878 dicunt
2137 3814 2256 3878 nez·

720 3919 1039 3986 voluntate
1081 3919 1254 3985 mala
1293 3934 1422 3984 non
1463 3920 1630 3999 fieri.
1679 3917 1757 3983 Et
1790 3922 2059 4000 utraque
2100 3937 2254 4001 par-

718 4027 882 4090 tium
920 4026 1077 4090 duas
1116 4027 1309 4090 habet
1338 4050 1355 4092 2
1390 4045 1540 4090 nam
1576 4027 1645 4089 in
1678 4027 2052 4108 opponendo
2094 4026 2253 4092 duas

719 4132 962 4197 inducit
987 4133 1398 4215 objectioneS,
1429 4149 1704 4214 quarum
1732 4151 1865 4195 una
1890 4133 2118 4197 rationi
2144 4134 2249 4198 in-

718 4242 974 4321 nititur,
1021 4241 1146 4305 alia
1187 4240 1545 4305 auctoritati
1582 4259 1598 4302 :
1633 4250 1694 4303 et
1718 4241 2068 4304 secundum
2106 4242 2247 4322 hoc,

719 4366 866 4430 pars
892 4349 961 4412 in
989 4367 1117 4431 qua
1141 4347 1359 4426 solvit,
1387 4346 1713 4425 dividitur,
1744 4346 1894 4427 quia
1920 4365 2252 4429 opponun-

714 4460 823 4520 tur
849 4454 941 4518 ibi
967 4455 1113 4519 duae
1141 4455 1419 4518 rationes
1442 4455 1633 4535 juxta
1659 4454 1816 4518 duas
1845 4454 2246 4534 objectiones·

717 4560 1019 4626 Similiter
1053 4561 1162 4623 illa
1200 4578 1347 4643 pars
1386 4560 1452 4622 in
1488 4579 1616 4641 qua
1656 4564 1920 4623 conatur
1949 4559 2251 4641 Magister

714 4667 795 4731 ad
825 4686 1038 4732 veram
1076 4671 1320 4750 partem
1347 4666 1750 4729 astruendam
1769 4714 1787 4742 ,
1821 4667 2011 4730 habet.
2039 4668 2200 4732 duas
2228 4691 2244 4733 ε

716 4773 786 4837 in
815 4776 1022 4856 prima
1050 4772 1292 4837 inducit
1330 4772 1767 4854 responsiones
1794 4791 2010 4853 veras;
2046 4774 2113 4837 in
2148 4793 2248 4839 se-

716 4882 924 4945 cunda
954 4880 1237 4945 dissolvit
1270 4879 1617 4961 quamdam
1654 4880 1965 4943 rationem
1999 4882 2246 4963 sophis-

714 4986 934 5065 ticam,
964 4992 1027 5051 et
1053 4987 1171 5050 hoc
1195 4986 1286 5049 ibi
1310 5004 1326 5049 ε
1349 4986 1490 5050 Jam
1517 4984 1907 5068 sufficienter
1929 4993 2246 5054 ostensum

713 5099 839 5171 est,
872 5098 990 5157 etc.
1023 5093 1235 5158 Prima
1276 5112 1422 5176 pars
1459 5094 1651 5157 habet
1687 5099 1813 5156 tres
1851 5097 2061 5176 partes
2083 5143 2101 5171 ,
2144 5115 2241 5160 se-

712 5201 995 5265 cundum
1035 5206 1161 5265 tres
1203 5201 1476 5265 rationes
1516 5218 1675 5283 quas
1718 5199 1959 5264 inducit
1991 5223 2006 5265 ε
2039 5202 2247 5283 prima

715 5312 970 5391 sumpta
1000 5312 1092 5372 est
1127 5310 1206 5372 ab
1241 5309 1397 5387 hoc,
1437 5309 1591 5391 quia
1618 5307 1788 5371 idem
1825 5312 1919 5370 est
1942 5307 2069 5372 Deo
2107 5309 2247 5372 fieri

712 5420 996 5491 auctore,
1026 5423 1088 5479 et
1122 5415 1246 5479 Deo
1282 5417 1571 5494 volente,
1609 5419 1672 5479 et
1712 5413 1972 5496 ponitur
2006 5416 2092 5478 ibi
2124 5438 2138 5479 t
2171 5416 2244 5481 Si

1884 459 2505 529 SENTENTIA‘RUM
2543 460 2691 526 LIB.
2739 460 2788 525 Ι.

2396 597 2544 677 quis
2578 598 2786 677 iqitur
2803 593 3165 676 diliqenter,
3195 596 3315 657 etc.
3346 591 3626 658 Secunda
3659 596 3902 675 sumpta

2396 708 2488 767 est
2522 703 2602 766 ab
2638 702 2760 765 hoc
2794 702 2965 784 quod
3000 702 3219 765 eadem
3254 705 3346 765 est
3382 720 3570 765 causa
3609 720 3733 783 qua
3765 720 3902 764 ma·-

2393 810 2531 874 lum
2559 812 2659 887 fit,
2686 815 2748 873 et
2773 811 2965 874 homo
2992 810 3064 872 fit
3088 809 3378 885 deterior,
3408 813 3470 872 et
3498 809 3751 890 ponitur
3776 808 3898 870 ibi:

2392 916 2635 982 Deinde
2662 916 2833 982 idem
2857 917 3256 996 Auqustinus
3282 930 3592 997 quoerens,
3619 918 3733 976 etc.
3758 912 3903 977 Ter-

2391 1023 2478 1088 tia
2502 1029 2756 1107 sumpta
2778 1027 2873 1087 est
2894 1023 2974 1084 ab
3000 1022 3120 1085 hoc
3143 1023 3311 1104 quod
3339 1023 3580 1086 malum
3606 1021 3748 1084 facit
3770 1026 3901 1084 ten-

2390 1131 2537 1195 dere
2563 1130 2642 1193 ad
2668 1148 2797 1193 non
2824 1147 2978 1207 esse,
3007 1133 3068 1191 et
3098 1131 3358 1210 ponitur
3385 1128 3473 1191 ibi
3499 1129 3694 1193 :Item
3718 1129 3904 1193 etiam

2390 1239 2576 1304 aliter
2605 1236 2962 1304 ostenditur
2991 1234 3161 1317 quod
3192 1237 3312 1302 Deo
3345 1241 3628 1315 auctore,
3657 1240 3771 1298 etc.
3811 1234 3905 1298 Si-

2388 1348 2620 1411 militer
2644 1346 2916 1410 secunda
2945 1363 3091 1427 pars
3108 1393 3125 1422 ,
3157 1344 3222 1406 in
3255 1363 3383 1427 qua
3408 1344 3691 1408 dissolvit
3718 1342 3903 1407 ratio-

2385 1472 2535 1517 nem
2559 1453 2983 1537 sophisticam,
3007 1456 3135 1514 tres
3156 1450 3344 1514 habet
3371 1473 3387 1514 :
3415 1451 3481 1513 in
3507 1450 3714 1533 prima
3736 1451 3905 1532 ponit

2383 1561 2579 1641 illam,
2603 1562 2692 1624 ibi
2717 1562 2892 1626 :Jam
2915 1559 3303 1642 sufficienler
3320 1565 3637 1624 ostensum
3659 1563 3768 1634 est,
3789 1561 3900 1621 etc.

2384 1666 2457 1730 In
2493 1666 2767 1731 secunda
2801 1665 3117 1742 dissolvit,
3151 1666 3237 1728 ibi
3271 1684 3287 1728 τ
3318 1666 3555 1738 Quibus
3591 1666 3777 1744 facile
3815 1670 3904 1730 est

2380 1778 2563 1842 nobis
2588 1774 2979 1857 respondere.
3015 1773 3088 1838 In
3118 1773 3306 1837 tertia
3334 1773 3498 1836 redit
3531 1772 3609 1835 ad
3637 1772 3904 1835 veritatis

2380 1883 2807 1962 assertionem,
2831 1882 3044 1946 dicens
3060 1881 3226 1944 hanc
3250 1883 3492 1961 partem
3515 1895 3650 1940 esse
3669 1895 3900 1952 veram,

2378 1990 2550 2071 quod
2572 1989 2737 2054 Deus
2763 2007 2890 2052 non
2914 1988 3053 2051 vult
3080 1986 3249 2049 mala
3271 1985 3431 2065 fieri,
3455 1984 3547 2047 ibi
3572 2000 3590 2046 ε
3613 1984 3760 2049 floec
3787 1985 3904 2065 iqi-

2378 2103 2488 2162 1ur
2516 2102 2578 2165 et
2606 2097 2742 2164 alia
2771 2093 3175 2177 hujusmodi,
3202 2096 3318 2157 etc.

3030 2296 3168 2341 DUB.
3213 2295 3257 2340 1.

2376 2415 2481 2466 Nisi
2507 2431 2667 2481 usque
2695 2416 2824 2467 adeo
2853 2417 2989 2466 Deus
3017 2419 3152 2464 esset
3182 2413 3510 2477 omnipotens
3538 2416 3590 2464 et
3613 2413 3812 2476 bonus,
3847 2416 3900 2462 ut

2740 2489 2874 2538 bene
2891 2488 3083 2538 faceret
3102 2487 3253 2538 etiam
3280 2487 3342 2537 de
3365 2487 3523 2537 malo.

2452 2632 2714 2698 Videtur
2741 2631 3022 2695 indebito
3049 2630 3236 2694 modo
3262 2629 3458 2712 loqui,
3489 2630 3641 2712 quia
3668 2627 3899 2692 malitia

2371 2746 2466 2807 est
2505 2742 2778 2825 privatio
2808 2763 2823 2805 :
2858 2760 3013 2822 ergo
3040 2759 3172 2804 non
3200 2744 3295 2803 est
3334 2739 3601 2801 materia
3634 2736 3803 2800 boni.
3835 2735 3898 2799 Si

2371 2851 2539 2915 dicas
2565 2851 2735 2933 quod
2763 2850 3068 2932 accipitur
3096 2849 3337 2913 ratione
3366 2847 3700 2922 substrati,
3733 2844 3897 2908 scili-

2370 2961 2466 3021 cet
2494 2958 2570 3021 de
2594 2957 2783 3035 malo,
2802 2958 2861 3020 id
2884 2961 2995 3034 est,
3027 2955 3103 3019 de
3130 2955 3236 3017 illo
3251 2954 3360 3036 qui
3387 2957 3480 3016 est
3496 2952 3728 3028 maluS,
3758 2950 3900 3014 facit

2369 3063 2646 3144 bonum3
2691 3068 2951 3128 contra:
2981 3062 3113 3126 Hoc
3154 3061 3313 3125 nihil
3356 3064 3453 3126 est
3494 3060 3670 3124 aliud
3710 3076 3900 3143 quam

2368 3172 2611 3235 malum
2640 3173 3003 3235 destruere:
3031 3187 3113 3232 ex
3138 3168 3260 3231 hoc
3288 3185 3444 3247 ergo
3471 3185 3607 3231 non
3635 3167 3901 3230 habetur

2368 3278 2539 3358 quod
2565 3278 2730 3341 Deus
2755 3278 2985 3342 habeat
3007 3276 3177 3341 mala
3202 3275 3443 3353 sinere,
3470 3292 3627 3339 cum
3655 3275 3796 3357 eJus
3819 3274 3900 3337 sit

2365 3385 2531 3449 facta
2557 3387 2900 3450 destruere.

2445 3493 2630 3576 Resp.
2670 3492 3014 3557 Dicendum
3042 3491 3211 3574 quod
3239 3489 3316 3556 de
3344 3508 3474 3553 non
3506 3493 3604 3554 est
3637 3490 3727 3554 ibi
3752 3508 3898 3554 cau·

2366 3599 2493 3662 sale
2540 3617 2656 3663 nec
2701 3598 3024 3662 materiale
3042 3647 3059 3677 ,
3106 3597 3216 3661 sed
3255 3596 3679 3672 occasionale,
3722 3594 3900 3678 quasi

2365 3708 2530 3771 dicat
2546 3707 2624 3772 de
2639 3708 2807 3773 malo
2833 3708 2994 3787 facit
3020 3707 3274 3786 bonum,
3297 3706 3626 3770 occasione
3648 3709 3899 3787 sumpta

2364 3833 2405 3878 a
2430 3815 2597 3879 malo
2627 3834 2642 3879 :
2675 3816 2806 3897 ipse
2844 3818 3060 3879 autem
3086 3814 3304 3896 objicit
3337 3833 3411 3878 ac
3447 3814 3499 3876 si
3541 3814 3697 3893 hoc,
3729 3811 3896 3894 quod

2365 3926 2455 3985 est
2501 3920 2610 4002 de,
2657 3925 2977 3987 teneretur
3021 3920 3374 3997 causaliter,
3418 3920 3556 3986 sive
3600 3918 3895 3985 materia-

2362 4027 2526 4093 liter.

2992 4145 3133 4190 nun.
3177 4144 3246 4189 11.

2364 4258 2512 4321 Quod
2533 4258 2725 4310 malum
2756 4259 2936 4312 dicitur
2959 4259 3091 4310 bene
3120 4229 3435 4322 ordinatum,
3463 4260 3515 4309 et
3536 4255 3656 4309 loco
3674 4270 3768 4309 suo
3793 4269 3888 4322 po·

2976 4331 3149 4395 situm,
3178 4334 3279 4384 etc.

2440 4454 2704 4520 Videtur
2742 4454 2907 4519 male
2945 4454 3157 4538 loqui,
3191 4453 3343 4536 quia
3379 4452 3551 4535 quod
3589 4471 3722 4517 non
3758 4456 3884 4532 est,

2361 4581 2491 4628 non
2519 4566 2611 4626 est
2637 4561 2854 4625 locari.
2880 4559 3045 4625 Situ
3071 4562 3241 4626 dicas
3266 4561 3433 4642 quod
3464 4560 3652 4625 habet
3674 4561 3888 4625 locum

2360 4670 2602 4734 ratione
2643 4669 2974 4749 substrati,
3019 4673 3277 4732 contra:
3304 4666 3506 4731 Locus
3538 4668 3788 4732 debitus
3827 4669 3890 4731 et

2360 4777 2740 4841 conveniens
2761 4782 3010 4840 naturae
3036 4774 3324 4839 rationali
3346 4778 3438 4840 est
3458 4774 3706 4857 gloria:
3731 4791 3885 4856 ergo

2359 4883 2602 4946 malum
2629 4883 2870 4947 locatur
2896 4884 2962 4945 in
2990 4882 3216 4964 gloria.

2435 4989 2616 5071 Resp.
2650 4989 2991 5053 Dicendum
3015 4989 3186 5071 quod
3205 5006 3354 5051 cum
3374 4988 3514 5052 dico
3533 4987 3879 5063 infernum,

2355 5095 2488 5158 sive
2526 5097 2738 5160 locum
2784 5096 3132 5178 poenalem,
3165 5096 3291 5159 duo
3327 5095 3497 5172 dico,
3533 5099 3594 5158 et
3639 5099 3880 5176 partem

2355 5203 2661 5282 universi,
2688 5208 2751 5267 et
2774 5205 3079 5267 vilitatem
3103 5224 3118 5264 τ
3144 5203 3210 5267 in
3233 5207 3541 5284 quantum
3565 5201 3740 5264 locus
3761 5203 3874 5279 est,

2353 5309 2616 5373 debetur
2644 5315 2888 5374 naturae
2928 5310 3292 5387 substratae3
3327 5308 3438 5372 sed
3466 5308 3534 5371 in
3563 5311 3876 5389 quantum

2353 5416 2497 5477 vilis
2535 5423 2658 5493 est,
2697 5417 2962 5482 debetur
2999 5416 3378 5479 deformitati
3417 5415 3648 5496 culpae,
3687 5419 3750 5476 et
3790 5413 3873 5474 ita
