4125 6225
244 3578 431 3623 Divisio.

1681 429 2056 495 DISTINC'I'.
2105 430 2153 494 1.
2187 429 2388 494 PARS
2417 430 2468 495 Ι.
3539 433 3656 494 237

474 590 645 663 coelo
673 591 1080 660 mansionem
1103 619 1121 680 ;
1160 591 1293 663 illis
1319 609 1476 660 vero
1518 614 1685 681 quos
1712 591 2095 683 corporibus
2123 591 2396 659 terrenis
2421 590 2811 677 sociaverat,
2842 591 3147 659 deorsum
3173 592 3243 658 in
3272 598 3446 659 terra
3473 590 3661 660 habi-

478 709 793 778 tationem
822 706 1158 775 constituit
1192 731 1207 773 t
1242 707 1538 797 utrisque
1569 708 1867 796 regulam
1896 707 2240 798 imponens
2266 706 2653 775 obedientiae
2671 761 2690 796 ,
2724 715 3048 798 quatenus
3074 716 3140 775 et
3166 706 3267 774 illi
3294 706 3378 774 ab
3407 729 3509 792 eo,
3539 706 3657 775 ubi

478 834 708 913 erant,
742 848 875 893 non
902 824 1238 908 caderent,
1276 831 1339 890 et
1366 823 1472 890 isti
1501 823 1581 890 ab
1613 847 1687 892 eo
1715 876 1732 909 ‚
1765 824 1878 890 ubi
1909 831 2126 909 erant,
2158 823 2239 891 ad
2265 823 2330 891 id
2355 875 2372 909 ,
2406 822 2522 890 ubi
2561 846 2696 891 non
2733 832 2917 890 erant
2941 877 2958 908 ,
2990 822 3428 891 ascenderent.
3479 822 3659 891 Fecit

476 943 704 1034 itaque
730 942 905 1009 Deus
931 942 1265 1008 hominem
1296 964 1376 1007 ex
1403 940 1654 1031 duplici
1682 941 2046 1008 substantia
2066 991 2082 1023 ,
2126 962 2361 1030 corpus
2396 940 2476 1007 de
2521 948 2693 1007 terra
2718 962 3112 1030 componens
3137 993 3152 1023 ‚
3184 940 3474 1007 animam
3502 962 3659 1008 vero

476 1059 560 1127 de
592 1058 800 1126 nihilo
829 1057 1091 1126 faciens.
1125 1058 1277 1125 Ideo
1305 1057 1502 1123 etiam
1542 1056 1745 1124 unitae
1784 1063 1938 1124 sunt
1975 1056 2210 1124 animae
2253 1055 2636 1146 corporibus
2658 1108 2677 1141 ,
2728 1064 2804 1123 ut
2848 1057 2921 1123 in
2955 1056 3048 1122 eis
3091 1055 3224 1124 Deo
3263 1054 3661 1123 famulantes

477 1173 795 1262 majorem
825 1180 1203 1240 mereantur
1229 1195 1560 1241 coronam.

573 1291 670 1357 Ex
698 1288 1049 1380 praemissis
1074 1297 1341 1378 apparet
1369 1288 1755 1356 rationalem
1781 1297 2151 1357 creaturam
2179 1288 2251 1355 in
2270 1287 2631 1377 angelicam
2649 1340 2665 1372 ‚
2695 1295 2760 1354 et
2784 1287 3145 1356 humanam
3173 1286 3373 1356 fuisse
3397 1288 3661 1356 distinc-
3719 1319 3817 1361 rost
3840 1331 3903 1362 sa-

3713 1394 3904 1426 eramen·

482 1415 617 1474 tam
639 1459 657 1490 ‚
689 1428 970 1496 quarum
1001 1405 1201 1473 altera
1230 1412 1325 1472 est
1351 1413 1485 1472 tota
1513 1404 1903 1495 spiritualiS,
1937 1404 2005 1472 id
2033 1413 2130 1472 est
2154 1457 2172 1489 ,
2208 1405 2535 1492 angelica:
2568 1404 2773 1471 altera
2815 1427 2898 1471 ex
2941 1413 3122 1495 parte
3150 1404 3511 1496 spiritualis
3537 1458 3556 1491 ‚
3599 1415 3663 1474 et
3692 1449 3778 1486 tum
3811 1446 3904 1488 ΤΗ.

480 1545 564 1590 ex
592 1531 772 1613 parte
797 1521 1152 1612 corporalis
1171 1573 1188 1607 ,
1220 1520 1288 1588 id
1318 1532 1449 1604 est,
1479 1521 1793 1589 humana.
1828 1521 1996 1589 Cum
2028 1521 2247 1613 itaque
2277 1521 2357 1588 de
2387 1520 2488 1587 his
2519 1520 2929 1588 tractandum
2960 1520 3066 1604 sit,
3098 1521 3338 1592 scilicet
3365 1521 3445 1589 de
3473 1522 3664 1612 spiri·
3692 1519 3908 1629 ὓέξζᾞυῖζ

483 1638 651 1706 tuali
678 1646 742 1705 et
766 1637 1089 1728 corporali
1117 1646 1445 1723 creatura3
1489 1637 1568 1704 de
1596 1636 1903 1704 rationali
1933 1644 1996 1703 et
2026 1636 2394 1727 spirituali,
2444 1636 2512 1703 id
2543 1644 2636 1704 est
2664 1635 2744 1703 de
2772 1636 3020 1723 angelis
3069 1637 3400 1724 agendum
3425 1653 3443 1685 ¹
3483 1637 3665 1706 vide-
3692 1648 3907 1702 triparfita

478 1763 616 1840 tur,
650 1763 788 1821 uta
814 1754 1116 1822 contuitu
1154 1754 1476 1822 Creatoris
1516 1753 1597 1820 ad
1644 1752 2085 1840 cognitionem
2121 1762 2436 1821 creaturae
2479 1753 2798 1841 dignioris
2842 1753 3006 1821 ratio
3048 1761 3270 1821 nostra
3307 1753 3607 1822 intendat
3643 1780 3658 1820 ε
3694 1717 3908 1829 ἃῖεἶῗάἷῗι

479 1870 715 1938 deinde
743 1870 823 1938 ad
851 1870 1437 1938 considerationem
1464 1891 1792 1961 corporeae
1819 1877 1953 1936 tam
1979 1868 2163 1936 illius
2190 1891 2340 1961 quae
2369 1877 2462 1936 est
2490 1869 2828 1937 rationalis
2856 1922 2874 1955 ,
2907 1892 3106 1960 quam
3135 1869 3319 1937 illius
3346 1892 3496 1962 quae
3523 1892 3656 1937 non
3694 1841 3907 1962 Ξῖἑζῗοὲῗ

480 1995 576 2053 est
603 1986 937 2054 rationalis
964 1986 1343 2070 descendat,
1376 1997 1450 2054 ut
1476 1986 1816 2054 Trinitatis
1857 1986 2163 2053 increatae
2201 1993 2680 2053 sacramentum
2725 1984 3067 2077 tripartitae
3093 1992 3442 2073 creaturae,
3475 1987 3666 2079 eique

479 2112 971 2172 concreatorum
996 2103 1089 2194 (a)
1123 2109 1321 2194 atque
1347 2102 1873 2191 contingentium
1901 2109 2217 2193 sequatur
2243 2101 2736 2171 documentum.

3723 1980 3768 2022 id
3790 1985 3877 2035 est,

3696 2043 3906 2097 angelica.

1096 2439 1292 2515 PARS
1338 2440 1390 2514 Ι.

482 2648 562 2695 ΒΕ
603 2647 934 2695 cREATlonE
983 2647 1254 2694 HUMANAE:
1315 2648 1567 2693 NATURAE
1609 2647 1896 2703 QUANTUM
1951 2647 2028 2692 AD

694 2744 1038 2788 PRINCIPIUM
1066 2743 1371 2787 EFFICIENS
1401 2743 1465 2786 IN
1497 2742 1815 2786 GENERALI.

866 2939 1277 3008 EXPOSlTlO
1319 2940 1645 3006 TEXTUS.

994 3111 1319 3163 creationem
1346 3125 1537 3162 rerum.

569 3269 909 3353 Postquam
948 3269 1250 3350 Magister
1284 3287 1477 3351 supra
1508 3268 1576 3331 in
1619 3269 1828 3351 primo
1866 3267 2031 3331 libro

497 3377 940 3443 determinavit
971 3376 1048 3440 de
1082 3375 1383 3458 mysterio
1418 3373 1767 3455 TrinitatiS,
1811 3393 2032 3439 conse-

492 3491 760 3568 quenter
782 3486 850 3548 in
880 3483 1004 3547 hoc
1039 3483 1315 3547 secundo
1346 3484 1511 3548 libro
1545 3484 1923 3548 determinat
1954 3484 2032 3548 de

489 3593 681 3657 rebus
708 3591 962 3668 creatis;
994 3595 1058 3654 et
1086 3589 1391 3655 dividitur
1417 3591 1536 3654 ista
1564 3609 1710 3673 pars
1735 3592 1802 3653 in
1829 3592 2027 3655 duas:

491 3698 558 3763 in
610 3699 816 3782 prima
865 3698 1002 3778 agit
1047 3697 1124 3761 de
1181 3696 1461 3761 hominis
1514 3697 1903 3777 conditione3
1965 3700 2031 3763 in

491 3806 769 3871 secunda
803 3806 880 3869 de
912 3804 1097 3886 lapsu
1130 3806 1292 3885 eiua,
1333 3809 1395 3868 et
1431 3804 1802 3883 tentatione,
1840 3805 2029 3884 infra,

492 3913 634 3977 dist.
665 3931 821 3976 xx1:
854 3911 1097 3977 videns
1119 3913 1324 3994 iqitur
1343 3910 1653 3988 diabolus,
1678 3916 1795 3975 etc.
1819 3910 2034 3975 Prima

425 4011 433 4017 ’
491 4037 637 4102 pars
672 4018 863 4082 habet
896 4019 1090 4097 duas;
1130 4018 1284 4100 quia
1316 4018 1489 4081 enim
1526 4019 1722 4082 homo
1753 4037 2037 4083 commu-

492 4127 665 4191 nicat
723 4146 872 4191 cum
933 4126 1234 4189 omnibus
1289 4125 1595 4189 creaturis
1613 4174 1629 4202 ‚
1694 4128 1759 4189 et
1810 4130 2036 4190 caetera

492 4234 655 4300 facta
704 4239 857 4300 sunt
913 4238 1167 4317 propter
1219 4234 1583 4310 hominem,
1635 4234 1777 4297 ideo
1826 4234 2035 4317 primo

494 4341 627 4422 agit
669 4341 747 4406 de
789 4341 1146 4405 conditione
1196 4357 1413 4403 rerum
1453 4340 1517 4402 in
1567 4340 1886 4420 generali,
1929 4358 2034 4404 se-

495 4451 705 4515 cundo
753 4469 910 4515 vero
950 4452 1017 4514 in
1056 4448 1343 4533 speciali,
1377 4448 1575 4529 infra,
1619 4449 1761 4513 dist.
1802 4468 1847 4511 11
1893 4472 1907 4513 ε
1949 4451 2036 4515 De

497 4558 787 4641 anqelica
847 4561 1067 4639 itaque
1118 4560 1394 4635 natura,
1448 4561 1568 4620 etc.
1626 4555 1839 4620 Prima
1892 4576 2038 4640 pars

496 4662 687 4728 habet
721 4664 901 4727 duae.
942 4662 1018 4726 ln
1053 4663 1266 4745 prima
1293 4662 1673 4727 determinat
1707 4663 1783 4726 de
1818 4664 2040 4728 condi-

496 4772 665 4837 tione
707 4791 927 4838 rerum
981 4775 1295 4854 quantum
1338 4772 1412 4834 ad
1464 4771 1849 4854 principium
1900 4774 2034 4837 effi-

500 4879 702 4957 ciens;
742 4878 813 4941 in
847 4877 1126 4942 secunda
1163 4895 1315 4941 vero
1353 4882 1668 4959 qnantum
1706 4879 1785 4942 ad
1814 4880 2035 4956 finem,

501 4985 587 5050 ibi
610 5011 624 5051 ε
647 4991 737 5054 Et
762 4989 920 5069 quia
938 5002 1069 5052 non
1093 4986 1265 5051 valet
1290 4985 1425 5067 eius
1452 4985 1895 5063 beatitudinis,
1918 4993 2036 5052 etc.

506 5091 714 5157 Prima
740 5111 887 5176 pars
916 5093 1108 5157 habet
1140 5096 1268 5155 tres
1297 5090 1638 5173 particulas
1680 5110 1696 5155 ε
1727 5093 1796 5155 in
1833 5093 2042 5176 prima

506 5201 802 5284 proponit
818 5201 1153 5263 veritatem
1183 5215 1331 5280 quae
1350 5197 1733 5280 exprimitur
1751 5198 1818 5262 in
1839 5199 2044 5281 Scrip-

571 5360 777 5425 ¹Ueque
821 5359 887 5409 ad
918 5360 1034 5411 diet.
1070 5371 1147 5410 111
1188 5360 1466 5410 exclusive.
1489 5384 1551 5397 —
1586 5359 1609 5393 ¹
1645 5359 1816 5425 Arist„
1844 5360 2040 5425 Physic.

513 5428 612 5484 lib.
640 5432 695 5497 1,
724 5435 867 5481 cont..
886 5435 934 5483 2.

2136 2411 2299 2471 turae
2355 2424 2552 2471 sacrae
2615 2405 3015 2483 auctoritate3
3065 2406 3133 2469 in
3192 2408 3470 2471 secunda
3518 2426 3673 2473 vero

2137 2515 2577 2579 auctoritatem
2623 2513 2951 2597 explanat,
2995 2512 3086 2577 ibi
3134 2536 3149 2577 t
3207 2514 3464 2581 Creator
3503 2519 3676 2581 enim

2139 2631 2259 2701 est,
2295 2626 2413 2686 etc.
2446 2622 2518 2685 In
2549 2622 2732 2685 tertia
2759 2639 2948 2700 vem,
2985 2621 3136 2701 quia
3169 2640 3282 2703 per
3317 2623 3491 2686 illam
3518 2643 3677 2687 auc-

2138 2729 2456 2792 toritatem
2484 2728 2826 2810 positiones
2853 2745 3136 2791 erroneae
3163 2727 3512 2809 eliduntur,
3534 2750 3678 2794 con·

2141 2834 2338 2898 cludit
2387 2834 2614 2898 ultimo
2669 2850 2892 2896 earum
2943 2834 3421 2898 evacuationem
3443 2884 3460 2915 ‚
3513 2836 3598 2898 ibi
3659 2859 3673 2900 z

2143 2940 2386 3007 Horum
2424 2957 2568 3023 erqo
2615 2947 2672 3006 ez
2719 2940 3034 3006 sivnilz'um
3077 2956 3395 3022 errorum,
3441 2946 3558 3005 etc.
3605 2942 3684 3006 Et

2138 3049 2444 3132 quaelibet
2488 3049 2719 3114 harum
2769 3047 3048 3131 partium
3097 3049 3288 3112 habet
3333 3049 3493 3114 duas
3546 3072 3561 3115 ς
3612 3050 3683 3114 in

2140 3157 2349 3239 prima
2384 3175 2664 3238 namque
2697 3160 2874 3239 parte
2909 3157 3202 3238 proponit
3240 3158 3678 3221 auctoritatem

2140 3264 2455 3342 veritatis3
2483 3264 2552 3327 in
2585 3261 2862 3329 secunda
2888 3262 3165 3327 Platonis
3194 3282 3499 3343 errorem,
3529 3266 3618 3330 ibi
3659 3289 3674 3331 ε

2142 3371 2321 3439 Plato
2348 3389 2643 3454 namque,
2664 3375 2784 3435 etc.
2808 3369 3113 3435 Similiter
3139 3375 3204 3434 et
3227 3373 3503 3436 secunda
3525 3373 3681 3438 duas

2140 3482 2334 3548 habet
2365 3506 2380 3548 t
2419 3484 2486 3547 in
2523 3484 2731 3566 prima
2775 3481 3072 3564 explanat
3106 3483 3579 3565 auctoritatem,
3618 3489 3680 3549 et

2142 3593 2341 3655 verba
2380 3590 2797 3668 auctoritatis;
2838 3590 2908 3653 in
2949 3592 3228 3654 secunda
3275 3592 3452 3674 ponit
3505 3611 3678 3657 erro-

2141 3717 2281 3762 rem
2315 3698 2688 3775 AristoteliS‚
2728 3697 2817 3759 ibi
2857 3718 2873 3759 ε
2920 3698 3125 3763 Arist.
3165 3713 3309 3763 vero
3343 3701 3475 3765 tria
3495 3748 3516 3779 ,
3558 3706 3673 3765 etc.

2143 3805 2380 3870 Eodem
2450 3806 2638 3869 modo
2696 3801 2879 3866 tertia
2937 3803 3130 3866 habet
3177 3804 3338 3868 duas
3395 3829 3409 3869 :
3471 3806 3683 3889 primo

2144 3914 2319 3976 enim
2384 3911 2705 3977 concludit
2762 3927 3053 3973 errorum
3113 3909 3677 3995 improbationem;

2144 4019 2420 4083 secundo
2477 4037 2630 4084 vero
2682 4016 2830 4080 fidei
2873 4017 3459 4099 confirmationem,
3512 4021 3603 4083 ihi
3663 4042 3678 4084 ε

2148 4126 2492 4193 credamus
2522 4142 2689 4207 erqo,
2727 4130 2846 4191 etc.

2799 4318 2938 4364 DUB.
2982 4317 3031 4364 1.

2581 4434 2906 4486 creationem
2928 4448 3120 4500 rerum,
3150 4438 3251 4485 etc.

2229 4556 2549 4634 Quaeritur
2577 4557 2655 4622 de
2691 4559 2911 4624 ordine
2942 4560 3128 4624 istius
3160 4559 3309 4623 libri
3339 4557 3420 4622 ad
3453 4574 3687 4641 praece·

2150 4664 2425 4729 dentem.
2459 4664 2617 4729 Cum
2655 4667 2827 4731 enim
2862 4687 2979 4731 nos
3014 4683 3474 4748 cognoscamus
3509 4666 3690 4728 Crea-

2149 4779 2352 4836 torem
2411 4791 2524 4855 per
2585 4778 2940 4850 creaturas,
2998 4776 3150 4856 quia
3213 4774 3511 4838 videmus
3575 4787 3689 4854 per

2150 4881 2509 4964 speculum3
2539 4885 2601 4945 et
2626 4883 2885 4946 scientia
2911 4883 3169 4946 debeat²
3185 4881 3472 4945 inchoari
3495 4899 3534 4943 a
3568 4898 3690 4943 no-

2150 4985 2419 5047 tioribus
2453 4984 2680 5062 nobis;
2719 5003 2876 5066 ergo
2910 4986 3089 5067 prius
3133 4984 3352 5049 debuit
3385 5001 3578 5065 agere
3611 4983 3689 5046 de

2153 5091 2481 5171 creaturiS,
2500 5110 2696 5174 quam
2715 5092 2792 5155 de
2813 5091 3100 5157 Creatore
3132 5110 3148 5155 ε
3184 5109 3343 5172 ergo
3377 5091 3494 5155 iste
3526 5090 3689 5153 liber

2152 5198 2422 5279 primus,
2451 5217 2582 5262 non
2605 5198 2920 5263 secundus
2946 5199 3130 5262 debet
3153 5216 3308 5262 esse.

2233 5304 2420 5388 Resp.
2450 5306 2806 5370 Dicendum·
2829 5306 2999 5389 quod
3027 5325 3221 5389 supra
3236 5354 3254 5385 ‚
3287 5324 3438 5370 cum
3476 5308 3691 5369 actum

2219 5431 2284 5496 (a)
2307 5431 2429 5483 Goet.
2453 5432 2575 5483 edit.
2604 5436 2983 5483 concretorum.
