4125 6225
1324 435 1523 504 msr.
1562 435 1721 504 m.
1763 435 1948 506 aar.
1991 438 2042 505 1.
2089 438 2389 518 QUAEST.
2429 397 2478 506 ιζ

322 573 490 647 tum,
531 569 681 635 licet
717 587 850 635 non
898 571 1189 637 omnino.
1227 569 1526 638 Creatura
1562 590 1718 639 vero
1752 590 1864 637 ra-

322 679 580 745 tionalis
614 698 745 746 non
783 680 992 745 solum
1037 679 1128 745 sic
1172 680 1491 759 convenit,
1523 679 1633 746 sed
1669 680 1861 747 etiam

321 790 638 868 quantum
658 784 739 849 ad
764 785 1246 851 intrinsecarum
1269 804 1535 851 suarum
1557 787 1865 869 potentia·

321 909 476 957 rum
519 889 860 974 originem,
903 893 1215 972 ordinem,
1261 897 1325 957 et
1368 893 1859 976 distinctionem,

319 997 394 1064 in
417 999 652 1082 quibus
682 1001 1065 1065 assimilatur
1090 999 1181 1064 illi
1220 1000 1628 1078 distinctioni,
1659 1005 1720 1066 et
1753 1020 1861 1067 or·

322 1104 479 1184 dini,
512 1124 663 1188 quae
690 1107 882 1171 estin
923 1105 1156 1172 divinis
1194 1107 1483 1189 personis
1517 1106 1859 1174 intrinseca

319 1211 557 1276 divinae
582 1217 852 1278 naturae.
883 1213 963 1278 Et
986 1212 1128 1278 ideo
1149 1212 1423 1278 ostendit
1454 1213 1860 1295 Augustinus

319 1317 393 1381 in
414 1317 578 1383 libro
597 1317 674 1385 de
714 1320 1029 1386 Trinitate
1052 1323 1100 1395 ²,
1125 1318 1452 1383 bominem
1474 1337 1610 1384 esse
1631 1320 1859 1402 imagi-

318 1442 471 1490 nem
498 1425 607 1490 Dei
645 1445 661 1488 ε
700 1430 763 1490 et
797 1426 917 1490 hoc
948 1426 1360 1508 explanatum
1385 1426 1507 1490 fuit
1540 1427 1609 1489 in
1649 1427 1857 1510 primo

317 1528 504 1612 libro,
524 1531 639 1595 ubi
665 1535 989 1596 ostensum
1015 1535 1109 1596 est
1135 1532 1306 1614 quod
1332 1531 1400 1595 in
1426 1532 1642 1596 anima
1667 1532 1856 1597 ratio·

318 1637 450 1701 nali
473 1641 567 1701 est
591 1637 807 1703 unitas
832 1638 1123 1703 essentiae
1155 1656 1303 1703 cum
1328 1638 1609 1703 trinitate
1630 1643 1853 1723 poten-

316 1743 554 1809 tiarum
599 1745 680 1809 ad
723 1745 1001 1810 invicem
1047 1745 1515 1826 ordinatarum,
1567 1750 1630 1811 et
1668 1747 1853 1830 quasi

318 1851 631 1916 consimili
657 1852 845 1917 modo
870 1871 937 1918 se
964 1852 1379 1918 habentium:
1410 1854 1500 1917 sic
1523 1871 1590 1917 se
1618 1853 1854 1919 habent

317 1977 606 2043 personae
639 1959 710 2023 in
734 1959 966 2025 divinis
1003 1983 1019 2027 :
1049 1963 1115 2025 et
1143 1960 1283 2025 ideo
1318 1963 1414 2023 est
1439 1960 1527 2024 ibi
1557 1978 1854 2043 expressa

315 2066 663 2132 similitudo
700 2067 1158 2150 proportionis;
1195 2071 1259 2132 et
1296 2072 1552 2151 propter
1586 2068 1710 2132 hoc
1749 2086 1855 2132 ra-

313 2174 568 2239 tionalis
600 2178 909 2253 creatura,
944 2192 1093 2257 quae
1120 2178 1216 2239 est
1240 2175 1458 2255 homo,
1500 2178 1595 2240 est
1635 2174 1855 2257 imago

313 2280 447 2348 Dei.
490 2282 603 2347 His
643 2282 819 2362 visiS,
863 2286 1033 2365 patet
1072 2284 1399 2365 responsio
1431 2284 1512 2348 ad
1552 2285 1853 2368 quaestio-

313 2407 467 2453 nem
506 2389 915 2472 propositam,
947 2394 1012 2454 et
1050 2390 1244 2455 etiam
1275 2392 1353 2455 ad
1381 2391 1663 2473 obJecta;
1698 2409 1856 2456 con-

311 2495 665 2562 cedendum
726 2500 821 2561 est
861 2497 1032 2562 enim
1089 2498 1259 2579 quod
1310 2497 1504 2561 homo
1560 2515 1713 2562 vere
1758 2501 1853 2562 est

309 2602 529 2685 imago
562 2603 696 2684 Dei,
730 2603 897 2669 sicut
934 2605 1274 2669 ostendunt
1299 2605 1577 2670 rationes
1616 2605 1698 2668 ad
1728 2605 1851 2671 boc

308 2707 607 2773 inductae.

392 2819 452 2878 1.
487 2814 586 2880 Ad
610 2812 769 2878 illud
795 2814 964 2898 quod
992 2814 1309 2897 objicitur,
1342 2814 1513 2896 quod
1540 2814 1735 2879 homo
1756 2818 1854 2880 est

309 2919 390 2983 ad
432 2920 819 3001 imaginem,
865 2938 1054 3003 ergo,
1098 2924 1247 2999 etc.;
1291 2920 1633 2985 dicendum
1676 2918 1849 3004 quod

307 3042 439 3089 non
478 3026 811 3108 sequitur:
857 3026 1012 3110 quia
1054 3045 1204 3091 cum
1253 3026 1483 3092 dieitur
1523 3027 1724 3091 factus
1768 3026 1845 3091 ad

305 3132 681 3216 imaginem,
703 3133 920 3215 imago
935 3135 1244 3217 accipitur
1261 3135 1636 3199 abstractive
1653 3154 1671 3215 ;
1694 3154 1845 3201 cum

307 3240 536 3307 dicitur
562 3242 780 3322 imago
820 3241 952 3318 Dei,
990 3241 1209 3323 imago
1250 3241 1555 3324 accipitur
1589 3260 1849 3307 concre-

306 3348 458 3428 tive,
497 3349 649 3431 quia
673 3351 766 3413 est
798 3348 1084 3429 imagine
1119 3348 1227 3413 Dei
1259 3348 1604 3430 insignitus
1639 3367 1657 3412 ε
1685 3348 1848 3413 sicut

306 3454 543 3534 tabula,
573 3455 644 3518 in
683 3473 813 3537 qua
849 3453 1092 3537 depicta
1129 3458 1222 3518 est
1257 3454 1498 3536 imago,
1533 3457 1596 3517 et
1627 3455 1846 3536 imago

305 3567 509 3646 potest
534 3563 658 3628 dici
684 3562 849 3628 etad
876 3562 1227 3644 imaginem
1253 3581 1272 3627 z
1302 3561 1395 3625 sic
1415 3563 1480 3625 et
1508 3562 1581 3625 in
1609 3579 1846 3646 propo-

303 3669 449 3734 sito.
1801 3682 1818 3687 “

381 3779 443 3841 2.
475 3777 572 3842 Ad
615 3776 774 3841 illud
805 3776 978 3859 quod
1017 3774 1338 3859 objicitur,
1375 3774 1548 3858 quod
1587 3794 1720 3841 non
1751 3779 1846 3841 est

301 3884 513 3967 aliqua
536 3883 834 3949 identitas
867 3884 978 3948 Dei
1005 3884 1084 3949 ad
1123 3887 1505 3962 creaturam,
1536 3902 1693 3966 ergo
1723 3903 1842 3949 nec

298 3991 675 4070 similitud03
711 3992 1050 4056 dicendum
1076 3990 1248 4074 quod
1285 3991 1653 4071 similitudo,
1690 4010 1839 4074 quae

298 4103 396 4164 est
416 4099 484 4163 in
517 4097 824 4181 imagine,
854 4117 988 4163 non
1014 4096 1360 4163 attenditur
1385 4115 1501 4180 per
1536 4096 1836 4163 identita-

294 4208 448 4284 tem,
486 4209 599 4270 aut
641 4205 928 4288 ejusdem
965 4210 1213 4269 naturae
1260 4204 1835 4287 participationem;

294 4312 403 4377 sed
433 4331 546 4396 per
568 4312 1075 4377 convenientiam
1106 4312 1176 4375 in
1201 4312 1443 4390 ordine,
1475 4315 1537 4375 et
1571 4329 1837 4394 propor-

294 4419 573 4484 tionem:
604 4437 752 4502 quae
783 4418 1130 4483 similitudo
1156 4436 1288 4482 non
1323 4416 1527 4499 exigit
1552 4436 1838 4483 commu-

296 4525 643 4591 nicantiam
658 4525 728 4590 in
756 4526 965 4605 tertio,
990 4525 1144 4608 quia
1170 4524 1242 4588 in
1269 4525 1714 4589 convenientia
1736 4544 1836 4591 or-

294 4633 460 4697 dinis
486 4653 696 4699 unum
737 4637 832 4698 est
867 4630 1216 4697 similitudo
1241 4631 1536 4710 alterius;
1578 4632 1647 4696 in
1683 4652 1837 4699 con-

294 4740 617 4806 venientia
650 4739 1071 4823 proportionis
1105 4757 1237 4803 non
1271 4743 1367 4802 est
1392 4738 1741 4804 similitudo
1765 4740 1836 4806 in

295 4866 449 4929 uno,
480 4849 686 4914 sedin
711 4848 959 4915 duabus
989 4848 1590 4930 comparationibus.

375 4958 436 5020 3.
465 4956 563 5021 Ad
586 4956 744 5021 illud
763 4956 933 5039 quod
952 4956 1274 5038 objicitur,
1306 4954 1477 5038 quod
1500 4955 1721 5038 imago
1739 4962 1836 5023 est

294 5061 645 5127 similitudo
689 5080 1016 5146 expressa3
1059 5064 1197 5144 jam
1250 5068 1422 5145 patet
1462 5066 1787 5147 responsio
1808 5116 1828 5147 ‚

295 5168 449 5252 quia
473 5168 591 5234 etsi
616 5186 858 5251 magna
879 5170 976 5234 est
998 5167 1443 5234 dissimilitudo
1465 5169 1532 5233 in
1556 5174 1835 5257 proprie-

367 5330 554 5398 ψῃ,
580 5330 641 5381 de
672 5331 873 5391 Trina„
900 5330 986 5381 nh.
1030 5331 1155 5394 vn,
1183 5345 1232 5383 ο.
1248 5342 1324 5399 v1,
1350 5343 1407 5383 n.
1429 5334 1507 5389 ιε.
1540 5358 1596 5372 -
1616 5334 1830 5406 urm„

301 5398 363 5453 de
380 5404 586 5473 Anima,
599 5402 690 5455 lib.
710 5403 801 5467 111,
821 5405 962 5455 cont.
980 5403 1058 5455 49.

3397 444 3519 507 633

1976 573 2210 641 tatibus
2236 574 2562 653 absolutis,
2592 576 2869 640 multum
2910 579 3127 640 tamen
3153 591 3395 657 magna
3424 578 3523 641 est

1974 679 2324 747 similitudo
2352 683 2422 746 in
2455 683 2925 748 immediatione
2955 682 3217 762 ordinis,
3252 687 3315 749 et
3342 701 3518 748 com-

1973 789 2297 870 paratione
2323 790 2768 872 proportionis,
2799 809 2879 854 ex
2911 790 3147 872 quibus
3174 793 3239 853 et
3268 790 3334 853 in
3361 790 3516 872 qui-

1971 896 2093 960 bus
2120 895 2369 961 duobus
2401 897 2719 980 expressio
2745 897 3180 961 similitudinis
3207 895 3512 977 consistit,

1970 1021 2117 1085 quae
2148 1003 2502 1085 imaginem
2523 1006 2690 1069 facit.

2049 1114 2113 1173 4.
2145 1109 2244 1174 Ad
2278 1110 2434 1175 illud
2476 1111 2646 1194 quod
2683 1110 2982 1193 objicitur
3018 1110 3096 1175 de
3136 1112 3509 1192 configura-

1972 1216 2146 1281 tione
2178 1217 2286 1300 (a)‚
2329 1216 2670 1281 dicendum
2700 1217 2871 1299 quod
2917 1216 3137 1298 imago
3175 1217 3515 1299 corporalis

1967 1324 2176 1406 exigit
2213 1325 2790 1405 configurationem
2822 1323 3251 1404 corporalem3
3283 1321 3506 1404 imago

1965 1450 2124 1497 vero
2150 1432 2496 1516 spiritualis
2514 1432 3019 1512 configuratione
3047 1435 3110 1495 et
3135 1430 3352 1513 effigie
3382 1431 3512 1513 spi·

1965 1539 2181 1603 rituali
2199 1543 2496 1603 contenta
2513 1543 2607 1602 est
2633 1562 2647 1603 ε
2672 1538 2812 1602 haec
2838 1541 3053 1600 autem
3077 1536 3363 1600 consistit
3377 1555 3512 1602 non
3632 1547 3639 1555 '

1964 1645 2033 1709 in
2061 1645 2416 1727 quantitate
2447 1645 2655 1722 molis,
2686 1645 2793 1708 sed
2829 1643 2899 1707 in
2926 1643 3277 1725 quantitate
3304 1643 3514 1709 virtu·

1964 1753 2069 1828 tia,
2090 1752 2329 1817 scilicet
2356 1753 2425 1816 in
2446 1752 2735 1835 potentiis
2760 1752 2883 1815 :ita
2911 1749 3083 1832 quod
3110 1750 3276 1814 sicut
3296 1752 3514 1832 figura

1959 1859 2375 1942 triangularis
2418 1861 2610 1924 habet
2657 1863 2786 1923 tres
2826 1858 3135 1922 terminos
3174 1863 3239 1923 et
3286 1863 3410 1923 tres
3437 1860 3511 1924 li-

1961 1983 2136 2042 neas,
2165 1966 2257 2030 sic
2282 1967 2479 2030 etiam
2508 1965 2577 2029 in
2605 1966 2890 2047 imagine
2930 1965 3242 2047 spirituali
3287 1969 3509 2047 poten-

1963 2072 2070 2137 tiae
2099 2076 2252 2136 sunt
2267 2073 2348 2137 ad
2370 2072 2638 2137 modum
2656 2073 3112 2150 terminorum3
3137 2075 3202 2135 et
3227 2074 3510 2153 egressio

1965 2180 2161 2243 unius
2185 2180 2266 2243 ab
2300 2179 2529 2259 altera,
2559 2181 2877 2261 quantum
2906 2178 2987 2243 ad
3015 2181 3254 2258 actum,
3289 2197 3358 2243 se
3384 2179 3509 2244 ba·-

1962 2288 2069 2352 bet
2093 2287 2174 2352 ad
2200 2288 2468 2351 modum
2496 2286 2682 2350 lineae
2710 2285 3184 2367 conjungentis

2044 2397 2106 2459 5.
2157 2394 2258 2459 Ad
2298 2394 2455 2459 illud
2492 2393 2663 2477 quod
2711 2392 3031 2476 objicitur,
3075 2393 3244 2475 quod
3287 2393 3507 2475 imago

1960 2504 2375 2584 repraesentat
2436 2499 2791 2566 secundum
2855 2503 3063 2564 totum
3093 2519 3113 2582 3
3167 2499 3507 2564 dicendum

1960 2609 2135 2692 quod
2183 2608 2340 2672 illud
2386 2612 2482 2672 est
2525 2626 2758 2672 verum
2795 2607 2874 2671 de
2902 2607 3013 2670 illa
3037 2607 3326 2690 imagine
3356 2626 3505 2690 quae

1961 2717 2154 2781 habet
2174 2717 2614 2782 omnimodam
2644 2715 3113 2799 perfectionem,
3133 2720 3197 2779 et
3220 2717 3310 2780 sic
3331 2717 3505 2781 solus

1956 2822 2157 2888 Filius
2190 2824 2296 2888 Dei
2325 2829 2419 2888 est
2445 2825 2662 2904 imago
2702 2822 2903 2887 Patris
2934 2841 2949 2885 :
2978 2823 3055 2887 de
3087 2824 3212 2912 alia
3239 2842 3370 2887 non
3408 2829 3506 2888 est

1957 2949 2187 2996 verum
2229 2932 2399 3015 quod
2441 2935 2851 3014 repraesentet
2894 2930 3245 2995 secundum
3291 2935 3503 2996 totum

1956 3038 2356 3121 simpliciter3
2386 3039 2798 3121 repraesentat
2822 3039 3041 3101 autem
3074 3040 3391 3119 quantum
3420 3037 3503 3103 ad

1954 3147 2238 3230 aliquam
2283 3146 2656 3211 totalitatem
2692 3168 2706 3211 :
2754 3146 2907 3228 quia
2944 3144 3120 3209 enim
3172 3146 3497 3211 rationalis

1956 3259 2248 3320 creatura
2267 3303 2285 3335 ,
2325 3259 2388 3319 et
2430 3254 2785 3319 intellectus
2800 3300 2817 3330 ‚
2853 3253 3135 3335 quodam
3177 3253 3365 3317 modo
3407 3258 3502 3319 est

1958 3362 2202 3440 omnia,
2234 3366 2299 3426 et
2325 3361 2546 3426 omnia
2572 3367 2721 3426 nata
2745 3366 2897 3425 sunt
2922 3361 3011 3424 ibi
3040 3360 3265 3440 scribi,
3288 3365 3351 3425 et
3376 3362 3496 3425 im·

1953 3471 2190 3552 primi,
2232 3470 2660 3553 omniumque
2705 3469 3150 3534 similitudines
3185 3469 3493 3552 depingi;

1954 3577 2100 3642 ideo
2150 3578 2315 3642 sicut
2382 3581 2591 3643 totum
2656 3576 3034 3641 universum
3090 3580 3499 3659 repraesentat

1951 3684 2154 3749 Deum
2203 3685 2272 3749 in
2326 3683 2605 3768 quadam
2655 3684 2960 3749 totalitate
3021 3684 3340 3760 sensibili,
3405 3685 3498 3749 sic

1953 3796 2245 3856 creatura
2271 3792 2597 3856 rationalis
2617 3810 2767 3855 eum
2796 3794 3204 3873 repraesentat
3229 3790 3300 3853 in
3329 3809 3495 3873 qua-

1950 3897 2100 3962 dam
2142 3898 2444 3963 totalitate
2484 3897 2799 3980 spirituali
2832 3898 2856 3933 ²
2887 3918 2902 3961 ε
2936 3897 3240 3978 quaelibet
3270 3900 3489 3961 autem

1949 4003 2075 4069 alia
2116 4008 2405 4070 creatura
2449 4003 2829 4069 irrationalis
2887 4006 3295 4085 repraesentat
3337 4020 3490 4068 eum

1947 4111 2161 4176 solum
2187 4112 2255 4175 in
2291 4116 2500 4194 parte,
2528 4113 2683 4195 quia
2709 4111 3059 4176 secundum
3088 4130 3154 4175 se
3192 4114 3445 4174 tantum
3467 4160 3487 4190 ,

1948 4236 2099 4282 cum
2126 4236 2259 4282 non
2286 4218 2369 4283 sit
2389 4222 2541 4283 nata
2564 4218 2689 4283 alia
2715 4218 2786 4282 in
2812 4236 2880 4282 se
2905 4216 3314 4301 spiritualiter
3333 4235 3484 4281 con-

1945 4327 2174 4405 tinere,
2206 4326 2295 4390 ita
2322 4326 2496 4408 quod
2525 4325 2687 4389 nihil
2726 4324 2807 4388 sit
2841 4324 3014 4407 quod
3052 4342 3183 4389 non
3231 4325 3313 4389 sit
3338 4328 3490 4390 nata

1947 4449 2328 4512 cognoscere
2359 4452 2375 4495 z
2406 4431 2529 4494 hoc
2556 4431 2700 4495 dico
2729 4434 2987 4513 propter
3029 4429 3312 4495 animam
3343 4450 3488 4495 sen-

1944 4538 2215 4617 sibilem,
2243 4556 2391 4620 quae
2411 4539 2529 4603 etsi
2555 4542 2915 4619 cognoscat,
2953 4537 3194 4622 aliqua,
3228 4557 3359 4604 non
3386 4544 3488 4605 ta-

1946 4663 2098 4709 men
2122 4648 2274 4709 nata
2299 4648 2394 4709 est
2421 4661 2804 4726 cognoscere
2831 4644 3067 4709 omnia.

2028 4754 2090 4815 6.
2117 4750 2215 4815 Ad
2240 4750 2396 4815 illud
2422 4750 2591 4832 quod
2619 4750 2943 4833 objicitur,
2984 4750 3156 4833 quod
3184 4750 3489 4833 quaelibet

1943 4862 2236 4922 creatura
2274 4857 2460 4921 distat
2498 4876 2538 4921 a
2576 4856 2703 4922 Deo
2748 4857 2817 4921 in
2852 4857 3219 4937 infinitum3
3266 4857 3485 4922 dicen-

1942 4963 2099 5030 dum
2126 4965 2298 5047 quod
2334 4983 2564 5030 verum
2595 4969 2690 5029 est
2727 4963 2805 5028 de
2840 4963 2951 5028 illa
2973 4963 3268 5028 distantia
3289 5012 3307 5042 ,
3334 4982 3484 5046 quae

1941 5073 2290 5155 opponitur
2361 5071 2827 5155 participationi
2892 5077 2956 5137 et
3027 5071 3480 5155 adaequafioni.

1941 5179 2104 5244 Cum
2131 5180 2305 5245 enim
2347 5181 2512 5246 Deus
2538 5179 2619 5243 sit
2644 5178 2970 5261 infinituS,
3000 5180 3164 5245 nihil
3193 5183 3399 5264 potest
3423 5180 3485 5245 ei

1938 5286 2304 5370 adaequari;
2335 5305 2488 5353 cum
2514 5286 2598 5352 sit
2625 5285 2930 5369 simplex,
2968 5304 3104 5354 non
3127 5290 3335 5373 potest
3356 5287 3485 5354 ali·-

1999 5411 2069 5478 (a)
2100 5411 2225 5463 Goet.
2251 5412 2372 5465 edit.
2402 5411 2809 5467 confirmatione.
