4125 6225
645 427 766 489 us

647 560 737 624 ita
773 560 933 625 bene
970 562 1319 646 perciperet
1363 558 1643 641 aliquem
1679 554 1914 619 clausis
1952 552 2185 632 oculis,

647 671 724 730 ut
765 669 999 750 apertis
1030 691 1046 733 t
1081 673 1148 735 et
1190 668 1332 733 ideo
1372 684 1505 730 non
1545 667 1640 728 est
1677 662 1767 727 ibi
1810 660 2085 744 receptio
2128 663 2193 725 et

641 774 957 855 judicium
994 776 1346 841 secundum
1384 772 1555 856 quod
1594 771 1894 853 competit
1933 768 2187 845 sensui,

649 898 724 944 ac
759 900 874 963 per
902 882 1026 947 hoc
1065 901 1198 947 non
1227 886 1322 947 est
1343 880 1437 944 ibi
1476 896 1697 943 sensus
1735 876 2033 942 exterior.
2062 873 2192 939 Nec

647 988 842 1052 etiam
862 990 1087 1054 oculus
1103 989 1317 1071 angeli
1337 988 1570 1054 dicitur
1585 986 1832 1064 o'culuS,
1850 985 1974 1048 nisi
1994 983 2193 1065 aequi-

647 1112 802 1158 voce
835 1116 851 1158 z
881 1099 945 1159 et
961 1096 1085 1160 tale
1103 1114 1335 1179 corpus
1351 1095 1494 1177 plus
1508 1093 1702 1157 habet
1728 1092 1806 1155 de
1834 1089 1913 1172 (α)
1944 1090 2193 1154 ratione

647 1199 1100 1283 instrumenti,
1125 1221 1323 1285 quam
1348 1201 1617 1282 organi,
1643 1199 1789 1265 licet
1809 1197 2192 1279 organicum

649 1309 847 1389 possit
874 1308 996 1373 dici
1021 1314 1279 1393 propter
1304 1309 1828 1374 assimilationem
1852 1322 2051 1388 quam
2079 1304 2189 1368 ha-

650 1415 757 1479 bet
798 1434 948 1481 cum
987 1434 1251 1500 corpore
1289 1414 1569 1482 naturali
1599 1432 1616 1479 z
1647 1417 1713 1480 et
1749 1412 1842 1479 sic
1880 1415 2053 1494 patet
2090 1414 2193 1477 to-

650 1526 813 1589 tum.

1263 1730 1459 1806 PARS
1506 1729 1585 1805 11.

651 1917 728 1961 na
778 1914 1126 1963 sonsum
1158 1914 1474 1961 emon-nu
1520 1913 1690 1968 QUAM
1724 1913 1965 1959 mm
2001 1914 2195 1959 suren

1130 2007 1405 2055 conpone
1432 2006 1694 2053 numm
1710 1989 1752 2052 ¹.

1037 2204 1446 2271 EXPOSITIO
1487 2201 1816 2269 TEXTUS.

763 2353 889 2406 lllud
909 2369 1117 2422 quoque
1146 2353 1559 2406 consideratione
1587 2351 1962 2427 dignissimum,
1987 2353 2086 2403 etc.

738 2498 948 2583 Supra
967 2500 1105 2582 egit
1123 2498 1423 2581 Magister
1442 2499 1522 2563 de
1541 2497 1778 2562 virtute
1799 2498 2194 2574 daemonum,

659 2609 724 2670 et
752 2606 947 2670 etiam
976 2606 1294 2671 bonorum
1330 2605 1709 2688 spirituum,
1744 2605 2034 2686 respectu
2064 2618 2200 2665 cor-

658 2731 889 2796 porum
926 2713 1367 2778 humanorum
1390 2712 1737 2790 similium3
1772 2710 1844 2773 in
1869 2709 1989 2773 hac
2021 2711 2200 2791 parte

661 2819 799 2902 agit
825 2820 905 2883 de
940 2820 1177 2887 virtute
1212 2824 1276 2884 et
1319 2821 1622 2901 potestate
1656 2817 2030 2881 daemonum
2068 2832 2200 2879 res-

663 2929 852 3008 pectu
887 2926 1246 2991 hominum.
1278 2924 1592 2990 Dividitur
1618 2928 1835 2988 autem
1874 2923 2016 2994 haec
2051 2939 2200 3004 pars

663 3031 732 3094 in
779 3036 1054 3116 quatuor
1098 3030 1439 3116 particulas
1481 3053 1496 3096 ε
1535 3030 1605 3094 in
1648 3030 1857 3114 prima
1899 3028 2200 3111 Magister

441 3165 618 3211 nivino.
662 3142 925 3223 quaerit3
960 3142 1029 3205 in
1062 3141 1343 3205 secunda
1367 3139 1744 3206 determinat
1777 3157 1890 3222 per
1916 3138 2202 3204 auctori-

651 3251 857 3311 tatem
885 3245 1254 3329 Evangelii,
1286 3247 1376 3310 ibi
1406 3265 1425 3311 ε
1461 3246 1639 3320 Quod
1664 3249 1738 3312 in
1769 3246 2052 3312 homines
2087 3246 2201 3310 in-

651 3360 915 3422 troeant
928 3404 949 3435 ,
992 3361 1152 3434 etc.;
1203 3356 1274 3419 in
1318 3355 1505 3420 tertia
1548 3373 1703 3421 vero
1744 3354 2045 3437 explanat
2088 3372 2203 3437 per

661 3464 1102 3527 auctoritatem
1139 3461 1489 3542 Gennadii,
1537 3461 1627 3526 ibi
1661 3484 1676 3525 ε
1713 3462 1800 3527 De
1838 3461 1949 3528 hoc
1987 3466 2203 3528 autem

661 3567 1044 3635 Gennadius
1056 3590 1085 3643 ‚·
1118 3569 1189 3632 in
1219 3574 1451 3652 quarta
1479 3573 1547 3633 et
1578 3569 1838 3649 ultima,
1874 3568 2050 3632 illam
2081 3586 2203 3632 ex-

662 3676 881 3760 planat
926 3694 1042 3759 per
1084 3677 1522 3741 auctoritatem
1573 3674 1758 3741 Bedae
1808 3677 2160 3760 presbyteri
2181 3723 2200 3754 ,

664 3783 756 3847 ibi
781 3802 800 3848 ε
830 3781 1011 3850 Beda
1037 3800 1282 3867 quoque
1305 3800 1498 3867 super
1521 3783 1709 3850 illum
1735 3787 1971 3863 locum,
1998 3787 2120 3847 etc.

1078 4023 1633 4095 ARTICULUS
1686 4024 1743 4093 Ι.

744 4213 844 4279 Ad
857 4213 1342 4295 intelligentiam
1359 4213 1561 4294 hujus
1576 4211 1775 4295 partis
1785 4228 1900 4275 sex
1916 4210 2206 4276 incidunt

661 4321 1038 4388 dubitabilia
1082 4344 1098 4384 z
1138 4321 1347 4403 primo
1395 4338 1552 4401 ergo
1597 4319 1932 4402 quaeritur,
1977 4322 2205 4384 utrum

659 4429 988 4496 daemones
1024 4429 1312 4494 habitare
1351 4428 1594 4511 possint
1618 4428 1686 4491 in
1721 4427 2026 4493 humanis
2053 4446 2205 4492 eor-

666 4539 966 4621 poribus;
1000 4537 1279 4602 secundo
1296 4584 1314 4614 ,
1344 4539 1566 4600 utrum
1588 4535 1931 4599 illabantur
1956 4537 2204 4600 anima-

668 4644 830 4724 bus;
859 4644 1077 4722 tertio,
1107 4646 1330 4706 utrum
1362 4641 1605 4724 possint
1619 4628 1954 4706 'ludificare
1982 4660 2207 4707 sensus

668 4752 1019 4830 humanos3
1049 4753 1280 4832 quarto
1297 4794 1316 4825 ,
1345 4753 1568 4812 utrum
1593 4748 1836 4830 possint
1867 4748 2206 4831 cogitatio-

667 4877 783 4924 nes
809 4859 1183 4939 immittere;
1216 4856 1442 4939 quinto
1457 4904 1476 4936 ,
1504 4860 1723 4921 utrum
1743 4857 1984 4939 possint
2013 4856 2207 4922 affec-

667 4965 871 5030 tiones
887 4965 1256 5042 incendere3
1278 4967 1490 5042 sext0,
1514 4965 1737 5027 utrum
1761 4963 2008 5045 possint
2031 4981 2203 5028 scru-

669 5073 793 5138 tari
818 5076 1060 5138 secreta
1081 5076 1317 5138 nostrae
1343 5070 1768 5140 conscientiae.

765 5271 785 5305 ¹
847 5269 1007 5335 Hujus
1065 5268 1223 5333 partis
1281 5271 1478 5319 textum
1539 5282 1694 5333 supra
1746 5267 1924 5319 videre
1982 5270 2079 5320 est.
2144 5293 2209 5307 ——

677 5342 696 5374 ²
721 5341 804 5404 Cf.
851 5342 905 5392 S.
952 5339 1207 5403 Thomas,
1242 5340 1288 5390 11
1327 5342 1487 5405 Seni„
1525 5340 1645 5391 dist.
1690 5352 1819 5404 vm,
1847 5353 1901 5403 q.
1927 5350 1981 5401 1,
2020 5342 2119 5389 art.
2143 5342 2204 5403 53

675 5411 1030 5477 AEgid.Rom.,
1050 5411 1094 5460 11
1120 5411 1279 5474 Seni„
1300 5411 1419 5466 dist.
1438 5424 1553 5478 vm,
1572 5427 1625 5478 q.
1645 5424 1709 5476 ιι,
1731 5416 1827 5468 ιιι-1..
1847 5415 1911 5477 43
1939 5410 2200 5476 sichard„

1765 414 2388 486 SENTENTIARUM
2425 416 2575 484 LIB.
2621 416 2700 484 ΙΙ.

2839 598 3196 678 QUAESTIO
3238 600 3288 665 Ι.

2396 748 2489 804 An
2526 747 2781 806 doemonae
2818 748 3069 807 habitare
3096 752 3310 822 possint
3345 751 3411 806 in
3433 750 3743 823 corpor-ihm

2911 840 3159 897 humanis
3176 840 3217 895 ¹.

2382 982 2610 1049 Utrum
2655 984 2978 1050 daemones
3012 986 3081 1050 in
3114 986 3416 1051 humanis
3464 986 3829 1069 corporibus
3854 982 4029 1026 m

2300 1092 2543 1174 possint
2567 1091 2887 1173 habitare3
2922 1097 2988 1158 et
3026 1093 3283 1158 videtur
3313 1093 3484 1177 quod
3511 1093 3604 1157 sic
3638 1114 3654 1156 ε
3686 1095 3831 1176 quia

2300 1199 2519 1264 nullus
2556 1200 2821 1282 spiritus
2858 1202 3112 1284 ejicitur
3158 1202 3237 1266 de
3286 1202 3505 1284 aliquo
3547 1218 3826 1283 corpore,

2301 1307 2407 1372 vel
2441 1306 2832 1385 habitaculo,
2863 1308 2932 1372 in
2968 1328 3097 1393 quo
3123 1328 3255 1374 non
3280 1312 3377 1373 est
3407 1331 3421 1371 t
3452 1309 3563 1372 sed
3596 1308 3833 1372 daemo-

2301 1432 2416 1478 nes
2432 1462 2451 1494 ,
2481 1414 2646 1479 sicut
2668 1414 2908 1497 legitur
2932 1417 3001 1480 in
3026 1415 3391 1497 Evangeliis
3407 1463 3424 1493 ,
3454 1416 3533 1479 de
3558 1416 3832 1478 obsesso·

2301 1540 2452 1587 rum
2477 1523 2849 1606 corporibus
2874 1528 3026 1591 sunt
3054 1525 3236 1607 ejecti
3262 1543 3302 1588 a
3330 1524 3577 1588 Christo
3610 1527 3675 1588 et
3698 1525 3831 1605 ejus

2303 1629 2601 1713 apostolis
2643 1651 2660 1694 :
2705 1630 3045 1714 aliquando
3072 1649 3231 1714 ergo
3271 1629 3729 1695 habitaverunt
3766 1629 3829 1691 in

2305 1756 2417 1803 eis.

2385 1846 2543 1910 item
2576 1847 3006 1929 Augustinus,
3048 1846 3127 1913 de
3155 1847 3574 1913 Divinatione
3601 1845 3833 1911 Doemo-

2303 1969 2492 2028 num,
2532 1954 2800 2037 loquens
2833 1955 2911 2020 de
2937 1954 3337 2020 daemonibus
3372 1954 3574 2019 dicit:
3614 1977 3648 2015 ι
3676 1952 3831 2017 Sua·

2304 2060 2457 2125 dent
2480 2062 2660 2126 miris
2693 2066 2756 2125 et
2787 2062 3219 2127 invisibilibus
3258 2061 3492 2141 modis,
3523 2079 3640 2144 per
3661 2061 3831 2124 illam

2305 2166 2719 2233 subtilitatem
2783 2188 3049 2234 suorum
3102 2188 3447 2253 corporum
3499 2168 3833 2233 hominum

2302 2291 2569 2357 corpora
2607 2294 2741 2340 non
2765 2277 3176 2342 sentientium
3202 2277 3616 2361 penetrando.
3648 2297 3679 2335 n
3719 2273 3835 2339 Sed

2304 2382 2361 2446 si
2397 2388 2601 2466 potest
2633 2404 2863 2469 corpus
2901 2392 3263 2468 penetrare,
3316 2406 3469 2452 cum
3513 2387 3710 2470 possit
3752 2385 3835 2448 ibi

2306 2492 2630 2574 quiescere
2646 2542 2663 2573 ,
2696 2498 2899 2577 potest
2924 2500 2989 2560 et
3014 2496 3398 2561 inhabitare.

2384 2596 2545 2662 Item
2584 2604 2880 2665 constans
2911 2604 3007 2665 est
3037 2602 3209 2685 quod
3235 2600 3435 2684 aliqui
3458 2619 3501 2664 a
3524 2600 3835 2665 daimoni-

2306 2703 2429 2768 bus
2453 2706 2869 2772 obsidentur:
2903 2726 3062 2791 ergo
3102 2709 3340 2775 obsessi
3372 2709 3703 2785 dicuntur,
3733 2713 3837 2772 aut

2306 2813 2462 2893 quia
2484 2812 2740 2879 daemon
2766 2815 2955 2881 habet
2975 2817 3046 2880 in
3070 2817 3162 2882 eis
3190 2817 3490 2882 effectum
3505 2864 3525 2893 ‚
3552 2821 3670 2880 aut
3693 2815 3838 2898 quia

2308 2924 2403 2984 est
2444 2920 2512 2984 in
2552 2921 2647 2986 eis
2688 2924 3047 2988 secundum
3094 2926 3517 2989 substantiam
3552 2947 3567 2988 :
3600 2924 3658 2987 si
3694 2922 3838 3005 quia

2307 3027 2549 3093 habent
2573 3030 2641 3093 in
2663 3030 2755 3095 eis
2772 3031 3071 3097 effectum
3086 3082 3104 3114 ,
3136 3052 3292 3116 ergo
3312 3050 3539 3097 omnes
3563 3037 3839 3117 peccato-

2306 3154 2411 3200 res
2432 3142 2642 3203 essent
2658 3140 2890 3205 obsessi
2910 3160 2951 3205 a
2970 3141 3242 3222 diabolo,
3267 3140 3691 3224 quodfalsum
3709 3145 3801 3204 est
3821 3161 3835 3202 ε

2309 3263 2467 3327 ergo
2480 3294 2498 3324 ,
2539 3247 2692 3331 quia
2729 3251 2973 3314 suntin
3008 3250 3101 3314 eis
3142 3250 3497 3315 secundum
3543 3249 3839 3314 substan-

2309 3354 2465 3417 tiam
2476 3402 2495 3434 ,
2512 3355 2752 3420 obsessi
2766 3357 3071 3423 dicuntur
3092 3380 3108 3422 :
3131 3376 3291 3440 ergo
3310 3357 3605 3422 habitant
3622 3357 3695 3420 in
3711 3355 3839 3420 suis

2309 3463 2705 3544 corporibus.
3051 3501 3055 3505 >

2390 3569 2550 3634 Item
2574 3571 2830 3636 nullum
2858 3589 3085 3654 corpus
3104 3574 3315 3654 potest
3330 3571 3623 3654 proebere
3639 3572 3839 3635 olma-

2306 3677 2533 3742 culum
2568 3679 2819 3761 spiritui
2850 3700 2866 3742 :
2900 3697 3090 3761 ergo,
3129 3679 3184 3742 si
3222 3679 3547 3745 daemones
3584 3679 3841 3762 spiritus

2308 3789 2496 3865 sunt,
2533 3784 2793 3850 nullum
2825 3804 3056 3868 corpus
3094 3791 3190 3851 est
3236 3787 3331 3851 eis
3368 3786 3771 3851 obstaculum
3821 3802 3836 3848 ε

2311 3909 2469 3973 ergo
2498 3893 2665 3957 sicut
2702 3893 2925 3958 lumen
2964 3897 3252 3977 penetrat
3290 3912 3502 3959 aerem
3542 3892 3841 3977 usquein

2311 3999 2705 4082 profundum
2719 4050 2737 4080 ,
2780 4004 2844 4067 et
2878 4001 3115 4067 ibidem
3160 4005 3406 4081 manet,
3450 4001 3545 4064 sic
3586 4001 3838 4084 spiritus

2304 4105 2743 4172 daemoniacus
2795 4123 3025 4190 corpus
3065 4107 3425 4171 humanum
3488 4107 3839 4171 subintrare

2311 4218 2516 4294 potest
2537 4232 2652 4296 per
2675 4218 2886 4280 totum
2910 4236 2925 4278 :
2947 4232 3128 4294 ergo,
3153 4214 3208 4277 si
3232 4232 3363 4278 non
3380 4214 3737 4296 expellatur
3760 4212 3834 4277 ab

2311 4325 2542 4402 agente
2580 4321 2840 4403 maioris
2871 4321 3174 4404 potentiae
3191 4370 3209 4402 ,
3251 4321 3508 4386 videtur
3553 4321 3724 4405 quod
3752 4319 3836 4384 ibi

2312 4429 2507 4509 possit
2526 4428 2903 4493 inhabitare.

2392 4535 2491 4601 Ad
2531 4535 2893 4618 oppositum
2931 4535 3231 4618 arguitur
3250 4536 3345 4599 sic
3373 4557 3389 4599 :
3422 4541 3484 4600 1.
3516 4533 3721 4619 Super
3756 4536 3832 4599 il·
3860 4565 3919 4611 Aa
3941 4576 4021 4620 m·

2309 4643 2424 4707 lud
2450 4643 2699 4708 Abacuc
2736 4643 2780 4705 ⁸:
2802 4644 3112 4710 Dominus
3128 4645 3204 4709 in
3222 4643 3448 4725 templo
3462 4651 3830 4721 cunctosne,

2312 4748 2529 4813 Glossa
2559 4770 2574 4813 ε
2612 4773 2646 4812 α
2692 4749 3113 4814 simulachris
3158 4752 3431 4816 assidere
3470 4755 3676 4835 potest
3719 4750 3835 4814 im-

2314 4857 2595 4921 mundus
2626 4857 2917 4939 spiritus,
2962 4857 3344 4922 intrinsecus
3378 4876 3514 4922 esse
3559 4876 3691 4922 non
3733 4875 3834 4940 po-

2311 4967 2453 5029 test.
2484 4986 2517 5024 »
2546 4963 2753 5044 Ergo,
2800 4965 3017 5029 sinon
3055 4968 3254 5047 potest
3291 4965 3363 5028 in
3403 4964 3828 5043 simulachris,

2313 5071 2518 5136 multo
2543 5072 2759 5136 minus
2778 5089 2899 5136 nec
2921 5071 2992 5135 in
3010 5072 3381 5155 corporibus
3398 5072 3718 5137 humanis.

2393 5182 2455 5244 2.
2482 5176 2641 5243 Item
2668 5177 2835 5244 Beda
2859 5178 3038 5260 dicit,
3074 5184 3137 5244 et
3167 5178 3468 5262 Magister
3490 5179 3747 5245 adducit
3766 5177 3832 5241 in

2312 5343 2357 5393 11
2379 5341 2536 5404 Seni„
2556 5341 2672 5393 dist.
2690 5352 2803 5407 vm,
2822 5344 2921 5392 art.
2942 5344 2992 5405 2,
3017 5355 3069 5406 q.
3101 5341 3353 5406 1;Steph.
3374 5342 3590 5406 Brutus„
3614 5342 3830 5403 iiSent„

2312 5411 2432 5465 dist.
2453 5424 2565 5476 vm,
2596 5426 2649 5477 q.
2666 5423 2758 5465 vu.
2777 5412 2881 5452 ——2
2897 5412 3106 5475 Babae„
3123 5425 3184 5478 11,
3204 5415 3283 5464 20.
3299 5440 3360 5456 -ψ
3380 5415 3457 5478 (α)
3485 5413 3575 5466 Δί.
3600 5413 3729 5464 deest
3753 5412 3828 5462 de.
