4125 6225
576 488 698 553 650

578 621 766 682 Quaest.
789 623 838 674 4.
860 624 939 675 An
964 624 1203 688 possibile
1227 626 1423 679 dicatur
1449 630 1638 695 aliquid
1665 632 1959 698 simpliciter

638 695 921 745 secundum
951 709 1129 747 causas
1153 699 1442 765 superiores
1465 706 1517 753 et
1541 702 1830 757 inferiores.

577 764 723 816 Drsr.
751 778 901 818 xmu.

576 837 838 900 Expositio
861 844 1046 894 textus.

577 910 701 960 aar.
739 923 777 960 1.
810 913 1001 971 Quaest.
1041 919 1086 966 1.
1129 916 1205 966 Αιι
1241 915 1470 979 potentia
1509 918 1635 983 Dei,
1671 917 1954 970 secundum

639 982 777 1044 quod
799 982 1110 1050 hujusmodi,
1131 987 1327 1037 infinita
1344 988 1427 1039 sit.

577 1053 766 1175 Qffit.
797 1058 846 1106 2.
883 1059 962 1108 An
990 1059 1163 1109 divina
1195 1060 1442 1123 essentia,
1469 1060 1577 1111 sive
1604 1062 1859 1127 potentia,
1889 1061 1958 1113 sit

642 1125 653 1136 '
731 1127 853 1177 nita.

577 1197 767 1258 Quaest.
801 1202 848 1251 3.
883 1202 963 1251 Au
989 1202 1162 1254 divina
1192 1204 1418 1268 potentia
1450 1205 1614 1270 possit
1635 1205 1690 1257 in
1715 1205 1955 1257 effectum

638 1272 753 1320 actu
782 1270 1055 1325 infinitum.

576 1340 766 1461 Qui-rest.
800 1345 848 1394 4.
883 1349 963 1395 An
988 1345 1162 1396 divina
1180 1348 1411 1412 potentia
1436 1348 1677 1401 extendat
1696 1364 1752 1402 se
1780 1350 1847 1401 ad
1871 1349 1953 1400 in-

672 1413 795 1463 nita.

573 1486 721 1535 Disr.
750 1497 891 1537 xmv.

575 1557 837 1619 Expositio
862 1560 1048 1611 textus.

577 1631 702 1680 Aur.
733 1642 770 1680 1.
801 1631 992 1690 Quaest.
1025 1637 1070 1682 1.
1103 1633 1182 1683 An
1203 1635 1339 1684 Deus
1360 1636 1584 1699 potuerit
1604 1640 1853 1691 mundum
1879 1641 1953 1695 fa-

641 1713 756 1751 cere
788 1703 1056 1754 meliorem
1082 1706 1248 1770 quoad
1281 1707 1614 1759 substantiam
1638 1712 1860 1775 partium
1881 1714 1956 1764 in-

639 1773 965 1837 tegrantiumt

580 1846 764 1905 Quaest.
797 1848 846 1895 2.
878 1847 957 1897 An
981 1848 1202 1899 mundus
1228 1851 1450 1913 potuerit
1471 1852 1582 1903 fieri
1602 1854 1783 1905 melior
1801 1870 1956 1921 quan-

639 1922 748 1967 tum
774 1918 839 1968 ad
864 1919 1201 1983 proprietates
1228 1923 1445 1985 partium
1476 1924 1854 1990 integrantium.

580 1991 770 2050 Quoest.
804 1992 849 2041 3.
875 1992 954 2041 An
980 1992 1117 2043 Deus
1138 1996 1360 2058 potuerit
1381 1995 1547 2047 tacere
1576 2000 1824 2051 mundum
1850 2016 1957 2054 me-

641 2060 821 2112 liorem
843 2068 1086 2125 quantum
1116 2065 1180 2114 ad
1203 2066 1435 2116 ordinem
1462 2069 1700 2132 partium.

580 2133 769 2192 Quaest.
798 2135 844 2184 4.
876 2135 954 2184 An
979 2136 1118 2186 Deus
1139 2137 1363 2201 potuerit
1391 2139 1560 2191 facere
1591 2143 1841 2196 mundum
1866 2159 1957 2196 an-

639 2203 930 2268 tiquiorem.

580 2278 706 2328 Anr.
734 2288 792 2328 11.
828 2278 1015 2336 Quoest.
1043 2279 1216 2331 unica.
1240 2282 1320 2331 An
1347 2282 1481 2335 Deus
1505 2285 1646 2349 quod
1678 2288 1836 2341 semel
1859 2303 1955 2354 po-

641 2349 758 2410 test,
785 2362 988 2413 semper
1011 2352 1190 2414 possit.

581 2421 724 2470 Disr.
756 2431 876 2470 nv,

580 2491 841 2555 Expositio
868 2496 1054 2545 textus.

579 2565 706 2614 ΛΒΤ.
737 2575 774 2614 1.
797 2564 987 2623 Quaest.
1014 2568 1057 2615 1.
1077 2566 1222 2616 Anin
1247 2567 1356 2617 Deo
1370 2567 1435 2619 sit
1446 2581 1640 2632 ponere
1654 2572 1986 2628 voluntatem.

583 2635 773 2694 Quaest.
812 2638 858 2685 2.
904 2638 979 2686 An
1023 2638 1159 2687 Deus
1200 2637 1398 2690 dicatur
1429 2640 1779 2706 omnivolens‚
1828 2646 1959 2699 sicut

642 2706 955 2758 omnisciens
981 2712 1034 2759 et
1060 2710 1402 2774 omnipotens.
1832 2736 1838 2742 ·

580 2781 707 2831 Αιιτ.
735 2792 796 2830 ιι.

582 2853 771 2912 Οιιωεῑ.
802 2857 847 2902 1.
877 2854 956 2903 An
985 2853 1220 2906 voluntas
1246 2856 1339 2906 Dei
1368 2856 1434 2907 sit
1462 2872 1615 2909 cansa
1642 2872 1833 2913 rerum.

580 2925 770 2984 Quaest.
799 2928 847 2976 2.
871 2927 951 2975 An
977 2925 1213 2977 voluntas
1249 2927 1343 2978 Dei
1380 2929 1446 2980 sit
1477 2930 1772 2983 immediata
1805 2948 1960 2987 causa

639 3010 832 3047 rerum.

581 3068 705 3119 Anr.
739 3080 814 3120 ιιι.
853 3068 1044 3129 Quaest.
1083 3071 1129 3120 1.
1161 3071 1241 3121 An
1275 3070 1511 3122 voluntas
1554 3072 1727 3125 divina
1765 3090 1957 3130 conve-

641 3141 841 3193 nienter
862 3142 1112 3194 dividatur
1141 3143 1195 3194 in
1219 3143 1535 3195 voluntatem
1559 3147 1694 3212 signi
1728 3153 1779 3200 et
1802 3151 1959 3202 bene-

640 3213 829 3277 placiti.

582 3285 772 3344 Quaest.
799 3285 847 3334 2.
893 3285 1018 3345 Quae
1047 3290 1099 3337 et
1120 3289 1247 3352 quot
1267 3286 1368 3338 sint
1393 3287 1540 3353 signa
1563 3289 1747 3343 divinae
1771 3293 1955 3345 volun-

581 3428 728 3478 Drsr.
753 3438 893 3478 τινι.

580 3499 840 3561 Expositio
868 3502 1055 3549 textus.

579 3570 705 3619 Aur.
733 3583 769 3620 1.
803 3571 991 3630 Quaest.
1024 3574 1068 3621 1.
1097 3570 1175 3621 An
1195 3574 1333 3623 Deus
1362 3572 1486 3623 velit
1517 3589 1698 3628 omnes
1720 3577 1957 3630 homines

639 3641 809 3692 salvos
834 3643 944 3693 fleri
967 3644 1224 3694 voluntate
1251 3645 1571 3707 beneplaciti.

579 3715 767 3774 Quas-st.
796 3718 844 3765 2.
873 3717 952 3765 An
980 3717 1117 3766 Deus
1142 3715 1262 3766 velit
1289 3717 1421 3767 mala
1449 3719 1578 3770 fieri.

579 3787 768 3845 Quaest.
801 3789 848 3838 3.
877 3789 955 3838 An
984 3788 1119 3836 mala
1146 3787 1253 3837 fleri
1278 3789 1342 3839 sit
1368 3789 1585 3841 bonum.

579 3858 767 3916 Quaest.
792 3862 840 3908 4.
868 3859 945 3909 An
965 3860 1102 3908 mala
1128 3859 1238 3909 fleri
1263 3859 1328 3909 sit
1353 3875 1550 3914 verum.

579 3930 766 3988 Quaest.
799 3933 847 3980 5.
878 3933 958 3981 An
990 3931 1183 3982 malum
1222 3931 1287 3982 sit
1311 3933 1591 3985 ordinabile
1626 3950 1658 3985 a
1697 3936 1954 3989 voluntate

641 4001 751 4052 Dei.

576 4075 765 4134 Quaest.
797 4077 844 4127 6.
883 4077 964 4126 An
998 4075 1189 4126 malum
1222 4076 1290 4126 sit
1322 4076 1386 4127 de
1423 4078 1799 4143 complemento
1835 4081 1954 4132 uni-

637 4160 790 4196 versi.

574 4219 722 4268 D1sr.
751 4229 919 4269 xnvn.

573 4289 832 4352 Expositio
857 4292 1042 4341 textus.

573 4362 767 4422 Quaest.
792 4365 837 4414 1.
867 4363 947 4412 An
971 4362 1205 4414 voluntas
1228 4362 1532 4428 beneplaciti
1555 4364 1648 4415 Dei
1672 4365 1835 4430 possit
1858 4366 1952 4418 im-

634 4433 815 4496 pediri.

572 4508 762 4567 Quoest.
795 4509 843 4556 2.
872 4508 953 4556 An
979 4506 1159 4571 aliquis
1185 4507 1348 4572 possit
1372 4507 1542 4558 facere
1572 4509 1751 4559 contra
1775 4509 1954 4561 volun-

631 4582 791 4628 tatem
819 4578 972 4642 signi.

573 4652 761 4711 Quaest.
792 4654 839 4701 3.
871 4654 949 4700 An
976 4651 1114 4700 Deus
1140 4650 1327 4701 debeat
1349 4651 1486 4701 mala
1507 4650 1817 4716 permittere.

572 4723 759 4783 Quaest.
791 4724 838 4773 4.
862 4724 941 4773 An
967 4723 1104 4772 Deus
1130 4722 1293 4787 possit
1313 4723 1448 4772 mala
1466 4722 1765 4787 praecipere.

569 4796 717 4845 Dis-r.
742 4805 935 4844 xnvur.

571 4865 833 4929 Expositio
856 4868 1043 4917 textus.

571 4939 696 4988 ΑΜ.
727 4950 766 4988 1.
805 4937 995 4997 Quoest.
1036 4940 1084 4987 1.
1128 4936 1207 4986 An
1246 4934 1487 5000 possibile
1529 4935 1597 4985 sit
1638 4934 1953 4987 voluntatem

630 5012 859 5059 nostram
886 5007 1074 5059 divinae
1102 5008 1351 5059 voluntati
1373 5007 1705 5058 conformari.

573 5081 760 5140 Quoest.
789 5084 837 5130 2.
878 5085 957 5129 An
990 5079 1318 5131 conformitas
1357 5078 1633 5130 voluntatis
1665 5082 1855 5129 nostroe
1888 5080 1953 5130 ad

632 5152 857 5202 divinam
885 5151 1038 5202 iaciat
1065 5165 1180 5202 eam
1202 5153 1411 5217 justam.

569 5227 696 5277 Aar.
748 5236 813 5276 11.
857 5225 1045 5284 Quaest.
1099 5227 1148 5274 1.
1197 5227 1276 5273 An
1320 5228 1589 5275 teneamur
1639 5222 1955 5274 voluntatem

632 5301 864 5348 nostram
897 5297 1148 5348 voluntati
1182 5297 1369 5348 divinae
1406 5297 1731 5349 conformare
1774 5296 1828 5347 in
1870 5311 1954 5347 ra-

632 5368 772 5419 tione
794 5369 1019 5419 volendi.

575 5440 764 5499 Quaest.
787 5443 835 5489 2.
867 5442 943 5490 An
966 5440 1134 5504 quoad
1154 5439 1371 5490 volitum
1395 5440 1710 5491 voluntatem
1725 5444 1955 5491 nostram

636 5509 894 5562 voluntati·
907 5511 1094 5563 divinae
1120 5515 1385 5564 teneamur
1411 5511 1753 5564 conformare.

2042 496 2307 566 INDEX.

2019 706 2108 757 138

2017 779 2103 829 141

2015 850 2108 899 144

2019 992 2107 1042 147

2018 1136 2107 1185 150

2016 1278 2107 1329 153

2020 1423 2110 1472 156

2018 1494 2108 1543 157

2019 1570 2110 1620 159

2020 1788 2105 1838 161

2019 1930 2109 1980 164

2020 2078 2108 2127 165

2020 2221 2111 2270 167

2021 2364 2111 2413 169

2020 2437 2105 2486 171

2021 2508 2111 2558 174

2024 2582 2110 2629 177

2023 2722 2113 2772 179

2024 2797 2109 2846 181

2022 2869 2114 2919 182

2024 3014 2114 3064 184

2024 3227 2114 3277 186

2024 3369 2112 3418 187

2023 3442 2111 3490 180

2023 3513 2112 3561 194

2021 3657 2109 3706 196

2023 3729 2110 3776 199

2018 3799 2106 3847 201

2016 3872 2109 3920 203

2017 4015 2108 4064 205

2016 4158 2109 4206 206

2018 4229 2107 4278 208

2015 4301 2106 4349 210

2016 4442 2108 4490 212

2016 4585 2108 4633 214

2013 4657 2107 4705 216

2014 4726 2109 4774 217

2016 4798 2108 4845 219

2015 4870 2103 4919 221

2014 5011 2106 5059 223

2016 5152 2106 5202 225

2016 5370 2108 5419 226

2016 5509 2109 5561 227

2218 634 2611 758 ξἰεἷξωῗιιιιιιῡίιι
2635 635 2821 687 librum
2848 636 3225 690 Sententiarum
3249 641 3549 693 secundnm.

2241 720 2274 755 n
2381 748 2391 759 .
2470 742 2486 758 .
2566 720 2663 760 rsr.
2693 720 2731 758 1.

2219 779 2375 830 Psar.
2400 790 2440 831 1.
2466 779 2727 844 Expositio
2748 782 2935 831 textus.

2216 851 2345 900 Aur.
2382 863 2424 901 1.

2216 923 2407 982 Quaest.
2432 929 2479 973 1.
2510 924 2588 973 An
2609 936 2693 973 res
2719 922 2941 974 habeant
2965 923 3269 989 principium
3293 926 3509 980 causale.

2217 994 2405 1054 Quoest.
2429 996 2477 1043 2.
2496 995 2576 1044 An
2603 994 2823 1045 mundus
2842 998 2906 1046 ab
2930 999 3141 1060 aeterno,
3166 997 3249 1048 vel
3269 1012 3333 1048 ex
3361 1004 3594 1064 tempore

2276 1066 2555 1129 productus
2577 1065 2660 1117 sit.

2216 1141 2341 1191 Aur.
2367 1152 2429 1191 ιι.
2460 1141 2649 1200 Quoest.
2681 1143 2727 1190 1.
2755 1142 2836 1192 An
2871 1154 2953 1192 res
2978 1142 3238 1208 productae
3273 1144 3453 1200 sintin
3478 1159 3592 1203 esse

2278 1226 2309 1262 a
2335 1211 2564 1274 pluribus
2580 1211 2859 1277 principiis.

2216 1285 2405 1344 Quaest.
2454 1288 2503 1333 2.
2554 1286 2632 1334 An
2674 1284 2897 1349 primum
2940 1284 3249 1351 principium
3298 1289 3596 1353 produxerit

2278 1354 2454 1405 omnia
2477 1354 2665 1418 seipso,
2694 1369 2761 1405 an
2786 1356 3041 1407 mediante
3070 1358 3190 1408 alio.

2216 1427 2341 1478 Anr.
2371 1438 2454 1477 111.
2483 1426 2670 1486 Quaest.
2700 1431 2746 1478 1.
2767 1430 2845 1479 An
2868 1429 3058 1479 creatio
3084 1429 3419 1482 mutationem
3439 1431 3590 1483 dicat.

2218 1499 2407 1559 Quoest.
2449 1500 2496 1548 2.
2526 1499 2604 1548 An
2628 1500 2818 1551 creatio
2847 1500 2983 1551 dicat
3012 1501 3241 1553 medium
3264 1502 3396 1554 inter
3433 1504 3594 1555 Crea-

2275 1574 2443 1621 torem
2471 1573 2523 1620 et
2549 1576 2854 1623 ereaturam.

2218 1644 2376 1694 PAar.
2406 1654 2470 1692 11.
2500 1642 2757 1705 Expositio
2784 1646 2972 1693 textus.

2218 1716 2343 1765 aar.
2373 1726 2412 1764 1.
2435 1713 2625 1772 Quaest.
2652 1716 2698 1763 ί.
2726 1716 2807 1765 An
2828 1729 2860 1765 a
2881 1715 3048 1779 primo
3076 1715 3324 1768 efficiente
3347 1717 3595 1783 debuerit,

2278 1785 2360 1834 vel
2385 1785 2606 1849 potuerit
2631 1799 2743 1836 esse
2772 1800 2947 1837 rerum
2971 1787 3261 1839 multitudO.

2217 1858 2406 1918 Quaest.
2436 1858 2484 1906 2.
2512 1858 2589 1906 An
2614 1870 2788 1907 rerum
2814 1858 3119 1909 universitas
3152 1860 3335 1923 triplici
3374 1861 3581 1912 distinc-

2280 1928 2418 1978 tione
2447 1928 2812 1993 distinguatur,
2840 1934 3073 1981 creatura
3101 1931 3345 1995 spirituali
3356 1969 3376 1997 ,
3409 1947 3594 1998 corpo-

2277 1999 2388 2063 rali,
2419 2004 2470 2050 et
2497 2014 2562 2051 ex
2582 2004 2799 2065 utraque
2822 2001 3009 2052 media.

2217 2074 2343 2123 aar.
2382 2083 2445 2122 11.
2475 2072 2666 2134 Quoest.
2710 2078 2755 2123 1.
2781 2076 2859 2125 An
2889 2075 3024 2125 Deus
3049 2075 3113 2124 ad
3141 2074 3354 2139 gloriam
3380 2076 3487 2141 sui,
3512 2077 3600 2127 vel

2278 2143 2344 2193 ad
2368 2157 2543 2193 rerum
2570 2143 2857 2208 utilitatem,
2876 2159 2959 2195 res
2986 2145 3122 2209 ipsas
3147 2147 3462 2212 produxerit.

2220 2218 2408 2276 Quaest.
2431 2219 2479 2267 2.
2508 2220 2581 2268 An
2610 2217 2820 2283 angelus
2841 2218 2908 2269 sit
2925 2219 3249 2282 praestantior
3266 2220 3493 2271 homine.

2219 2290 2345 2339 aar.
2375 2301 2457 2339 ιιι.
2486 2289 2675 2348 Quaest.
2709 2294 2758 2341 1.
2792 2293 2873 2341 An
2908 2290 3117 2356 angelus
3158 2295 3210 2342 et
3249 2291 3420 2343 anima
3446 2291 3599 2344 diffe-

2279 2364 2397 2411 rant
2421 2360 2613 2424 specie.

2220 2433 2367 2482 Drsr.
2397 2443 2456 2481 ιι.
3061 2482 3069 2489 ‚

2221 2506 2379 2556 Psar.
2410 2515 2447 2554 1.
2479 2501 2738 2564 Expositio
2765 2506 2952 2555 textus.

2221 2578 2346 2627 Αιιτ.
2371 2588 2409 2626 ι.
2430 2575 2618 2634 Quaest.
2643 2579 2689 2624 1.
2716 2576 2793 2625 An
2810 2573 3087 2639 spiritualia
3100 2574 3324 2626 habeant
3339 2575 3600 2641 propriam

2282 2659 2595 2697 mensuram.

2222 2718 2409 2777 Quaest.
2456 2718 2505 2766 2.
2552 2718 2629 2766 An
2669 2715 2899 2766 omnium
2934 2716 3298 2768 aeviternorum
3337 2717 3401 2768 sit
3441 2731 3601 2768 unum

2283 2801 2471 2838 aevum.

2223 2861 2412 2920 Quoest.
2440 2860 2488 2909 3.
2515 2861 2594 2909 An
2620 2858 2900 2923 spiritualia
2923 2858 3146 2909 habeant
3182 2863 3600 2924 permanentem,

2284 2929 2365 2980 vel
2392 2930 2736 2982 successivam
2761 2944 3074 2982 mensuram.

2221 3003 2349 3052 Aur.
2381 3014 2443 3052 11.

2223 3075 2413 3134 Quaest.
2447 3076 2495 3124 1.
2524 3075 2605 3125 An
2626 3086 2796 3125 terum
2816 3074 3073 3141 praecedat
3099 3071 3268 3139 aliquo
3292 3072 3448 3125 modo
3475 3078 3600 3126 tem·

2322 3160 2399 3195 us.

2223 3161 2413 3278 Qtfaest.
2437 3219 2487 3266 2.
2516 3218 2593 3267 An
2609 3216 2743 3269 inter
2762 3221 2967 3284 tempus
2992 3220 3045 3269 et
3065 3231 3234 3269 aevum
3251 3217 3316 3268 sit
3343 3216 3598 3268 aliamen-

2283 3302 2402 3338 sura
2428 3288 2616 3337 media.

2223 3362 2413 3420 Quaest.
2438 3361 2485 3409 3.
2509 3361 2587 3409 An
2607 3357 2892 3423 spirituales
2920 3362 2973 3411 et
2993 3360 3284 3424 corporales
3306 3359 3601 3411 substantias

2284 3430 2433 3482 simul
2461 3435 2644 3480 creatae
2668 3430 2785 3480 sint.

2221 3504 2378 3554 PAar.
2405 3514 2467 3553 11.
2506 3501 2764 3566 Expositio
2798 3503 2986 3551 textus.

2220 3577 2344 3627 Αιιτ.
2376 3587 2415 3624 1.
2450 3574 2636 3633 Quaest.
2680 3577 2724 3622 1.
2768 3574 2847 3623 An
2874 3573 3063 3623 coelum
3094 3585 3393 3638 empyreum
3422 3571 3521 3636 sit,
3550 3575 3602 3622 et

2220 3646 3159 3838 οἶζέἶεῗοῗηῃῖἑέιῖιῗιεὲἑιιργωαω
3194 3715 3370 3766 innuat
3410 3715 3465 3765 in
3486 3715 3601 3766 haec

2278 3803 2329 3838 ιιι
2354 3802 2541 3839 eriora.

2218 3861 2342 3910 Aur.
2366 3873 2429 3911 11.
2446 3861 2635 3919 Quaest.
2655 3864 2697 3910 1.
2717 3860 2794 3909 An
2810 3859 2977 3922 angeli
2994 3858 3159 3910 sintin
3183 3859 3300 3910 loco
3331 3873 3599 3924 corporeo.

2219 3933 2408 3992 Quaest.
2438 3934 2484 3981 2.
2519 3938 2593 3981 An
2620 3931 2831 3995 angelus
2860 3930 3011 3980 simul
3039 3933 3090 3981 et
3116 3930 3370 3981 semelsit
3394 3931 3446 3980 in
3483 3931 3599 3996 plu-

2279 4004 2421 4054 ribus
2448 4002 2593 4054 lociS.

2219 4076 2393 4135 Quaest
2449 4077 2498 4126 3.
2541 4076 2619 4125 An
2649 4072 2861 4139 angelus
2895 4074 2961 4124 sit
2996 4074 3050 4125 in
3090 4074 3207 4126 loco
3231 4073 3490 4140 partibili,
3519 4073 3603 4125 vel

2314 4147 2523 4199 unciali.

2219 4163 2409 4278 Qifoest.
2438 4222 2485 4271 4.
2524 4219 2603 4270 An
2628 4219 2802 4283 plures
2827 4217 2996 4284 angeli
3022 4218 3124 4271 sint
3157 4219 3309 4270 simul
3335 4220 3391 4270 in
3417 4219 3601 4271 eodem

2277 4291 2416 4342 loco.

2218 4364 2367 4414 Drsr.
2394 4375 2480 4414 ιιι.

2217 4434 2479 4498 Expositio
2506 4436 2693 4486 textus.

2215 4508 2344 4558 Aur.
2374 4519 2413 4558 ι.
2454 4508 2643 4567 Quaest.
2688 4509 2736 4556 1.
2775 4504 2852 4555 An
2878 4503 3048 4570 angeli
3084 4503 3184 4554 sint
3223 4504 3497 4569 compositi
3533 4517 3600 4555 ex

2276 4579 2490 4629 materia
2518 4583 2569 4629 et
2591 4578 2779 4628 forma.

2217 4651 2402 4710 Quaest.
2434 4653 2482 4701 2.
2501 4650 2579 4700 An
2604 4647 2820 4699 materia
2851 4662 2917 4698 ex
2940 4660 3039 4711 qua
3067 4646 3335 4710 compositi
3361 4649 3482 4698 sunt
3505 4661 3597 4698 an-

2277 4722 2396 4787 geli,
2425 4722 2492 4772 sit
2520 4721 2702 4772 eadem
2724 4733 2843 4771 cum
2868 4718 3082 4769 materia
3110 4719 3469 4782 corporalium.

2216 4799 2404 4858 Quaest.
2445 4799 2493 4847 3.
2524 4801 2601 4849 An
2642 4794 2858 4845 materia
2892 4794 3230 4858 corporalium
3273 4799 3323 4846 et
3362 4794 3603 4858 spiritua-

2277 4867 2401 4918 lium
2423 4868 2489 4918 sit
2511 4881 2613 4918 una
2638 4879 2876 4917 numero.

2216 4941 2337 4993 Aur.
2362 4952 2426 4990 11.
2457 4940 2649 4999 Quaest.
2677 4942 2726 4989 1.
2759 4939 2837 4987 An
2860 4936 2914 4986 in
2941 4935 3132 5001 angelis
3158 4934 3224 4986 sit
3243 4949 3391 4987 mera
3411 4935 3602 4988 discre-

2277 5012 2348 5062 tio
2371 5010 2670 5075 personalis.

2216 5083 2405 5142 Quaest.
2436 5084 2483 5132 2.
2518 5083 2700 5132 Utrum
2727 5079 3008 5145 personalis
3035 5078 3321 5143 proprietas
3346 5079 3400 5130 in
3439 5093 3602 5146 ange-

2276 5154 2339 5203 lis
2364 5155 2430 5204 sit
2454 5152 2800 5215 accidentalis,
2827 5151 2912 5202 vel
2939 5151 3299 5202 substantialis.

2219 5226 2411 5286 Quaest.
2441 5227 2488 5276 3.
2529 5226 2711 5276 Utrum
2741 5223 2980 5274 discretio
3003 5223 3285 5286 personalis
3309 5223 3375 5275 sit
3399 5237 3432 5274 a
3459 5226 3603 5289 parte

2278 5295 2515 5361 principii
2540 5294 2787 5359 formalis,
2812 5294 2895 5345 vel
2919 5294 3211 5346 materialis.

2218 5371 2376 5421 Psnr.
2405 5381 2470 5420 ιι.
2495 5366 2757 5432 Expositio
2783 5370 2970 5418 textus.

2217 5441 2343 5491 Aar.
2373 5452 2415 5490 1.
2434 5439 2626 5501 Quaest.
2647 5441 2695 5490 1.
2725 5437 2908 5488 Utrum
2934 5439 3073 5488 Deus
3095 5437 3277 5490 fecerit
3297 5437 3468 5503 ipsum
3492 5449 3601 5488 ma·

2284 5511 2410 5562 lum.

3652 647 3738 697 231

3655 718 3744 767 234

3656 788 3745 837 237

3654 859 3749 908 239

3655 931 3747 979 240

3657 1073 3748 1124 243

3657 1219 3749 1269 248

3654 1360 3746 1411 251

3655 1432 3749 1483 253

3655 1577 3749 1625 255

3657 1792 3750 1841 260

3657 2006 3749 2056 262

3659 2149 3748 2200 264

3658 2223 3752 2272 266

3576 2414 3583 2419 .
3660 2365 3753 2415 268

3660 2437 3754 2486 272

3660 2506 3753 2555 274

3661 2649 3751 2699 276

3660 2791 3753 2841 279

3661 2932 3753 2982 282

3662 3004 3753 3054 284

3660 3149 3751 3199 285

3661 3290 3752 3338 286

3661 3431 3755 3481 287

3662 3503 3756 3552 289

3662 3646 3754 3696 291

3660 3789 3753 3838 293

3662 3861 3753 3910 296

3664 4004 3754 4054 298

3662 4149 3755 4197 300

3662 4291 3757 4341 302

3662 4364 3754 4412 304

3663 4436 3755 4484 308

3662 4578 3753 4627 310

3661 4721 3753 4771 313

3659 4869 3756 4919 318

3658 5014 3749 5062 321

3664 5154 3757 5204 323

3665 5297 3759 5347 326

3665 5367 3756 5417 328

3662 5509 3752 5559 330
