4125 6225
703 468 785 529 94
1831 450 2452 520 SENTENTIARUM
2491 452 2639 519 LlB.
2686 453 2735 518 1.

703 616 837 664 non
874 596 1047 681 quod
1084 597 1180 660 est
1218 590 1734 675 imperfectionis,
1765 588 1928 655 Nam
1970 589 2047 653 de
2078 606 2231 671 pro-

706 705 966 788 prietate
1014 700 1390 768 universalis
1433 698 1625 763 habet
1666 696 2107 761 extensionem
2159 694 2241 759 ad

709 813 947 890 multa3
998 812 1075 875 de
1126 809 1508 894 proprietate
1558 803 1957 890 particularis
1976 851 1996 884 ,
2050 801 2237 867 suffi-

708 921 1004 986 cientiam
1036 919 1117 984 ad
1155 917 1446 999 singula3
1489 917 1567 980 de
1610 913 1990 997 proprietate
2032 927 2242 974 causae

706 1027 1098 1107 necessariae,
1119 1024 1696 1090 immutabilitatem
1716 1043 1734 1101 ;
1761 1021 1838 1085 de
1864 1018 2245 1103 proprietate

710 1135 1157 1218 contingentis„
1186 1134 1380 1198 habet
1402 1130 1651 1196 arbitrii
1675 1129 2030 1193 libertatem
2043 1173 2060 1205 ‚
2091 1124 2247 1207 quia

709 1249 913 1327 potest
940 1244 1165 1320 facere,
1192 1246 1257 1305 et
1283 1242 1489 1324 potest
1512 1257 1645 1303 non
1675 1238 1900 1301 facere.
1932 1232 2247 1299 Conditio-

709 1370 824 1416 nes
863 1354 1078 1416 autem
1122 1345 1612 1431 imperfectionis
1652 1363 1785 1409 non
1823 1343 2017 1407 habet
2032 1389 2050 1422 ,
2092 1339 2249 1424 quia

711 1477 829 1523 nec
872 1458 1063 1522 habet
1099 1455 1609 1520 insufficientiam
1629 1500 1648 1533 ,
1673 1453 1841 1516 sicut
1878 1468 2071 1515 causa
2108 1447 2249 1512 uni-

712 1566 1011 1645 versalis3
1044 1582 1163 1627 nec
1184 1562 1631 1627 limitationem
1655 1607 1674 1637 ‚
1695 1559 1858 1623 sicut
1877 1575 2068 1621 causa
2091 1573 2245 1638 par-

712 1673 1037 1750 ticularis;
1080 1689 1200 1735 nec
1241 1668 1787 1735 inevitabilitatem
1808 1712 1826 1743 ,
1865 1665 2027 1729 sicut
2053 1680 2249 1727 causa

711 1780 1098 1860 necessaria3
1129 1797 1248 1843 nec
1290 1776 1766 1843 vertibilitatem
1788 1821 1807 1854 ,
1850 1773 2017 1838 sicut
2055 1787 2248 1837 causa

712 1887 1107 1969 contingens„

1320 1984 1458 2031 nun.
1500 1980 1637 2031 vm.

747 2156 754 2164 ι
836 2090 1308 2145 praedestinationis
1323 2089 1532 2142 effectus
1547 2092 1626 2139 est
1645 2087 1821 2157 gratim
1843 2085 2123 2152 appositio.

789 2210 1055 2276 Videtur
1089 2209 1255 2273 male
1283 2208 1523 2289 dicere3
1553 2206 1706 2290 quia
1730 2222 1922 2269 causa
1956 2207 2018 2268 et
2052 2201 2247 2267 eflec-

710 2323 816 2384 tus
847 2322 999 2382 sunt
1025 2316 1398 2381 correlative
1430 2336 1445 2380 :
1484 2332 1635 2378 cum
1673 2330 1831 2394 ergo
1871 2309 2139 2375 relativa
2165 2309 2252 2372 si-

712 2427 852 2490 mul
878 2425 1005 2488 sint
1026 2429 1277 2502 natura,
1300 2422 1832 2505 quandocumque
1859 2423 1952 2484 est
1969 2417 2253 2500 praedes-

715 2532 962 2610 tinatio,
988 2534 1083 2596 est
1108 2530 1333 2612 gratiae
1355 2528 1662 2612 appositio
1688 2550 1705 2593 ε
1737 2545 1895 2609 ergo
1920 2526 2138 2590 nullus
2162 2527 2256 2589 est

717 2639 1206 2725 praedestinatus
1226 2686 1244 2718 ,
1273 2637 1397 2701 nisi
1432 2637 1544 2720 qui
1580 2636 1773 2700 habet
1806 2620 2104 2716 g'ratiam.
2130 2632 2255 2697 Sed

719 2756 940 2815 contra
977 2750 1098 2813 hoc
1138 2751 1233 2812 est
1256 2797 1274 2827 ,
1303 2746 1454 2828 quia
1492 2743 1959 2828 praedestinatio
1992 2746 2085 2805 est
2124 2759 2256 2805 non

718 2859 964 2924 entium
981 2907 998 2938 ‚
1029 2857 1197 2920 sicut
1233 2854 1388 2920 dicit
1431 2851 1833 2934 Augustinus
1851 2852 1870 2887 ¹
1897 2850 1969 2914 in
1991 2849 2159 2915 libro
2178 2848 2256 2914 de

720 2966 850 3047 fide
872 2966 961 3033 ad
988 2965 1264 3030 Petrum.

801 3073 987 3158 Resp.
1019 3070 1366 3137 Dicendum
1379 3116 1398 3149 ‚
1431 3066 1603 3152 quod
1632 3065 2100 3149 praedestinatio
2125 3083 2259 3131 non

723 3201 974 3268 semper
1003 3182 1191 3248 estin
1219 3184 1368 3244 actu
1393 3197 1619 3255 causa,
1647 3177 1760 3241 sed
1798 3177 1870 3240 in
1894 3176 2118 3241 babitu
2147 3194 2165 3239 ε
2196 3179 2260 3240 et

724 3290 865 3355 ideo
887 3308 1020 3353 non
1048 3291 1294 3370 oportet
1318 3286 1488 3369 quod
1512 3284 1886 3367 respondeat
1905 3284 2166 3348 effectus
2187 3283 2259 3345 in

725 3400 893 3475 actu,
920 3395 1029 3460 sed
1062 3396 1132 3458 in
1153 3392 1399 3456 habitu.
1428 3388 1606 3454 Unde
1630 3407 1713 3453 ex
1738 3389 1861 3453 hoc
1886 3393 2056 3471 patet
2086 3389 2258 3472 quod

725 3501 930 3584 quaeri
968 3498 1334 3576 consuevit,
1376 3500 1600 3561 utrum
1637 3496 2105 3577 praedestinatio
2146 3477 2260 3559 ali-

726 3608 885 3692 quid
907 3607 1193 3692 ponat=in
1211 3605 1655 3689 praedestinato
1677 3625 1693 3666 t
1724 3603 2064 3668 dicendum
2088 3603 2260 3686 quod

731 3736 863 3782 non
910 3716 1266 3781 necessario
1300 3715 1481 3797 ponit
1517 3713 1760 3796 aliquid
1804 3714 1882 3778 de
1920 3713 2256 3797 praesenti,

726 3826 865 3889 sive
890 3826 1159 3904 bonum,
1189 3824 1323 3888 sive
1356 3823 1597 3887 malum
1633 3823 1712 3905 (α)
1746 3825 1923 3901 actu,
1952 3823 2261 3905 quoniam

726 3933 915 3998 multi
941 3937 1091 3996 sunt
1117 3932 1565 4015 praedestinati,
1594 3932 1704 4015 qui
1731 3950 1865 3995 non
1892 3935 2043 3995 sunt
2070 3931 2260 4010 mali,

730 4045 793 4106 et
818 4041 1003 4104 multi
1026 4040 1136 4122 qui
1164 4039 1319 4103 mali
1339 4044 1491 4104 sunt
1516 4057 1534 4103 ε
1563 4040 1671 4104 sed
1695 4038 1876 4123 ponit
1897 4039 2142 4121 aliquid
2169 4056 2264 4102 se-

731 4151 1017 4215 cundum
1065 4149 1354 4213 habitum
1369 4196 1386 4225 ‚
1420 4148 1556 4213 sive
1595 4148 1674 4212 de
1719 4148 1939 4212 futuro
1955 4195 1974 4228 ‚
2015 4148 2262 4212 ratione

729 4260 917 4341 cujus
953 4256 1150 4322 homo
1190 4258 1395 4338 potest
1435 4256 1716 4336 gaudere
1732 4304 1751 4334 ,
1798 4255 2062 4335 scilicet,
2112 4255 2265 4338 quia

730 4382 969 4429 nomen
1003 4365 1143 4446 ejus
1172 4361 1483 4443 scriptum
1521 4365 1615 4427 est
1653 4362 1724 4425 in
1762 4362 1957 4441 coe103
2007 4366 2072 4426 et
2113 4381 2263 4427 cum

729 4471 889 4536 illud
909 4470 1190 4554 positum
1215 4469 1355 4548 erit,
1377 4468 1497 4532 erit
1511 4487 1851 4551 magnum,
1874 4474 1938 4533 et
1962 4469 2122 4534 illud
2147 4471 2266 4535 erit

731 4580 892 4645 ratio
927 4576 1301 4662 persistendi
1325 4576 1396 4640 in
1422 4576 1591 4641 bono
1608 4625 1624 4657 ,
1664 4580 1728 4641 et
1741 4578 2164 4660 perveniendi
2182 4579 2261 4643 ad

731 4705 1050 4769 magnum
1080 4690 1143 4751 et
1171 4701 1504 4748 summum
1542 4685 1827 4763 bonum3
1859 4688 1922 4748 et
1953 4684 2098 4748 ideo
2142 4683 2265 4749 hoc

732 4796 974 4861 bonum
1007 4793 1327 4858 habituale
1352 4794 1858 4876 praeponendum
1893 4796 1987 4856 est
2012 4792 2262 4874 gratiae,

732 4919 880 4986 quae
899 4906 991 4966 est
1011 4899 1366 4965 secundum
1391 4904 1767 4982 praesentem
1788 4900 2130 4981 justitiam.

799 5018 818 5054 ¹
837 5019 931 5071 Vel
957 5016 1128 5081 potius
1154 5016 1409 5081 Fulgent„
1444 5015 1505 5066 de
1546 5015 1672 5066 Fide
1707 5015 1777 5066 ad
1818 5018 1974 5078 Petra,
2002 5032 2048 5068 c.
2073 5028 2264 5081 xxxlv,

733 5090 866 5141 inter
884 5103 1044 5156 opera
1077 5091 1131 5141 S.
1155 5091 1390 5154 August„
1427 5092 1464 5139 t.
1493 5089 1558 5140 Vl
1577 5126 1592 5152 ‚
1625 5089 1855 5153 Append.
1874 5115 1941 5126 —
1960 5090 1982 5123 ¹
2007 5090 2089 5152 Cf.
2120 5091 2266 5142 Alex.

736 5162 962 5227 Mensis»,
987 5176 1040 5226 p.
1073 5163 1120 5224 Ι,
1158 5173 1434 5226 q.xxv111‚
1465 5161 1654 5211 memb.
1680 5164 1697 5208 1
1722 5175 1738 5223 ;
1767 5160 2024 5226 Richard.,
2055 5162 2072 5209 Ι
2108 5163 2265 5226 8εηί.,

735 5234 850 5284 dist.
871 5246 971 5296 η,
1004 5247 1053 5297 q.
1079 5244 1155 5296 ¹¹3
1191 5233 1447 5283 Francisc.
1484 5231 1547 5282 de
1575 5234 1758 5297 mayr„
1789 5232 1808 5281 1
1836 5233 1992 5294 sent„
2021 5233 2143 5283 dist.
2165 5245 2266 5300 χι,

736 5320 790 5370 q.
812 5316 866 5370 13
895 5305 1070 5370 Steph.
1102 5305 1311 5369 Brulef.,
1339 5305 1359 5354 l
1385 5306 1544 5367 Seni„
1571 5304 1690 5354 dist.
1714 5316 1802 5364 η,
1831 5318 1884 5368 q.
1909 5316 1959 5365 13
1988 5306 2169 5357 Petrus
2203 5307 2268 5358 de

733 5377 958 5440 Tarant„
1000 5377 1020 5426 l
1048 5375 1207 5439 Sent,
1245 5376 1362 5427 dist.
1383 5388 1483 5440 XL,
1513 5389 1564 5440 q.
1597 5388 1647 5426 v·
1674 5401 1737 5412 —
1762 5375 1784 5410 ⁸
1803 5374 2009 5440 Ephes„
2047 5388 2103 5441 1,
2138 5378 2183 5427 4.
2209 5402 2270 5414 —

719 5473 739 5510 e
801 5459 871 5525 (a)
899 5457 1041 5510 Edit.
1069 5457 1188 5510 Ven.
1217 5459 1280 5510 de
1305 5457 1561 5524 praesenti,
1589 5458 1696 5509 sive
1724 5458 1863 5510 mali.

2808 716 3290 788 ARTICULUS
3334 719 3387 788 I.

2428 916 2527 981 Ad
2570 915 3061 997 intelligentiam
3100 915 3430 999 praesentis
3468 913 3879 979 distinctionis

2349 1023 2473 1087 tria
2498 1023 2928 1107 principaliter
2957 1025 3338 1106 quaeruntur
3369 1043 3386 1086 t
3414 1022 3624 1106 primo
3655 1021 3880 1104 quaeri-

2348 1136 2459 1195 tur
2509 1131 2587 1195 de
2638 1131 3221 1214 praedestmatione·;
3266 1130 3543 1194 secundo
3588 1129 3671 1193 de
3724 1128 3878 1193 elec-

2352 1237 2561 1318 tione3
2589 1238 2777 1301 tertio
2817 1237 2894 1302 de
2933 1236 3397 1320 reprobatione.
3430 1235 3689 1300 Primus
3726 1234 3881 1299 arti-

2353 1345 2535 1410 culus
2567 1346 2696 1409 duo
2734 1345 2924 1409 habet
2954 1366 2971 1409 :
3002 1345 3211 1427 primo
3244 1346 3417 1409 enim
3451 1345 3767 1427 quaeritur
3808 1342 3883 1406 de

2352 1450 2905 1533 praedestinatione
2930 1456 3246 1533 quantum
3272 1450 3353 1515 ad
3378 1449 3710 1514 entitatem
3732 1467 3750 1527 ς
3780 1465 3882 1511 se-

2354 1557 2583 1637 cund0‚
2606 1562 2923 1640 quantum
2944 1558 3024 1621 ad
3047 1557 3500 1622 necessitatem.
3520 1554 3610 1620 De
3628 1556 3883 1621 entitate

2354 1671 2571 1730 autem
2625 1667 2754 1731 duo
2806 1670 3192 1749 quaeruntur
3239 1688 3256 1730 t
3309 1666 3519 1749 primo
3578 1654 3885 1748 quaeritur

2354 1778 2574 1839 utrum
2602 1773 3068 1857 praedestinatio
3092 1774 3173 1838 sit
3210 1773 3366 1856 quid
3399 1777 3750 1852 aeternum,
3779 1775 3885 1835 aut

2353 1884 2733 1966 temporale;
2766 1884 3072 1965 secundo,
3103 1884 3259 1967 quid
3296 1884 3378 1949 sit
3417 1881 3885 1967 praedaetinatio

2354 1991 2710 2055 secundum
2733 2009 2895 2056 rem.

2899 2209 3254 2288 QUAESTIO
3296 2210 3347 2274 Ι.

2359 2365 2452 2421 Αη
2472 2364 2880 2438 proedestinatio
2892 2369 2967 2423 sit
2985 2365 3119 2437 quid
3143 2370 3418 2433 (eternum,
3430 2365 3515 2421 vel
3538 2364 3829 2438 temporale
3844 2366 3885 2418 ².

2441 2528 2619 2606 Quod
2645 2530 3113 2614 praedestinatio
3137 2530 3220 2594 sit
3244 2530 3399 2613 quid
3427 2533 3778 2609 aeternum‚
3802 2528 3888 2594 vi-
3913 2536 4074 2581 runcant

2361 2636 2565 2701 detur.
2597 2636 2776 2714 Quod
2810 2643 3077 2702 estante
3109 2638 3332 2701 mundi
3374 2637 3882 2701 constitutionem

2361 2746 2456 2809 est
2476 2745 2631 2826 quid
2665 2751 3011 2810 aeternum:
3041 2745 3508 2829 praedestinatio
3536 2748 3636 2809 est
3665 2745 3885 2826 hujus-

2363 2852 2558 2932 modi,
2585 2852 2740 2935 quia
2774 2852 3242 2935 praedestinatio
3274 2856 3368 2916 est
3393 2852 3616 2916 electio
3646 2871 3664 2916 ε
3699 2852 3891 2935 Eleqz’t

2362 2975 2479 3026 nos
2505 2966 2654 3027 ante
2680 2961 2913 3025 mundi
2935 2962 3454 3027 constitutionem
3469 2966 3491 3002 ⁸
3516 2983 3543 3025 .·
3565 2978 3750 3042 ergo,
3777 2963 3889 3023 etc.

2445 3065 2626 3148 Item,
2663 3067 3129 3151 praedestinatio
3154 3071 3249 3133 est
3272 3068 3678 3152 praescientia
3703 3068 3892 3132 bene—

2365 3175 2659 3240 ficiorum
2684 3176 2706 3212 ⁴
2743 3198 2758 3241 :
2808 3176 2917 3240 sed
2970 3199 3003 3239 α
3048 3176 3358 3260 quidquid
3396 3175 3564 3240 Deus
3603 3174 3890 3258 praescit‚

2366 3282 2748 3347 aeternaliter
2767 3284 3019 3366 praescit
3038 3303 3054 3346 ε
3074 3306 3105 3344 n
3129 3302 3284 3366 ergo
3315 3302 3467 3350 cum
3494 3284 3713 3348 omnis
3733 3298 3891 3365 prae-

2365 3390 2626 3455 scientia
2650 3391 2732 3454 sit
2762 3395 3002 3456 aeterna
3023 3439 3042 3468 ‚
3077 3396 3142 3457 et.
3184 3392 3395 3456 omnis
3427 3390 3893 3474 praedestinatio

2367 3503 2461 3563 est
2485 3499 2767 3578 scientia,
2796 3500 3006 3564 omnis
3032 3500 3502 3583 praedestinatio
3521 3503 3615 3564 est
3635 3504 3889 3566 aeterna.

2448 3607 2627 3688 ltem,
2658 3607 3129 3691 praedestinatio
3156 3611 3250 3672 est
3281 3607 3680 3691 propositum
3708 3608 3894 3672 mise-

2369 3718 2552 3783 rendi
2579 3723 2601 3759 ⁸
2634 3740 2649 3783 ε
2680 3717 2790 3782 sed
2814 3718 3208 3801 propositum
3241 3723 3336 3782 est
3359 3717 3512 3801 quid
3538 3734 3894 3801 proponen-

2368 3826 2472 3906 tia,
2502 3827 2860 3909 praecedens
2901 3844 3004 3890 res
3037 3844 3185 3908 quae
3219 3829 3673 3909 proponuntur
3702 3848 3717 3891 :
3748 3843 3894 3907 ergo

2370 3952 2519 4000 cum
2545 3935 2629 3997 sit
2652 3934 3048 4017 propositum
3074 3934 3210 4013 Dei,
3241 3937 3306 3998 et
3332 3933 3498 3999 Deus
3518 3933 3893 3999 aeternaliter

2370 4042 2686 4125 proponit,
2714 4045 2908 4124 patet,
2940 4046 3057 4106 etc.

2453 4150 2606 4214 Item
2622 4199 2639 4230 ,
2665 4150 2745 4215 de
2769 4151 3014 4214 ratione
3037 4150 3137 4214 sui
3177 4149 3462 4215 nominis
3486 4151 3894 4233 praedestina-

2370 4258 2461 4322 tio
2487 4258 2637 4323 dicit
2660 4258 3172 4340 praecessionem,
3206 4258 3344 4323 sive
3370 4260 3860 4324 antecessionem
3874 4306 3890 4334 ‚

2374 4365 2482 4430 sed
2522 4383 2655 4430 non
2679 4365 2802 4428 nisi
2841 4366 3348 4449 praedestinantis
3382 4367 3462 4431 ad
3489 4368 3893 4450 praedestina·

2373 4477 2559 4536 tum:
2601 4472 2710 4537 sed
2737 4473 3191 4555 praedestinans
3227 4479 3322 4539 est
3347 4478 3713 4540 aeternum:
3750 4489 3893 4556 ergo

2375 4580 2523 4644 dicit
2569 4581 2855 4645 ordinem
2901 4586 2964 4646 et
3011 4584 3507 4648 antecessionem
3560 4584 3781 4649 aeterni
3824 4579 3894 4645 ad

2375 4687 2720 4771 temporale
2753 4711 2768 4753 :
2810 4689 2920 4754 sed
2962 4690 3306 4755 antecessio
3336 4690 3447 4756 illa
3481 4694 3576 4755 est
3616 4696 3848 4758 aeterna
3876 4709 3889 4751 ε

2376 4814 2557 4878 ergo,
2586 4801 2704 4861 etc.

2458 4905 2722 4970 Contra:
2755 4911 2814 4970 1.
2837 4904 3313 4974 Praedestinatio
3337 4908 3635 4991 importat
3659 4907 3895 4973 relatio·-
3921 4926 3978 4973 Ad
4003 4934 4077 4977 om»-

2384 5103 2407 5138 ⁸
2422 5105 2575 5167 Aug„
2599 5102 2660 5152 de
2682 5104 2813 5154 Bono
2839 5104 3056 5167 Per-sev„
3085 5119 3133 5155 c.
3149 5117 3257 5169 nv,
3284 5119 3338 5157 n.
3359 5107 3438 5156 35.
3457 5108 3557 5144 —-¹⁵
3580 5108 3702 5158 Haec
3724 5103 3895 5157 diffini-

2378 5175 2451 5226 tio
2477 5174 2692 5225 trahitur
2716 5189 2748 5224 a
2776 5175 2930 5226 Paulo
2959 5177 3180 5240 dicente,
3210 5179 3363 5241 Rom„
3387 5190 3479 5229 lx:
3511 5177 3609 5227 Cui
3627 5179 3733 5228 vult
3762 5179 3893 5227 mise·

2380 5251 2549 5312 retur-3
2579 5251 2631 5296 et
2654 5246 2857 5311 Ephe-5„
2886 5259 2939 5299 1:
2969 5248 3351 5298 Praedestinavit
3385 5263 3474 5298 nos
3505 5250 3766 5300 secundum
3794 5261 3894 5313 pro-

2375 5320 2593 5383 positum
2618 5318 2894 5368 voluntatis
2916 5333 3049 5383 suoe,
3086 5329 3255 5386 neque
3288 5331 3505 5385 nsquam
3548 5322 3603 5372 in
3630 5320 3894 5387 Augustino

2379 5390 2648 5456 reperitur,
2671 5390 2771 5442 nisi
2790 5390 2920 5443 torte
2945 5393 3003 5443 in
3022 5391 3110 5446 lib.
3132 5393 3194 5444 de
3226 5393 3519 5445 Proedesa‘n.
3547 5393 3737 5460 Senot„
3757 5407 3798 5444 c.
3817 5399 3893 5452 111,

2380 5474 2438 5512 n.
2453 5464 2501 5527 Ἰ,
2532 5463 2703 5525 quoad
2727 5476 2957 5514 sensum.
