4125 6225
1470 318 1847 388 ms'rmc'r.
1890 321 2156 390 xxxvi.
2935 300 2947 314 ⁴
3337 334 3410 394 21

251 461 383 524 suut
396 476 474 522 ex
496 457 663 541 ipso,
678 474 926 541 necper
940 457 1182 542 ipsum,
1197 476 1316 523 nec
1326 460 1538 523 erunt.
1565 457 1774 522 Potest

250 566 461 629 iterum
495 565 701 648 accipi
722 566 1085 630 secundum
1110 566 1425 643 habitum,
1455 568 1519 630 et
1544 563 1636 628 sic
1661 563 1776 628 ad-

250 674 361 737 huc
380 691 504 737 non
521 677 621 736 est
645 673 1068 756 intelligenda
1083 673 1368 758 praecise,
1389 672 1547 756 quia
1569 670 1777 735 multa

250 781 395 848 neus
422 783 755 864 cognoscit
781 830 799 863 ,
844 786 911 846 et
946 786 1150 867 potest
1184 783 1416 862 facere,
1451 798 1599 864 quae
1644 797 1776 843 non

245 890 435 970 faciet,
481 893 799 956 ettamen
828 891 1077 955 suntin
1122 890 1259 974 ipso
1281 937 1298 968 ‚
1337 908 1456 953 nec
1483 904 1773 971 unquam

245 1001 413 1063 erunt
436 1016 516 1063 ex
540 999 711 1082 ipso,
741 1018 868 1065 nec
888 1017 1006 1082 per
1032 999 1270 1082 ipsum.
1302 997 1515 1063 Potest
1534 997 1774 1060 iterum

240 1107 485 1188 intelligi
508 1107 881 1172 secundum
901 1106 1348 1190 aptitudInem,
1370 1111 1434 1170 et
1450 1108 1604 1169 tunc
1614 1118 1775 1185 prae-

242 1215 349 1279 eise
368 1214 561 1280 habet
586 1215 968 1293 veritatem,
1002 1214 1156 1297 quia
1186 1212 1350 1277 nihil
1379 1212 1570 1277 estin
1600 1210 1724 1274 Deo
1753 1258 1772 1289 ,

242 1322 349 1386 nisi
374 1317 723 1406 sit‘aptum
748 1342 887 1388 osse
914 1343 998 1388 ex
1025 1325 1162 1407 ipso
1189 1327 1253 1388 et
1280 1339 1394 1405 per
1418 1321 1634 1403 ipsum
1663 1341 1677 1383 ε
1714 1322 1777 1383 et

241 1430 319 1493 sic
340 1428 505 1495 valet
534 1430 625 1495 ad
656 1431 1057 1514 propositum
1072 1478 1088 1507 ,
1117 1432 1180 1494 et
1209 1430 1298 1493 sic
1321 1426 1621 1509 intelligit
1651 1424 1777 1490 Ma-

238 1539 419 1619 gister
453 1559 471 1601 z
502 1541 569 1602 et
596 1557 725 1621 per
762 1539 889 1604 hoc
915 1538 1342 1603 excluduntur
1389 1535 1592 1615 mala,
1621 1532 1777 1618 quia

234 1644 384 1710 Deus
407 1663 539 1710 non
568 1648 789 1729 potest
812 1647 1019 1711 facere
1050 1645 1220 1710 mala
1234 1693 1256 1725 ‚
1287 1662 1406 1708 nec
1435 1644 1605 1706 mala
1628 1658 1778 1724 pos-

234 1758 370 1819 sunt
387 1772 524 1818 cese
543 1773 645 1818 ex
663 1754 801 1838 ipso
822 1803 841 1834 ,
866 1773 987 1818 nec
1008 1772 1118 1837 per
1140 1753 1373 1836 ipsum.
1399 1750 1581 1828 Quod
1602 1767 1774 1834 quae-

231 1862 409 1942 titur,
454 1880 675 1945 quare
712 1879 847 1926 non
895 1862 1195 1927 dicuntur
1246 1878 1350 1925 res
1396 1859 1776 1924 aeternaliter

233 1987 353 2034 effic
394 1987 479 2034 ex
516 1969 664 2034 Deo
690 2018 709 2048 ,
755 1973 902 2048 etc.;
950 1968 1290 2034 dicendum
1325 1966 1495 2050 quod
1526 1984 1655 2030 non
1683 1967 1778 2029 est

233 2077 419 2142 simile
434 2127 455 2158 ,
494 2079 670 2161 qnia
707 2078 855 2143 aliae
897 2076 1373 2162 praepositiones
1415 2074 1776 2157 significant

234 2204 334 2269 per
368 2186 654 2251 modum
689 2187 864 2266 fieri,
910 2190 976 2251 et
1021 2189 1264 2263 motus,
1307 2185 1369 2248 et
1403 2185 1622 2261 actus3
1665 2181 1775 2246 sed

234 2295 357 2359 haec
389 2295 775 2379 praepositio
810 2298 887 2361 in
907 2345 925 2376 ,
958 2313 1075 2379 per
1123 2293 1388 2359 modum
1416 2291 1668 2375 quietis.
1698 2290 1777 2354 Et

234 2404 525 2486 quoniam
567 2403 751 2468 Deus
794 2420 929 2467 non
959 2403 1106 2467 fecit
1147 2401 1270 2465 nisi
1313 2419 1396 2465 ex
1441 2404 1729 2481 tempore
1753 2445 1772 2475 ‚

237 2512 341 2575 fuit
363 2530 561 2576 causa
609 2511 941 2576 actualiter
966 2528 1234 2575 causans
1260 2508 1383 2573 nisi
1419 2527 1502 2573 ex
1526 2511 1774 2590 tempo-

235 2639 315 2698 re,
337 2619 483 2683 licet
510 2617 1053 2683 habitudinaliter
1078 2618 1156 2682 ab
1183 2621 1418 2682 aeterno
1438 2635 1456 2696 ;
1480 2615 1619 2680 ideo
1643 2633 1775 2678 ma-

236 2727 325 2808 gis
361 2727 685 2791 dicuntur
712 2744 818 2791 ras
852 2725 1238 2791 aeternaliter
1264 2726 1334 2788 in
1373 2724 1500 2788 Deo
1523 2772 1542 2802 ,
1580 2742 1776 2806 quam

234 2853 307 2899 ex
336 2834 487 2900 Deo·

864 2931 1007 2979 nnn.
1049 2928 1142 2977 m.

236 3046 473 3099 ualanon
502 3049 637 3097 sunt
662 3045 721 3095 in
746 3046 858 3096 Deo
880 3060 894 3093 ε
914 3047 965 3094 et
989 3043 1142 3108 paulo
1165 3044 1273 3108 post
1296 3042 1560 3109 subjunqit
1587 3059 1605 3093 :
1636 3044 1779 3095 Bona

290 3119 551 3186 cognoscit
592 3119 748 3170 etiam
780 3132 875 3182 per
912 3117 1367 3182 approbationem,
1412 3121 1463 3166 et
1493 3131 1587 3181 per
1616 3116 1777 3167 bene-

288 3193 525 3257 placitum
550 3207 569 3242 :
604 3191 741 3241 mala
765 3204 894 3241 vero
924 3204 1060 3255 non,
1099 3190 1297 3256 supple,
1339 3188 1604 3254 cognoscit
1642 3190 1778 3239 Deus

290 3279 377 3331 per
397 3262 859 3336 approbationem.

308 3380 582 3447 Videtur
610 3379 778 3444 male
806 3379 1018 3443 dicere
1040 3426 1059 3456 ‚
1088 3377 1241 3461 quia
1265 3376 1635 3462 approbatio
1670 3396 1779 3443 re-

245 3488 415 3571 spicit
433 3490 890 3564 voluntatem3
923 3486 1031 3550 sed
1064 3504 1199 3550 esse
1241 3486 1310 3549 in
1355 3485 1482 3550 Deo
1527 3485 1782 3569 respicit

242 3596 317 3659 ab
338 3584 587 3661 aet‘erno
615 3594 1161 3678 exemplar-itatem
1190 3616 1206 3658 ι
1238 3611 1396 3675 ergo
1422 3593 1645 3658 notitia
1671 3613 1777 3677 ap-

242 3705 629 3787 probationis
652 3704 817 3768 nihil
845 3703 928 3768 ad
953 3703 1073 3767 hoc
1090 3702 1257 3766 facit.
1288 3701 1449 3766 Item
1476 3700 1777 3785 Magister

243 3812 481 3877 videtur
518 3812 923 3878 insufficiens
954 3811 1025 3875 in
1050 3811 1362 3875 divisione
1400 3810 1636 3875 divinae
1671 3829 1778 3875 co-

246 3922 564 4003 gnitionis,
591 3922 750 4005 quia
778 3921 947 3984 sicut
968 3920 1137 3985 bona
1162 3923 1640 4001 cognoscuntur
1666 3938 1780 3985 no·

247 4029 373 4092 titia
409 4027 892 4114 approbationis
911 4076 930 4107 ,
960 4026 1050 4091 ita
1092 4027 1261 4092 mala
1305 4027 1531 4092 notitia
1557 4046 1782 4111 repro-

248 4134 532 4201 bationis.
566 4136 728 4201 ltem
755 4135 1125 4219 approbatio
1152 4137 1268 4199 aut
1290 4134 1454 4198 nihil
1472 4184 1491 4215 ,
1522 4140 1633 4199 aut
1659 4136 1776 4199 ali-

196 4310 215 4335 ·
249 4245 393 4326 quid
434 4245 609 4310 addit
654 4263 855 4328 snpra
890 4243 1182 4308 notitiam
1220 4242 1589 4326 simpliciter
1608 4292 1626 4325 ,
1672 4248 1785 4309 aut

251 4368 372 4416 non
400 4374 419 4416 z
448 4358 513 4416 et
539 4354 596 4416 si
622 4370 760 4416 non
783 4400 801 4429 ‚
843 4369 1001 4433 crgo
1025 4369 1165 4415 non
1187 4355 1284 4415 est
1309 4352 1379 4415 in
1403 4350 1531 4415 Deo
1557 4350 1785 4415 distin-

254 4476 443 4540 guere
461 4461 784 4541 notitiam,
801 4462 865 4524 et
880 4459 1105 4524 notitia
1122 4459 1609 4543 approbationis,
1624 4459 1784 4524 Item

257 4566 305 4628 si
327 4567 489 4631 nihil
523 4568 703 4633 addit
717 4617 738 4647 ,
767 4586 927 4649 ergo
952 4568 1117 4632 sicut
1146 4567 1393 4633 suntin
1432 4567 1558 4632 Deo
1574 4615 1592 4647 ,
1640 4585 1786 4651 quae

259 4677 571 4756 cognoscit
617 4675 1033 4759 approbando
1050 4725 1068 4757 ,
1111 4676 1201 4740 ita
1248 4675 1441 4740 etiam
1486 4675 1595 4739 illa
1639 4693 1788 4758 quae

260 4782 574 4863 cognoscit
608 4781 1003 4865 simpliciter.
1033 4782 1100 4847 Si
1126 4783 1369 4866 aliquid
1393 4782 1602 4863 addit,
1630 4802 1788 4866 ergo

261 4888 503 4954 videtur
527 4889 709 4972 quod
740 4889 958 4953 divina
982 4890 1204 4955 notitia
1229 4890 1312 4955 sit
1336 4888 1703 4973 composita.

334 4995 400 5059 Si
418 4997 593 5061 dicas
610 4995 796 5078 quod
815 4994 981 5060 addit
1000 4998 1350 5063 secundum
1367 4998 1758 5063 intellectum
1769 5046 1787 5078 ,

266 5096 364 5160 sed
408 5099 777 5163 intellectus
810 5103 1019 5162 noster
1046 5118 1178 5163 non
1216 5100 1364 5164 facit
1399 5118 1502 5164 res
1538 5118 1674 5165 esse
1721 5101 1791 5166 in

270 5201 382 5268 Deo
412 5228 429 5268 :
454 5224 613 5288 ergo
654 5224 787 5268 nec
827 5206 1041 5270 notitia
1070 5208 1559 5290 approbationis.

327 5329 391 5395 (α)
412 5331 549 5383 Edit.
589 5332 722 5383 Vera.
742 5329 852 5380 bic.
868 5329 1006 5396 -(ὁ)
1028 5332 1150 5383 Item
1171 5332 1298 5384 Dec.

1963 456 2152 543 Resp.
2196 458 2543 527 Dicendum
2593 463 2767 547 quod
2808 462 3180 547 approbatio
3226 481 3420 547 supra

1885 568 2313 647 cognitionem
2330 618 2349 648 ,
2388 571 2740 635 secundum
2782 571 3169 637 intellectum
3183 620 3201 652 ,
3247 571 3420 636 addit

1883 673 2351 759 beneplacitum
2376 679 2724 744 voluntatis
2754 702 2769 745 ε
2798 680 2919 745 hoc
2952 681 3031 764 (α)
3062 685 3279 746 autem
3303 681 3418 745 be-

1883 782 2272 864 neplacitum
2300 789 2595 850 connotat
2619 765 2965 852 bonitatem
2991 788 3062 851 in
3083 787 3159 868 (b)
3180 805 3257 852 eo
3283 806 3419 851 res-

1883 893 2074 971 pectu
2097 897 2198 973 cuj
2207 911 2285 956 us
2305 898 2422 971 est,
2445 896 2598 976 quia
2622 893 2750 958 Deo
2770 912 2902 958 non
2927 895 3131 978 placet
3156 895 3279 957 nisi
3300 895 3416 959 bo-

1881 1011 2067 1076 num,
2085 1000 2150 1061 et
2170 1016 2304 1062 esse
2321 1000 2589 1080 bonum,
2610 1001 2681 1064 in
2696 1004 3012 1083 quantum
3022 1001 3414 1084 hujusmodi,

1882 1102 2011 1167 Deo
2050 1105 2259 1171 simile
2283 1111 2378 1172 est
2413 1130 2428 1172 :
2462 1107 2516 1171 si
2543 1125 2701 1189 ergo
2734 1108 2880 1173 idea
2910 1108 3064 1172 dicit
3099 1109 3415 1172 rationem

1883 1214 2304 1294 cognoscendi
2332 1216 2682 1281 secundum
2709 1216 3253 1297 assimilationem,
3274 1235 3414 1280 om-

1882 1316 1991 1381 nia
2008 1337 2155 1400 quae
2171 1319 2335 1384 Deus
2351 1320 2673 1403 cognoscit
2685 1320 2909 1385 notitia
2922 1320 3414 1404 approbationiS,

1880 1432 2034 1493 sunt
2056 1431 2128 1493 in
2144 1430 2305 1513 ipso.
2332 1430 2453 1496 Sed
2476 1431 2829 1497 notandum
2850 1432 3021 1515 quod
3042 1432 3416 1515 approbatio

1880 1540 2085 1619 potest
2101 1542 2442 1604 connotare
2453 1539 2798 1604 bonitatem
2813 1540 2884 1603 in
2898 1542 3072 1619 actu;
3096 1543 3160 1604 et
3174 1539 3268 1603 sic
3284 1558 3416 1604 non

1882 1648 1976 1708 est
2000 1646 2262 1728 praecise
2297 1651 2554 1728 verum,
2593 1648 2766 1730 quod
2794 1666 2984 1712 omne
3011 1647 3183 1730 quod
3211 1651 3306 1711 est
3347 1647 3417 1709 in

1882 1751 2030 1832 Deo,
2060 1753 2141 1817 sit
2165 1755 2493 1837 cognitum
2518 1756 2747 1821 notitia
2775 1754 3266 1839 approbationis.
3288 1753 3418 1819 Po-

1880 1863 2001 1925 test
2025 1863 2260 1929 iterum
2286 1867 2627 1929 connotare
2641 1865 2990 1929 bonitatem
3009 1863 3080 1926 in
3111 1865 3411 1945 potentia,

1880 1969 2044 2035 sicut
2069 1973 2395 2055 exemplar
2431 1975 2729 2038 connotat
2759 1972 2854 2037 rei
2891 1971 3216 2036 entitatem
3234 2019 3252 2049 ‚
3283 1990 3418 2037 non

1881 2082 2034 2164 quia
2060 2082 2226 2149 Deus
2251 2088 2456 2168 potest
2484 2103 2628 2149 eam
2657 2085 2892 2163 facere3
2923 2087 2986 2148 et
3011 2083 3104 2147 sic
3128 2083 3291 2147 nihil
3318 2088 3413 2149 est

1884 2184 1955 2248 in
1982 2185 2111 2251 Deo
2140 2188 2266 2252 nisi
2293 2189 2465 2272 quod
2492 2188 2815 2270 cognoscit
2840 2187 3063 2252 notitia
3096 2188 3416 2270 approba-

1880 2295 2092 2374 tioniS‚
2113 2298 2264 2380 quia
2289 2300 2379 2362 sic
2406 2297 2731 2380 cognoscit
2750 2314 2941 2362 omne
2965 2297 3210 2360 bonum
3236 2295 3408 2378 quod

1881 2403 1997 2479 est,
2029 2401 2131 2465 vel
2176 2401 2348 2483 quod
2387 2404 2591 2484 potest
2631 2400 2833 2464 facere
2853 2447 2871 2477 ‚
2915 2402 2979 2464 et
3003 2398 3176 2463 illius
3212 2399 3402 2463 habet

1881 2509 2211 2593 exemplar
2244 2532 2258 2574 ε
2300 2514 2366 2573 et
2390 2509 2532 2573 ideo
2565 2508 2723 2572 illud
2751 2510 3006 2572 tantum
3036 2507 3226 2572 estin
3259 2506 3407 2571 Dec.

1883 2616 2064 2694 Quod
2093 2636 2250 2700 ergo
2276 2617 2573 2700 objicitur
2592 2617 2762 2699 quod
2783 2617 3083 2682 voluntas
3110 2634 3244 2680 non
3271 2617 3418 2679 facit

1881 2721 2055 2805 quod
2081 2721 2301 2784 sintin
2325 2719 2452 2784 Deo
2469 2742 2488 2797 ;
2521 2720 2859 2785 dicendum
2895 2720 3068 2801 quod
3114 2718 3236 2782 hoc
3282 2736 3415 2782 non

1883 2832 1979 2893 est
2017 2828 2175 2912 quia
2218 2828 2517 2893 voluntas
2559 2826 2630 2890 in
2678 2829 2867 2902 actu,
2907 2825 3016 2889 sed
3054 2824 3208 2907 quia
3248 2823 3414 2888 Deus

1883 2936 2048 3000 nihil
2071 2938 2275 3018 potest
2303 2934 2507 2998 facere
2546 2932 2719 3016 quod
2761 2949 2891 2996 non
2930 2932 3238 3014 approbet
3266 2935 3416 2994 tan-

1884 3063 2080 3129 quam
2142 3044 2386 3108 bonum
2442 3064 2458 3106 :
2525 3042 2697 3106 unde
2760 3041 3129 3126 approbatio
3208 3039 3418 3123 potius

1884 3155 2034 3219 dicit
2060 3154 2149 3218 ibi
2171 3153 2492 3236 judicium
2521 3150 2784 3216 rationis
2802 3200 2821 3230 ,
2872 3169 3070 3234 quam
3114 3150 3414 3214 affectum

1885 3263 2254 3329 voluntatis.
2286 3261 2468 3339 Quod
2499 3261 2832 3345 quaeritur,
2864 3282 2896 3321 α
2923 3258 2990 3324 Si
3021 3258 3221 3337 addit;
3253 3280 3285 3318 n
3315 3259 3418 3323 di-

1886 3370 2162 3435 cendum
2184 3370 2356 3454 quod
2369 3370 2540 3435 addit
2557 3387 2597 3432 a
2615 3370 2794 3451 parte
2816 3366 3018 3431 nostri
3036 3365 3414 3446 intellectus,

1887 3482 1951 3543 et
1975 3498 2014 3542 a
2036 3482 2215 3561 parte
2236 3477 2588 3556 connotati;
2614 3495 2654 3540 a
2667 3478 2845 3558 parte
2869 3473 3067 3558 ipsius
3088 3471 3219 3553 Dei,
3259 3490 3415 3536 non.

1888 3586 2031 3652 Non
2058 3588 2148 3652 sic
2193 3592 2405 3652 autem
2447 3586 2619 3651 addit
2665 3583 3022 3667 reprobatio
3052 3600 3071 3646 ε
3106 3582 3247 3646 ideo
3280 3581 3420 3645 Ma-

1888 3695 2086 3779 gister
2117 3714 2251 3761 non
2277 3695 2456 3779 ponit
2492 3693 2786 3759 notitiam
2815 3690 3271 3775 reprobationis
3298 3707 3415 3772 pro

1886 3806 2198 3871 membro·

2523 3969 2661 4014 DUB.
2704 3967 2797 4015 lv.

1891 4118 2138 4170 Eamdem
2163 4117 2270 4167 vim
2293 4114 2486 4166 habent
2512 4112 2687 4165 omnia
2714 4113 2858 4177 hoec,
2888 4111 3083 4164 scilicet
3108 4125 3174 4164 ax
3199 4111 3311 4177 ipso
3323 4150 3340 4178 ,
3371 4115 3424 4163 et

2342 4187 2396 4237 in
2421 4187 2532 4251 ipso
2548 4223 2567 4250 ,
2593 4189 2645 4235 et
2664 4199 2758 4250 per
2783 4184 2967 4248 ipsum.

1973 4345 2278 4430 Objicitur
2336 4346 2556 4409 contra
2612 4342 2754 4406 haec
2801 4339 3120 4405 Ambrosii
3170 4338 3366 4405 verba
3409 4386 3426 4415 ‚

1892 4455 2068 4540 quod
2092 4453 2148 4517 si
2176 4453 2413 4517 habent
2457 4450 2748 4524 eamdem
2781 4448 2917 4514 vim
2935 4496 2954 4527 ,
2986 4464 3143 4528 ergo
3174 4445 3428 4511 videtur

1894 4562 2000 4627 hic
2029 4578 2166 4626 esse
2189 4558 2525 4623 inculcatio
2547 4558 2916 4623 verborum.
2939 4555 3098 4620 Item
3121 4557 3235 4619 aut
3259 4552 3430 4617 acci-

1895 4669 2072 4752 pitur
2097 4686 2233 4734 esse
2250 4669 2326 4734 in
2347 4669 2488 4750 ipso
2512 4666 2675 4730 sicut
2701 4664 2771 4729 in
2798 4662 3172 4747 exemplari,
3198 4663 3311 4726 aut
3335 4659 3430 4722 si-

1898 4782 2007 4842 cut
2043 4777 2115 4841 in
2159 4794 2347 4842 causa
2389 4777 2801 4840 conservante
2846 4790 2863 4835 ε
2904 4771 2958 4835 si
3011 4774 3319 4852 tanquam
3361 4768 3433 4831 in

1898 4883 2248 4968 exemplari
2264 4931 2282 4963 ‚
2330 4885 2572 4948 constat
2611 4879 2783 4964 quod
2820 4878 2994 4944 aliud
3035 4881 3130 4942 est
3166 4894 3300 4942 esse
3356 4877 3431 4941 in

1899 4996 2064 5077 ipsc,
2095 4997 2160 5058 et
2199 5008 2284 5059 ex
2318 4993 2489 5074 ipso,
2531 4990 2692 5054 sicut
2729 4989 3186 5072 praeostensum
3213 4988 3344 5063 est;
3380 4984 3434 5047 si

1899 5106 2209 5185 tanquam
2248 5102 2318 5165 in
2365 5101 2776 5164 conservante
2797 5144 2815 5177 ,
2873 5094 3083 5160 adhuc
3127 5097 3228 5158 est
3261 5092 3437 5158 aliud

1901 5208 2186 5294 produci,
2218 5207 2390 5272 aliud
2416 5204 2795 5271 conservari.
2824 5204 3016 5283 Item,
3055 5202 3106 5265 si
3147 5201 3438 5267 eamdem

1903 5315 2041 5382 vim
2067 5315 2330 5395 habent3
2364 5313 2526 5381 sicut
2551 5329 2636 5380 ea·
2663 5315 2803 5398 ipso
2826 5310 3274 5395 appropriatur
3311 5307 3437 5375 Pa-
