4125 6225
625 411 747 475 600

622 561 755 609 non
777 542 1279 625 praedominatur
1300 544 1361 608 ei
1381 544 1452 607 in
1473 544 1790 626 regimine
1811 549 1874 609 et
1890 544 2162 625 virtute3

621 648 804 714 aliter
824 648 997 713 enim
1023 652 1186 714 esset
1212 654 1497 714 creatum
1521 650 1594 714 in
1615 651 2003 730 dominium,
2032 669 2165 716 non

622 755 692 820 in
741 755 1170 820 ministerium
1207 778 1222 821 :
1258 757 1314 820 si
1360 757 1567 839 igitur
1610 762 1781 822 astra
1824 758 1967 822 coeli
2015 759 2167 821 sunt

620 867 830 930 creata
855 863 927 926 in
950 864 1408 944 ministerium,
1435 883 1593 947 ergo
1620 883 1705 930 ex
1731 865 1823 930 eis
1849 882 1979 930 non
2006 884 2166 949 pen-

618 970 772 1036 dent
799 970 1236 1055 principaliter
1261 990 1475 1037 mores
1499 972 1860 1037 hominum.

700 1075 860 1142 Item
889 1078 1014 1142 hoc
1041 1079 1296 1144 videtur
1325 1079 1698 1145 auctoritate
1726 1081 1929 1164 ipsius
1959 1079 2167 1146 Ptole·

619 1186 802 1262 maei,
829 1186 1102 1250 maximi
1129 1186 1514 1264 astronomi,
1545 1188 1659 1269 qui
1685 1188 1838 1252 dicit
1864 1189 2034 1271 quod
2061 1208 2164 1253 sa-

618 1292 804 1377 piens
828 1292 1025 1358 homo
1051 1294 1487 1359 dominabitur
1508 1295 1695 1359 astris
1719 1319 1733 1359 z
1756 1297 1866 1361 sed
1887 1296 2011 1361 hoc
2032 1316 2167 1363 non

620 1406 813 1481 esset,
838 1402 893 1465 si
916 1419 1125 1466 mores
1144 1402 1487 1467 hominum
1510 1408 1923 1469 causarentur
1942 1423 2026 1470 ex
2048 1405 2167 1470 im-

621 1509 1055 1594 pressionibus
1077 1510 1403 1574 stellarum
1429 1534 1445 1574 :
1473 1529 1653 1592 erg0,
1680 1514 1800 1576 etc.
2092 1573 2097 1576 Α

702 1615 862 1681 Item
886 1617 1010 1682 hoc
1034 1618 1248 1702 ipsum
1271 1619 1528 1684 videtur
1552 1619 1796 1683 ratione
1824 1620 2162 1686 ostensiva.

622 1725 805 1804 Quod
839 1729 1009 1791 recte
1043 1726 1411 1790 ordinatum
1446 1729 1569 1806 est,
1606 1729 1959 1792 secundum
1992 1731 2167 1812 quod

621 1833 736 1914 huj
745 1833 1031 1913 usmodi,
1061 1850 1193 1898 non
1220 1834 1424 1899 tendit
1457 1834 1583 1898 nisi
1613 1835 1696 1899 ad
1729 1840 1976 1901 rectum
2009 1859 2024 1901 ε
2055 1837 2168 1902 sed

623 1942 858 2008 coelum
902 1959 1051 2005 cum
1091 1941 1224 2005 suis
1260 1941 1577 2006 sideribus
1612 1961 1653 2006 a
1690 1942 1900 2025 prima
1940 1945 2167 2010 condi-

623 2049 796 2115 tione
834 2047 1182 2113 rectissime
1217 2050 1583 2113 ordinatum
1618 2054 1711 2114 est
1742 2073 1757 2115 :
1788 2068 1946 2133 ergo
1987 2071 2166 2117 nun-

623 2173 823 2239 quam
853 2155 978 2220 nisi
1003 2155 1084 2220 ad
1122 2155 1325 2220 bonos
1351 2174 1562 2220 mores
1584 2160 1650 2222 et
1686 2162 1889 2223 rectos
1917 2160 2162 2224 tendit:

624 2281 784 2346 ergo
812 2267 926 2327 aut
953 2281 1177 2327 omnes
1202 2263 1497 2328 homines
1525 2264 1764 2331 habent
1793 2266 1995 2331 bonos
2023 2286 2168 2332 mo-

622 2389 727 2436 res
746 2418 765 2449 ,
812 2374 926 2435 aut
966 2370 1215 2435 bonitas
1257 2390 1516 2437 morum
1559 2390 1694 2437 non
1738 2376 2037 2440 causatur
2083 2394 2168 2442 ex

622 2479 936 2563 positione
962 2478 1269 2544 siderum.

705 2589 766 2651 6.
797 2583 958 2650 Item
983 2585 1108 2650 hoc
1131 2585 1391 2652 videtur
1415 2604 1530 2670 per
1560 2587 1877 2653 rationem
1915 2588 2166 2656 ducen-

622 2695 862 2761 tcm‘ad
887 2694 1278 2778 impossibile
1312 2717 1326 2759 :
1373 2694 1429 2760 si
1452 2696 1627 2761 enim
1656 2697 1989 2774 diversitas
2022 2716 2167 2764 mo-

621 2820 772 2868 rum
816 2805 1185 2868 causaretur
1202 2805 1285 2882 (a)
1313 2821 1353 2868 a
1385 2803 1806 2888 positionibus
1845 2805 2159 2883 siderum,

621 2925 771 2973 cum
782 2913 996 2973 motus
1006 2926 1233 2999 eorum
1243 2908 1325 2973 sit
1343 2908 1652 2974 naturalis
1668 2914 1731 2976 et
1739 2913 2161 2992 necessariuS,

621 3013 957 3080 diversitas
995 3032 1256 3080 morum
1293 3015 1362 3080 in
1385 3015 1759 3082 hominibus
1785 3023 1949 3083 esset
1973 3023 2164 3085 natu-

621 3122 838 3188 raliter
861 3126 926 3188 et
956 3124 1308 3188 necessario
1341 3146 1358 3189 ε
1384 3142 1543 3207 ergo
1568 3143 1703 3190 non
1743 3127 1864 3193 erit
1887 3126 2164 3193 liberum

621 3229 981 3312 arbitrium,
1009 3248 1130 3296 nec
1157 3231 1392 3296 valebit
1416 3231 1754 3297 consilium
1767 3281 1784 3311 ,
1817 3252 1934 3298 nec
1960 3235 2163 3300 meri-

619 3340 762 3402 tum
789 3337 913 3402 erit
930 3386 950 3419 ,
982 3356 1100 3404 nec
1137 3339 1312 3419 laus,
1342 3357 1463 3405 nec
1485 3339 1881 3423 vituperium
1911 3360 1930 3406 ε
1960 3343 2015 3407 si
2039 3344 2164 3409 hoc

618 3443 823 3526 igitur
848 3448 943 3510 est
966 3445 1328 3510 maximum
1358 3444 1831 3530 inconveniens,
1862 3447 2163 3533 impossi-

618 3549 746 3616 bile
781 3554 876 3616 est
909 3551 1083 3635 quod
1126 3551 1462 3617 diversitas
1497 3571 1758 3619 morum
1802 3559 2099 3624 causetur
2123 3576 2164 3624 a

621 3658 1043 3742 positionibus
1072 3658 1378 3727 siderum.

1127 3908 1648 3988 CONCLUSIO.
1695 3956 1703 3963 -

619 4065 998 4124 Luminan'um
1026 4064 1314 4122 caelestium
1350 4066 1719 4139 impressiones
1755 4071 1819 4125 in
1857 4070 2161 4130 hominibus

687 4169 895 4211 morum
906 4154 1275 4212 diversitatem
1284 4159 1527 4225 causant,
1540 4173 1648 4214 non
1660 4160 1838 4215 tamen
1846 4165 2157 4231 necessarie,

687 4243 780 4303 ted
802 4243 1133 4317 dispositive,
1162 4247 1551 4318 contingenter,
1580 4252 1742 4319 atque
1760 4253 1975 4307 remote.

697 4399 883 4487 Resp.
914 4403 995 4468 ad
1031 4402 1193 4485 Arg.
1223 4402 1572 4472 Dicendum
1605 4408 1778 4490 quod
1805 4426 2015 4474 mores
2036 4410 2156 4477 ho-

617 4508 896 4590 minum,
937 4513 1002 4575 et
1041 4516 1310 4576 eventus
1347 4512 1739 4596 futurorum,
1783 4535 1823 4580 a
1850 4516 2162 4583 sideribus

617 4620 864 4682 causari
901 4618 1237 4702 dupliciter
1281 4623 1486 4703 potest
1527 4620 1797 4704 intelligi
1831 4644 1847 4688 ε
1896 4628 2009 4688 aut
2035 4642 2160 4690 ne-

617 4724 887 4789 cessario
936 4729 997 4790 et
1041 4726 1462 4808 sufficienter,
1510 4732 1624 4792 aut
1680 4729 2045 4813 dispositive
2097 4734 2161 4795 et

619 4832 1062 4913 contingenter
1106 4854 1123 4899 t
1171 4835 1225 4898 si
1273 4834 1482 4918 primo
1531 4835 1720 4900 modo
1766 4836 2018 4914 dicitur,
2069 4837 2160 4902 sic

617 4958 750 5006 non
771 4945 1020 5006 tantum
1047 4947 1141 5007 est
1166 4943 1420 5022 falsum,
1442 4945 1643 5032 immo
1671 4950 1736 5010 et
1755 4945 2155 5028 haereticum,

616 5051 684 5114 et
728 5049 1117 5117 diabolicum
1158 5054 1546 5135 figmentum
1568 5102 1586 5131 ,
1632 5055 1790 5139 quia
1837 5058 2170 5138 repugnat-

617 5156 978 5224 christianae
1002 5160 1321 5243 religioni,
1341 5166 1661 5246 repugnat
1683 5162 1897 5227 sensui
1916 5210 1934 5240 ,
1965 5167 2027 5228 et
2052 5180 2160 5227 re-

617 5269 866 5344 pugnat
899 5267 1093 5333 etiam
1127 5269 1383 5335 rationi.
1439 5268 1812 5337 christianae
1859 5269 2158 5353 religioni

682 5387 894 5457 ¹Grcg.,
921 5393 976 5442 in
1002 5393 1197 5461 Evanq.
1224 5396 1367 5448 hom.
1389 5407 1442 5446 x.

1710 406 2333 476 SENTENTIARUM
2368 408 2521 477 LlB.
2564 407 2645 480 11.

2269 550 2621 629 repugnat,
2651 547 2810 614 dum
2838 555 2934 615 est
2958 555 3179 617 contra
3203 552 3538 617 veritatem
3554 551 3730 631 fidei,
3751 555 3822 616 et

2270 651 2666 720 honestatem
2705 673 2966 722 morum
2998 680 3018 722 t
3053 658 3294 724 veritas
3337 659 3512 722 enim
3549 657 3700 722 fidei
3744 657 3819 720 in

2270 758 2395 825 hoc
2438 779 2654 827 errore
2693 781 2828 829 non
2872 768 3077 848 potest
3120 765 3352 829 salvari
3382 787 3397 829 :
3433 765 3593 830 dum
3640 764 3816 829 enim

2272 869 2451 949 ponit
2476 871 2692 936 omnia
2718 890 2759 935 a
2784 873 3100 937 sideribus
3124 873 3479 938 necessario
3518 872 3808 951 evenire,

2271 973 2436 1038 tollit
2476 977 2804 1054 meritum,
2846 983 2911 1042 et
2952 985 3412 1063 consequenter
3446 979 3610 1044 tollit
3647 997 3811 1061 prae-

2272 1082 2503 1160 mium,
2517 1084 2680 1147 tollit
2696 1086 2889 1150 etiam
2905 1087 3203 1168 gratiam,
3224 1091 3287 1152 et
3298 1104 3410 1169 per
3420 1103 3813 1170 consequens

2273 1189 2569 1271 gloriam.
2613 1190 2924 1256 Honestas
2966 1193 3159 1258 etiam
3205 1211 3463 1259 morum
3499 1212 3614 1276 per
3640 1193 3813 1258 hunc

2272 1314 2555 1361 errorem
2601 1301 2756 1381 praej
2767 1299 3052 1364 udicium
3092 1300 3331 1383 patitur
3347 1349 3366 1380 ,
3422 1301 3582 1365 dum
3627 1300 3813 1383 culpa

2271 1405 2587 1486 peccantis
2639 1405 2709 1468 in
2761 1406 2967 1471 sidera
3005 1406 3387 1486 refunditur,
3446 1413 3509 1471 et
3560 1407 3812 1472 licentia

2272 1510 2707 1576 malefaciendi
2767 1513 2903 1577 sine
2965 1513 3456 1597 reprehensione
3520 1515 3811 1577 concedi-

2272 1619 2401 1698 tur,
2434 1620 2498 1681 et
2521 1618 2718 1682 homo
2744 1619 2827 1683 ad
2849 1615 3248 1684 adorandum
3274 1625 3337 1684 et
3358 1618 3695 1685 colendum
3720 1622 3811 1684 si-

2272 1723 2427 1789 dera
2451 1724 2847 1790 incurvatur.
2881 1725 2955 1790 Et
2978 1727 3097 1790 iste
3123 1732 3218 1791 est
3246 1727 3399 1791 finis
3420 1727 3621 1809 hujus
3647 1746 3815 1793 erro-

2272 1831 2365 1895 ris
2391 1832 2670 1915 pessimi,
2707 1833 2862 1915 quia
2893 1834 2973 1898 ad
3015 1833 3436 1898 idololatriam
3463 1835 3754 1917 perducit
3790 1854 3807 1899 ε

2272 1941 2338 2003 et
2361 1938 2433 2001 in
2457 1939 2582 2003 hoc
2604 1943 2776 2022 patet
2796 1940 2918 2005 hoc
2933 1959 3070 2005 esse
3092 1945 3531 2006 commentum
3558 1941 3808 2019 diaboli,

2273 2046 2387 2129 qui
2413 2048 2697 2112 maxime
2744 2049 2825 2113 ad
2851 2049 2975 2115 hoc
3001 2049 3273 2115 intendit
3296 2049 3628 2115 hominem
3669 2070 3810 2134 per-

2271 2153 2544 2234 trahere,
2573 2159 2647 2219 ut
2672 2154 2859 2219 faciat
2900 2174 2966 2220 se
3011 2156 3263 2222 adorari
3303 2161 3370 2221 et
3409 2155 3551 2220 coli.
3583 2155 3810 2222 Sensui

2272 2262 2465 2326 etiam
2490 2268 2840 2346 repugnat,
2872 2264 3026 2347 quia
3064 2264 3348 2330 sensibili
3384 2258 3806 2348 experientia,

2272 2367 2343 2432 in
2377 2368 2600 2433 eadem
2636 2370 3108 2436 constellatione
3143 2375 3477 2454 conceptos
3515 2375 3580 2436 et
3606 2377 3805 2452 natos,

2270 2474 2565 2540 videmus
2593 2475 3003 2542 diversificari
3029 2477 3098 2540 in
3134 2476 3444 2554 moribuS,
3474 2481 3538 2543 et
3564 2479 3809 2544 eventi-

2208 2579 2211 2584 ⁴
2270 2580 2422 2663 buS,
2453 2585 2517 2647 et
2540 2582 2943 2648 naturalibus
2978 2582 3471 2667 proprietatibus
3501 2606 3516 2648 ε
3548 2588 3613 2649 et
3638 2585 3805 2650 istud

2273 2690 2601 2755 manifeste
2636 2694 2896 2773 apparet
2921 2690 2990 2754 in
3027 2689 3218 2755 Jacob
3254 2694 3319 2755 et
3346 2690 3535 2771 Esau,
3571 2693 3688 2775 qui
3726 2694 3809 2757 si·

2272 2797 2412 2861 mul
2437 2797 2723 2879 concepti
2749 2799 2813 2861 et
2852 2797 3018 2876 nati,
3051 2800 3115 2861 et
3148 2801 3365 2862 tamen
3404 2798 3474 2862 in
3512 2799 3811 2864 omnibus

2270 2903 2372 2967 his
2397 2908 2546 2968 sunt
2572 2895 3002 2970 diversificati.
3033 2904 3312 2987 Apparet
3335 2905 3551 2986 etiam,
3575 2907 3812 2989 quiain

2271 3011 2742 3076 constellatione
2768 3011 2990 3076 eadem
3019 3012 3299 3076 nascitur
3326 3012 3497 3076 filius
3523 3014 3721 3096 regis,
3750 3017 3813 3080 et

2271 3119 2445 3183 filius
2481 3119 2737 3199 rustici;
2784 3120 3067 3184 nascitur
3110 3119 3305 3184 etiam
3328 3119 3522 3184 homo
3540 3169 3558 3201 ‚
3594 3126 3658 3185 et
3683 3121 3811 3185 asi-

2269 3244 2430 3304 nus;
2461 3226 2744 3291 nascitur
2775 3227 3060 3304 foemina,
3088 3231 3153 3290 et
3177 3227 3522 3308 masculus»,
3552 3229 3667 3311 qui
3694 3247 3811 3294 nec

2270 3333 2749 3398 communicant
2774 3333 2844 3398 in
2878 3334 3190 3413 moribuS,
3213 3353 3333 3400 nec
3356 3336 3424 3398 in
3448 3337 3803 3415 eventibuS,

2271 3457 2389 3505 nec
2434 3440 2505 3505 in
2542 3441 2944 3506 naturalibus
2993 3441 3483 3524 proprietatibus
3528 3465 3543 3507 :
3595 3448 3661 3508 et
3694 3443 3811 3508 hoc

2270 3546 2487 3630 ipsum
2512 3548 2738 3631 probat
2762 3547 3112 3631 Gregorius
3137 3549 3209 3612 in
3236 3548 3514 3614 Romilia
3529 3549 3812 3634 Epipha-

2271 3655 2404 3720 πίω
2427 3654 2517 3719 sic
2534 3657 2553 3692 ¹
2585 3677 2601 3720 ε
2640 3679 2672 3718 α
2697 3654 2906 3720 Fateri
2933 3655 3366 3720 mathematici
3394 3657 3630 3736 solent,
3661 3659 3813 3740 quia

2271 3760 2327 3826 si
2349 3762 2493 3845 quis
2514 3762 2635 3827 sub
2660 3762 2850 3844 signo
2868 3762 3137 3844 Aquarii
3153 3762 3455 3842 nascitur,
3488 3763 3811 3846 piscatoris

2271 3868 2342 3934 in
2367 3869 2489 3935 hac
2507 3870 2642 3935 vita
2662 3869 3087 3933 ministerium
3105 3871 3408 3935 sortiatur
3435 3892 3448 3934 :
3473 3871 3813 3954 piscatores

2272 3994 2426 4041 vero
2473 3975 2740 4053 Getulia,
2793 3979 2867 4040 ut
2908 3975 3109 4040 fertur
3123 4024 3145 4063 ².
3187 3995 3319 4040 non
3362 3976 3555 4041 habet
3604 3999 3619 4042 :
3670 3977 3813 4059 quis

2271 4101 2429 4165 ergo
2455 4083 2642 4163 dicat,
2672 4082 2846 4166 quod
2880 4101 3072 4148 nemo
3094 4082 3182 4146 ibi
3211 4083 3333 4147 sub
3351 4083 3533 4147 stella
3544 4083 3811 4167 Aquarii

2268 4194 2552 4260 nascitur
2568 4242 2587 4269 ,
2639 4192 2750 4257 ubi
2804 4192 3079 4274 piscator
3121 4193 3387 4255 omnino
3432 4210 3565 4256 non
3613 4193 3811 4257 habe-

2269 4304 2379 4365 tur
2395 4303 2426 4364 ¹?
2454 4322 2486 4360 υ
2519 4299 2747 4363 Dicunt
2766 4298 2980 4378 etiam,
3012 4298 3181 4381 quod
3209 4298 3322 4380 qui
3355 4298 3475 4363 sub
3500 4298 3690 4380 signo
3711 4297 3814 4363 Li-

2269 4409 2405 4473 brae
2440 4409 2813 4486 nascuntur,
2865 4406 3187 4488 trapezitae
3228 4405 3429 4469 futuri
3479 4409 3628 4469 sunt
3677 4424 3696 4469 ε
3742 4406 3812 4469 in

2269 4514 2491 4580 multis
2517 4516 2733 4578 autem
2756 4512 2911 4577 locis
2935 4513 3057 4578 sub
3098 4511 3285 4576 Libra
3320 4512 3508 4576 multi
3533 4531 3809 4577 nascun-

2268 4628 2400 4704 tur,
2424 4622 2538 4688 ubi
2572 4620 2889 4705 trapezitae
2916 4620 3173 4703 penitus
3199 4621 3603 4701 ignorantur.
3625 4641 3657 4679 n
3690 4618 3812 4684 Re-

2268 4733 2519 4816 pugnat
2548 4728 2622 4811 (b)
2656 4727 3075 4791 nihilominus
3114 4729 3303 4790 rectae
3342 4725 3607 4803 rationi,
3654 4726 3812 4790 dum

2269 4839 2706 4923 superioribus
2769 4835 3086 4918 praeponit
3137 4835 3440 4897 inferiora
3457 4882 3475 4913 ,
3529 4839 3593 4897 et
3635 4834 3707 4897 in
3745 4852 3812 4899 se

2269 4947 2549 5030 implicat
2612 4943 2950 5009 contraria.
3018 4940 3467 5025 Superioribus
3532 4957 3813 5023 namque

2268 5053 2587 5139 praeponit
2629 5051 2953 5130 inferiora,
2997 5050 3156 5114 dum
3194 5048 3445 5113 homini
3493 5048 3813 5132 praeponit

2269 5167 2439 5228 astra
2456 5209 2472 5238 ,
2525 5176 2673 5243 quae
2711 5160 2807 5222 est
2850 5160 3143 5222 creatura
3181 5154 3560 5238 dignissima
3581 5203 3599 5235 ‚
3647 5155 3812 5253 sicut

2269 5267 2695 5351 Philosophus
2739 5269 3037 5342 testatur,
3084 5266 3151 5329 et
3189 5266 3362 5330 recta
3410 5261 3575 5327 ratio
3616 5261 3807 5335 dictat

2330 5395 2402 5467 (a)
2429 5393 2516 5446 Al.
2550 5394 2805 5447 causatur.
2832 5416 2896 5428 -
2921 5388 2993 5458 (ὁ)
3024 5389 3147 5441 Goet.
3169 5387 3295 5438 edit.
3319 5389 3644 5456 Repugnant..
