4125 6225
589 414 709 474 570
1137 420 1142 424 '
1736 403 2361 473 SENTENTIARUM
2392 403 2541 474 LIB.
2581 407 2662 474 Π.

587 561 760 626 ergo-
787 543 1162 609 naturaliter
1209 544 1641 609 inflammaret
1682 559 1948 626 corpora
2004 541 2128 606 sibi

587 651 884 734 proxima
915 672 930 714 z
959 669 1109 716 cum
1137 652 1342 733 igitur
1367 652 1450 716 sit
1474 651 1779 716 maximae
1807 651 2127 733 quantita·

583 759 688 837 tis,
708 758 964 822 videtur
987 759 1160 840 quod
1185 760 1394 824 statim
1424 763 1634 824 totum
1661 776 1873 823 aerem
1905 759 2126 822 absor-

585 867 782 930 beret.
811 865 881 929 Si
898 869 972 929 tu
990 866 1161 931 dicas
1178 867 1352 949 quod
1368 887 1407 932 a
1429 868 1555 933 Deo
1579 868 1950 950 reprimitur
1962 916 1979 946 ,
2004 866 2127 931 hoc

585 991 719 1037 non
745 972 1021 1049 videtur,
1051 974 1205 1055 quia
1241 973 1538 1039 Conditor
1579 978 1830 1039 naturae
1867 958 1960 1036 sic
1994 990 2121 1053 res,

584 1099 744 1164 quas
756 1080 1052 1159 condidit,
1074 1081 1493 1161 administrat,
1514 1082 1680 1146 sicut.
1696 1082 2126 1162 dicitAug-us—

585 1188 758 1253 tinus
786 1188 865 1254 de
903 1188 1172 1255 Ciuitate
1203 1190 1321 1255 Dei
1341 1197 1387 1269 ¹,
1405 1193 1477 1254 ut
1502 1208 1609 1254 eas
1626 1207 1820 1272 agere
1836 1190 2127 1272 proprios

583 1298 801 1361 ‘motus
827 1296 1014 1362 sinat.
1049 1295 1364 1362 Praeterea
1381 1346 1398 1377 ,
1434 1298 1489 1361 si
1521 1299 1644 1364 boc
1680 1315 1910 1365 verum
1937 1298 2122 1373 esset,

588 1407 744 1467 tunc
761 1404 1043 1469 mundus
1059 1423 1192 1469 non
1209 1405 1574 1470 subsisteret
1600 1405 1996 1481 naturaliter,
2017 1404 2126 1469 sed

589 1508 986 1574 miraculose.

672 1615 829 1680 Item
878 1617 1154 1683 nobilius
1196 1621 1292 1683 est
1321 1636 1550 1700 corpus
1575 1618 1744 1700 quod
1770 1637 1903 1682 non
1936 1617 2131 1681 habet

591 1728 1097 1788 contrarietatem
1116 1774 1134 1803 ,
1177 1744 1375 1810 quam
1428 1743 1660 1808 corpus
1710 1726 1885 1807 quod
1937 1725 2131 1789 habet

591 1832 1098 1897 contrarietatem
1136 1852 1154 1896 :
1191 1851 1350 1914 ergo
1376 1833 1430 1896 si
1455 1850 1691 1916 ponere
1733 1835 1830 1896 est
1864 1850 2130 1914 corpora

587 1937 886 2003 habentia
913 1941 1422 2004 contrarietatem
1435 1989 1453 2019 ‚
1489 1941 1610 2004 erit
1635 1957 1870 2023 ponere
1896 1957 2130 2023 corpus

589 2064 628 2109 a
668 2048 1111 2112 contrarietate
1154 2049 1445 2113 immune
1494 2072 1509 2114 z
1557 2050 1668 2113 sed
1706 2049 1832 2113 hoc
1877 2067 2006 2112 non
2025 2052 2129 2112 -est

588 2154 716 2218 nisi
742 2173 972 2239 corpus
997 2157 1244 2222 coeleste
1275 2180 1290 2221 z
1315 2176 1473 2240 ergo
1486 2159 1968 2223 firmamentum
1995 2150 2129 2222 nou

589 2262 782 2326 habet
818 2265 1234 2328 contrarium.
1274 2264 1396 2330 Sed
1428 2267 1696 2348 igneum
1727 2267 1805 2350 (a)
1846 2267 2128 2331 elemen-

588 2373 731 2434 tum
756 2370 948 2435 habet
976 2374 1370 2438 contrarium
1401 2392 1419 2438 ε
1444 2393 1603 2456 ergo
1622 2393 1754 2439 non
1771 2375 1891 2439 erit
1914 2375 1993 2439 de
2011 2393 2131 2438 na-

589 2480 738 2540 tura
768 2480 824 2559 ej
833 2495 929 2542 us.
1071 2563 1075 2568 ,
1265 2551 1272 2556 ,

672 2583 851 2664 Item,
881 2586 936 2649 si
960 2586 1176 2669 aliqua
1195 2587 1445 2654 diversa
1468 2588 1856 2654 reducantur
1872 2590 1953 2655 ad
1981 2609 2130 2655 con-

589 2691 870 2756 cordiam
900 2710 1017 2775 per
1038 2694 1316 2777 aliquod,
1333 2697 1587 2761 videtur
1613 2697 1787 2781 quod
1810 2697 1970 2762 illud
1995 2716 2130 2762 non

589 2796 782 2862 habet
823 2804 1124 2865 naturam
1158 2802 1432 2886 alicujus
1475 2804 1771 2883 illorum,
1799 2804 1908 2868 sed
1956 2805 2129 2887 quod

589 2909 813 2988 potens
850 2908 930 2972 sit
974 2928 1166 2991 super
1206 2911 1425 2974 omnia
1457 2933 1472 2975 ε
1507 2912 1617 2976 sed
1645 2914 2130 2977 firmamentum

589 3034 707 3079 sua
745 3017 1076 3082 influentia
1111 3019 1263 3082 facit
1289 3020 1601 3085 elementa
1628 3023 1944 3087 contraria
1968 3035 2127 3087 con·-

589 3141 846 3189 currere
885 3125 965 3191 ad
994 3144 1258 3209 corpora
1292 3129 1497 3192 mixta
1526 3148 1543 3192 :
1575 3147 1734 3212 ergo
1760 3149 1891 3195 non
1916 3135 2011 3195 est
2049 3131 2128 3196 de

589 3234 818 3297 natura
845 3232 1119 3316 alicujus
1143 3234 1459 3299 elementi.

1133 3471 1582 3541 CONCLUSIO.

593 3628 1029 3690 Firmamentum,
1062 3629 1114 3682 et
1140 3628 1358 3696 iqneum
1389 3632 1453 3695 (a)
1484 3628 1831 3699 elementum,
1861 3630 2129 3687 diversam

657 3723 963 3775 sortiuntur
981 3723 1254 3784 naturam,
1280 3724 1525 3791 quamvis
1540 3726 1765 3794 propter
1784 3726 2121 3795 analogiam,

658 3825 820 3880 quam
848 3809 1048 3865 habent
1074 3812 1136 3864 in
1164 3811 1449 3866 caliditate
1478 3816 1530 3867 et
1559 3814 1787 3883 lumine,
1819 3809 2128 3885 firmamen-

660 3903 772 3954 tum
799 3901 977 3969 iqnem
1005 3899 1248 3956 dixerint
1273 3902 1463 3958 Patres
1487 3906 1682 3958 sancti.

669 4080 855 4163 Resp.
884 4081 966 4145 ad
997 4082 1157 4163 Arg.
1182 4061 1305 4146 ‚Hie
1333 4083 1687 4147 notandum
1711 4086 1826 4164 est,
1856 4085 2028 4166 quod
2052 4086 2125 4151 in

586 4187 787 4270 hujus
831 4189 1204 4270 quaestionis
1251 4189 1778 4256 determinatione
1826 4192 2128 4258 videntur

587 4295 802 4360 Sancti
828 4301 891 4361 et
916 4298 1307 4380 expositores
1340 4316 1535 4362 sacrae
1584 4297 1928 4382 Scripturae
1970 4318 2130 4365 con-

434 4442 495 4477 Ἢ,
543 4406 890 4488 ,ῐωᾶὶοθτθ
956 4405 1370 4489 philosophis,
1436 4406 1874 4472 Communiter
1953 4409 2129 4472 enim

586 4514 947 4597 philosophi
985 4518 1218 4597 praeter
1253 4518 1532 4597 quatuor
1558 4515 1873 4578 elementa
1895 4534 2129 4598 posue-

584 4625 741 4686 runt
759 4621 1097 4686 essentiam
1118 4623 1435 4705 quintam,
1456 4640 1656 4705 quam
1676 4622 1977 4687 dixerunt
1992 4642 2129 4689 esse

586 4747 815 4812 corpus
840 4729 1341 4821 incorruptibile,
1372 4733 1437 4794 et
1464 4730 1784 4794 elevatum
1810 4748 1851 4794 a
1875 4736 2130 4797 contra-

586 4839 827 4918 rietate,
857 4840 921 4902 et
945 4855 1061 4922 per
1085 4838 1210 4902 hoc
1243 4855 1377 4902 esse
1405 4835 1798 4919 principium
1824 4838 2129 4902 concilia·-

586 4948 796 5011 tivum
822 4950 885 5012 et
907 4946 1444 5011 conservativum.
1464 4943 1677 5009 Sancti
1699 4964 1855 5011 vero
1882 4966 2015 5012 non
2033 4949 2131 5013 vi-

366 5081 498 5138 opin,
517 5088 558 5130 2,
587 5053 820 5118 dentur
846 5072 1083 5137 ponere
1107 5054 1231 5118 nisi
1257 5052 1660 5118 solummodo
1685 5057 1965 5136 quatuor
1986 5074 2130 5120 cor-

587 5175 765 5240 pora,
785 5164 849 5223 et
861 5160 1097 5225 sentire
1115 5160 1414 5226 videntur
1426 5162 1726 5225 naturam
1740 5161 2131 5227 firmamenti

659 5320 677 5352 ¹
699 5318 849 5383 Aug„
877 5318 938 5367 de
965 5318 1119 5369 Civit.
1149 5320 1279 5382 Dei,
1304 5321 1393 5374 lib.
1423 5323 1543 5386 vn,
1571 5338 1619 5373 c.
1643 5336 1770 5376 xxx.
1798 5352 1861 5365 —
1895 5326 1917 5361 ²
1946 5326 2122 5391 Arist„

589 5387 649 5438 de
677 5386 827 5449 Goelo,
854 5389 945 5440 lib.
968 5390 1020 5453 1,
1048 5394 1188 5442 cont.
1213 5393 1292 5443 23.

2238 558 2375 607 esse
2403 544 2704 625 igneam:
2736 544 2845 609 sed
2870 560 3024 609 cum
3056 545 3230 608 recta
3268 545 3434 609 ratio
3460 545 3612 609 satis
3637 546 3777 609 evi-

2237 648 2457 716 denter
2473 653 2849 735 persuadeat
2865 655 3347 718 firmamentum
3365 671 3499 717 esse
3514 653 3776 719 alterius

2236 759 2488 821 naturae
2507 808 2526 840 ‚
2560 778 2759 842 quam
2796 761 2876 824 sit
2904 760 3158 842 aliquod
3189 759 3601 838 elementum,
3636 766 3776 825 tum

2235 868 2492 946 propter
2509 870 2781 947 motum,
2806 868 2918 949 qui
2938 886 3070 931 non
3090 867 3242 931 latet
3255 885 3477 932 sensus
3502 871 3772 950 nostros,

2236 974 2377 1035 tum
2396 973 2586 1038 etiam
2612 979 2870 1057 propter
2886 975 3146 1039 effectus
3166 976 3399 1054 varios,
3417 980 3558 1040 tum
3585 978 3776 1041 etiam

2237 1083 2498 1161 propter
2521 1081 2808 1147 universi
2831 1082 3280 1165 perfectionem
3298 1130 3316 1159 ,
3342 1100 3475 1147 non
3505 1084 3774 1149 absurde

2241 1186 2408 1250 credi
2436 1190 2639 1270 potest
2674 1187 3082 1271 philosophos
3102 1188 3173 1251 in
3201 1188 3321 1253 hac
3346 1192 3525 1271 parte
3549 1204 3779 1255 verum

2239 1294 2525 1375 sensisse,
2552 1298 2615 1357 et
2640 1296 2926 1359 doctores
2951 1295 3237 1359 veritatis
3263 1296 3343 1360 ab
3372 1296 3462 1359 eis
3486 1295 3559 1360 in
3585 1314 3777 1362 sensu

2240 1419 2372 1464 non
2398 1401 2783 1486 discrepasse
2805 1452 2823 1483 ,
2853 1402 3156 1485 quamvis
3185 1421 3343 1468 voce
3381 1407 3572 1468 tenus
3596 1404 3777 1470 vide-

2239 1513 2432 1574 antur
2467 1512 2803 1576 contraire.
2841 1511 3017 1575 Sicut
3052 1511 3230 1575 enim
3255 1514 3426 1593 patet
3458 1530 3540 1576 ex
3567 1513 3779 1577 verbis

2239 1618 2591 1699 Augustini
2616 1619 2688 1683 in
2707 1619 2998 1702 pluribus
3018 1619 3196 1696 locis,
3220 1620 3353 1702 ipse
3372 1619 3778 1701 Augustinus

2239 1725 2627 1790 elementum
2652 1726 2826 1808 ignis
2840 1726 3212 1791 denominat
3231 1745 3270 1789 a
3287 1727 3666 1810 perfectione
3683 1728 3777 1792 lu-

2239 1823 2341 1898 cis'
2386 1853 2403 1897 :
2449 1834 2767 1898 naturales
2818 1837 3035 1897 autem
3088 1833 3450 1916 philosophi
3497 1836 3777 1900 maxime

2238 1940 2462 2021 ignem
2472 1943 2804 2004 notificant
2819 1959 2933 2023 per
2950 1941 3398 2023 proprietatem
3411 1941 3772 2008 caliditatis:

2240 2051 2305 2111 et
2328 2048 2635 2129 quoniam
2659 2051 2891 2112 natura
2912 2047 3078 2112 lucis
3105 2048 3426 2131 reperitur
3450 2053 3513 2112 et
3538 2049 3608 2112 in
3632 2068 3775 2114 cor-

2238 2174 2391 2238 pore
2425 2155 2649 2238 quinto
2669 2205 2688 2236 ,
2715 2159 2780 2219 et
2819 2156 2890 2219 in
2916 2156 3113 2237 igneo
3148 2156 3223 2239 (b)
3254 2156 3566 2221 elemento
3588 2207 3605 2237 ‚
3634 2157 3775 2222 ideo

2237 2262 2450 2345 ipsum
2482 2264 2960 2327 firmamentum
2989 2259 3052 2326 e't
3077 2264 3301 2344 ignem
3326 2264 3488 2328 dixit
3511 2265 3775 2346 Augus-

2237 2372 2414 2435 tinus
2442 2388 2677 2453 corpus
2712 2368 2913 2434 unius
2959 2372 3211 2434 naturae
3247 2388 3383 2435 esse
3414 2394 3430 2434 :
3471 2390 3626 2451 nou,
3665 2373 3773 2436 iu·-

2239 2496 2438 2561 quam
2460 2527 2478 2558 ,
2512 2479 2701 2544 unius
2721 2525 2740 2557 ,
2768 2477 2923 2559 quia
2951 2476 3233 2541 habeant
3263 2495 3466 2542 unam
3496 2479 3771 2544 formam

2238 2585 2467 2669 speciei
2526 2583 2996 2667 specialissimae
3025 2631 3044 2663 ,
3093 2584 3203 2647 sed
3272 2585 3430 2666 quia
3477 2590 3773 2650 naturam

2235 2690 2398 2754 lucis
2424 2689 2800 2773 participant
2829 2687 3186 2752 secundum
3215 2688 3561 2770 quamdam
3583 2691 3783 2756 ratio-

2237 2817 2389 2863 nem
2414 2796 2728 2877 analogiae
2762 2817 2777 2858 t
2813 2794 2966 2876 quia
2990 2813 3145 2858 vero
3171 2793 3332 2858 illud
3359 2813 3588 2878 corpus
3604 2844 3622 2874 ,
3653 2798 3780 2860 sci-

2236 2906 2382 2969 licet
2402 2905 2910 2980 firmamentum,
2932 2899 3341 2966 sublevatum
3368 2904 3464 2964 est
3483 2920 3522 2965 a
3549 2906 3781 2967 natura

2237 3009 2698 3076 contrarietatis
2718 3057 2737 3089 ,
2773 3012 2835 3072 et
2880 3007 3092 3072 lucem
3130 3007 3467 3089 participat
3502 3008 3572 3072 in
3618 3029 3777 3091 qua-

2235 3117 2384 3181 dam
2412 3114 2710 3197 puritate,
2729 3111 2904 3194 ignis
2923 3130 3077 3177 vero
3094 3114 3395 3175 naturam
3424 3110 3615 3176 habet
3633 3131 3779 3177 con-

2236 3222 2613 3300 trarietatis;
2644 3222 2799 3285 binc
2840 3224 2934 3283 est
2977 3218 3149 3301 quod
3192 3218 3560 3301 philosophi
3593 3220 3778 3285 dixe-

2234 3334 2389 3394 runt
2412 3330 2637 3411 iguem
2667 3332 2730 3392 et
2758 3329 3241 3391 firmamentum
3265 3325 3524 3390 alterius
3540 3331 3604 3391 et
3624 3328 3783 3392 alte—

2234 3439 2372 3502 rius
2397 3454 2534 3501 esse
2560 3441 2831 3501 naturae.
2863 3435 2939 3498 In
2980 3437 3169 3517 cujus
3206 3434 3642 3499 testimonium
3667 3436 3782 3500 ad-

2237 3546 2478 3610 ducunt
2501 3545 2672 3627 quod
2697 3543 2901 3625 igniS,
2932 3542 3086 3624 quia
3108 3541 3536 3605 contrariatur
3561 3546 3772 3622 terrae,

2237 3658 2532 3719 movetur
2558 3652 2791 3715 directe
2820 3652 3001 3714 motu
3019 3647 3359 3723 contrario,
3382 3646 3618 3711 scilicet
3638 3666 3775 3712 sur-

2234 3780 2420 3838 sum3
2454 3760 2688 3823 coelum
2716 3776 2892 3836 vero,
2923 3756 3078 3839 quia
3100 3755 3614 3820 contrarietatem
3642 3773 3777 3820 non

2236 3869 2426 3933 habet
2441 3915 2459 3944 ,
2496 3869 2792 3930 movetur
2817 3864 3292 3929 orbiculariter:
3322 3863 3380 3925 is
3406 3862 3585 3926 enim
3607 3863 3787 3927 solus

2237 3982 2449 4042 motus
2483 3979 2577 4039 est
2602 3974 2874 4056 simplex
2896 4022 2915 4052 ,
2941 3973 3056 4054 qui
3087 3973 3260 4035 caret
3292 3971 3774 4049 contrarietate3

2236 4090 2298 4149 et
2332 4084 2405 4148 in
2443 4083 2566 4147 hoc
2601 4098 2836 4147 verum
2876 4079 3185 4144 dixerunt
3208 4078 3257 4157 ²,
3289 4082 3352 4141 et
3390 4076 3639 4141 Sanctis
3659 4125 3679 4154 ,
3708 4081 3784 4142 ut

2237 4192 2614 4276 praedictum
2653 4192 2783 4267 est,
2829 4204 2963 4250 non
3002 4183 3561 4262 contradixerunt3
3608 4184 3778 4248 unde

2236 4302 2514 4366 rationes
2544 4295 2940 4362 ostendentes
2967 4293 3137 4375 quod
3164 4293 3647 4355 firmamentum
3666 4339 3687 4371 ‚
3716 4298 3780 4355 et

2234 4410 2507 4493 igneum
2523 4411 2602 4488 (a)
2621 4405 3034 4481 elementum,
3064 4419 3197 4465 non
3213 4400 3343 4464 sint
3358 4399 3649 4481 ejusdem
3667 4418 3778 4465 na-

2235 4523 2423 4598 turae,
2456 4513 2875 4580 concedendae
2901 4513 3078 4574 sunt.
3251 4566 3257 4573 .

2317 4630 2349 4688 1
2363 4672 2378 4688 .
2392 4623 2490 4687 Ad
2506 4621 2663 4686 illud
2677 4638 2837 4701 ergo
2852 4617 3025 4700 quod
3042 4616 3142 4697 obj
3153 4615 3363 4694 icitur,
3380 4614 3555 4697 quod
3573 4613 3782 4697 Scrip-

2237 4738 2385 4798 tura
2427 4748 2560 4795 non
2609 4730 2757 4793 facit
2792 4726 3185 4791 mentionem
3231 4723 3309 4787 de
3324 4714 3529 4804 ‘igne3
3566 4722 3785 4787 dicen-

2238 4842 2395 4905 dum
2420 4838 2592 4921 quod
2623 4835 2912 4899 similiter
2938 4849 3069 4895 non
3095 4829 3242 4893 tacit
3269 4830 3664 4894 mentionem
3701 4830 3782 4894 de

2238 4967 2419 5027 aere3
2449 4950 2519 5010 in
2540 4944 2933 5028 separatione
2956 4943 3174 5005 autem
3197 4956 3518 5021 aquarum
3545 4958 3586 5002 a
3611 4940 3785 5003 terra

2237 5053 2649 5136 intelligenda
2667 5055 2763 5116 est
2785 5046 3099 5113 distinctio
3123 5046 3589 5111 elementorum
3612 5047 3778 5112 facta

2237 5164 2455 5240 fuisse,
2485 5161 2652 5225 sicut
2673 5159 2840 5223 infra
2863 5156 3094 5221 melius
3113 5154 3376 5237 patebit.

2317 5273 2381 5335 2.
2399 5269 2499 5336 Ad
2526 5267 2688 5335 illud
2713 5265 2885 5348 quod
2910 5261 3208 5347 objicitur
3232 5261 3311 5327 de
3341 5260 3641 5347 Hugone,
3668 5278 3780 5345 pa-

2305 5398 2370 5463 (α)
2399 5396 2523 5449 coet.
2540 5393 2662 5444 edit.
2687 5390 2840 5457 ignis.
2857 5415 2922 5429 —
2941 5387 3010 5455 (b)
3036 5388 3159 5440 Coet.
3180 5386 3304 5439 edit.
3331 5388 3472 5452 igne.
