4125 6225
698 460 814 523 158
1836 448 2458 518 SENTENTIARUM
2500 450 2650 517 LIB.
2691 449 2740 517 Ι.

687 578 873 680 ideo,
919 592 1078 684 quia
1119 590 1332 682 majus
1371 589 1664 675 bonum,
1706 589 1885 682 quod
1928 588 1988 656 ei
2031 587 2245 674 deest,
2284 610 2510 679 capere
2550 591 2691 680 ipsa
2738 612 2873 661 non
2919 590 3159 661 valeat.
3211 588 3341 665 Sed
3385 586 3441 661 si
3474 588 3564 663 ita
3603 613 3843 665 summe

696 709 946 777 bonum
973 707 1238 792 dicitur,
1267 715 1345 775 ut
1384 706 1572 775 nulla
1597 706 1657 773 ei
1684 704 1992 797 perfectio
2020 706 2178 774 boni
2206 704 2405 792 desit,
2426 706 2567 797 jam
2594 715 2893 776 creatura
2928 706 3221 776 Creatori
3247 715 3587 799 aequatur3
3618 708 3842 781 sivero

691 824 839 894 ideo
866 848 1000 893 non
1028 832 1237 916 potest
1265 823 1498 891 melior
1526 844 1687 906 esse,
1709 823 1867 913 quia
1893 821 2148 891 bonum
2176 823 2483 914 ampliuS,
2515 823 2692 916 quod
2720 824 2782 892 ei
2810 824 3011 913 deest,
3035 846 3263 916 capere
3290 825 3431 915 ipsa
3456 847 3587 893 non
3615 825 3840 910 valeat,

684 941 825 1032 jam
855 941 978 1009 hoc
1022 942 1243 1032 ipsum
1284 962 1417 1008 non
1455 963 1673 1032 posse,
1704 939 2085 1008 defectionis
2112 946 2240 1025 est,
2271 961 2405 1008 non
2448 940 3067 1027 consummationis3
3099 948 3164 1009 et
3202 948 3411 1032 potest
3435 962 3567 1009 esse
3595 940 3853 1027 melior,-

692 1061 748 1128 si
776 1060 893 1128 fiat
917 1082 1122 1151 capax
1147 1057 1435 1127 melioris
1463 1057 1653 1142 boni,
1686 1055 1865 1149 quod
1893 1056 2028 1148 ipse
2071 1063 2279 1148 potest
2320 1057 2440 1149 qui
2483 1080 2627 1125 eam
2656 1057 2827 1125 fecit.
2864 1057 3085 1126 Potest
3112 1079 3269 1147 ergo
3308 1057 3484 1124 Deus
3522 1056 3843 1125 meliorem

692 1200 831 1246 rem
874 1177 1107 1263 facere,
1138 1199 1339 1268 quam
1381 1174 1554 1243 facit.
1585 1173 1775 1242 Unde
1798 1173 2214 1262 Augustinus
2254 1197 2445 1267 super
2477 1175 2815 1243 Genesim²
2843 1199 2859 1243 :
2900 1200 2935 1239 ι(
2961 1174 3187 1244 Talem
3215 1173 3428 1265 potuit
3450 1172 3622 1241 Deus
3648 1172 3845 1241 homi-

689 1318 841 1364 nem
890 1293 1148 1379 fecisse,
1180 1292 1299 1385 qui
1341 1315 1462 1360 nec
1499 1313 1760 1383 peccare
1799 1298 2046 1381 posset,
2077 1312 2196 1358 nec
2232 1290 2434 1360 vellet
2446 1317 2464 1377 ;
2499 1298 2563 1358 et
2602 1290 2659 1358 si
2702 1292 2898 1360 talem
2937 1291 3218 1377 fecisset,
3250 1289 3401 1383 quis
3427 1289 3677 1358 dubitat
3703 1312 3847 1358 eum

693 1410 1031 1479 meliorem
1068 1408 1267 1477 fuisse
1284 1413 1315 1476 ’.Ρ
1344 1435 1379 1475 »
1413 1407 1512 1475 Ex
1541 1405 1863 1499 praedictis
1891 1413 2181 1491 constat,
2212 1405 2389 1498 quod
2417 1413 2626 1498 potest
2641 1406 2817 1476 Deus
2842 1396 2913 1476 et'
2931 1406 3062 1475 alia
3089 1407 3321 1499 facere,
3353 1429 3555 1501 quam
3583 1405 3761 1494 facit3
3791 1414 3851 1474 et

688 1550 839 1620 quae
864 1527 1050 1615 facit,
1083 1527 1357 1596 meliora
1388 1548 1463 1595 ea
1489 1525 1722 1613 facere,
1754 1547 1954 1616 quam
1984 1523 2168 1592 facit.

495 1662 646 1707 utrum
777 1644 930 1713 Post
958 1644 1090 1713 haec
1115 1641 1666 1713 considerandum
1698 1648 1818 1728 est,
1842 1648 2072 1709 utrum
2099 1640 2231 1711 alio
2257 1639 2452 1709 modo
2471 1641 2576 1709 vel
2608 1639 2864 1714 meliori
2892 1662 3094 1732 quam
3124 1638 3299 1726 facit,
3326 1638 3526 1737 possit
3553 1660 3628 1707 ea
3653 1637 3851 1707 facere

468 1723 554 1767 alio
589 1724 659 1767 vel

476 1787 642 1829 menori
688 1782 835 1852 quae
878 1760 1058 1831 facit.
1094 1758 1166 1828 Si
1208 1758 1442 1828 modus
1467 1757 1864 1849 operationis
1890 1756 1971 1825 ad
2010 1755 2402 1847 sapientiam
2430 1756 2683 1848 opificis
2710 1756 3064 1844 referatur,
3094 1779 3214 1825 nec
3241 1756 3413 1829 alius
3432 1810 3450 1845 ‚
3482 1778 3601 1827 nec
3628 1754 3852 1827 melior

447 1852 659 1970 Ροῗξῗᾈ
689 1875 923 1944 modus
959 1898 1094 1943 esse
1124 1882 1351 1966 potest.
1384 1873 1532 1942 Non
1580 1874 1756 1947 enim
1788 1880 1996 1965 potest
2037 1873 2247 1941 facere
2274 1872 2527 1964 aliquid
2554 1873 2745 1943 aliter
2771 1874 2875 1947 vel
2918 1872 3179 1961 meliuS,
3210 1873 3630 1966 quemfecit,
3660 1871 3727 1941 id
3752 1879 3851 1945 est

484 1987 621 2089 2223,
688 1992 818 2063 alia
844 1992 1195 2083 sapientia,
1227 1991 1332 2059 vel
1360 1991 1600 2082 majori
1624 1989 1940 2081 sapientia
1972 2015 1988 2056 ε
2021 1989 2191 2059 nihil
2226 1989 2401 2059 enim
2431 1989 2789 2080 sapientius
2823 1996 3030 2081 potest
3063 1988 3307 2076 facere,
3338 1988 3739 2081 quemfecit.
3772 1987 3846 2057 Si

494 2098 610 2143 Μ’·
691 2130 844 2177 vero
872 2109 1193 2177 referatur
1221 2107 1455 2177 modus
1482 2107 1565 2176 ad
1600 2130 1739 2175 rem
1768 2107 1975 2198 ipsam
2006 2128 2208 2198 quam
2243 2105 2401 2174 facit
2432 2105 2607 2174 Deus
2628 2157 2646 2192 ,
2677 2106 2957 2176 dicimus
2976 2157 2995 2191 ,
3022 2106 3184 2198 quia
3208 2112 3272 2175 et
3297 2106 3503 2190 alius,
3537 2112 3603 2172 et
3631 2104 3853 2172 melior

684 2232 894 2316 potest
919 2248 1056 2293 esse
1100 2224 1356 2293 modus.
1401 2223 1487 2291 Et
1528 2223 1888 2291 secundum
1917 2221 2041 2291 hoc
2074 2222 2340 2291 concedi
2379 2229 2620 2314 potest,
2651 2222 2810 2315 quia
2851 2244 2930 2291 ea
2973 2244 3124 2315 quas
3170 2221 3362 2308 facit,
3395 2229 3603 2313 potest
3647 2219 3852 2288 facere

682 2340 920 2409 melius
971 2349 1036 2409 et
1072 2340 1261 2408 aliter
1307 2362 1510 2431 quam
1551 2339 1740 2424 facit,
1783 2339 1941 2430 quia
1987 2345 2196 2430 potest
2238 2338 2634 2430 quibusdam
2677 2338 3016 2408 meliorem
3045 2339 3317 2408 modum
3343 2337 3668 2407 existendi
3695 2359 3855 2429 prae-

679 2466 852 2526 stare
872 2510 890 2542 ,
921 2467 986 2526 et
1018 2456 1412 2549 quibusdam
1442 2455 1671 2523 alium.
1704 2453 1893 2523 Unde
1912 2455 2330 2543 Augustinus
2358 2455 2427 2521 in
2446 2455 2616 2523 libro
2651 2455 2840 2524 tertio
2867 2454 3117 2525 decimo
3146 2454 3228 2524 de
3258 2457 3579 2527 Trinitate
3601 2463 3625 2501 ¹
3650 2455 3835 2540 dicit,

681 2573 859 2666 quod
885 2573 1013 2643 fuit
1039 2582 1102 2641 et
1128 2572 1301 2642 alius
1328 2572 1562 2641 modus
1589 2580 1825 2639 nostrae
1848 2570 2254 2639 liberationis
2275 2571 2601 2663 possibilis
2629 2571 2785 2661 Deo,
2811 2572 2931 2664 qui
2958 2573 3180 2641 omnia
3205 2580 3451 2665 potest5
3484 2573 3596 2641 sed
3627 2571 3849 2640 nullus

681 2690 852 2759 alius
891 2699 1130 2760 nostrae
1171 2689 1444 2757 miserioe
1492 2688 1800 2756 sanandae
1839 2687 1967 2756 fuit
2008 2688 2526 2756 convenientior.
2558 2687 2779 2755 Potest
2815 2710 2971 2777 ergo
3014 2688 3189 2758 Deus
3236 2712 3463 2758 eorum
3510 2711 3662 2782 quae
3706 2688 3855 2756 facit

679 2806 978 2899 quaedam
1007 2805 1138 2874 alio
1161 2804 1357 2873 modo
1385 2804 1679 2890 meliori,
1704 2804 2008 2898 quaedam
2033 2805 2164 2873 alio
2193 2804 2387 2873 modo
2414 2827 2607 2898 aequo
2635 2806 2808 2874 bono
2826 2858 2843 2891 ,
2873 2805 3176 2901 quaedam
3204 2807 3399 2876 etiam
3430 2806 3655 2875 minus
3684 2806 3853 2874 bono

686 2923 916 3006 facere,
949 2946 1149 3014 quam
1178 2922 1333 2990 facit
1364 2945 1379 2988 ε
1415 2929 1488 2989 ut
1516 2929 1734 2990 tamen
1760 2921 1997 2990 modus
2038 2921 2361 2991 referatur
2403 2922 2485 2991 ad
2527 2921 2910 3022 qualitatem
2954 2923 3194 3023 operis,
3223 2923 3292 2992 id
3334 2934 3469 3012 est,
3501 2932 3806 2995 creaturae
3829 2973 3848 3010 ,

685 3064 818 3110 non
847 3041 932 3110 ad
956 3039 1342 3134 sapientiam
1370 3037 1711 3109 CreatoriS.

487 3171 638 3215 mmm
769 3160 1098 3227 Praeterea
1122 3156 1335 3250 quaeri
1377 3156 1541 3225 solet
1581 3167 1810 3225 utrum
1836 3156 2013 3226 Deus
2037 3178 2297 3248 semper
2332 3155 2534 3248 possit
2575 3177 2769 3225 omne
2804 3155 2981 3248 quod
3025 3157 3185 3226 olim
3212 3157 3455 3249 potuit.
3488 3156 3682 3239 Quod
3709 3156 3854 3249 qui-

467 3308 640 3369 ·empfr
684 3275 961 3344 busdam
988 3299 1123 3345 non
1150 3275 1413 3343 videtur
1437 3273 1804 3343 dicentibus
1835 3298 1850 3340 :
1894 3298 1929 3338 c<
1956 3272 2180 3342 Potuit
2211 3273 2387 3341 Deus
2417 3273 2781 3358 incarnari,
2812 3281 2877 3341 et
2907 3272 3121 3365 potuit
3148 3273 3351 3362 mori,
3387 3281 3451 3343 et
3482 3295 3848 3363 resurgere,

516 3435 555 3463 m
589 3435 613 3464 ο
682 3400 748 3459 et
784 3392 913 3460 alia
955 3390 1335 3482 hujusmodi
1355 3441 1373 3476 ,
1411 3412 1559 3482 quae
1586 3389 1780 3458 modo
1813 3409 1949 3457 non
1975 3396 2188 3480 potest
2218 3413 2235 3456 :
2266 3389 2482 3481 potuit
2508 3411 2665 3478 ergo
2689 3412 2840 3481 quoe
2869 3390 3063 3460 modo
3091 3413 3224 3459 non
3252 3399 3492 3483 potest,
3528 3392 3713 3460 etita
3738 3390 3849 3459 ha·

442 3511 544 3590 oiim
572 3559 651 3603 ρο-
682 3508 828 3578 buit
873 3507 1227 3599 potentiam
1255 3559 1273 3592 ,
1304 3528 1505 3599 quam
1536 3504 1728 3580 modo
1771 3526 1905 3572 non
1946 3504 2143 3575 habet
2174 3529 2189 3572 :
2223 3505 2399 3574 unde
2441 3504 2706 3580 videtur
2747 3505 3038 3597 potentia
3079 3506 3222 3598 ejus
3267 3506 3648 3582 imminuta.
3681 3531 3717 3572 n
3748 3505 3849 3574 Ad

679 3623 861 3715 quod
888 3622 1169 3691 dicimus
1186 3674 1207 3709 ,
1236 3622 1396 3715 quia
1421 3622 1590 3690 sicut
1628 3621 1856 3689 omnia
1893 3642 2148 3712 semper
2179 3620 2299 3689 scit
2334 3644 2480 3713 quae
2507 3609 2865 3713 aliquando
2891 3622 3084 3690 scivit
3107 3674 3125 3709 ,
3157 3630 3222 3692 et
3246 3645 3501 3714 semper
3532 3624 3682 3692 vult
3704 3646 3851 3716 quae

680 3739 1042 3832 aliqnando
1067 3739 1314 3825 voluit,
1343 3761 1463 3810 nec
1491 3761 1787 3831 unquam
1812 3737 2107 3830 aliquam
2132 3737 2469 3812 scientiam
2494 3738 2767 3826 amittit,
2790 3761 2908 3812 nec
2936 3740 3345 3812 voluntatem
3373 3746 3621 3826 mutat,
3651 3762 3849 3832 qnam

678 3856 1059 3942 habuit31ta
1084 3855 1309 3925 omnia
1335 3876 1592 3946 semper
1616 3861 1824 3945 potest
1849 3876 2000 3946 quae
2024 3854 2386 3946 aliquando
2414 3856 2650 3946 potuit,
2686 3878 2807 3924 nec
2833 3879 3130 3948 unquam
3159 3856 3385 3949 aliqua
3412 3856 3709 3948 potentia
3732 3878 3850 3926 sne

684 3975 1004 4065 privatur.
1038 3971 1189 4044 Non
1234 3978 1330 4040 est
1369 3993 1524 4060 ergo
1555 3970 1851 4063 privatus
1899 3972 2187 4062 potentia
2228 3971 2613 4045 incarnandi
2657 3972 2763 4044 vel
2810 3972 3229 4062 resurgendi,
3273 3972 3425 4042 licet
3468 3995 3609 4046 nen
3652 3973 3849 4066 possit

682 4088 877 4160 modo
908 4087 1278 4173 incarnari,
1307 4087 1414 4156 vel
1440 4109 1801 4177 resurgere.
1832 4086 2223 4162 sicutenim
2252 4088 2461 4178 potuit
2496 4088 2656 4158 olim
2681 4087 3044 4175 incarnari,
3075 4089 3169 4160 ita
3197 4097 3263 4158 et
3289 4097 3497 4180 potest
3528 4090 3721 4159 modo
3747 4090 3847 4160 in·

677 4214 987 4278 carnatus
1013 4226 1148 4276 esse
1167 4256 1186 4294 ,
1217 4204 1289 4272 in
1316 4226 1452 4296 quo
1479 4202 1771 4294 ejusdem
1799 4203 1895 4272 rei
1931 4204 2221 4295 potentia
2255 4213 2679 4278 monstratur.
2709 4204 2799 4276 Ut
2825 4206 2997 4275 enim
3033 4206 3192 4278 olim
3218 4206 3406 4276 scivit
3428 4229 3499 4276 se
3526 4229 3848 4280 resurrec-

677 4329 908 4396 turum
930 4372 952 4408 ,
981 4328 1047 4390 et
1081 4320 1273 4394 modo
1319 4320 1439 4394 scit
1483 4342 1551 4388 se
1594 4319 2064 4407 resurrexisse3
2100 4343 2218 4389 nec
2257 4329 2352 4392 est
2393 4321 2525 4394 alia
2566 4321 2868 4408 scientia,
2897 4323 3063 4392 illud
3101 4322 3262 4394 olim
3308 4323 3604 4412 scivisse,
3635 4334 3701 4394 et
3727 4323 3847 4394 hoc

679 4439 874 4510 modo
899 4438 1097 4525 scire,
1128 4436 1242 4510 sed
1269 4435 1495 4506 eadem
1523 4436 1828 4524 omnino;
1860 4444 1925 4510 et
1965 4436 2136 4508 sicut
2178 4436 2394 4510 voluit
2427 4437 2587 4506 olim
2636 4461 3007 4528 resurgere,
3038 4447 3103 4512 et
3139 4439 3332 4510 modo
3378 4443 3840 4527 resurrexisse,

675 4556 748 4628 in
774 4579 908 4648 quo
938 4555 1144 4626 unius
1169 4554 1267 4626 rei
1291 4553 1597 4626 voluntas
1618 4553 2013 4645 exprimitur
2044 4579 2060 4621 ε
2093 4553 2188 4624 ita
2214 4553 2428 4644 potuit
2452 4554 2614 4628 olim
2660 4556 2869 4636 nasci.
2900 4564 2964 4628 et
2988 4556 3359 4645 resurgere,
3390 4566 3456 4626 et
3484 4558 3683 4628 modo
3709 4558 3844 4649 ipse

678 4681 887 4765 potest
925 4680 1120 4746 natus
1162 4670 1397 4757 fuisse,
1437 4678 1502 4742 et
1541 4671 2011 4758 resurrexisse5
2045 4680 2111 4740 et
2150 4679 2245 4740 est
2285 4671 2578 4762 ejusdem
2622 4672 2719 4744 rei
2744 4674 3055 4764 potentia.
3088 4673 3160 4744 Si
3186 4675 3364 4746 enim
3395 4685 3609 4767 posset
3646 4676 3840 4748 modo

677 4791 889 4878 nesci,
923 4798 988 4866 et
1022 4810 1362 4879 resurgere
1384 4839 1405 4874 ,
1433 4810 1569 4860 non
1615 4797 1779 4860 esset
1815 4789 1988 4862 idem
2017 4811 2227 4879 posse.
2256 4787 2479 4862 Verba
2503 4789 2683 4864 enim
2721 4790 3129 4862 diversorum
3157 4802 3526 4882 temporum
3567 4791 3842 4866 diversis

674 4908 930 5001 prolata
961 4904 1398 4997 temporibuS,
1431 4911 1495 4973 et
1520 4903 1794 4974 diversis
1822 4904 2130 4996 adjuncta
2173 4903 2501 4973 adverbiis
2527 4957 2545 4989 ‚
2576 4905 2881 4974 eumdem
2909 4907 3159 4977 faciunt
3184 4930 3450 4976 sensum
3490 4933 3506 4976 ι
3538 4917 3615 4977 ut
3642 4908 3838 4986 modo

673 5024 1017 5116 loquentes
1040 5022 1321 5092 dicimus
1352 5044 1368 5088 ε
1409 5045 1447 5088 ιι
1470 5021 1598 5094 Iste
1623 5029 1833 5113 potest
1863 5021 2079 5110 legere
2116 5020 2310 5094 hodie
2337 5046 2355 5108 ;
2385 5046 2420 5090 »
2455 5043 2599 5092 cras
2635 5031 2858 5094 autem
2901 5023 3194 5096 dicemus
3225 5049 3240 5094 t
3280 5050 3317 5092 «
3344 5025 3471 5095 Iste
3513 5033 3724 5117 potest
3750 5025 3840 5093 le-

673 5142 844 5232 gisse
863 5194 884 5229 ,
914 5141 1021 5216 vel
1050 5138 1263 5232 potuit
1290 5138 1504 5229 legere
1531 5136 1711 5223 her13
1741 5164 1775 5203 »
1811 5136 2061 5229 ubique
2088 5139 2289 5212 unius
2316 5137 2415 5212 rei
2441 5146 2845 5212 monstratur
2869 5141 3180 5233 potentia.
3214 5140 3289 5210 Si
3310 5150 3541 5211 autem
3565 5141 3845 5211 diversis

672 5257 1078 5351 temporibus
1120 5256 1464 5348 loquentes
1509 5252 1802 5346 ejusdem
1843 5253 2157 5347 temporis
2192 5253 2411 5325 verbis
2454 5262 2519 5324 et
2563 5253 2890 5326 adverbiis
2929 5265 3198 5329 utamur
3223 5309 3245 5350 ,
3278 5255 3568 5330 dicentes
3590 5257 3789 5329 hodie
3818 5281 3835 5325 ε

742 5462 758 5493 ¹
778 5464 932 5526 Aug„
956 5473 1065 5524 sup.
1089 5458 1266 5510 Genea.
1285 5456 1604 5521 adluastib.
1625 5457 1690 5510 xl
1705 5493 1728 5523 ,
1751 5470 1798 5511 e.
1819 5467 1916 5523 m,
1939 5469 1996 5512 n.
2018 5459 2073 5520 9,
2097 5454 2516 5521 qumdnuum.
2540 5481 2607 5506 -v
2623 5458 2816 5525 uum,
2838 5458 2901 5514 de
2930 5459 3137 5525 mast„
3157 5461 3250 5513 lib.
3269 5464 3405 5529 1111,
3436 5479 3487 5515 ο.
3510 5475 3567 5528 x.
3590 5477 3653 5520 n.
3674 5466 3754 5515 ¹8.
