4125 6225
488 918 698 964 Fundam.

729 467 848 529 386

727 599 1060 665 minoritas
1076 648 1096 679 ,
1138 598 1272 664 sive
1297 599 1623 681 majoritas
1660 598 1727 662 in
1764 598 1981 681 culpa3
2014 598 2269 663 videtur

727 706 898 788 quod
945 706 1238 772 similiter
1287 723 1401 788 per
1451 706 1707 787 culpam
1756 723 1893 769 non
1937 706 2269 771 auferatur

727 812 904 892 ordo,
932 814 1042 878 sed
1067 813 1274 896 magis
1304 813 1685 895 perficiatur.

808 919 1037 983 Contra
1061 942 1075 984 :
1109 925 1138 983 1
1153 968 1168 984 .
1200 918 1391 1001 Hugo
1418 919 1495 983 de
1513 923 1728 982 sancto
1749 917 1998 984 Victore
2024 941 2038 983 :
2071 943 2102 982 a
2122 919 2265 985 Om-

728 1043 843 1089 nes
881 1026 950 1089 in
988 1026 1277 1091 eamdem
1315 1025 1626 1090 malitiam
1667 1031 2156 1106 consenserunt,
2206 1032 2269 1092 et

725 1151 935 1198 unum
972 1134 1266 1200 ordinem
1315 1151 1633 1217 perversae
1686 1135 2000 1198 societatis
2040 1134 2269 1198 611666-

726 1245 998 1306 cerunt:
1037 1263 1068 1301 ι)
1112 1259 1270 1324 ergo
1309 1258 1441 1305 non
1484 1245 1580 1306 oet
1609 1241 1774 1306 inter
1818 1260 1927 1307 eos
1966 1243 2267 1307 ordinum

727 1347 1069 1413 distinctio.

806 1457 868 1517 2.
915 1452 1073 1518 ltem
1114 1454 1358 1518 malum
1407 1457 1502 1518 est
1528 1453 1851 1537 corruptio
1878 1454 2088 1535 modi,
2119 1473 2269 1539 spe-

727 1559 847 1623 ciei
865 1608 883 1638 ,
911 1566 975 1623 et
1000 1559 1240 1624 ordinis
1271 1581 1287 1623 :
1317 1559 1427 1624 sed
1454 1578 1567 1643 per
1593 1565 1920 1643 peccatum
1945 1561 2092 1625 facti
2120 1567 2271 1626 sunt

728 1665 879 1728 mali
923 1688 937 1729 ε
974 1671 1132 1747 ergo
1171 1665 1513 1730 inordinati
1552 1690 1566 1730 ε
1597 1646 1755 1748 ergo
1796 1686 1927 1732 non
1970 1673 2066 1731 est
2104 1669 2271 1734 inter

727 1789 836 1835 eos
858 1774 1046 1849 ordo,
1076 1791 1227 1836 cum
1254 1790 1479 1836 omnoe
1504 1773 1632 1836 sint
1657 1773 1828 1837 mali.

810 1884 870 1943 3.
917 1879 1074 1944 Item
1113 1883 1321 1962 major
1350 1885 1444 1944 est
1484 1880 1875 1945 deordinatio
1924 1883 1995 1945 in
2033 1883 2223 1965 culpa
2245 1933 2263 1963 ,

728 1987 863 2052 sive
890 2006 1002 2069 per
1028 1987 1304 2069 culpam,
1325 2006 1518 2069 quam
1548 1987 1617 2051 in
1645 2006 1870 2069 poena;
1904 2008 2055 2054 nam
2082 2009 2271 2073 poena

728 2094 976 2159 reducit
999 2095 1257 2176 culpam
1284 2095 1361 2159 ad
1391 2095 1680 2159 ordinem
1704 2095 1981 2178 aliquem
2015 2119 2031 2159 ε
2063 2097 2171 2161 sed
2200 2098 2271 2162 in

727 2201 1051 2284 suppliciis
1076 2220 1209 2267 non
1234 2206 1328 2266 est
1354 2203 1510 2267 ordo
1533 2207 1782 2267 naturae
1816 2226 1831 2267 ε
1860 2222 2019 2286 ergo
2049 2223 2168 2268 nec
2201 2206 2269 2268 in

726 2308 1142 2373 existentibus
1160 2309 1233 2373 in
1257 2310 1549 2392 peccatis,
1583 2308 1875 2374 Probatio
1903 2311 2173 2375 minoris
2201 2316 2220 2347 ¹
2250 2332 2265 2375 ε

736 2416 852 2483 Ubi
879 2418 1100 2484 nullus
1126 2417 1305 2496 ordo,
1331 2417 1448 2484 sed
1473 2421 1898 2501 sempiternus
1929 2419 2151 2487 horror
2168 2424 2270 2487 ἰη-

724 2524 977 2593 habitat
987 2548 1015 2607 ‚·
1041 2547 1072 2585 ι)
1107 2525 1392 2609 loquitur
1416 2527 1652 2591 deloco
1676 2545 2038 2610 poenarum.

803 2637 864 2696 4.
899 2632 1091 2710 Item,
1123 2637 1365 2716 quanto
1403 2633 1630 2698 melior
1667 2639 1761 2699 est
1784 2638 2019 2699 natura
2037 2683 2056 2715 ,
2090 2638 2267 2701 tanto

724 2742 932 2823 major
957 2744 1052 2804 est
1074 2741 1145 2803 in
1171 2759 1248 2805 ea
1268 2741 1455 2825 culpa
1487 2757 1504 2802 τ
1533 2758 1692 2822 ergo
1715 2746 1956 2824 quanto
1982 2741 2127 2824 quis
2155 2760 2266 2806 su-

723 2848 938 2930 perior
964 2865 1077 2929 per
1108 2852 1403 2911 naturam
1423 2894 1441 2924 ,
1473 2851 1652 2912 tanto
1678 2847 1942 2912 inferior
1981 2867 2096 2930 per
2126 2849 2269 2912 cul-

725 2970 895 3036 pam,
925 2955 1080 3035 quia
1108 2955 1314 3034 maj0r
1342 2954 1530 3037 culpa
1566 2955 1714 3019 facit
1741 2958 2023 3037 pejorem
2054 2977 2070 3017 :
2105 2974 2266 3037 ergo

723 3062 910 3145 culpa
955 3063 1257 3144 pervertit
1298 3067 1506 3127 totum
1545 3063 1835 3127 ordinem
1881 3067 2131 3128 naturae
2148 3114 2166 3145 ,
2204 3068 2267 3129 et

722 3170 929 3233 aufert
952 3171 1217 3235 omnino
1242 3171 1536 3235 ordinem
1562 3170 1790 3252 gratiae
1823 3188 1840 3234 ε
1866 3188 2025 3253 ergo
2045 3171 2267 3237 nullus

722 3276 878 3341 ordo
906 3280 1002 3340 eat
1028 3277 1195 3341 inter
1220 3295 1350 3342 eos.

1268 3535 1718 3605 CONCLUSIO.

722 3706 927 3777 Anqeli
952 3707 1013 3761 in
1040 3709 1196 3761 statu
1222 3705 1412 3776 alorioe
1440 3705 1641 3762 habent
1667 3704 1918 3762 ordinum
1953 3705 2262 3766 distinctio-

794 3815 913 3855 nem
932 3801 1260 3871 perfectam;
1294 3814 1397 3870 quo
1416 3814 1539 3855 vero
1569 3799 1644 3855 ad
1666 3803 1882 3856 uaturoe
1904 3805 2129 3870 statim,
2154 3806 2262 3859 im-

787 3891 1117 3961 perfectam5
1157 3890 1219 3944 in
1244 3892 1395 3945 statu
1427 3905 1550 3946 vero
1579 3890 1768 3962 culpae,
1799 3891 2171 3963 imperfectam
2213 3898 2267 3951 et

791 3993 1102 4051 perversam
1128 3978 1346 4035 habent.

804 4137 988 4221 Resp.
1038 4138 1117 4202 ad
1143 4139 1301 4219 Arg.
1347 4137 1530 4215 Quod
1570 4138 1649 4202 de
1691 4139 1941 4220 angelis
1969 4144 2066 4204 est
2087 4140 2265 4224 loqui

723 4253 1042 4328 quantum
1056 4246 1136 4309 ad
1155 4249 1392 4310 statum
1408 4245 1744 4327 triplicem,
1764 4246 2000 4311 scilicet
2012 4248 2262 4329 gloriae,

723 4357 789 4418 et
807 4357 1056 4418 naturae
1082 4352 1391 4417 institutae
1406 4400 1424 4431 ,
1465 4357 1528 4415 et
1557 4352 1753 4434 lapsae
1784 4370 1802 4416 ε
1831 4358 2151 4436 quantum
2186 4356 2270 4420 ad

723 4463 964 4525 statum
1011 4460 1239 4541 gloriae
1260 4506 1281 4539 ,
1312 4463 1408 4524 est
1450 4458 1521 4522 in
1559 4458 1652 4523 eis
1686 4478 1923 4542 ponere
1966 4462 2267 4526 ordinum

725 4567 1194 4632 distinctionem
1228 4567 1611 4651 perfectam;
1653 4572 1971 4648 quantum
2010 4569 2095 4634 ad
2134 4574 2269 4634 sta-

724 4678 866 4740 tum
912 4681 1163 4740 naturae
1183 4721 1201 4751 ,
1250 4672 1551 4764 ordinum
1594 4673 2062 4740 distinctionem
2090 4724 2108 4754 ,
2158 4675 2269 4741 sed

726 4782 1195 4867 imperfectam3
1240 4786 1556 4865 quantum
1600 4782 1680 4846 ad
1730 4787 1968 4849 statum
2021 4785 2227 4868 culpae
2246 4834 2264 4865 ,

728 4892 1033 4956 ordinum
1067 4888 1534 4955 distinctionem
1550 4936 1569 4968 ,
1610 4889 1719 4953 sed
1746 4890 2182 4972 imperfectam
2207 4899 2272 4955 et

729 5015 1096 5081 perversam
1128 5018 1144 5061 ε
1173 4995 1636 5078 imperfectam,
1675 5001 1932 5078 propter
1960 4997 2270 5079 privatio-

732 5123 884 5170 nem
906 5106 1135 5187 gratiae
1156 5152 1175 5184 ,
1205 5120 1354 5186 quae
1392 5102 1786 5167 habilitatem
1832 5106 2082 5169 naturae
2124 5125 2267 5188 per-

801 5229 940 5294 ¹105,
964 5243 1031 5293 x,
1053 5231 1130 5281 22.
1153 5255 1213 5265 —
1231 5229 1254 5264 ¹
1273 5228 1355 5291 Cf.
1385 5227 1529 5278 Alex.
1558 5227 1758 5280 Alensis
1774 5264 1789 5292 ,
1818 5242 1869 5293 p.
1902 5230 1968 5293 ll,
1991 5243 2046 5294 q.
2068 5241 2271 5296 xxxvn,

732 5303 973 5354 memb.1
1001 5305 1133 5364 et2;
1165 5303 1218 5352 S.
1250 5300 1453 5363 Thom.,
1487 5313 1542 5364 p.
1584 5300 1642 5364 1,
1676 5313 1729 5363 q.
1755 5312 1877 5363 mx,
1903 5305 2000 5351 art.
2033 5303 2098 5364 23
2133 5306 2187 5351 et
2228 5302 2270 5351 ll

734 5375 890 5436 Seni„
931 5374 1048 5424 dist.
1068 5384 1123 5422 vr
1142 5406 1156 5431 ‚
1181 5386 1234 5436 q.
1255 5384 1295 5436 1,
1318 5375 1414 5422 art.
1435 5375 1464 5421 4
1478 5386 1495 5434 3
1525 5371 1696 5435 AEgid.
1720 5373 1948 5436 Rom.‚ll
1971 5373 2131 5432 Sene„
2151 5372 2271 5423 dist.

736 5458 884 5511 v1‚q.
918 5455 988 5507 11,
1017 5447 1114 5494 art.
1141 5445 1204 5507 33
1235 5443 1493 5506 menard„
1534 5444 1573 5492 ll
1603 5446 1764 5507 Sent„
1808 5442 1926 5496 dist.
1967 5456 2054 5507 v1,
2085 5447 2180 5495 art.
2215 5446 2272 5507 3,

1847 460 2478 529 SENTENTIARUM
2517 462 2665 528 LIB.
2713 463 2790 529 11.

2375 598 2536 678 ficit3
2563 616 2951 682 perversam,
2974 602 3229 682 propter
3247 598 3654 681 praesentiam
3681 597 3780 662 cul
3790 616 3897 680 pae,

2375 724 2524 788 quae
2560 707 2860 789 quamvis
2902 707 3320 771 substantiam
3362 705 3752 770 naturalium
3785 723 3904 768 non

2376 818 2780 895 corrumpat,
2826 819 3041 877 tamen
3079 813 3270 876 foedat
3311 817 3376 876 et
3411 812 3738 876 deordinat
3790 834 3806 875 ε
3850 818 3904 875 et

2374 918 2531 982 illud
2560 920 2969 984 manifestum
2996 924 3112 995 est,
3142 919 3196 981 si
3222 918 3618 983 attendatur..
3638 916 3800 982 Nam
3825 918 3904 981 illi

2374 1024 2489 1106 qui
2508 1025 2769 1090 meliora
2785 1026 3151 1090 habuerunt
3170 1025 3507 1100 naturalia,
3528 1024 3618 1087 illi
3647 1025 3906 1105 gravius

2374 1135 2802 1213 peccaverunt
2847 1135 2912 1196 et
2953 1137 3254 1215 peccant,
3301 1138 3441 1194 tum
3493 1135 3755 1213 propter
3802 1130 3907 1194 hoc

2375 1238 2546 1321 quod
2568 1239 2896 1303 ardentius
2926 1238 3347 1322 appetierunt,
3365 1241 3508 1300 tum
3530 1237 3688 1318 quia
3713 1236 3910 1316 magis

2376 1345 2618 1428 ingrati
2643 1347 2931 1426 fuerunt,
2953 1352 3096 1411 tum
3113 1345 3306 1409 etiam
3323 1344 3478 1426 quia
3501 1343 3694 1407 modo
3718 1343 3910 1406 acrius

2375 1460 2637 1519 vexant.
2670 1455 2938 1520 Ratione
2976 1451 3326 1518 nobilitatis
3372 1456 3626 1515 naturae
3665 1449 3907 1533 praecel-

2375 1561 2521 1627 lunt
2569 1564 2640 1626 in
2687 1562 2909 1627 ordine
2967 1563 3216 1626 naturae
3240 1607 3258 1637 ,
3314 1561 3379 1622 et
3427 1556 3807 1640 praecellunt
3853 1557 3909 1618 iu

2379 1668 2825 1750 magnitudine
2852 1667 3089 1750 culpae;
3121 1670 3185 1731 et
3210 1668 3528 1747 quantum
3555 1664 3640 1728 ad
3665 1663 3790 1728 hoc
3813 1662 3909 1727 de·

2375 1776 2638 1840 teriores
2664 1779 2815 1840 sunt
2831 1825 2849 1855 ,
2877 1781 2941 1840 et
2966 1776 3107 1840 ideo
3132 1773 3460 1838 inferiores
3498 1789 3640 1835 esse
3680 1771 3911 1835 debue-

2376 1889 2551 1946 runt.
2582 1883 2865 1948 Concedo
2888 1902 3046 1965 ergo
3076 1882 3245 1965 quod
3279 1882 3445 1944 inter
3469 1881 3800 1944 daemones
3832 1887 3913 1944 est

2377 1993 2534 2057 ordo
2574 1994 2928 2058 secundum
2965 1991 3461 2076 praecellentiam
3499 1990 3910 2070 naturalium,

2376 2100 2484 2164 sed
2511 2103 2727 2164 tamen
2755 2118 3091 2183 perversus
3116 2100 3215 2181 adj
3225 2099 3527 2162 unctione
3555 2098 3908 2180 culparum.

2377 2206 2661 2271 Concedo
2690 2207 2890 2288 igitur
2927 2206 3209 2270 rationes
3255 2205 3594 2287 probantes
3640 2205 3814 2286 quod
3855 2205 3915 2268 in

2376 2313 2468 2377 eis
2492 2313 2576 2378 sit
2605 2313 2840 2395 aliquis
2877 2312 3067 2392 ordo,
3112 2312 3258 2376 licet
3291 2311 3503 2376 tenuis
3520 2358 3539 2388 ‚
3569 2316 3645 2375 ut
3679 2312 3914 2376 dictum

2380 2423 2498 2484 est.

2455 2526 2556 2590 Ad
2572 2525 2729 2590 illud
2746 2529 2963 2589 tamen
2975 2523 3149 2608 quod
3168 2524 3395 2588 ultimo
3408 2522 3734 2606 objicitur.
3751 2524 3912 2606 quod

2376 2634 2563 2716 culpa
2603 2637 2908 2697 consonat
2935 2637 3210 2710 naturae3
3242 2631 3581 2694 dicendum
3615 2632 3790 2713 quod
3816 2633 3915 2695 illa

2375 2740 2789 2806 consonantia
2828 2739 3038 2821 magis
3083 2744 3178 2804 est
3216 2738 3641 2803 discordantia
3662 2787 3680 2813 ,
3726 2758 3910 2820 quam

2374 2849 2816 2926 consonantia;
2851 2867 3004 2914 nam
3033 2846 3412 2929 magnitudo
3443 2847 3654 2929 culpae
3682 2848 3827 2912 tacit
3849 2849 3911 2911 in

2373 2958 2642 3023 veritate
2669 2958 2911 3037 minus,
2937 2961 3176 3039 quanto
3208 2957 3416 3038 major
3449 2959 3587 3018 est:
3628 2960 3696 3019 et
3735 2957 3822 3021 ita
3847 2956 3913 3020 in

2375 3083 2614 3148 magno
2656 3069 2892 3131 natura
2921 3083 3055 3130 non
3094 3068 3309 3129 servat
3331 3062 3724 3144 dignitatem
3749 3063 3917 3129 ordi-

2374 3176 2510 3254 nis;
2543 3178 2673 3241 imo
2710 3176 2921 3258 magis
2965 3176 3272 3258 pervertit
3290 3224 3308 3255 ,
3338 3174 3491 3258 quia
3518 3176 3914 3257 magnificari

2373 3283 2444 3346 in
2464 3282 2674 3365 culpa,
2700 3287 2796 3347 est
2818 3283 3186 3348 deteriorari
3213 3282 3284 3346 in
3319 3286 3551 3346 natura
3575 3283 3742 3347 bene
3766 3302 3915 3347 con-

2372 3390 2504 3455 dita
2520 3438 2539 3469 ,
2582 3391 2717 3457 sive
2757 3391 3072 3456 instituta.
3117 3388 3297 3467 Quod
3331 3394 3550 3454 autem
3585 3390 3916 3474 Dionysius

2373 3497 2557 3577 dicit,
2597 3497 2769 3580 quod
2818 3498 3057 3563 habent
3096 3496 3414 3562 naturalia
3466 3497 3912 3579 integerrima,

2371 3622 2604 3670 verum
2649 3609 2745 3669 est
2794 3609 3114 3688 quantum
3156 3604 3239 3669 ad
3279 3603 3704 3669 substantiam
3724 3654 3742 3684 ,
3791 3624 3915 3671 non

2373 3717 2688 3795 quantum
2739 3712 2818 3776 ad
2867 3711 3262 3776 habilitatem
3279 3760 3298 3792 ,
3354 3712 3437 3777 ad
3481 3713 3914 3794 operationem

2374 3819 2881 3883 determinatam.
2916 3816 3074 3895 Quae
3113 3836 3271 3882 vero
3297 3818 3379 3882 ad
3405 3819 3772 3901 oppositum
3805 3839 3914 3905 op-

2372 3929 2724 4008 ponuntur,
2750 3924 3150 3990 concedenda
3178 3928 3352 4004 sunt,
3385 3943 3464 3989 eo
3488 3927 3661 4008 quod
3687 3947 3913 3993 verum

2374 4031 2782 4111 concludunt,
2805 4031 3044 4096 scilicet
3068 4032 3243 4114 quod
3268 4050 3401 4096 non
3429 4033 3614 4096 estin
3645 4035 3739 4099 eis
3765 4036 3914 4100 ordo

2374 4139 2687 4219 perfectus
2708 4137 2887 4214 ,imo
2917 4138 3129 4221 magis
3149 4156 3540 4221 perversus:
3585 4144 3657 4203 et
3680 4140 3773 4204 sic
3804 4160 3916 4224 pa-

2373 4249 2508 4311 tent
2534 4245 2775 4311 omnia.

2903 4439 3262 4519 QUAESTIO
3305 4440 3388 4507 ΙΙ.

2612 4605 2708 4663 An
2734 4608 2798 4662 in
2823 4606 3032 4676 <maelis
3056 4606 3220 4663 malis
3246 4608 3326 4662 sit
3345 4606 3607 4679 proelatio
3625 4608 3678 4664 ².

2456 4777 2686 4842 Utrum
2712 4777 2877 4842 inter
2900 4778 3166 4859 angelos
3182 4778 3382 4843 malos
3401 4779 3484 4843 sit
3507 4781 3824 4862 praelatio;
3850 4784 3909 4845 et
3931 4786 4104 4834 m

2378 4886 2550 4970 quod
2571 4885 2654 4949 sit
2677 4884 2770 4948 ibi
2798 4884 2877 4949 de
2897 4885 3060 4949 facto
3079 4932 3099 4962 ,
3127 4885 3381 4949 videtur
3404 4886 3426 4922 ³
3472 4908 3488 4950 ε
3517 4887 3664 4953 Non
3687 4893 3777 4954 est
3799 4904 3908 4971 po-

2379 4998 2576 5061 testas
2604 5007 2796 5075 super
2826 4998 3100 5071 terram,
3139 5008 3282 5075 quoe
3315 4994 3527 5074 possit
3565 4997 3630 5061 ei
3655 5012 3904 5078 compa·-

2378 5101 2543 5167 rari.
2596 5100 2676 5164 Et
2695 5100 2930 5164 iterum
2961 5118 2978 5163 :
3011 5102 3156 5181 lpse
3194 5104 3289 5166 est
3317 5115 3435 5166 rex
3474 5117 3667 5185 super
3704 5114 3905 5170 amnes

2381 5314 2434 5364 q.
2457 5311 2508 5363 13
2539 5299 2803 5360 Albanus,
2828 5297 2891 5349 de
2914 5300 3054 5348 statu
3072 5299 3317 5363 Hermon„
3344 5312 3397 5363 q.
3429 5310 3577 5363 xvn;
3604 5299 3841 5364 Durand.,
3860 5298 3898 5349 u

2383 5373 2543 5432 Sent„
2568 5371 2687 5422 dist.
2712 5381 2861 5434 v1‚q.
2889 5381 2976 5433 ¹¹13
3000 5371 3180 5434 Steph.
3201 5369 3410 5433 Brulet„
3441 5371 3483 5421 n
3503 5372 3662 5433 Sena,
3684 5372 3799 5422 dist.
3831 5381 3900 5433 vx,

2381 5457 2435 5509 q.
2455 5444 2547 5495 ult.
2565 5468 2627 5482 —
2642 5441 2789 5506 woh,
2807 5454 2916 5508 xm,
2935 5445 3018 5507 24,
3049 5446 3128 5495 25.
