4125 6225
1610 515 1986 584 DISTINCT.
2028 517 2165 583 XII.
3353 522 3463 585 521

299 655 397 717 est
435 650 796 740 angelicam
831 663 1168 739 naturam,
1207 652 1321 722 sed
1356 652 1573 722 adhuc
1607 652 1955 722 informem
1977 706 1994 739 ,
2037 662 2116 723 ut
2152 653 2547 747 quibusdam
2574 654 2825 745 placet3
2868 667 2932 723 et
2958 668 3238 738 terram,
3275 653 3342 723 id
3375 663 3473 723 est
3525 669 3713 788 33:213-

298 766 487 835 illam
512 768 849 837 confusam
883 770 1223 838 materiam
1254 778 1542 862 quatuor
1563 769 2068 854 elementorum,
2111 796 2145 837 «
2173 792 2373 863 quam
2401 770 2672 839 nomine
2705 777 2923 856 terrae,
2954 779 3030 838 ut
3054 771 3472 860 Augustinus
3500 791 3675 836 interva-

3529 855 3570 897 la
3589 860 3694 898 tem-

298 882 391 951 ait
416 883 435 919 ¹
466 896 698 953 contra
724 886 1159 970 Manicheam,
1195 885 1340 954 ideo
1367 886 1723 978 appellavit
1749 885 2004 977 Moyses
2026 939 2043 972 ,
2075 886 2234 978 quia
2262 894 2434 955 terra
2454 886 2627 954 inter
2653 886 2878 955 omnia
2903 887 3225 955 elementa
3251 888 3473 957 minus
3499 918 3616 972 poris
3645 932 3715 963 m

301 1006 398 1067 est
434 1000 719 1092 speciosa
769 1026 785 1069 :
830 1010 894 1069 et
936 1002 1053 1071 illa
1104 1003 1317 1070 inanis
1369 1011 1507 1071 erat
1538 1010 1603 1070 et
1638 1002 2066 1094 incomposita
2117 1010 2382 1094 propter
2435 1001 2737 1070 omnium
2775 1002 3251 1071 elementorum
3296 1026 3473 1072 com·
3500 990 3715 1085 {³3⁹3}-

299 1114 711 1185 mixtionem.
760 1117 1075 1186 Eamdem
1113 1119 1311 1187 etiam
1357 1128 1545 1187 vocat
1590 1119 1901 1209 abyssum
1945 1118 2169 1187 dicens
2210 1144 2226 1187 ε
2284 1121 2381 1187 Et
2417 1117 2701 1186 tenebrae
2748 1132 2942 1187 erant
2987 1142 3180 1211 super
3221 1120 3472 1211 faciem
3501 1105 3714 1149 mmm·

301 1230 545 1323 abyssi,
591 1244 739 1318 etc-.,
778 1233 940 1325 quia
984 1234 1255 1303 confusa
1297 1242 1437 1303 erat
1483 1242 1548 1303 et
1594 1236 1950 1304 commixta
1972 1287 1989 1320 ,
2044 1234 2256 1326 specie
2312 1234 2617 1303 distincta
2673 1257 2922 1303 carens
2979 1235 3223 1304 Eadem
3277 1236 3474 1304 etiam

298 1348 572 1417 materia
599 1349 904 1419 informis
928 1350 1100 1419 dicta
1126 1360 1222 1419 est
1247 1374 1445 1443 aqua,
1477 1372 1676 1442 super
1703 1374 1905 1443 quam
1924 1351 2258 1420 ferebatur
2283 1351 2552 1442 spiritus
2568 1351 2859 1437 Domini,
2881 1352 3048 1420 sicut
3066 1352 3475 1444 superfertur

299 1456 693 1535 fabricandis
720 1468 917 1535 rebus
962 1468 1264 1537 voluntas
1303 1466 1571 1536 artificis
1593 1521 1611 1554 ,
1643 1492 1678 1532 »
1713 1468 1874 1561 quia
1914 1468 2289 1560 subjacebat
2314 1468 2504 1536 bonae
2534 1467 2861 1537 voluntati
2901 1468 3260 1557 Creatoris,
3294 1469 3473 1560 quod

297 1580 719 1651 formandum
743 1582 1350 1678 perficiendumque
1375 1585 1796 1655 inchoaverat
1828 1612 1843 1654 ε
1878 1585 1994 1677 qui
2024 1585 2192 1656 sicut
2227 1586 2544 1654 Dominus
2570 1592 2635 1653 'et
2660 1584 2974 1654 Conditor
3002 1593 3278 1676 praeerat
3323 1585 3475 1653 flui-

300 1699 467 1767 tanti
512 1706 576 1768 et
617 1700 904 1769 confusae
938 1702 1265 1788 materiae,
1318 1709 1392 1770 ut
1435 1701 1868 1791 distingueret
1910 1725 2027 1794 per
2067 1701 2308 1793 species
2357 1701 2576 1771 varias
2616 1702 2884 1793 quando
2929 1702 3161 1786 vellet,
3204 1710 3268 1768 et
3304 1701 3473 1769 sicut

297 1815 518 1886 vellet.
560 1844 594 1883 «
622 1816 774 1886 Haec
802 1840 956 1908 ergo
994 1818 1141 1886 ideo
1168 1824 1190 1862 ³
1217 1818 1389 1887 dicta
1416 1827 1512 1886 est
1545 1840 1719 1910 aqua
1738 1871 1755 1904 ,
1788 1819 1946 1911 quia
1972 1818 2196 1887 omnia
2224 1840 2374 1910 quae
2401 1818 2474 1886 in
2500 1827 2674 1886 terra
2700 1826 3061 1889 nascuntur
3083 1869 3100 1902 ,
3146 1816 3284 1885 sive
3329 1817 3472 1885 ani-

300 1934 534 2021 malia,
566 1934 701 2002 sive
733 1935 997 2004 arbores
1018 1987 1035 2020 ,
1066 1935 1173 2003 vel
1200 1935 1451 2020 herbae,
1481 1942 1547 2002 et
1581 1935 1855 2020 similia,
1886 1934 1970 2002 ab
1997 1934 2277 2003 humore
2302 1935 2629 2027 incipiunt
2663 1934 2930 2002 formari
2976 1942 3172 2025 atque
3200 1933 3467 2002 nutriri.

300 2051 421 2120 His
452 2050 762 2120 omuibus
788 2051 1126 2119 vocabulis
1150 2059 1379 2120 vocata
1404 2059 1500 2118 est
1524 2050 1642 2121 illa
1671 2050 1969 2120 informis
1997 2051 2294 2138 materia,
2328 2058 2404 2119 ut
2430 2073 2534 2120 res
2559 2054 2784 2141 ignota
2812 2050 2985 2119 notis
3010 2049 3347 2119 vocabulis
3376 2051 3474 2118 in-

300 2169 676 2236 sinuaretur
708 2167 1260 2259 imperitioribus3
1293 2176 1359 2235 et
1384 2191 1520 2237 non
1556 2189 1690 2236 uno
1717 2175 2010 2255 tantum,
2044 2191 2201 2236 nam
2230 2169 2287 2236 si
2324 2191 2459 2237 uno
2490 2175 2747 2236 tantum
2773 2167 3258 2256 significaretur
3284 2189 3470 2236 voca·

297 2284 483 2370 bulo,
516 2284 638 2353 hoc
676 2306 812 2353 esse
839 2291 1180 2375 putaretur
1221 2284 1399 2376 quod
1428 2292 1903 2353 consueverant
1928 2282 2231 2353 homines
2261 2284 2334 2352 in
2362 2285 2480 2354 illo
2527 2284 2847 2353 vocabulo
2888 2283 3281 2373 intelligere.
3333 2281 3475 2351 Sub

299 2400 402 2470 his
434 2423 589 2491 ergo
618 2401 999 2470 nominibus
1031 2399 1397 2490 significata
1440 2409 1536 2469 est
1576 2401 1848 2470 materia
1880 2401 1999 2469 illa
2036 2401 2310 2470 confusa
2349 2409 2413 2469 et
2453 2401 2787 2485 informis,
2837 2423 2988 2492 quae
3033 2400 3224 2469 nulla
3260 2401 3475 2491 specie

298 2518 477 2586 cerni
504 2540 577 2586 ac
608 2517 866 2585 tractari
893 2525 1184 2608 poterat,
1216 2543 1252 2583 »
1287 2518 1355 2586 id
1384 2525 1516 2603 est,
1547 2517 1927 2586 nominibus
1952 2518 2315 2587 visibilium
2352 2539 2576 2587 rerum
2604 2539 2755 2609 quae
2792 2518 2946 2586 inde
2975 2517 3219 2585 futurae
3247 2524 3471 2602 erant,

298 2643 562 2726 propter
588 2632 1040 2701 infirmitatem
1067 2634 1500 2727 parvulorum
1524 2687 1543 2721 ,
1575 2635 1693 2726 qui
1721 2634 1942 2702 minus
1969 2634 2187 2703 idonei
2215 2641 2372 2702 sunt
2395 2633 2754 2702 invisibilia
2780 2634 3332 2726 comprehendere
3356 2687 3374 2719 ,
3412 2642 3476 2701 et

299 2756 457 2818 tunc
481 2759 669 2819 erant
697 2750 1010 2837 tenebroe,
1041 2750 1109 2818 id
1126 2758 1249 2837 est,
1274 2751 1440 2819 lucis
1466 2751 1782 2819 absentia.
1808 2750 1959 2819 Non
1984 2750 2163 2818 enim
2185 2749 2472 2818 tenebrae
2499 2749 2752 2842 aliquid
2781 2758 2962 2835 sunt,
2993 2750 3105 2818 sed
3133 2750 3276 2842 ipsa
3311 2776 3346 2815 α
3373 2750 3479 2818 lu-

296 2866 387 2934 cis
429 2866 723 2935 absentia
748 2870 771 2905 ¹*
804 2892 819 2933 ε
858 2891 893 2932 >2
924 2866 1092 2934 sicut
1122 2868 1461 2936 silentium
1507 2890 1643 2936 non
1683 2867 1910 2959 aliqua
1938 2889 2040 2936 res
2078 2873 2175 2935 est
2199 2919 2216 2952 ,
2257 2865 2368 2934 sed
2399 2866 2515 2934 ubi
2551 2888 2752 2934 sonus
2789 2889 2926 2934 non
2965 2875 3096 2952 est,
3140 2867 3478 2935 silentium

296 2983 560 3052 dicitur.
609 2984 692 3052 Et
719 2983 983 3053 nuditas
1008 3006 1143 3052 non
1172 2984 1396 3076 aliqua
1419 3006 1523 3053 res
1549 2992 1688 3070 est,
1720 2984 1925 3052 sedin
1953 3005 2223 3075 corpore
2251 2983 2368 3051 ubi
2394 2990 2854 3073 tegumentum
2881 3006 3013 3051 non
3043 2992 3142 3050 est
3163 3036 3181 3069 ,
3213 2983 3481 3053 nuditas

297 3099 541 3169 dicitur
559 3154 577 3188 ,
608 3100 776 3169 sicut
817 3107 882 3170 et
922 3099 1206 3170 inanitas
1232 3120 1367 3169 non
1395 3110 1491 3170 est
1515 3100 1805 3194 aliquid,
1838 3100 1951 3170 sed
1992 3100 2211 3169 inanis
2236 3098 2477 3169 dicitur
2503 3100 2686 3169 locus
2715 3123 2851 3170 esse
2888 3099 3009 3169 ubi
3053 3123 3187 3169 non
3216 3107 3313 3170 est
3336 3123 3478 3170 cor-

251 3279 265 3300 ,
295 3240 454 3310 puS,
486 3226 551 3285 et
577 3217 864 3286 inanitas
893 3227 987 3286 est
1014 3217 1306 3286 absentia
1333 3219 1644 3310 corporiS.
2313 3295 2318 3298 ,

386 3334 669 3403 Attende
697 3335 857 3426 quia
882 3334 991 3402 hic
1019 3334 1437 3422 Augustinus
1464 3335 1763 3403 tenebras
1788 3334 1949 3402 dicit
1973 3357 2109 3403 non
2146 3356 2283 3402 esse
2312 3333 2565 3425 aliquid
2583 3385 2599 3418 ,
2630 3356 2782 3401 cum
2809 3332 2970 3402 alibi
2996 3335 3281 3403 tenebrae
3307 3336 3479 3403 inter
3510 3344 3604 3394 0⁰0
3630 3356 3725 3387 σου·

3513 3418 3561 3447 811
3611 3411 3727 3448 telle·

296 3458 628 3520 creaturas
658 3460 990 3541 ponantur
1015 3472 1166 3541 quae
1189 3450 1588 3519 benedicunt
1614 3450 1997 3519 Dominum.
2030 3450 2225 3519 Unde
2251 3448 2491 3518 dicitur
2518 3454 2540 3487 ⁸
2574 3473 2590 3515 ε
2629 3451 3000 3520 Benedicite
3019 3503 3036 3536 ,
3066 3452 3185 3519 lua:
3213 3463 3276 3519 et
3304 3463 3478 3520 tene-
3541 3467 3627 3510 broe
3646 3468 3708 3510 di·

299 3567 458 3653 broe,
484 3567 795 3635 Domino,
831 3567 1120 3658 Ideoque
1147 3566 1486 3635 sciendum
1512 3575 1609 3635 est
1636 3568 1934 3652 tenebras
1959 3567 2239 3635 diversis
2268 3566 2478 3634 modis
2504 3566 2731 3658 accipi,
2761 3566 3006 3634 scilicet
3036 3567 3140 3635 vel
3169 3588 3287 3657 pro
3314 3567 3480 3636 lucis
3509 3535 3725 3699 ιιέἷιωξὲζο

3462 3711 3477 3725 0
3510 3671 3642 3712 alqui
3678 3690 3691 3712 ,

297 3683 616 3768 absentia,
650 3683 936 3775 qualiter
963 3706 1163 3775 supra
1180 3685 1412 3775 accipit
1437 3684 1854 3774 Augustinus
1878 3736 1895 3767 ‚
1921 3685 2118 3774 juxta
2150 3707 2353 3775 quam
2378 3684 2816 3774 acceptionem
2846 3706 2980 3752 non
3007 3692 3164 3752 sunt
3191 3683 3443 3776 aliquid
3460 3739 3477 3770 ‚
3537 3725 3579 3762 a
3609 3733 3697 3775 quo

3511 3783 3708 3825 dicantur

298 3809 414 3868 aut
438 3822 559 3891 pro
587 3823 738 3868 aere
766 3800 1136 3886 obscurato,
1168 3800 1307 3868 sive
1336 3800 1505 3869 aeris
1530 3801 1808 3870 obscura
1831 3800 2149 3892 qualitate
2173 3852 2190 3885 ,
2223 3807 2289 3868 et
2309 3798 2673 3868 secundum
2699 3799 2821 3868 hoc
2850 3799 3092 3891 aliquae
3120 3822 3224 3869 res
3249 3809 3480 3869 creatae
3511 3857 3605 3888 ,m
3647 3845 3722 3887 ὠ,

298 3922 476 3984 sunt.
508 3915 662 3984 Ideo
699 3938 859 4006 ergo
885 3915 1044 3985 dicit
1069 3918 1370 3986 tenebras
1396 3926 1555 3986 tunc
1591 3918 1790 3986 fuisse
1817 3940 2010 4009 super
2031 3917 2280 4010 faciem
2323 3916 2545 4008 abyssi
2564 3968 2582 3996 ,
2613 3915 2771 4007 quia
2800 3915 3100 3985 nondum
3132 3926 3271 3986 erat
3306 3918 3428 3986 lux
3459 3941 3476 3984 ε
3559 3908 3681 3963 ‘¹⁰⁵⁶‘

301 4054 450 4124 quae
489 4033 544 4101 si
588 4042 795 4119 esset,
843 4042 908 4102 et
955 4043 1348 4125 superesset,
1381 4043 1447 4102 et
1487 4034 2078 4124 superfunderetur
2113 4057 2128 4100 :
2164 4033 2274 4102 sed
2314 4031 2612 4102 nondum
2642 4032 2810 4101 lucis
2848 4034 3061 4123 gratia
3091 4056 3257 4126 opus
3282 4057 3478 4104 suum

300 4149 476 4218 Deus
501 4157 986 4236 venustaverat,
1017 4172 1169 4242 quae
1195 4157 1416 4242 postea
1441 4150 1512 4217 in
1541 4151 1755 4241 primo
1783 4150 1889 4218 die
1921 4150 2203 4218 formata
2232 4156 2349 4218 est.

387 4265 484 4333 De
511 4289 644 4357 qua
685 4288 756 4333 re
782 4265 1168 4357 priusquam
1198 4273 1572 4351 tractemuS,
1603 4264 1737 4335 duo
1780 4266 1970 4334 nobis
2006 4265 2415 4335 discutienda
2456 4272 2810 4334 occurrunt
2855 4289 2870 4332 ε
2901 4266 3186 4358 primum
3212 4319 3230 4352 ,
3276 4288 3481 4357 quare
3510 4279 3725 4385 affin?

300 4381 418 4450 illa
445 4364 717 4450 materia
756 4381 1028 4450 confusa
1074 4381 1374 4450 informis
1401 4381 1691 4468 dicatur,
1724 4406 1810 4451 an
1833 4382 1992 4474 quia
2017 4383 2202 4451 omni
2230 4383 2443 4450 forma
2476 4382 2790 4468 caruerit,
2823 4404 2907 4450 an
2952 4393 3216 4474 propter
3254 4382 3475 4467 aliud3
3551 4405 3684 4447 ranan

3555 4475 3683 4510 suut:

300 4497 613 4584 secundo,
648 4497 766 4566 ubi
804 4497 884 4565 ad
923 4520 1058 4565 esse
1101 4498 1446 4588 prodierit,
1487 4506 1553 4566 et
1589 4498 2016 4590 quantumin
2063 4499 2272 4567 altum
2316 4498 2699 4566 ascenderit.
2744 4498 2846 4566 Ad
2890 4497 3058 4565 illud
3105 4520 3260 4587 ergo
3302 4499 3479 4589 quod
3526 4543 3688 4602 ‘quare

3525 4593 3600 4635 illa
3620 4607 3710 4637 ma·

301 4613 515 4704 primo
556 4613 844 4705 positum
882 4621 1017 4699 est,
1057 4613 1345 4682 breviter
1393 4615 1895 4705 respondenteS,
1926 4614 2208 4682 dicimus
2250 4614 2436 4682 illam
2475 4615 2757 4706 primam
2793 4615 3127 4683 materiam
3171 4637 3304 4682 non
3336 4614 3481 4682 ideo
3512 4656 3728 4699 ,mmm

298 4728 539 4797 dictam
566 4727 706 4796 fore
733 4728 1082 4798 informem
1101 4780 1119 4815 ,
1151 4730 1327 4821 quod
1359 4731 1616 4800 nullam
1648 4732 1917 4800 omnino
1943 4732 2224 4800 formam
2252 4729 2558 4799 babuerit
2575 4783 2592 4816 ,
2626 4730 2784 4822 quia
2813 4722 2944 4798 non
2974 4730 3228 4822 aliquid
3255 4752 3482 4821 corpo·
3510 4716 3727 4824 ‘15:2⁵¹'ss

298 4867 490 4913 reum
518 4845 650 4914 tale
677 4845 951 4913 existere
980 4853 1211 4937 potest,
1242 4847 1420 4938 quod
1447 4848 1703 4916 nullam
1729 4849 1963 4916 habeat
1992 4848 2307 4930 formamt,
2339 4848 2450 4916 sed
2478 4847 2629 4916 ideo
2657 4871 2791 4916 non
2819 4847 3099 4916 absurde
3125 4847 3476 4916 informem
3512 4842 3725 4950 5⁰:¹1¹ssin

296 4961 619 5053 appellari
647 4983 830 5055 posse
856 4962 1134 5032 dicimus
1155 5017 1173 5050 ,
1204 4964 1365 5056 quia
1389 4965 1461 5032 in
1487 4964 1869 5033 confusione
1897 4973 1961 5032 et
1988 4964 2423 5056 permixtione
2447 4964 2733 5056 quadam
2760 4963 3146 5048 subsistens,
3179 4962 3479 5031 nondum
3513 4980 3730 5073 esffiipro·

304 5078 648 5169 pulchram
670 5132 692 5163 ,
723 5088 1147 5172 apertamque
1171 5090 1237 5149 et
1261 5080 1632 5149 distinctam
1660 5089 1989 5172 receperat
2025 5080 2306 5149 formam
2330 5132 2348 5165 ,
2382 5080 2648 5172 qualem
2679 5079 2871 5147 modo
2898 5079 3252 5147 cernimus.
3285 5078 3485 5147 Facta
3548 5064 3684 5147 quan'·

3531 5160 3706 5210 tumque

303 5201 399 5262 est
431 5216 587 5285 ergo
615 5200 638 5237 ⁶
665 5195 784 5263 illa
811 5196 1086 5264 materia
1124 5195 1196 5264 111
1224 5196 1438 5265 forma
1463 5196 1865 5266 confusionis
1899 5204 2049 5265 ante
2077 5196 2359 5266 formam
2399 5194 2863 5289 dispositionis.
2895 5194 2973 5263 In
3001 5194 3215 5266 forma
3253 5195 3485 5264 confu-
3515 5218 3562 5260 in
3585 5220 3729 5263 aititu-

3515 5282 3615 5325 dine
3665 5295 3730 5325 as·

3515 5346 3725 5394 nenderic-

373 5447 559 5511 ¹Aug.,
588 5444 649 5495 de
677 5446 799 5497 Gen.
825 5450 955 5497 cont.
983 5445 1226 5507 Mania-h„
1249 5446 1338 5498 lib.
1365 5447 1417 5509 1,
1447 5461 1495 5497 c.
1524 5458 1621 5511 m,
1652 5461 1711 5496 n.
1750 5450 1807 5510 5,
1832 5446 2004 5511 quoad
2045 5459 2271 5497 sensum.
2301 5471 2364 5483 —
2399 5443 2589 5508 ¹Ibiaei„
2617 5460 2664 5495 c.
2686 5454 2760 5494 vu
2777 5478 2794 5506 ,
2822 5457 2877 5494 n.
2903 5446 2979 5494 12.
3004 5470 3066 5482 -
3089 5445 3113 5481 ⁸
3133 5444 3285 5511 Ibat„
3314 5444 3487 5510 quoad

292 5529 531 5570 sensum.
548 5543 614 5557 —
630 5517 654 5554 δ
670 5516 824 5583 levid„
853 5530 903 5569 c.
926 5528 984 5570 ιι
996 5555 1018 5584 ,
1046 5532 1102 5570 n.
1128 5521 1207 5596 15.
1231 5544 1287 5559 -
1307 5519 1509 5585 JDan„
1540 5530 1602 5571 111
1619 5553 1634 5582 ,
1659 5520 1740 5569 72.
1758 5543 1822 5557 -
1838 5517 1861 5554 ⁰
1879 5516 1962 5582 Cf.
1990 5518 2225 5584 August„
2254 5516 2315 5569 de
2339 5517 2459 5569 Gen.
2481 5515 2552 5567 ad
2572 5515 2700 5577 titt„
2723 5515 2812 5568 lib.
2838 5516 2891 5580 1,
2921 5530 2970 5567 c.
2989 5526 3079 5567 xv.
