4125 6225
557 1957 768 2002 Fundam.

796 422 913 487 138

790 554 1056 618 tentiam
1075 553 1471 631 obedientiae,
1493 571 1640 637 quae
1666 557 1764 619 est
1789 552 2106 635 generalis
2131 572 2148 615 ε
2178 568 2326 616 con·

790 664 890 725 tra
902 661 1077 725 hunc
1090 660 1380 726 ordinem
1399 679 1528 725 non
1540 661 1710 737 facit,
1729 661 1838 726 sed
1865 664 2088 725 contra
2100 659 2322 723 alium.

872 772 971 833 12.
1003 767 1100 832 Ad
1130 767 1284 831 illud
1310 767 1480 850 quod
1505 768 1827 850 objicitur,
1859 767 2030 850 quod
2051 784 2182 830 non
2208 783 2327 848 po-

789 878 908 938 test
927 874 1470 939 contradictamen
1486 874 1749 938 rationis
1760 877 1973 948 rectae,
1988 872 2326 937 dicendum

791 982 961 1064 quod
986 999 1214 1045 verum
1234 985 1328 1044 est
1341 985 1529 1064 prout
1547 985 1720 1045 recta
1734 979 1893 1044 ratio
1912 979 2064 1043 dicit
2078 979 2327 1043 malum

790 1106 925 1155 non
943 1106 1078 1152 esse
1097 1089 1481 1163 faciendum,
1505 1087 1659 1170 quia
1683 1088 1806 1152 hoc
1823 1087 2029 1151 facere
2055 1089 2151 1150 est
2177 1087 2329 1151 defl-

792 1214 965 1275 cere;
998 1215 1131 1261 non
1156 1197 1248 1261 sic
1275 1201 1492 1261 autem
1531 1196 1744 1262 deficit
1782 1196 2066 1260 faciendo
2111 1201 2330 1260 contra

793 1307 1123 1385 naturam,
1147 1308 1211 1369 et
1230 1304 1392 1369 ratio
1417 1304 1617 1386 hujus
1642 1303 1880 1386 patebit
1899 1302 2086 1367 intra.

1302 1534 1660 1613 QUAE'STIO
1699 1534 1801 1601 lv.

780 1690 889 1756 ,Au
918 1689 1172 1762 possibile
1197 1688 1412 1744 dicatur
1448 1688 1663 1759 aliquid
1683 1689 2009 1761 simpliciter
2045 1688 2331 1746 secundum

1088 1793 1273 1834 causas
1293 1781 1588 1851 superiores
1615 1782 1668 1834 et
1693 1780 1975 1848 inferiores
1995 1779 2034 1834 ¹.

879 1946 1108 2011 Utrum
1130 1946 1421 2029 possibile
1438 1946 1804 2029 simpliciter
1820 1947 2068 2012 dicatur
2092 1947 2332 2030 aliquid

799 2056 1155 2119 secundum
1181 2072 1403 2119 causas
1427 2054 1804 2136 superioreS,
1841 2055 1941 2118 vel
1978 2055 2333 2119 secundum

799 2184 1020 2229 causas
1046 2165 1403 2241 inferioreS,
1436 2164 1559 2227 hoc
1592 2169 1686 2227 est
1711 2164 2063 2229 secundum
2110 2167 2332 2246 poten-

799 2274 953 2337 tiam
973 2273 1255 2337 divinam
1271 2322 1288 2353 ,
1317 2291 1400 2335 an
1420 2272 1774 2336 secundum
1799 2271 2147 2353 potentiam
2167 2288 2335 2334 crea-

796 2384 960 2459 tam3
990 2385 1055 2445 et
1076 2382 1245 2463 quod
1273 2380 1626 2444 secundum
1652 2380 2000 2462 potentiam
2027 2383 2328 2458 creatam,

796 2488 930 2552 sive
959 2487 1314 2551 secundum
1348 2504 1572 2550 causas
1612 2487 1981 2562 inferiores,
2024 2487 2281 2550 videtur
2313 2509 2327 2551 ε

796 2594 895 2658 Ab
924 2595 1146 2659 eodem
1178 2593 1351 2658 enim
1390 2597 1483 2657 est
1524 2593 1594 2656 in
1630 2593 1821 2657 rebus
1855 2592 2261 2676 possibilitas,
2293 2613 2334 2657 a

796 2720 928 2785 quo
962 2707 1056 2766 est
1089 2701 1427 2765 necessitas
1454 2703 1517 2763 et
1545 2700 1981 2781 contingentia
2021 2699 2333 2782 simplici-

796 2813 893 2872 ter
915 2831 930 2871 ε
960 2808 1067 2873 sed
1090 2808 1428 2871 necessitas
1445 2811 1508 2871 et
1527 2807 1966 2888 contingentia
1983 2807 2334 2870 attenditur

795 2917 864 2980 in
884 2918 1076 2981 rebus
1095 2933 1229 2980 non
1247 2918 1498 2979 tantum
1524 2913 1877 2978 secundum
1898 2932 2123 2977 causas
2140 2932 2333 2996 supe-

793 3024 1025 3101 rioreS,
1081 3025 1215 3087 imo
1275 3022 1630 3086 secundum
1684 3021 2018 3085 inferiores
2072 3039 2329 3099 causas,

794 3133 1145 3215 proximas,
1173 3134 1238 3195 et
1262 3130 1673 3213 particulares
1702 3151 1716 3193 ε
1746 3146 1904 3210 ergo
1930 3133 1995 3192 et
2018 3129 2331 3212 possibili-

791 3244 910 3302 tas,

873 3345 1062 3424 Item,
1093 3344 1257 3408 sicut
1281 3342 1520 3424 aliquid
1547 3342 1780 3406 dicitur
1807 3345 2028 3424 potens
2055 3360 2096 3405 a
2122 3345 2332 3424 potes-

792 3461 919 3521 tate
938 3457 1166 3535 aetiva,
1185 3456 1274 3518 ita
1296 3453 1528 3518 dicitur
1541 3452 1837 3536 possibile
1857 3472 1897 3516 a
1918 3454 2326 3535 possibilitate

791 3567 1046 3649 passiva
1088 3588 1104 3628 :
1147 3564 1255 3628 sed
1296 3562 1674 3645 possibilitas
1707 3561 1956 3643 passiva
1985 3562 2195 3644 primo
2237 3566 2331 3627 est

792 3673 860 3736 in
903 3690 979 3735 eo
1007 3672 1079 3734 in
1104 3689 1233 3752 quo
1263 3669 1470 3751 primo
1505 3672 1600 3731 est
1627 3667 1907 3748 potentia
1941 3668 2021 3729 ad
2062 3668 2236 3747 fieri,
2266 3675 2331 3733 et

791 3798 906 3862 per
922 3779 1076 3843 illud
1091 3779 1159 3842 in
1173 3778 1314 3841 aliis
1335 3795 1350 3839 :
1374 3794 1531 3856 ergo
1546 3793 1694 3838 cum
1712 3776 1836 3839 hoc
1848 3776 2328 3858 sitprincipium

791 3887 1116 3951 materiale
1137 3935 1154 3962 ‚
1184 3889 1246 3949 et
1274 3902 1465 3948 causa
1495 3885 1732 3958 creata,
1767 3882 2060 3964 possibile
2092 3883 2211 3947 sim
2222 3884 2329 3965 pli·

791 3994 947 4058 citer
969 3993 1201 4056 dicitur
1220 3991 1571 4056 secundum
1600 4007 1824 4052 causas
1849 3988 2203 4055 inferiores

870 4100 1026 4165 Item
1046 4148 1066 4176 ,
1094 4101 1147 4162 si
1176 4097 1468 4181 possibile
1493 4096 1864 4177 simpliciter
1890 4095 2205 4161 diceretur
2227 4117 2325 4161 se-

790 4208 1075 4273 eundum
1094 4225 1313 4271 causas
1330 4204 1689 4287 superiores
1705 4207 1980 4282 tantum,
2001 4208 2153 4267 tunc
2177 4224 2327 4270 cum

790 4315 969 4399 apud
1009 4316 1202 4380 Deum
1240 4329 1369 4378 non
1412 4313 1493 4374 sit
1536 4310 1925 4392 impossibile
1965 4327 2144 4376 omne
2176 4330 2326 4379 ver-

792 4422 937 4488 bum
972 4425 1020 4501 ¹,
1046 4421 1209 4484 nihil
1242 4417 1661 4500 judicandum
1707 4421 1870 4480 esset
1913 4418 2323 4501 impossibile.

870 4529 1049 4608 item,
1077 4530 1130 4592 si
1149 4527 1499 4592 seeundum
1520 4543 1741 4589 causas
1763 4525 2141 4607 superioreS,
2172 4531 2327 4593 tunc

789 4658 939 4703 cum
964 4637 1130 4702 Deus
1155 4639 1364 4719 posset
1389 4636 1592 4699 facere
1622 4633 1791 4715 quod
1825 4652 2034 4698 caecus
2064 4636 2327 4719 recipiat

787 4747 1033 4820 visum,
1082 4742 1377 4827 possibile
1419 4746 1514 4805 est
1554 4758 1797 4804 caecum
1834 4741 2049 4805 videre
2088 4764 2102 4806 :
2133 4743 2242 4806 sed
2271 4744 2325 4806 si

788 4850 1082 4935 possibile
1121 4853 1283 4914 esset
1323 4848 1574 4922 videre,
1625 4849 1834 4928 posset
1869 4847 2121 4927 videre;
2166 4855 2228 4914 et
2269 4851 2322 4914 si

786 4961 1027 5041 posset,
1058 4956 1319 5019 haberet
1346 4952 1693 5036 potentiam
1721 4951 2036 5018 visivam:
2068 4956 2177 5020 sed
2204 4957 2324 5021 hoc

787 5065 1020 5129 falsum
1050 5086 1067 5127 ε
1096 5080 1253 5144 ergo
1271 5110 1289 5139 ,
1319 5066 1437 5125 etc.

852 5191 869 5225 ¹
894 5189 975 5252 Cf.
1005 5189 1148 5239 Alex.
1180 5186 1405 5249 Alensis,
1433 5201 1486 5251 p.
1516 5187 1567 5247 1,
1597 5199 1649 5250 q.
1679 5194 1806 5243 111,
1833 5184 2026 5234 memb.
2052 5190 2072 5237 t
2091 5224 2110 5251 ‚
2139 5192 2233 5240 art.
2262 5192 2321 5256 43

788 5262 844 5313 S.
870 5261 1074 5323 Thom.,
1114 5274 1169 5324 p.
1198 5261 1252 5324 l,
1293 5273 1345 5324 q.
1369 5270 1499 5323 xxv,
1529 5262 1625 5308 art.
1648 5259 1706 5318 3,
1745 5254 1811 5306 ad
1838 5257 1899 5317 43
1931 5259 1983 5306 et
2017 5256 2079 5307 de
2112 5261 2345 5325 Potent.,.

789 5345 842 5396 q.
867 5344 914 5397 1,
942 5335 1037 5383 art.
1057 5334 1116 5394 43
1149 5333 1308 5396 scot„
1341 5332 1359 5381 Ι
1394 5330 1552 5390 Sent„
1583 5329 1703 5380 dist.
1725 5336 1890 5391 nm,
1920 5341 1974 5391 q.
1994 5339 2046 5391 1;
2093 5333 2326 5396 AEgidius

786 5402 957 5470 Rom„
985 5404 1006 5454 l
1032 5403 1194 5469 Seni„
1230 5403 1350 5454 dist.
1392 5413 1536 5468 xm,
1570 5415 1624 5473 p.
1668 5402 1712 5451 ll
1732 5436 1752 5468 ,
1778 5411 1834 5467 (1-
1876 5410 1969 5463 111;
2007 5401 2287 5459 aichardus
2302 5414 2347 5474 ,‘

1916 413 2538 481 SENTENTIARUM
2581 414 2731 481 LIB.
2780 416 2830 480 1.

2513 551 2783 617 Contra:
2812 557 2843 615 1
2858 600 2873 616 .
2905 549 3208 616 Possibile
3237 548 3473 614 dicitur
3494 548 3936 617 denominative
3963 557 4022 603 M
4046 552 4084 621 q

2433 678 2473 724 a
2497 661 2777 743 potentia
2805 679 2822 724 :
2854 678 3012 741 ergo
3044 658 3339 743 possibile
3364 657 3748 739 simpliciter,
3775 677 3813 721 a
3835 677 3938 741 po-

2433 769 2630 832 tentia
2654 769 3021 851 simpliciter
3047 790 3063 831 2
3090 768 3198 833 sed
3232 766 3517 851 potentia
3544 784 3687 848 quae
3712 785 3939 833 summe

2435 879 2498 940 et
2535 876 2901 959 simpliciter
2936 880 3029 940 est
3070 875 3354 959 potentia
3371 923 3387 951 ,
3425 878 3520 938 est
3558 874 3822 955 potentia
3853 875 3937 939 di·

2434 985 2622 1063 vina,
2665 1002 2811 1066 quae
2849 983 3082 1047 dicitur
3122 982 3476 1047 secundum
3519 998 3731 1044 causas
3773 1000 3944 1064 supe-

2435 1092 2632 1156 riores
2662 1111 2679 1156 :
2708 1111 2865 1174 ergo
2894 1092 3188 1175 possibile
3220 1089 3584 1173 simpliciter
3611 1089 3830 1153 dicitur
3858 1108 3946 1155 se-

2436 1199 2723 1264 cundum
2750 1218 2972 1265 causas
3002 1200 3381 1283 superiores

2515 1309 2577 1371 2.
2609 1307 2786 1387 Item,
2813 1309 3129 1373 mundum
3152 1308 3375 1385 creari,
3402 1311 3468 1371 et
3487 1307 3769 1371 animam
3784 1306 3946 1369 Anti-

2438 1415 2654 1480 christi
2693 1418 2924 1496 craeri,
2954 1417 3058 1481 vel
3103 1414 3267 1495 es'se,
3297 1419 3361 1480 et
3405 1414 3783 1492 consimilia,
3815 1413 3950 1476 sim-

2437 1519 2681 1600 pliciter
2723 1520 3023 1584 dicuntur
3066 1518 3383 1602 possibilia
3418 1537 3435 1581 z
3477 1520 3541 1581 et
3584 1521 3732 1581 sunt
3771 1516 3950 1598 possi-

2436 1626 2589 1689 bilia
2630 1627 2839 1691 solum
2880 1627 3233 1693 secundum
3275 1643 3498 1690 causas
3542 1623 3889 1707 superiores
3933 1645 3947 1687 ι

2437 1754 2618 1817 erge,
2649 1742 2769 1801 etc.
2894 1780 2917 1803 .

2517 1848 2575 1907 3.
2610 1843 2768 1909 item
2791 1845 2913 1910 hoc
2937 1845 3312 1924 ostenditur,
3338 1844 3491 1926 quia
3516 1843 3572 1906 si
3600 1840 3838 1923 aliquid
3864 1857 3952 1902 se-

2438 1951 2656 2033 quitur
2676 1952 2756 2016 ad
2777 1952 3039 2035 aliquid,
3066 1952 3115 2015 si
3140 1951 3512 2016 antecedens
3533 1952 3631 2014 est
3650 1945 3951 2030 possibile,

2438 2063 2503 2122 et
2531 2078 2923 2143 consequens
2956 2083 2970 2125 :
3002 2061 3111 2125 sed
3141 2061 3570 2125 demonstrato
3602 2057 3812 2138 aliquo
3844 2055 3957 2116 im-

2439 2167 2757 2247 possibili,
2790 2172 2862 2232 ut
2890 2173 3193 2232 truncum
3222 2168 3363 2232 fieri
3394 2185 3477 2231 ex
3501 2165 3736 2240 vitu10‚
3766 2160 3958 2244 sequi-

2437 2276 2547 2336 tur
2584 2296 2600 2338 :
2636 2296 2667 2332 α
2703 2274 2906 2338 Deum
2950 2275 3151 2339 facere
3198 2273 3359 2350 hoc,
3408 2276 3502 2335 est
3547 2267 3837 2353 possibile
3872 2284 3887 2329 z
3922 2286 3950 2323 ι

2439 2398 2596 2461 ergo
2642 2381 2791 2460 hoc,
2834 2381 3070 2446 scilicet
3110 2385 3413 2446 truncum
3447 2378 3588 2443 fieri
3631 2395 3717 2441 ex
3749 2373 3958 2452 vitulo,

2439 2492 2534 2553 est
2556 2489 2851 2571 possibile
2875 2489 3263 2572 simpliciter.

2518 2601 2578 2659 4.
2608 2595 2766 2661 ltem
2787 2616 2979 2662 omne
2998 2615 3227 2661 verum
3249 2598 3341 2660 est
3364 2595 3683 2679 possibile,
3707 2598 3769 2658 et
3788 2610 3962 2657 omne

2440 2704 2609 2786 quod
2652 2707 2773 2770 erit
2815 2724 3079 2785 verum,
3126 2710 3328 2788 potest
3370 2724 3505 2769 esse
3547 2722 3780 2770 verum
3812 2703 3834 2739 ⁸
3863 2705 3962 2765 :et

2439 2829 2629 2875 omne
2656 2812 2824 2895 quod
2861 2816 3064 2895 potoet
3089 2830 3225 2876 esse
3250 2830 3479 2876 verum
3497 2860 3517 2891 ,
3546 2815 3643 2875 est
3673 2809 3961 2894 simplici-

2438 2923 2536 2981 ter
2575 2919 2900 3001 possibile,
2934 2924 2998 2983 et
3033 2925 3128 2983 est
3170 2919 3465 3002 possibile
3500 2919 3714 2985 solum
3752 2933 3963 2982 secun·

2439 3025 2597 3090 dum
2621 3044 2841 3091 causas
2865 3028 3224 3111 superiores
3250 3047 3266 3092 :
3295 3046 3476 3110 ergo,
3505 3032 3625 3093 etc.

2948 3266 3466 3335 CONCLUSIO.

2440 3439 2703 3497 Possibile
2754 3441 2957 3498 dicitur
3009 3440 3233 3512 aliquod
3282 3442 3639 3512 simpliciter,
3696 3440 3964 3497 secundum

2508 3547 2693 3587 causas
2716 3534 3038 3603 superiores3
3064 3536 3115 3586 et
3140 3531 3421 3587 secundum
3443 3547 3633 3587 causas
3660 3533 3961 3601 inferiores,

2507 3624 2720 3677 ratione
2741 3624 3000 3693 potentioe
3026 3623 3236 3676 activa.

2516 3779 2702 3863 Resp.
2744 3780 2824 3844 ad
2853 3780 3012 3861 Arg.
3056 3779 3399 3844 Dicendum
3437 3779 3608 3861 quod
3646 3779 3815 3844 circa
3850 3777 3963 3843 hoc

2434 3888 2696 3952 fuerunt
2729 3888 2964 3953 diversi
2993 3888 3165 3951 modi
3198 3886 3466 3952 dicendi.
3503 3886 3775 3963 Quidam
3802 3886 3965 3949 enim

2435 3995 2737 4059 dixerunt
2779 3995 2950 4076 quod
2997 3994 3351 4058 secundum
3397 3998 3704 4076 utrasque
3753 4010 3966 4058 causas

2435 4103 2743 4185 accipitur
2779 4102 3075 4184 possibile
3103 4101 3487 4184 simpliciter,
3520 4106 3584 4165 et
3615 4101 3880 4165 fundant
3904 4116 3965 4162 se

2434 4227 2625 4292 super
2673 4209 2831 4272 illud
2849 4207 2871 4242 ¹·
2900 4232 2915 4273 ε
2963 4207 3247 4274 stultam
3292 4210 3461 4273 Deus
3511 4207 3666 4288 fecit
3710 4209 3963 4290 sapien-

2436 4320 2631 4394 tiam,
2669 4320 2787 4379 etc.
2824 4314 3040 4377 Glossa
3064 4315 3086 4347 ⁸
3120 4336 3135 4377 ε
3177 4336 3207 4373 α
3241 4313 3514 4377 Stultam
3551 4316 3731 4390 fecit,
3770 4314 3965 4396 possi-

2434 4425 2558 4489 bile
2586 4422 2983 4502 declarand0,
3014 4421 3189 4504 quod
3220 4421 3354 4504 ipse
3383 4422 3772 4504 impossibile
3790 4422 3963 4505 judi-

2435 4536 2556 4612 cat,
2586 4531 2734 4614 quia
2758 4529 3053 4612 possibile
3078 4528 3229 4592 dicit
3253 4547 3597 4593 commune
3621 4531 3705 4595 ad
3729 4535 3965 4594 utram-

2435 4657 2583 4722 que.
2614 4662 2645 4697 »
2662 4636 2902 4701 Tamen
2923 4635 3083 4699 illud
3101 4653 3233 4699 non
3250 4636 3503 4701 videtur
3523 4639 3966 4703 convenienter

2434 4762 2615 4828 posse
2639 4749 2804 4808 stare
2822 4790 2841 4822 ,
2871 4760 3021 4806 cum
3047 4760 3181 4806 non
3205 4742 3597 4822 admittatur,
3628 4746 3800 4826 quod
3828 4762 3965 4827 pos-

2434 4852 2614 4917 sibile
2641 4850 3008 4933 simpliciter
3031 4851 3112 4913 sit
3138 4851 3215 4915 de
3250 4868 3419 4915 caeco
3446 4852 3584 4915 fieri
3611 4852 3927 4916 videntem
3943 4897 3959 4928 ,

2433 4960 2565 5023 imo
2607 4958 2839 5022 dicitur
2883 4957 3269 5040 impossibile
3315 4976 3333 5020 ε
3377 4975 3534 5039 ergo
3576 4957 3774 5025 simul
3815 4960 3962 5022 esset

2434 5121 2454 5170 l
2478 5120 2636 5177 Seni„
2660 5116 2777 5168 dist.
2797 5128 2926 5181 xm,
2957 5130 3007 5180 q.
3030 5127 3136 5179 vn3
3168 5117 3342 5181 Steph.
3368 5117 3577 5182 Brulef.‚
3614 5121 3633 5169 Ι
3665 5118 3825 5183 Seni„
3850 5118 3957 5169 dist.

2433 5202 2564 5255 xm,
2586 5204 2640 5254 q.
2662 5201 2740 5252 1v3
2764 5190 2945 5238 Petrus
2964 5189 3027 5239 de
3050 5191 3275 5252 Taranu,
3304 5190 3319 5238 t
3348 5189 3508 5253 Seni„
3530 5190 3649 5240 dist.
3667 5202 3797 5252 xm,
3818 5205 3867 5254 q.
3887 5201 3956 5240 11.

2436 5290 2491 5300 -
2522 5263 2698 5321 ¹Luc„
2724 5272 2771 5326 1,
2801 5262 2944 5310 ³7.—
2972 5260 2994 5294 ³
3032 5261 3203 5325 Arist,
3239 5259 3300 5310 de
3337 5261 3621 5326 Inter-pret..
3669 5263 3759 5312 lib.
3806 5262 3864 5311 tl.
3903 5284 3959 5298 —

2435 5334 2494 5384 ⁴1
2526 5333 2664 5416 neor„
2700 5343 2722 5382 1
2741 5366 2755 5392 ,
2782 5334 2860 5383 20.
2889 5356 2953 5369 —
2983 5331 3005 5366 ⁸
3045 5333 3118 5382 Ex
3145 5331 3406 5394 Ambros„
3447 5332 3534 5384 vel
3562 5333 3738 5398 potius
3772 5334 3950 5386 Euseb.

2433 5407 2711 5470 Emesam,
2736 5418 2847 5469 sup.
2868 5404 2975 5455 lad
2991 5404 3105 5456 Cor.
