4125 6225
670 430 787 491 592

665 580 851 625 reum
883 562 967 623 sit
1006 561 1328 625 uniforme
1376 565 1438 624 et
1482 559 1834 637 immobile,
1878 562 1942 621 et
1977 557 2200 620 firma-

663 673 956 733 mentum
994 667 1076 731 sit
1111 667 1498 732 multiforme
1541 670 1605 731 et
1648 666 1902 745 mobile,
1946 665 2201 732 videtur

661 775 830 857 quod
860 774 1301 858 crystallinum
1328 775 1410 838 sit
1435 779 1547 838 aut
1576 773 1966 839 multiforme
1983 780 2048 838 et
2075 775 2199 838 im-

660 882 915 958 mobile,
950 885 1064 946 aut
1091 883 1411 947 uniforme
1438 885 1501 945 et
1527 882 1761 947 mobile
1791 905 1806 946 :
1838 884 1946 947 sed
1979 882 2201 948 multi-

659 989 862 1054 forme
890 993 952 1054 et
976 990 1306 1054 immobile
1334 1009 1468 1054 esse
1496 1009 1622 1054 non
1653 993 1876 1073 potest,
1907 1008 2055 1055 cum
2084 1007 2199 1055 va-

657 1097 849 1162 rietas
888 1097 1146 1161 mobilis
1196 1097 1490 1179 disponat
1544 1098 1623 1162 ad
1683 1103 1932 1162 motum
1972 1116 1989 1160 :
2040 1114 2200 1179 ergo

657 1223 913 1271 necesse
939 1211 1033 1270 est
1060 1205 1231 1289 quod
1258 1206 1339 1269 sit
1362 1205 1684 1270 uniforme
1711 1210 1775 1269 et
1801 1205 2056 1270 mobile.

741 1314 920 1394 Item,
941 1315 1475 1397 quandocumque
1490 1314 1704 1396 aliqua
1725 1315 1911 1398 plura
1938 1332 2201 1379 concur-

657 1426 814 1485 runt
836 1422 916 1486 ad
947 1423 1462 1487 constitutionem
1491 1422 1764 1504 alicujus
1779 1472 1797 1502 ,
1827 1441 2080 1487 necesse
2106 1427 2201 1487 aet

658 1547 772 1610 per
803 1530 1108 1594 virtutem
1134 1529 1408 1612 alicuius
1437 1529 1616 1594 illam
1653 1530 1963 1612 conjungi
1995 1554 2010 1594 ε
2038 1549 2199 1612 ergo

657 1637 1193 1721 quandocumque
1214 1638 1399 1721 plura
1426 1638 1686 1702 mobilia
1704 1643 2099 1703 concurrunt
2119 1639 2201 1703 ad

657 1745 954 1824 effectum
1001 1765 1209 1810 unum
1259 1746 1649 1811 conformem
1706 1764 1821 1829 per
1862 1765 2048 1811 suam
2095 1747 2198 1810 in-

656 1852 1022 1933 fluentiam,
1072 1871 1328 1918 necesse
1363 1859 1458 1917 est
1500 1854 1669 1937 quod
1718 1856 2200 1937 conjungantur

655 1978 771 2042 per
808 1961 1080 2044 alicujus
1106 1961 1362 2025 mobilis
1386 1961 1910 2026 uniformitatem.
1945 1960 2012 2025 Si
2037 1979 2197 2043 ergo
2240 2015 2245 2022 .

659 2068 860 2133 virtus
890 2073 1290 2151 planetarum
1315 2073 1375 2133 et
1400 2069 1730 2134 stellarum
1757 2071 2083 2133 concurrit
2118 2070 2199 2134 ad

659 2175 1136 2257 productionem
1174 2177 1522 2240 effectuum
1551 2177 1620 2239 in
1655 2177 1755 2239 his
1791 2176 2198 2241 inferioribus

655 2282 1008 2346 secundum
1034 2284 1356 2365 quandam
1389 2283 1916 2361 conformitatem,
1941 2302 2197 2348 necesse

656 2394 750 2452 est
789 2389 963 2453 ultra
987 2390 1097 2454 illa
1138 2409 1273 2455 esse
1302 2389 1558 2473 aliquod
1605 2390 1836 2455 mobile
1877 2409 1992 2474 per
2022 2392 2197 2474 quod

654 2498 1155 2578 conjungantur,
1186 2500 1359 2581 quod
1390 2499 1649 2582 quidem
1689 2499 1919 2564 habeat
1957 2500 2027 2563 in
2061 2504 2196 2564 toto

654 2591 719 2666 et
751 2604 819 2667 in
862 2606 1150 2687 partibus
1185 2607 1684 2672 uniformitatem
1718 2630 1733 2671 t
1767 2613 1830 2673 et
1870 2609 1959 2672 ita
2002 2608 2195 2672 alicui

653 2711 792 2775 orbi
809 2712 1048 2796 absque
1074 2713 1267 2778 stellis
1294 2716 1593 2798 competit
1619 2717 1885 2781 moveri.
1916 2715 2029 2780 Est
2068 2716 2193 2799 igi-

653 2822 762 2882 tur
788 2821 1058 2902 quaestio
1084 2843 1100 2885 :
1131 2822 1277 2904 quis
1302 2822 1383 2884 sit
1410 2822 1516 2886 ille
1543 2823 1737 2899 orbiS‚
1767 2828 1832 2888 et
1854 2843 1970 2906 per
1995 2843 2193 2916 quam

655 2921 951 2984 naturam
988 2920 1291 3002 competit
1324 2920 1383 2984 ei
1419 2923 1688 2986 moveri.
1721 2922 1789 2986 Si
1824 2923 1998 2986 enim
2040 2924 2195 3006 quia

655 3023 886 3088 coelum
908 3029 1023 3103 est,
1050 3031 1112 3090 et
1128 3029 1224 3090 est
1255 3027 1603 3108 continens,
1626 3047 1783 3111 ergo
1812 3003 2192 3114 empy‘rreum

653 3136 773 3197 erit
815 3134 1089 3214 mobile;
1132 3136 1185 3198 si
1227 3135 1380 3218 quia
1424 3137 1680 3215 coelum,
1713 3138 1885 3220 quod
1927 3144 2021 3203 est
2059 3157 2192 3203 non

653 3242 904 3303 tantum
961 3241 1325 3323 continens,
1370 3243 1480 3307 sed
1536 3245 1727 3308 etiam
1774 3248 2148 3309 contentum
2169 3294 2188 3326 ,

653 3347 952 3429 objicitur
995 3352 1151 3413 tunc
1192 3350 1271 3414 de
1321 3352 1481 3417 coelo
1525 3352 1720 3434 igneo
1767 3356 1831 3417 et
1878 3354 2187 3434 aethereo,

651 3473 800 3537 quae
827 3457 1087 3540 quidem
1114 3459 1444 3524 continent
1468 3464 1534 3524 et
1555 3460 1982 3540 continentur,
2011 3466 2078 3526 et
2103 3466 2194 3526 ta·

653 3580 803 3626 men
829 3581 962 3628 non
989 3570 1334 3630 moventur
1362 3567 1818 3632 orbiculariter.
1845 3568 2041 3634 Juxta
2068 3568 2193 3634 hoc

651 3670 967 3753 quaeritur
1009 3673 1089 3737 de
1141 3674 1515 3739 sufficientia
1564 3680 1628 3740 et
1672 3694 1944 3742 numero
2000 3679 2190 3743 coelo-

650 3793 840 3856 rum;
873 3782 965 3859 et,
1008 3798 1160 3844 cum
1195 3785 1425 3846 natura
1450 3783 1719 3848 coelestis
1757 3783 2193 3865 distinguatur

650 3883 732 3947 ab
758 3884 1159 3966 elementari,
1189 3890 1508 3971 quomodo
1548 3890 1785 3972 aliquas
1817 3891 2192 3957 differentiae

652 3991 963 4056 coelorum
1007 4000 1346 4061 sumantur
1394 4014 1587 4080 penes
1631 3997 1962 4063 elementa.
2008 3997 2076 4062 Si
2118 4003 2193 4063 tu

651 4099 823 4164 dicas
856 4123 871 4165 ε
904 4099 1167 4185 Propter
1191 4108 1490 4168 naturam
1518 4106 1833 4189 perspicui
1873 4106 1944 4169 in
1969 4106 2060 4170 eis
2087 4124 2194 4170 re-

650 4212 926 4290 pertam3
958 4215 1137 4290 tunc,
1169 4229 1318 4274 cum
1348 4212 1761 4294 perspicuitas
1788 4212 1871 4277 sit
1900 4213 1968 4276 in
1995 4232 2187 4296 aqua,

651 4314 1039 4383 elementum
1067 4336 1256 4402 aquae
1281 4319 1535 4386 deberet
1555 4320 1678 4385 dici
1703 4322 1957 4387 coelum.

1203 4577 1652 4646 CONCLUSIO.

652 4732 847 4788 Coelum
860 4730 1087 4803 aliquod
1107 4747 1288 4803 aqueoe
1313 4736 1529 4789 natum
1539 4733 1736 4805 absque
1754 4734 1981 4792 siderei-e
1989 4738 2187 4809 periri,

716 4826 1069 4892 coqnoverunt
1098 4823 1346 4893 theoloqi,
1369 4827 1422 4879 et
1449 4822 1593 4879 illud
1617 4827 1836 4890 moveri,
1865 4841 2177 4899 quanquam

717 4907 898 4981 aliqui
915 4908 1224 4980 philosophi
1249 4910 1426 4981 ipsum
1451 4911 1792 4979 neqaverint.

724 5065 908 5149 Resp.
951 5067 1033 5131 ad
1058 5066 1219 5149 Arg.
1251 5066 1600 5133 Dicendum
1633 5069 1806 5152 quod
1833 5074 1928 5136 est
1953 5090 2192 5154 ponere

642 5174 899 5259 aliquod
927 5176 1161 5241 coelum
1188 5177 1433 5244 moveri
1468 5178 1640 5261 quod
1677 5183 1851 5244 caret
1902 5181 2193 5265 lumina-

641 5281 816 5345 rium
849 5286 913 5346 et
938 5284 1266 5348 stellarum
1301 5285 1627 5364 varietate,
1666 5290 1730 5351 et
1752 5286 1877 5352 hoc
1914 5292 2010 5353 est
2054 5308 2187 5355 coe-

643 5385 785 5448 lum
810 5406 1126 5470 aqueum,
1167 5393 1303 5455 sive
1341 5395 1782 5476 crystallinum
1822 5419 1836 5460 :
1882 5398 1963 5461 ad
1999 5401 2189 5479 cujus

1820 415 2439 485 SENTENTIARUM
2478 419 2626 484 LIB.
2672 420 2749 485 ΙΙ.

2307 554 2760 636 cognitionem,
2793 557 2912 620 etsi
2945 558 3132 639 pauci
3159 556 3518 641 philosophi
3548 579 3846 643 pervene-

2306 666 2483 738 runt,
2517 663 2669 744 quia
2694 681 2927 747 corpus
2967 664 3128 729 illud
3156 665 3309 730 latet
3336 685 3623 747 sensum,
3654 671 3846 734 ratio·

2304 769 2573 834 cinando
2593 776 2809 836 tamen
2829 779 3256 855 pervenerunt
3280 775 3513 858 aliqui:
3537 781 3600 840 et
3617 777 3706 839 illi
3736 777 3846 862 qui

2307 883 2740 960 pervenerunt
2760 886 3113 963 posuerunt
3135 883 3349 965 ipsum
3381 885 3654 964 moveri,
3685 885 3847 949 sicut

2308 989 2569 1070 quidam
2614 991 2962 1055 astronomi
3017 992 3139 1055 nisi
3184 997 3334 1057 sunt
3384 992 3507 1059 boc
3556 995 3841 1077 probare.

2308 1094 2743 1162 Communiter
2762 1102 2979 1162 tamen
3005 1099 3086 1163 ad
3117 1100 3552 1181 cognitionem
3575 1102 3846 1166 existen·

2313 1204 2418 1267 tiae
2445 1203 2643 1287 hujus
2668 1206 2811 1270 coeli
2843 1211 3272 1289 pervenerunt
3298 1225 3522 1272 omnes
3550 1212 3846 1272 tractato·

2307 1329 2409 1374 res
2452 1311 2780 1393 catholici,
2826 1314 3201 1377 auctoritate
3252 1331 3452 1378 sacrae
3501 1314 3845 1398 Scripturae

2307 1418 2618 1485 divinitus
2658 1421 2972 1500 illustrati,
3007 1438 3157 1503 quae
3201 1421 3400 1505 ipsius
3446 1423 3845 1488 existentiam

2308 1545 2601 1610 expresse
2641 1528 2944 1608 declarat,
2994 1534 3247 1594 motum
3290 1535 3501 1595 tamen
3561 1533 3703 1612 eJus
3747 1531 3846 1596 vel

2306 1634 2586 1717 quietem
2615 1653 2751 1700 non
2777 1637 3070 1720 explicat.
3105 1637 3229 1702 Sed
3268 1638 3554 1703 doctores
3597 1638 3842 1702 theolo-

2306 1741 2435 1822 giae
2464 1743 2817 1808 rationibus
2854 1743 3101 1808 suffulti
3143 1745 3567 1809 communiter
3599 1747 3847 1827 ponunt

2303 1848 2464 1914 illud
2492 1852 2724 1915 coelum
2754 1852 3005 1916 moveri
3039 1874 3054 1916 ε
3103 1856 3168 1916 et
3196 1852 3362 1916 inter
3388 1852 3543 1916 alias
3571 1853 3845 1916 rationes

2304 1957 2636 2040 potissima
2659 1963 2754 2049 est
2782 1959 2889 2023 illa
2915 1960 3101 2037 ratio,
3124 1977 3273 2042 quae
3301 1960 3578 2024 sumitur
3605 1978 3686 2024 ex
3711 1978 3850 2043 per-

2303 2065 2573 2131 fectione
2615 2067 2901 2133 universi
2932 2089 2948 2131 ε
2994 2085 3076 2131 ex
3123 2085 3252 2150 qua
3291 2068 3486 2132 etiam
3527 2067 3845 2131 distinctio

2305 2172 2616 2237 coelorum
2638 2179 2702 2238 et
2717 2192 3030 2238 numerus
3052 2174 3509 2239 rationabiliter
3530 2178 3736 2257 potest
3754 2175 3846 2238 in·

2304 2280 2635 2362 vestigari.
2657 2281 2737 2346 Et
2755 2281 2880 2346 hoc
2905 2283 3076 2365 patet
3103 2281 3194 2345 sic
3221 2301 3238 2345 ε
3271 2281 3506 2348 Coelum
3531 2282 3736 2362 enim,
3770 2282 3846 2347 de

2303 2405 2423 2451 sua
2449 2389 2778 2453 communi
2813 2389 3196 2471 acceptione,
3228 2390 3380 2455 dicit
3409 2389 3691 2472 aliquam
3731 2408 3847 2454 na-

2304 2499 2516 2560 turam
2558 2498 2962 2580 perspicuam
3001 2503 3067 2562 et
3108 2500 3580 2578 contentivam;
3622 2499 3701 2563 de
3732 2517 3847 2562 sua

2301 2621 2457 2669 vero
2480 2605 2737 2688 propria
2771 2606 3135 2689 acceptione
3154 2653 3172 2683 ,
3214 2606 3509 2670 nominat
3548 2611 3844 2670 naturam

2302 2711 2727 2793 perspicuam,
2758 2713 3192 2778 contentivam
3210 2761 3228 2793 ,
3256 2732 3454 2796 supra
3498 2713 3844 2780 contrarie-

2302 2821 2496 2882 tatem
2534 2818 2868 2884 elevatam.
2918 2820 3287 2885 Secundum
3314 2822 3591 2903 primam
3617 2839 3845 2905 accep-

2302 2926 2540 2991 tionem
2583 2928 2891 2993 coelorum
2908 2977 2925 3006 ,
2975 2928 3464 3010 distinguuntur
3504 2948 3542 2993 a
3586 2929 3843 2995 Rabano

2302 3038 2545 3117 septem
2569 3034 2733 3099 coeli.
2763 3033 3006 3100 Natura
3034 3035 3210 3100 enim
3233 3036 3568 3119 perspicua
3596 3039 3660 3100 et
3690 3055 3845 3102 con·-

2301 3142 2565 3220 tentiva,
2610 3146 2724 3208 aut
2763 3148 2858 3207 aet
2898 3143 3162 3208 luminis
3207 3143 3442 3222 dativa,
3473 3148 3586 3206 aut
3626 3162 3841 3225 recep·

2301 3249 2437 3314 tiva
2472 3269 2488 3313 ε
2522 3249 2574 3312 si
2616 3253 2714 3315 est
2757 3250 2992 3331 dativa,
3033 3254 3146 3314 aut
3188 3254 3284 3314 est
3325 3250 3668 3314 uniformis
3715 3269 3842 3315 non

2303 3361 2511 3438 mota,
2546 3359 2727 3423 etsie
2770 3364 2865 3423 est
2890 3378 3311 3443 empyreum3
3346 3362 3459 3423 aut
3486 3364 3579 3424 est
3621 3360 3843 3425 multi-

2298 3465 2522 3530 formis
2550 3472 2613 3530 et
2638 3470 2831 3546 mota,
2866 3472 2931 3531 et
2955 3468 3047 3531 sic
3071 3471 3167 3532 est
3209 3467 3526 3533 sidereum
3552 3489 3569 3546 ;
3612 3473 3725 3533 aut
3749 3472 3842 3533 est

2299 3574 2644 3638 uniformis
2681 3578 2744 3638 et
2769 3579 2944 3639 mota
2963 3623 2981 3652 ‚
3025 3576 3204 3639 etsie
3240 3579 3337 3640 est
3375 3576 3836 3660 crystallinum.

2302 3679 2541 3758 Quarta
2583 3681 2938 3746 differentia
2978 3700 3115 3746 esse
3159 3700 3292 3746 non
3330 3686 3564 3766 potest,
3609 3683 3843 3748 scilicet

2301 3788 2475 3871 quod
2496 3788 2578 3853 sit
2606 3789 3016 3855 multiformis
3042 3808 3175 3855 non
3203 3794 3409 3869 mota,
3439 3794 3699 3873 propter
3724 3791 3841 3855 hoc

2302 3898 2474 3978 quod
2500 3900 2714 3961 motus
2750 3901 2843 3961 est
2869 3898 3076 3980 passio
3108 3915 3501 3983 consequens
3530 3897 3842 3962 naturali-

2302 4006 2399 4068 ter
2442 4003 2522 4068 ad
2567 4004 3146 4069 multiformitatem
3188 4006 3490 4088 corporis.
3521 4004 3589 4070 Si
3624 4009 3840 4070 autem

2302 4112 2534 4174 natura
2562 4111 2898 4194 perspicua
2927 4116 3021 4175 est
3050 4111 3317 4176 luminis
3343 4113 3701 4196 receptiva3
3731 4115 3844 4176 aut

2303 4216 2761 4298 separabiliter,
2792 4220 2907 4282 aut
2929 4217 3431 4301 inseparabiliter
3463 4242 3478 4284 ε
3508 4220 3563 4284 si
3593 4220 3843 4302 insepa-

2302 4324 2587 4389 rabiliter
2611 4373 2628 4402 ,
2669 4328 2784 4390 aut
2831 4327 3184 4391 secundum
3211 4328 3524 4392 circulum
3551 4327 3844 4412 superio-

2301 4431 2392 4495 ris
2417 4432 2796 4515 superficiei,
2825 4438 2890 4497 et
2917 4434 3006 4497 sic
3035 4440 3129 4499 est
3157 4436 3455 4516 igneum3
3484 4439 3597 4501 aut
3621 4454 3844 4500 secun·

2303 4539 2462 4603 dum
2492 4539 2807 4604 circulum
2832 4540 3150 4606 inferioris
3192 4542 3580 4625 superficiei,
3619 4543 3690 4606 in
3717 4561 3843 4626 quo

2303 4647 2737 4712 communicat
2785 4648 2919 4712 aeri
2936 4698 2955 4727 ,
3008 4652 3073 4713 et
3110 4653 3265 4713 tunc
3307 4655 3401 4714 est
3439 4650 3802 4733 olympium
3822 4697 3840 4727 ,

2307 4755 2480 4837 quod
2543 4756 2805 4838 quidem
2875 4756 3111 4821 dicitur
3170 4756 3524 4841 olympium
3587 4763 3844 4841 propter

2305 4860 2559 4945 Olympi
2594 4864 2830 4928 montis
2856 4864 3497 4947 approximationem.
3530 4865 3597 4930 Si
3627 4870 3843 4930 autem

2304 4973 2399 5033 est
2441 4971 2840 5053 receptivum
2877 4972 3346 5054 separabiliter,
3376 4972 3540 5037 sicut
3578 4976 3672 5036 est
3701 4991 3838 5052 aer,

2304 5076 2418 5158 qui
2444 5075 2849 5143 illuminatur
2876 5097 2957 5143 ex
3004 5080 3340 5162 praesentia
3379 5079 3683 5144 luminosi
3711 5097 3844 5146 cor-

2305 5182 2498 5266 poris,
2525 5189 2590 5249 et
2614 5186 3068 5252 obtenebratur
3093 5205 3178 5251 ex
3202 5188 3344 5269 ejus
3369 5187 3686 5265 absentia,
3715 5187 3837 5252 hoc

2305 5296 2399 5357 est
2442 5291 2776 5375 dupliciter
2819 5315 2835 5360 ε
2882 5299 2996 5360 aut
3037 5294 3390 5360 secundum
3443 5296 3836 5378 superiorem

2309 5408 2578 5486 partem,
2604 5403 2780 5468 etsie
2804 5406 2898 5467 est
2921 5405 3273 5470 aethereum
3296 5426 3314 5483 ;
3344 5409 3457 5469 aut
3487 5403 3838 5469 secundum
