<?xml version="1.0" encoding="UTF-8"?>
<!DOCTYPE html PUBLIC "-//W3C//DTD XHTML 1.0 Transitional//EN"
    "http://www.w3.org/TR/xhtml1/DTD/xhtml1-transitional.dtd">
<html xmlns="http://www.w3.org/1999/xhtml" xml:lang="en" lang="en">
 <head>
  <title>
</title>
<meta http-equiv="Content-Type" content="text/html;charset=utf-8" />
  <meta name='ocr-system' content='tesseract 3.04.00' />
  <meta name='ocr-capabilities' content='ocr_page ocr_carea ocr_par ocr_line ocrx_word'/>
</head>
<body>
  <div class='ocr_page' id='page_1' title='image "./srecardinalissb01peltgoog_0346.png"; bbox 0 0 4125 6225; ppageno 0'>
   <div class='ocr_carea' id='block_1_1' title="bbox 1952 116 1987 161">
    <p class='ocr_par' dir='ltr' id='par_1_1' title="bbox 1952 116 1987 161">
     <span class='ocr_line' id='line_1_1' title="bbox 1952 116 1987 161; baseline 0 0"><span class='ocrx_word' id='word_1_1' title='bbox 1952 116 1987 161; x_wconf 60' lang='lat' dir='ltr'>Q</span> 
     </span>
    </p>
   </div>
   <div class='ocr_carea' id='block_1_2' title="bbox 702 324 2759 403">
    <p class='ocr_par' dir='ltr' id='par_1_2' title="bbox 702 324 2759 403">
     <span class='ocr_line' id='line_1_2' title="bbox 702 324 2759 403; baseline -0.007 0"><span class='ocrx_word' id='word_1_2' title='bbox 702 345 818 403; x_wconf 76' lang='lat'><strong>312</strong></span> <span class='ocrx_word' id='word_1_3' title='bbox 1824 324 2450 399; x_wconf 79' lang='lat' dir='ltr'><strong>SENTENTIARUM</strong></span> <span class='ocrx_word' id='word_1_4' title='bbox 2488 325 2635 392; x_wconf 86' lang='lat' dir='ltr'><strong>LIB.</strong></span> <span class='ocrx_word' id='word_1_5' title='bbox 2679 326 2759 391; x_wconf 87' lang='lat'><strong>11.</strong></span> 
     </span>
    </p>
   </div>
   <div class='ocr_carea' id='block_1_3' title="bbox 703 464 2256 1517">
    <p class='ocr_par' dir='ltr' id='par_1_3' title="bbox 703 464 2245 766">
     <span class='ocr_line' id='line_1_3' title="bbox 703 464 2244 552; baseline -0.006 -15"><span class='ocrx_word' id='word_1_6' title='bbox 703 473 911 552; x_wconf 89' lang='lat' dir='ltr'><strong>sendi,</strong></span> <span class='ocrx_word' id='word_1_7' title='bbox 943 489 1072 536; x_wconf 93' lang='lat' dir='ltr'><strong>non</strong></span> <span class='ocrx_word' id='word_1_8' title='bbox 1113 470 1471 534; x_wconf 87' lang='lat' dir='ltr'><strong>secundum</strong></span> <span class='ocrx_word' id='word_1_9' title='bbox 1511 468 1881 547; x_wconf 78' lang='lat' dir='ltr'><strong>essentiam,</strong></span> <span class='ocrx_word' id='word_1_10' title='bbox 1924 468 1998 531; x_wconf 90' lang='lat' dir='ltr'><strong>ut</strong></span> <span class='ocrx_word' id='word_1_11' title='bbox 2024 464 2244 529; x_wconf 85' lang='lat' dir='ltr'><strong>anima</strong></span> 
     </span>
     <span class='ocr_line' id='line_1_4' title="bbox 705 572 2245 659; baseline -0.008 -12"><span class='ocrx_word' id='word_1_12' title='bbox 705 579 1059 646; x_wconf 86' lang='lat' dir='ltr'><strong>rationalis:</strong></span> <span class='ocrx_word' id='word_1_13' title='bbox 1088 579 1210 642; x_wconf 90' lang='lat' dir='ltr'><strong>erit</strong></span> <span class='ocrx_word' id='word_1_14' title='bbox 1234 578 1436 659; x_wconf 86' lang='lat' dir='ltr'><strong>igitur</strong></span> <span class='ocrx_word' id='word_1_15' title='bbox 1462 579 1680 653; x_wconf 86' lang='lat' dir='ltr'><strong>tertia,</strong></span> <span class='ocrx_word' id='word_1_16' title='bbox 1719 594 1868 659; x_wconf 84' lang='lat' dir='ltr'><strong>quae</strong></span> <span class='ocrx_word' id='word_1_17' title='bbox 1891 572 2245 639; x_wconf 84' lang='lat' dir='ltr'><strong>secundum</strong></span> 
     </span>
     <span class='ocr_line' id='line_1_5' title="bbox 705 685 1847 766; baseline -0.006 -13"><span class='ocrx_word' id='word_1_18' title='bbox 705 692 922 753; x_wconf 88' lang='lat' dir='ltr'><strong>actum</strong></span> <span class='ocrx_word' id='word_1_19' title='bbox 944 692 1007 751; x_wconf 93' lang='lat' dir='ltr'><strong>et</strong></span> <span class='ocrx_word' id='word_1_20' title='bbox 1029 687 1366 750; x_wconf 82' lang='lat' dir='ltr'><strong>essentiam</strong></span> <span class='ocrx_word' id='word_1_21' title='bbox 1395 685 1515 748; x_wconf 90' lang='lat' dir='ltr'><strong>erit</strong></span> <span class='ocrx_word' id='word_1_22' title='bbox 1540 689 1847 766; x_wconf 87' lang='lat' dir='ltr'><strong>separata.</strong></span> 
     </span>
    </p>

    <p class='ocr_par' dir='ltr' id='par_1_4' title="bbox 708 786 2256 1517">
     <span class='ocr_line' id='line_1_6' title="bbox 786 786 2249 875; baseline -0.008 -16"><span class='ocrx_word' id='word_1_23' title='bbox 786 800 844 859; x_wconf 76' lang='lat'><strong>4.</strong></span> <span class='ocrx_word' id='word_1_24' title='bbox 891 794 1050 858; x_wconf 89' lang='lat' dir='ltr'><strong>Item</strong></span> <span class='ocrx_word' id='word_1_25' title='bbox 1090 793 1343 857; x_wconf 85' lang='lat' dir='ltr'><strong>videtur</strong></span> <span class='ocrx_word' id='word_1_26' title='bbox 1377 810 1492 875; x_wconf 85' lang='lat' dir='ltr'><strong>per</strong></span> <span class='ocrx_word' id='word_1_27' title='bbox 1531 791 1974 856; x_wconf 89' lang='lat' dir='ltr'><strong>deductionem</strong></span> <span class='ocrx_word' id='word_1_28' title='bbox 2018 787 2098 851; x_wconf 90' lang='lat' dir='ltr'><strong>ad</strong></span> <span class='ocrx_word' id='word_1_29' title='bbox 2143 786 2249 849; x_wconf 91' lang='lat' dir='ltr'><strong>in-</strong></span> 
     </span>
     <span class='ocr_line' id='line_1_7' title="bbox 708 897 2250 979; baseline -0.007 -10"><span class='ocrx_word' id='word_1_30' title='bbox 708 905 1113 970; x_wconf 80' lang='lat' dir='ltr'><strong>conveniens.</strong></span> <span class='ocrx_word' id='word_1_31' title='bbox 1169 900 1625 966; x_wconf 88' lang='lat' dir='ltr'><strong>lnconveniens</strong></span> <span class='ocrx_word' id='word_1_32' title='bbox 1669 900 1842 964; x_wconf 88' lang='lat' dir='ltr'><strong>enim</strong></span> <span class='ocrx_word' id='word_1_33' title='bbox 1892 901 1987 960; x_wconf 90' lang='lat' dir='ltr'><strong>est</strong></span> <span class='ocrx_word' id='word_1_34' title='bbox 2008 946 2024 975; x_wconf 89' lang='lat'>‚</span> <span class='ocrx_word' id='word_1_35' title='bbox 2078 897 2250 979; x_wconf 87' lang='lat' dir='ltr'><strong>quod</strong></span> 
     </span>
     <span class='ocr_line' id='line_1_8' title="bbox 710 1002 2249 1093; baseline -0.006 -17"><span class='ocrx_word' id='word_1_36' title='bbox 710 1013 924 1093; x_wconf 87' lang='lat' dir='ltr'><strong>aliqua</strong></span> <span class='ocrx_word' id='word_1_37' title='bbox 947 1014 1178 1073; x_wconf 87' lang='lat' dir='ltr'><strong>natura</strong></span> <span class='ocrx_word' id='word_1_38' title='bbox 1203 1013 1413 1072; x_wconf 89' lang='lat' dir='ltr'><strong>creata</strong></span> <span class='ocrx_word' id='word_1_39' title='bbox 1434 1009 1513 1071; x_wconf 89' lang='lat' dir='ltr'><strong>sit</strong></span> <span class='ocrx_word' id='word_1_40' title='bbox 1540 1007 1813 1071; x_wconf 87' lang='lat' dir='ltr'><strong>nobilior</strong></span> <span class='ocrx_word' id='word_1_41' title='bbox 1837 1005 2069 1086; x_wconf 89' lang='lat' dir='ltr'><strong>angelo</strong></span> <span class='ocrx_word' id='word_1_42' title='bbox 2095 1026 2109 1067; x_wconf 92' lang='lat'><strong>:</strong></span> <span class='ocrx_word' id='word_1_43' title='bbox 2141 1002 2249 1067; x_wconf 89' lang='lat' dir='ltr'><strong>sed</strong></span> 
     </span>
     <span class='ocr_line' id='line_1_9' title="bbox 712 1113 2252 1190; baseline -0.006 -8"><span class='ocrx_word' id='word_1_44' title='bbox 712 1118 922 1183; x_wconf 89' lang='lat' dir='ltr'><strong>omnis</strong></span> <span class='ocrx_word' id='word_1_45' title='bbox 955 1134 1144 1179; x_wconf 88' lang='lat' dir='ltr'><strong>causa</strong></span> <span class='ocrx_word' id='word_1_46' title='bbox 1184 1115 1458 1178; x_wconf 88' lang='lat' dir='ltr'><strong>nobilior</strong></span> <span class='ocrx_word' id='word_1_47' title='bbox 1494 1117 1587 1178; x_wconf 92' lang='lat' dir='ltr'><strong>est</strong></span> <span class='ocrx_word' id='word_1_48' title='bbox 1624 1132 1740 1177; x_wconf 90' lang='lat' dir='ltr'><strong>suo</strong></span> <span class='ocrx_word' id='word_1_49' title='bbox 1780 1113 2048 1177; x_wconf 73' lang='lat' dir='ltr'><strong>effectu:</strong></span> <span class='ocrx_word' id='word_1_50' title='bbox 2096 1128 2252 1190; x_wconf 87' lang='lat' dir='ltr'><strong>ergo</strong></span> 
     </span>
     <span class='ocr_line' id='line_1_10' title="bbox 715 1221 2253 1306; baseline -0.007 -16"><span class='ocrx_word' id='word_1_51' title='bbox 715 1224 985 1306; x_wconf 82' lang='lat' dir='ltr'><strong>angelus</strong></span> <span class='ocrx_word' id='word_1_52' title='bbox 1036 1240 1169 1286; x_wconf 91' lang='lat' dir='ltr'><strong>non</strong></span> <span class='ocrx_word' id='word_1_53' title='bbox 1220 1222 1412 1285; x_wconf 89' lang='lat' dir='ltr'><strong>habet</strong></span> <span class='ocrx_word' id='word_1_54' title='bbox 1464 1221 1656 1285; x_wconf 89' lang='lat' dir='ltr'><strong>aliam</strong></span> <span class='ocrx_word' id='word_1_55' title='bbox 1709 1238 1966 1284; x_wconf 85' lang='lat' dir='ltr'><strong>causam</strong></span> <span class='ocrx_word' id='word_1_56' title='bbox 1989 1267 2006 1297; x_wconf 87' lang='lat'><strong>,</strong></span> <span class='ocrx_word' id='word_1_57' title='bbox 2055 1236 2253 1300; x_wconf 88' lang='lat' dir='ltr'><strong>quam</strong></span> 
     </span>
     <span class='ocr_line' id='line_1_11' title="bbox 714 1328 2256 1410; baseline -0.005 -14"><span class='ocrx_word' id='word_1_58' title='bbox 714 1334 1097 1396; x_wconf 86' lang='lat' dir='ltr'><strong>increatam:</strong></span> <span class='ocrx_word' id='word_1_59' title='bbox 1142 1329 1250 1392; x_wconf 86' lang='lat' dir='ltr'><strong>sed</strong></span> <span class='ocrx_word' id='word_1_60' title='bbox 1299 1328 1406 1391; x_wconf 88' lang='lat' dir='ltr'><strong>illa</strong></span> <span class='ocrx_word' id='word_1_61' title='bbox 1448 1348 1580 1392; x_wconf 91' lang='lat' dir='ltr'><strong>non</strong></span> <span class='ocrx_word' id='word_1_62' title='bbox 1627 1331 1831 1410; x_wconf 90' lang='lat' dir='ltr'><strong>potest</strong></span> <span class='ocrx_word' id='word_1_63' title='bbox 1877 1345 2013 1391; x_wconf 86' lang='lat' dir='ltr'><strong>esse</strong></span> <span class='ocrx_word' id='word_1_64' title='bbox 2062 1343 2256 1388; x_wconf 86' lang='lat' dir='ltr'><strong>causa</strong></span> 
     </span>
     <span class='ocr_line' id='line_1_12' title="bbox 717 1435 2255 1517; baseline -0.004 -14"><span class='ocrx_word' id='word_1_65' title='bbox 717 1437 1083 1516; x_wconf 80' lang='lat' dir='ltr'><strong>materialiS,</strong></span> <span class='ocrx_word' id='word_1_66' title='bbox 1112 1455 1230 1501; x_wconf 91' lang='lat' dir='ltr'><strong>nec</strong></span> <span class='ocrx_word' id='word_1_67' title='bbox 1256 1436 1538 1501; x_wconf 87' lang='lat' dir='ltr'><strong>formalis</strong></span> <span class='ocrx_word' id='word_1_68' title='bbox 1571 1460 1586 1500; x_wconf 72' lang='grc' dir='ltr'>ε</span> <span class='ocrx_word' id='word_1_69' title='bbox 1620 1454 1778 1517; x_wconf 88' lang='lat' dir='ltr'><strong>ergo</strong></span> <span class='ocrx_word' id='word_1_70' title='bbox 1806 1435 2078 1516; x_wconf 81' lang='lat' dir='ltr'><strong>angelus</strong></span> <span class='ocrx_word' id='word_1_71' title='bbox 2120 1452 2255 1498; x_wconf 90' lang='lat' dir='ltr'><strong>non</strong></span> 
     </span>
    </p>
   </div>
   <div class='ocr_carea' id='block_1_4' title="bbox 716 1541 2257 1716">
    <p class='ocr_par' dir='ltr' id='par_1_5' title="bbox 716 1541 2257 1716">
     <span class='ocr_line' id='line_1_13' title="bbox 716 1541 2257 1623; baseline -0.001 -15"><span class='ocrx_word' id='word_1_72' title='bbox 716 1545 910 1608; x_wconf 86' lang='lat' dir='ltr'><strong>habet</strong></span> <span class='ocrx_word' id='word_1_73' title='bbox 932 1544 1290 1622; x_wconf 78' lang='lat' dir='ltr'><strong>materiam,</strong></span> <span class='ocrx_word' id='word_1_74' title='bbox 1319 1562 1438 1608; x_wconf 87' lang='lat' dir='ltr'><strong>nec</strong></span> <span class='ocrx_word' id='word_1_75' title='bbox 1462 1544 1736 1610; x_wconf 81' lang='lat' dir='ltr'><strong>formam</strong></span> <span class='ocrx_word' id='word_1_76' title='bbox 1776 1543 1990 1623; x_wconf 86' lang='lat' dir='ltr'><strong>aliam,</strong></span> <span class='ocrx_word' id='word_1_77' title='bbox 2016 1541 2125 1607; x_wconf 87' lang='lat' dir='ltr'><strong>sed</strong></span> <span class='ocrx_word' id='word_1_78' title='bbox 2150 1558 2257 1605; x_wconf 88' lang='lat' dir='ltr'><strong>es-</strong></span> 
     </span>
     <span class='ocr_line' id='line_1_14' title="bbox 719 1651 1430 1716; baseline -0.004 0"><span class='ocrx_word' id='word_1_79' title='bbox 719 1651 1065 1716; x_wconf 85' lang='lat' dir='ltr'><strong>sentialiter</strong></span> <span class='ocrx_word' id='word_1_80' title='bbox 1084 1655 1179 1714; x_wconf 89' lang='lat' dir='ltr'><strong>est</strong></span> <span class='ocrx_word' id='word_1_81' title='bbox 1199 1651 1430 1715; x_wconf 87' lang='lat' dir='ltr'><strong>forma.</strong></span> 
     </span>
    </p>
   </div>
   <div class='ocr_carea' id='block_1_5' title="bbox 1264 1910 1714 1980">
    <p class='ocr_par' dir='ltr' id='par_1_6' title="bbox 1264 1910 1714 1980">
     <span class='ocr_line' id='line_1_15' title="bbox 1264 1910 1714 1980; baseline -0.004 -2"><span class='ocrx_word' id='word_1_82' title='bbox 1264 1910 1714 1980; x_wconf 89' lang='lat' dir='ltr'><strong>CONCLUSIO.</strong></span> 
     </span>
    </p>
   </div>
   <div class='ocr_carea' id='block_1_6' title="bbox 726 2084 2265 2156">
    <p class='ocr_par' dir='ltr' id='par_1_7' title="bbox 726 2084 2265 2156">
     <span class='ocr_line' id='line_1_16' title="bbox 726 2084 2265 2156; baseline -0.001 -15"><span class='ocrx_word' id='word_1_83' title='bbox 726 2084 993 2154; x_wconf 64' lang='lat' dir='ltr'><strong>Angelus,</strong></span> <span class='ocrx_word' id='word_1_84' title='bbox 1047 2085 1263 2138; x_wconf 82' lang='lat' dir='ltr'><strong>tametsi</strong></span> <span class='ocrx_word' id='word_1_85' title='bbox 1306 2098 1414 2138; x_wconf 81' lang='lat' dir='ltr'><strong>non</strong></span> <span class='ocrx_word' id='word_1_86' title='bbox 1447 2086 1521 2137; x_wconf 84' lang='lat' dir='ltr'><strong>sit</strong></span> <span class='ocrx_word' id='word_1_87' title='bbox 1561 2085 1878 2154; x_wconf 77' lang='lat' dir='ltr'><strong>compositus</strong></span> <span class='ocrx_word' id='word_1_88' title='bbox 1920 2099 1987 2139; x_wconf 80' lang='lat' dir='ltr'><strong>eoe</strong></span> <span class='ocrx_word' id='word_1_89' title='bbox 2006 2084 2265 2156; x_wconf 76' lang='lat' dir='ltr'><strong>partibus</strong></span> 
     </span>
    </p>
   </div>
   <div class='ocr_carea' id='block_1_7' title="bbox 796 2173 2285 2245">
    <p class='ocr_par' dir='ltr' id='par_1_8' title="bbox 796 2173 2285 2245">
     <span class='ocr_line' id='line_1_17' title="bbox 796 2173 2285 2245; baseline 0 -17"><span class='ocrx_word' id='word_1_90' title='bbox 796 2175 1190 2245; x_wconf 78' lang='lat' dir='ltr'><strong>quantitativis</strong></span> <span class='ocrx_word' id='word_1_91' title='bbox 1213 2188 1379 2244; x_wconf 76' lang='lat' dir='ltr'><strong>neque</strong></span> <span class='ocrx_word' id='word_1_92' title='bbox 1398 2173 1765 2242; x_wconf 74' lang='lat' dir='ltr'><strong>heteroqeneis,</strong></span> <span class='ocrx_word' id='word_1_93' title='bbox 1789 2177 1887 2227; x_wconf 84' lang='lat' dir='ltr'><strong>aut</strong></span> <span class='ocrx_word' id='word_1_94' title='bbox 1912 2189 1979 2227; x_wconf 66' lang='grc' dir='ltr'><strong>εει·</strong></span> <span class='ocrx_word' id='word_1_95' title='bbox 1996 2175 2267 2244; x_wconf 75' lang='lat' dir='ltr'><strong>corporali</strong></span> <span class='ocrx_word' id='word_1_96' title='bbox 2276 2204 2285 2215; x_wconf 91' lang='lat'><em>-</em></span> 
     </span>
    </p>
   </div>
   <div class='ocr_carea' id='block_1_8' title="bbox 798 2262 2267 2420">
    <p class='ocr_par' dir='ltr' id='par_1_9' title="bbox 798 2262 2267 2420">
     <span class='ocr_line' id='line_1_18' title="bbox 798 2262 2267 2333; baseline -0.001 -15"><span class='ocrx_word' id='word_1_97' title='bbox 798 2267 852 2318; x_wconf 84' lang='lat' dir='ltr'><strong>et</strong></span> <span class='ocrx_word' id='word_1_98' title='bbox 885 2262 1206 2333; x_wconf 74' lang='lat' dir='ltr'><strong>spirituali,·</strong></span> <span class='ocrx_word' id='word_1_99' title='bbox 1257 2265 1333 2318; x_wconf 82' lang='lat' dir='ltr'><strong>est</strong></span> <span class='ocrx_word' id='word_1_100' title='bbox 1373 2265 1551 2318; x_wconf 79' lang='lat' dir='ltr'><strong>tamen</strong></span> <span class='ocrx_word' id='word_1_101' title='bbox 1586 2264 1902 2333; x_wconf 81' lang='lat' dir='ltr'><strong>compositus</strong></span> <span class='ocrx_word' id='word_1_102' title='bbox 1940 2278 2005 2318; x_wconf 74' lang='lat' dir='ltr'><strong>ex</strong></span> <span class='ocrx_word' id='word_1_103' title='bbox 2033 2263 2267 2318; x_wconf 80' lang='lat' dir='ltr'><strong>materia</strong></span> 
     </span>
     <span class='ocr_line' id='line_1_19' title="bbox 802 2354 1077 2420; baseline -0.004 -12"><span class='ocrx_word' id='word_1_104' title='bbox 802 2357 854 2408; x_wconf 83' lang='lat' dir='ltr'><strong>et</strong></span> <span class='ocrx_word' id='word_1_105' title='bbox 880 2354 1077 2420; x_wconf 79' lang='lat' dir='ltr'><strong>forma.</strong></span> 
     </span>
    </p>
   </div>
   <div class='ocr_carea' id='block_1_9' title="bbox 731 2508 2280 3558">
    <p class='ocr_par' dir='ltr' id='par_1_10' title="bbox 731 2508 2280 3558">
     <span class='ocr_line' id='line_1_20' title="bbox 811 2508 2273 2592; baseline 0 -18"><span class='ocrx_word' id='word_1_106' title='bbox 811 2511 996 2592; x_wconf 88' lang='lat' dir='ltr'><strong>Resp.</strong></span> <span class='ocrx_word' id='word_1_107' title='bbox 1028 2509 1105 2573; x_wconf 91' lang='lat' dir='ltr'><strong>ad</strong></span> <span class='ocrx_word' id='word_1_108' title='bbox 1134 2508 1294 2590; x_wconf 89' lang='lat' dir='ltr'><strong>Arg.</strong></span> <span class='ocrx_word' id='word_1_109' title='bbox 1332 2509 1680 2573; x_wconf 77' lang='lat' dir='ltr'><strong>Dicendum</strong></span> <span class='ocrx_word' id='word_1_110' title='bbox 1705 2509 1877 2591; x_wconf 88' lang='lat' dir='ltr'><strong>quod</strong></span> <span class='ocrx_word' id='word_1_111' title='bbox 1910 2512 2155 2572; x_wconf 88' lang='lat' dir='ltr'><strong>certum</strong></span> <span class='ocrx_word' id='word_1_112' title='bbox 2176 2514 2273 2574; x_wconf 90' lang='lat' dir='ltr'><strong>est</strong></span> 
     </span>
     <span class='ocr_line' id='line_1_21' title="bbox 731 2614 2270 2700; baseline -0.001 -17"><span class='ocrx_word' id='word_1_113' title='bbox 731 2614 1037 2699; x_wconf 79' lang='lat' dir='ltr'><strong>angelum</strong></span> <span class='ocrx_word' id='word_1_114' title='bbox 1087 2635 1219 2680; x_wconf 90' lang='lat' dir='ltr'><strong>non</strong></span> <span class='ocrx_word' id='word_1_115' title='bbox 1263 2616 1496 2679; x_wconf 83' lang='lat' dir='ltr'><strong>habere</strong></span> <span class='ocrx_word' id='word_1_116' title='bbox 1537 2617 1874 2679; x_wconf 76' lang='lat' dir='ltr'><strong>essentiam</strong></span> <span class='ocrx_word' id='word_1_117' title='bbox 1919 2618 2270 2700; x_wconf 84' lang='lat' dir='ltr'><strong>simplicem</strong></span> 
     </span>
     <span class='ocr_line' id='line_1_22' title="bbox 732 2723 2269 2811; baseline -0.001 -22"><span class='ocrx_word' id='word_1_118' title='bbox 732 2745 846 2811; x_wconf 83' lang='lat' dir='ltr'><strong>per</strong></span> <span class='ocrx_word' id='word_1_119' title='bbox 873 2725 1296 2809; x_wconf 81' lang='lat' dir='ltr'><strong>privationem</strong></span> <span class='ocrx_word' id='word_1_120' title='bbox 1337 2724 1546 2787; x_wconf 91' lang='lat' dir='ltr'><strong>omnis</strong></span> <span class='ocrx_word' id='word_1_121' title='bbox 1574 2723 2047 2806; x_wconf 82' lang='lat' dir='ltr'><strong>compositionis</strong></span> <span class='ocrx_word' id='word_1_122' title='bbox 2079 2748 2094 2788; x_wconf 75' lang='grc' dir='ltr'>ι</span> <span class='ocrx_word' id='word_1_123' title='bbox 2128 2743 2269 2790; x_wconf 87' lang='lat' dir='ltr'><strong>cer-</strong></span> 
     </span>
     <span class='ocr_line' id='line_1_23' title="bbox 732 2830 2276 2913; baseline 0 -16"><span class='ocrx_word' id='word_1_124' title='bbox 732 2838 874 2898; x_wconf 89' lang='lat' dir='ltr'><strong>tum</strong></span> <span class='ocrx_word' id='word_1_125' title='bbox 903 2833 1075 2896; x_wconf 90' lang='lat' dir='ltr'><strong>enim</strong></span> <span class='ocrx_word' id='word_1_126' title='bbox 1101 2835 1193 2895; x_wconf 87' lang='lat' dir='ltr'><strong>est</strong></span> <span class='ocrx_word' id='word_1_127' title='bbox 1212 2878 1229 2909; x_wconf 87' lang='lat'>‚</span> <span class='ocrx_word' id='word_1_128' title='bbox 1261 2831 1431 2913; x_wconf 89' lang='lat' dir='ltr'><strong>quod</strong></span> <span class='ocrx_word' id='word_1_129' title='bbox 1461 2830 1729 2912; x_wconf 91' lang='lat' dir='ltr'><strong>angelus</strong></span> <span class='ocrx_word' id='word_1_130' title='bbox 1762 2833 2146 2913; x_wconf 89' lang='lat' dir='ltr'><strong>compositus</strong></span> <span class='ocrx_word' id='word_1_131' title='bbox 2180 2839 2276 2897; x_wconf 93' lang='lat' dir='ltr'><strong>est</strong></span> 
     </span>
     <span class='ocr_line' id='line_1_24' title="bbox 735 2937 2273 3020; baseline 0.001 -18"><span class='ocrx_word' id='word_1_132' title='bbox 735 2939 1188 3020; x_wconf 78' lang='lat' dir='ltr'><strong>compositione</strong></span> <span class='ocrx_word' id='word_1_133' title='bbox 1224 2938 1580 3019; x_wconf 86' lang='lat' dir='ltr'><strong>multiplici.</strong></span> <span class='ocrx_word' id='word_1_134' title='bbox 1616 2937 1825 3001; x_wconf 87' lang='lat' dir='ltr'><strong>Potest</strong></span> <span class='ocrx_word' id='word_1_135' title='bbox 1852 2940 2026 3002; x_wconf 86' lang='lat' dir='ltr'><strong>enim</strong></span> <span class='ocrx_word' id='word_1_136' title='bbox 2066 2941 2273 3003; x_wconf 90' lang='lat' dir='ltr'><strong>consi-</strong></span> 
     </span>
     <span class='ocr_line' id='line_1_25' title="bbox 735 3045 2271 3129; baseline 0 -19"><span class='ocrx_word' id='word_1_137' title='bbox 735 3045 940 3110; x_wconf 86' lang='lat' dir='ltr'><strong>derari</strong></span> <span class='ocrx_word' id='word_1_138' title='bbox 966 3045 1037 3107; x_wconf 89' lang='lat' dir='ltr'><strong>in</strong></span> <span class='ocrx_word' id='word_1_139' title='bbox 1068 3045 1539 3127; x_wconf 88' lang='lat' dir='ltr'><strong>comparatione</strong></span> <span class='ocrx_word' id='word_1_140' title='bbox 1583 3045 1661 3108; x_wconf 88' lang='lat' dir='ltr'><strong>ad</strong></span> <span class='ocrx_word' id='word_1_141' title='bbox 1706 3046 1809 3109; x_wconf 87' lang='lat' dir='ltr'><strong>sui</strong></span> <span class='ocrx_word' id='word_1_142' title='bbox 1843 3047 2234 3129; x_wconf 87' lang='lat' dir='ltr'><strong>principium</strong></span> <span class='ocrx_word' id='word_1_143' title='bbox 2254 3095 2271 3126; x_wconf 90' lang='lat'><strong>,</strong></span> 
     </span>
     <span class='ocr_line' id='line_1_26' title="bbox 739 3153 2277 3236; baseline 0.001 -19"><span class='ocrx_word' id='word_1_144' title='bbox 739 3154 912 3217; x_wconf 86' lang='lat' dir='ltr'><strong>etsie</strong></span> <span class='ocrx_word' id='word_1_145' title='bbox 941 3153 1010 3215; x_wconf 92' lang='lat' dir='ltr'><strong>in</strong></span> <span class='ocrx_word' id='word_1_146' title='bbox 1033 3157 1285 3216; x_wconf 85' lang='lat' dir='ltr'><strong>tantum</strong></span> <span class='ocrx_word' id='word_1_147' title='bbox 1304 3155 1399 3215; x_wconf 87' lang='lat' dir='ltr'><strong>est</strong></span> <span class='ocrx_word' id='word_1_148' title='bbox 1425 3154 1832 3235; x_wconf 76' lang='lat' dir='ltr'><strong>composituS,</strong></span> <span class='ocrx_word' id='word_1_149' title='bbox 1865 3153 1933 3217; x_wconf 90' lang='lat' dir='ltr'><strong>in</strong></span> <span class='ocrx_word' id='word_1_150' title='bbox 1957 3160 2277 3236; x_wconf 88' lang='lat' dir='ltr'><strong>quantum</strong></span> 
     </span>
     <span class='ocr_line' id='line_1_27' title="bbox 737 3258 2276 3343; baseline 0.001 -20"><span class='ocrx_word' id='word_1_151' title='bbox 737 3260 931 3323; x_wconf 88' lang='lat' dir='ltr'><strong>habet</strong></span> <span class='ocrx_word' id='word_1_152' title='bbox 958 3258 1037 3321; x_wconf 91' lang='lat' dir='ltr'><strong>ad</strong></span> <span class='ocrx_word' id='word_1_153' title='bbox 1078 3260 1291 3341; x_wconf 88' lang='lat' dir='ltr'><strong>ipsum</strong></span> <span class='ocrx_word' id='word_1_154' title='bbox 1331 3260 1837 3340; x_wconf 88' lang='lat' dir='ltr'><strong>dependentiam.</strong></span> <span class='ocrx_word' id='word_1_155' title='bbox 1871 3260 2276 3343; x_wconf 89' lang='lat' dir='ltr'><strong>Simplicissi-</strong></span> 
     </span>
     <span class='ocr_line' id='line_1_28' title="bbox 742 3366 2280 3451; baseline 0.003 -21"><span class='ocrx_word' id='word_1_156' title='bbox 742 3385 925 3430; x_wconf 89' lang='lat' dir='ltr'><strong>mum</strong></span> <span class='ocrx_word' id='word_1_157' title='bbox 962 3366 1133 3430; x_wconf 90' lang='lat' dir='ltr'><strong>enim</strong></span> <span class='ocrx_word' id='word_1_158' title='bbox 1164 3367 1525 3431; x_wconf 88' lang='lat' dir='ltr'><strong>absolutum</strong></span> <span class='ocrx_word' id='word_1_159' title='bbox 1562 3372 1690 3448; x_wconf 88' lang='lat' dir='ltr'><strong>est,</strong></span> <span class='ocrx_word' id='word_1_160' title='bbox 1734 3372 1796 3432; x_wconf 87' lang='lat' dir='ltr'><strong>et</strong></span> <span class='ocrx_word' id='word_1_161' title='bbox 1821 3388 2011 3433; x_wconf 89' lang='lat' dir='ltr'><strong>omne</strong></span> <span class='ocrx_word' id='word_1_162' title='bbox 2040 3370 2280 3451; x_wconf 88' lang='lat' dir='ltr'><strong>depen-</strong></span> 
     </span>
     <span class='ocr_line' id='line_1_29' title="bbox 743 3472 2279 3558; baseline 0.003 -21"><span class='ocrx_word' id='word_1_163' title='bbox 743 3474 897 3537; x_wconf 90' lang='lat' dir='ltr'><strong>dens</strong></span> <span class='ocrx_word' id='word_1_164' title='bbox 922 3472 1043 3536; x_wconf 87' lang='lat' dir='ltr'><strong>hoc</strong></span> <span class='ocrx_word' id='word_1_165' title='bbox 1083 3475 1219 3555; x_wconf 91' lang='lat' dir='ltr'><strong>ipso</strong></span> <span class='ocrx_word' id='word_1_166' title='bbox 1260 3474 1423 3536; x_wconf 89' lang='lat' dir='ltr'><strong>cadit</strong></span> <span class='ocrx_word' id='word_1_167' title='bbox 1452 3474 1520 3536; x_wconf 89' lang='lat' dir='ltr'><strong>in</strong></span> <span class='ocrx_word' id='word_1_168' title='bbox 1557 3474 1838 3556; x_wconf 83' lang='lat' dir='ltr'><strong>aliquam</strong></span> <span class='ocrx_word' id='word_1_169' title='bbox 1871 3478 2279 3558; x_wconf 88' lang='lat' dir='ltr'><strong>compositio-</strong></span> 
     </span>
    </p>
   </div>
   <div class='ocr_carea' id='block_1_10' title="bbox 742 3581 2284 3664">
    <p class='ocr_par' dir='ltr' id='par_1_11' title="bbox 742 3581 2284 3664">
     <span class='ocr_line' id='line_1_30' title="bbox 742 3581 2284 3664; baseline 0.003 -20"><span class='ocrx_word' id='word_1_170' title='bbox 742 3600 915 3659; x_wconf 91' lang='lat' dir='ltr'><strong>nem,</strong></span> <span class='ocrx_word' id='word_1_171' title='bbox 943 3582 1096 3662; x_wconf 87' lang='lat' dir='ltr'><strong>quia</strong></span> <span class='ocrx_word' id='word_1_172' title='bbox 1121 3581 1331 3644; x_wconf 78' lang='lat' dir='ltr'><strong>differt</strong></span> <span class='ocrx_word' id='word_1_173' title='bbox 1357 3597 1477 3662; x_wconf 82' lang='lat' dir='ltr'><strong>quo</strong></span> <span class='ocrx_word' id='word_1_174' title='bbox 1500 3587 1611 3658; x_wconf 76' lang='lat' dir='ltr'><strong>est,</strong></span> <span class='ocrx_word' id='word_1_175' title='bbox 1641 3585 1701 3645; x_wconf 87' lang='lat' dir='ltr'><strong>et</strong></span> <span class='ocrx_word' id='word_1_176' title='bbox 1728 3582 1892 3664; x_wconf 79' lang='lat' dir='ltr'><strong>quid</strong></span> <span class='ocrx_word' id='word_1_177' title='bbox 1928 3591 2043 3650; x_wconf 79' lang='lat' dir='ltr'><strong>est.</strong></span> <span class='ocrx_word' id='word_1_178' title='bbox 2084 3584 2284 3649; x_wconf 84' lang='lat' dir='ltr'><strong>Habet</strong></span> 
     </span>
    </p>
   </div>
   <div class='ocr_carea' id='block_1_11' title="bbox 743 3689 2286 5394">
    <p class='ocr_par' dir='ltr' id='par_1_12' title="bbox 743 3689 2286 5394">
     <span class='ocr_line' id='line_1_31' title="bbox 743 3689 2280 3773; baseline 0.003 -20"><span class='ocrx_word' id='word_1_179' title='bbox 743 3689 1019 3753; x_wconf 86' lang='lat' dir='ltr'><strong>secundo</strong></span> <span class='ocrx_word' id='word_1_180' title='bbox 1031 3689 1411 3752; x_wconf 87' lang='lat' dir='ltr'><strong>considerari</strong></span> <span class='ocrx_word' id='word_1_181' title='bbox 1428 3690 1495 3751; x_wconf 92' lang='lat' dir='ltr'><strong>in</strong></span> <span class='ocrx_word' id='word_1_182' title='bbox 1514 3692 1977 3773; x_wconf 86' lang='lat' dir='ltr'><strong>comparatione</strong></span> <span class='ocrx_word' id='word_1_183' title='bbox 1994 3693 2068 3756; x_wconf 87' lang='lat' dir='ltr'><strong>ad</strong></span> <span class='ocrx_word' id='word_1_184' title='bbox 2087 3713 2280 3757; x_wconf 89' lang='lat' dir='ltr'><strong>suum</strong></span> 
     </span>
     <span class='ocr_line' id='line_1_32' title="bbox 744 3797 2283 3880; baseline 0.004 -22"><span class='ocrx_word' id='word_1_185' title='bbox 744 3797 1035 3880; x_wconf 68' lang='lat' dir='ltr'><strong>effectum</strong></span> <span class='ocrx_word' id='word_1_186' title='bbox 1056 3844 1072 3872; x_wconf 88' lang='lat'>‚</span> <span class='ocrx_word' id='word_1_187' title='bbox 1106 3800 1170 3859; x_wconf 90' lang='lat' dir='ltr'><strong>et</strong></span> <span class='ocrx_word' id='word_1_188' title='bbox 1197 3797 1285 3858; x_wconf 88' lang='lat' dir='ltr'><strong>sic</strong></span> <span class='ocrx_word' id='word_1_189' title='bbox 1315 3797 1505 3859; x_wconf 85' lang='lat' dir='ltr'><strong>habet</strong></span> <span class='ocrx_word' id='word_1_190' title='bbox 1545 3799 1837 3879; x_wconf 89' lang='lat' dir='ltr'><strong>componi</strong></span> <span class='ocrx_word' id='word_1_191' title='bbox 1867 3818 1951 3862; x_wconf 79' lang='lat' dir='ltr'><strong>ex</strong></span> <span class='ocrx_word' id='word_1_192' title='bbox 1982 3801 2283 3864; x_wconf 83' lang='lat' dir='ltr'><strong>substan-</strong></span> 
     </span>
     <span class='ocr_line' id='line_1_33' title="bbox 745 3903 2280 3985; baseline 0.003 -18"><span class='ocrx_word' id='word_1_193' title='bbox 745 3903 833 3967; x_wconf 87' lang='lat' dir='ltr'><strong>tia</strong></span> <span class='ocrx_word' id='word_1_194' title='bbox 872 3908 936 3967; x_wconf 86' lang='lat' dir='ltr'><strong>et</strong></span> <span class='ocrx_word' id='word_1_195' title='bbox 974 3904 1272 3985; x_wconf 87' lang='lat' dir='ltr'><strong>potentia.</strong></span> <span class='ocrx_word' id='word_1_196' title='bbox 1316 3903 1518 3966; x_wconf 84' lang='lat' dir='ltr'><strong>Habet</strong></span> <span class='ocrx_word' id='word_1_197' title='bbox 1542 3903 1959 3969; x_wconf 82' lang='lat' dir='ltr'><strong>nihilominus</strong></span> <span class='ocrx_word' id='word_1_198' title='bbox 1995 3908 2280 3972; x_wconf 88' lang='lat' dir='ltr'><strong>conside-</strong></span> 
     </span>
     <span class='ocr_line' id='line_1_34' title="bbox 745 4011 2282 4091; baseline 0.004 -16"><span class='ocrx_word' id='word_1_199' title='bbox 745 4012 872 4075; x_wconf 89' lang='lat' dir='ltr'><strong>rari</strong></span> <span class='ocrx_word' id='word_1_200' title='bbox 903 4015 1111 4074; x_wconf 85' lang='lat' dir='ltr'><strong>utens</strong></span> <span class='ocrx_word' id='word_1_201' title='bbox 1141 4011 1208 4073; x_wconf 92' lang='lat' dir='ltr'><strong>in</strong></span> <span class='ocrx_word' id='word_1_202' title='bbox 1235 4029 1500 4091; x_wconf 84' lang='lat' dir='ltr'><strong>genere,</strong></span> <span class='ocrx_word' id='word_1_203' title='bbox 1536 4013 1601 4074; x_wconf 88' lang='lat' dir='ltr'><strong>et</strong></span> <span class='ocrx_word' id='word_1_204' title='bbox 1632 4012 1721 4073; x_wconf 87' lang='lat' dir='ltr'><strong>sic</strong></span> <span class='ocrx_word' id='word_1_205' title='bbox 1756 4014 2110 4077; x_wconf 84' lang='lat' dir='ltr'><strong>secundum</strong></span> <span class='ocrx_word' id='word_1_206' title='bbox 2139 4036 2282 4081; x_wconf 87' lang='lat' dir='ltr'><strong>me-</strong></span> 
     </span>
     <span class='ocr_line' id='line_1_35' title="bbox 745 4119 2278 4204; baseline 0.001 -20"><span class='ocrx_word' id='word_1_207' title='bbox 745 4119 1145 4201; x_wconf 83' lang='lat' dir='ltr'><strong>taphysicum</strong></span> <span class='ocrx_word' id='word_1_208' title='bbox 1170 4119 1570 4199; x_wconf 86' lang='lat' dir='ltr'><strong>componitur</strong></span> <span class='ocrx_word' id='word_1_209' title='bbox 1598 4136 1680 4180; x_wconf 83' lang='lat' dir='ltr'><strong>ex</strong></span> <span class='ocrx_word' id='word_1_210' title='bbox 1707 4123 1851 4182; x_wconf 90' lang='lat' dir='ltr'><strong>actu</strong></span> <span class='ocrx_word' id='word_1_211' title='bbox 1874 4125 1937 4183; x_wconf 90' lang='lat' dir='ltr'><strong>et</strong></span> <span class='ocrx_word' id='word_1_212' title='bbox 1960 4124 2238 4202; x_wconf 82' lang='lat' dir='ltr'><strong>potentia</strong></span> <span class='ocrx_word' id='word_1_213' title='bbox 2262 4146 2278 4204; x_wconf 89' lang='lat'>;</span> 
     </span>
     <span class='ocr_line' id='line_1_36' title="bbox 745 4227 2282 4308; baseline 0.002 -16"><span class='ocrx_word' id='word_1_214' title='bbox 745 4227 1095 4292; x_wconf 84' lang='lat' dir='ltr'><strong>secundum</strong></span> <span class='ocrx_word' id='word_1_215' title='bbox 1125 4227 1407 4306; x_wconf 85' lang='lat' dir='ltr'><strong>logicum</strong></span> <span class='ocrx_word' id='word_1_216' title='bbox 1449 4245 1637 4302; x_wconf 79' lang='lat' dir='ltr'><strong>vem,</strong></span> <span class='ocrx_word' id='word_1_217' title='bbox 1672 4245 1753 4290; x_wconf 81' lang='lat' dir='ltr'><strong>ex</strong></span> <span class='ocrx_word' id='word_1_218' title='bbox 1788 4246 2024 4308; x_wconf 90' lang='lat' dir='ltr'><strong>genere</strong></span> <span class='ocrx_word' id='word_1_219' title='bbox 2060 4233 2124 4293; x_wconf 90' lang='lat' dir='ltr'><strong>et</strong></span> <span class='ocrx_word' id='word_1_220' title='bbox 2161 4232 2282 4295; x_wconf 82' lang='lat' dir='ltr'><strong>dif-</strong></span> 
     </span>
     <span class='ocr_line' id='line_1_37' title="bbox 743 4336 2283 4404; baseline 0.002 -4"><span class='ocrx_word' id='word_1_221' title='bbox 743 4336 1029 4400; x_wconf 82' lang='lat' dir='ltr'><strong>ferentia.</strong></span> <span class='ocrx_word' id='word_1_222' title='bbox 1087 4336 1244 4400; x_wconf 85' lang='lat' dir='ltr'><strong>Item</strong></span> <span class='ocrx_word' id='word_1_223' title='bbox 1288 4336 1477 4399; x_wconf 90' lang='lat' dir='ltr'><strong>habet</strong></span> <span class='ocrx_word' id='word_1_224' title='bbox 1518 4336 1900 4400; x_wconf 87' lang='lat' dir='ltr'><strong>considerari</strong></span> <span class='ocrx_word' id='word_1_225' title='bbox 1945 4342 2016 4401; x_wconf 91' lang='lat' dir='ltr'><strong>ut</strong></span> <span class='ocrx_word' id='word_1_226' title='bbox 2058 4358 2172 4402; x_wconf 87' lang='lat' dir='ltr'><strong>ens</strong></span> <span class='ocrx_word' id='word_1_227' title='bbox 2215 4342 2283 4404; x_wconf 91' lang='lat' dir='ltr'><strong>in</strong></span> 
     </span>
     <span class='ocr_line' id='line_1_38' title="bbox 744 4442 2280 4524; baseline 0.004 -19"><span class='ocrx_word' id='word_1_228' title='bbox 744 4459 811 4505; x_wconf 88' lang='lat' dir='ltr'><strong>se</strong></span> <span class='ocrx_word' id='word_1_229' title='bbox 843 4465 857 4504; x_wconf 79' lang='lat' dir='ltr'><strong><em>z</em></strong></span> <span class='ocrx_word' id='word_1_230' title='bbox 891 4442 1066 4506; x_wconf 86' lang='lat' dir='ltr'><strong>etsie</strong></span> <span class='ocrx_word' id='word_1_231' title='bbox 1087 4491 1103 4519; x_wconf 90' lang='lat'><strong>,</strong></span> <span class='ocrx_word' id='word_1_232' title='bbox 1136 4446 1449 4524; x_wconf 88' lang='lat' dir='ltr'><strong>quantum</strong></span> <span class='ocrx_word' id='word_1_233' title='bbox 1482 4442 1562 4505; x_wconf 89' lang='lat' dir='ltr'><strong>ad</strong></span> <span class='ocrx_word' id='word_1_234' title='bbox 1599 4461 1731 4506; x_wconf 87' lang='lat' dir='ltr'><strong>esse</strong></span> <span class='ocrx_word' id='word_1_235' title='bbox 1767 4446 2046 4524; x_wconf 87' lang='lat' dir='ltr'><strong>actuale,</strong></span> <span class='ocrx_word' id='word_1_236' title='bbox 2086 4451 2179 4511; x_wconf 87' lang='lat' dir='ltr'><strong>est</strong></span> <span class='ocrx_word' id='word_1_237' title='bbox 2216 4448 2280 4511; x_wconf 90' lang='lat' dir='ltr'><strong>in</strong></span> 
     </span>
     <span class='ocr_line' id='line_1_39' title="bbox 744 4548 2285 4633; baseline 0.005 -22"><span class='ocrx_word' id='word_1_238' title='bbox 744 4548 882 4632; x_wconf 86' lang='lat' dir='ltr'><strong>ipso</strong></span> <span class='ocrx_word' id='word_1_239' title='bbox 922 4549 1293 4631; x_wconf 84' lang='lat' dir='ltr'><strong>compositio</strong></span> <span class='ocrx_word' id='word_1_240' title='bbox 1336 4549 1498 4611; x_wconf 87' lang='lat' dir='ltr'><strong>entis</strong></span> <span class='ocrx_word' id='word_1_241' title='bbox 1538 4553 1601 4611; x_wconf 89' lang='lat' dir='ltr'><strong>et</strong></span> <span class='ocrx_word' id='word_1_242' title='bbox 1643 4568 1811 4630; x_wconf 82' lang='lat' dir='ltr'><strong>esse3</strong></span> <span class='ocrx_word' id='word_1_243' title='bbox 1845 4556 2158 4633; x_wconf 88' lang='lat' dir='ltr'><strong>quantum</strong></span> <span class='ocrx_word' id='word_1_244' title='bbox 2205 4555 2285 4619; x_wconf 88' lang='lat' dir='ltr'><strong>ad</strong></span> 
     </span>
     <span class='ocr_line' id='line_1_40' title="bbox 745 4655 2286 4740; baseline 0.004 -21"><span class='ocrx_word' id='word_1_245' title='bbox 745 4673 880 4719; x_wconf 85' lang='lat' dir='ltr'><strong>esse</strong></span> <span class='ocrx_word' id='word_1_246' title='bbox 919 4655 1285 4734; x_wconf 87' lang='lat' dir='ltr'><strong>essentiale,</strong></span> <span class='ocrx_word' id='word_1_247' title='bbox 1317 4656 1722 4737; x_wconf 89' lang='lat' dir='ltr'><strong>componitur</strong></span> <span class='ocrx_word' id='word_1_248' title='bbox 1768 4676 1848 4720; x_wconf 86' lang='lat' dir='ltr'><strong>ex</strong></span> <span class='ocrx_word' id='word_1_249' title='bbox 1891 4675 2013 4740; x_wconf 81' lang='lat' dir='ltr'><strong>quo</strong></span> <span class='ocrx_word' id='word_1_250' title='bbox 2055 4664 2179 4738; x_wconf 80' lang='lat' dir='ltr'><strong>est,</strong></span> <span class='ocrx_word' id='word_1_251' title='bbox 2223 4665 2286 4724; x_wconf 90' lang='lat' dir='ltr'><strong>et</strong></span> 
     </span>
     <span class='ocr_line' id='line_1_41' title="bbox 746 4762 2283 4845; baseline 0.004 -19"><span class='ocrx_word' id='word_1_252' title='bbox 746 4762 918 4844; x_wconf 82' lang='lat' dir='ltr'><strong>quod</strong></span> <span class='ocrx_word' id='word_1_253' title='bbox 943 4767 1070 4842; x_wconf 77' lang='lat' dir='ltr'><strong>est,·</strong></span> <span class='ocrx_word' id='word_1_254' title='bbox 1096 4767 1410 4844; x_wconf 87' lang='lat' dir='ltr'><strong>quantum</strong></span> <span class='ocrx_word' id='word_1_255' title='bbox 1433 4763 1510 4826; x_wconf 90' lang='lat' dir='ltr'><strong>ad</strong></span> <span class='ocrx_word' id='word_1_256' title='bbox 1540 4782 1673 4827; x_wconf 82' lang='lat' dir='ltr'><strong>esse</strong></span> <span class='ocrx_word' id='word_1_257' title='bbox 1701 4764 2110 4845; x_wconf 87' lang='lat' dir='ltr'><strong>individuale,</strong></span> <span class='ocrx_word' id='word_1_258' title='bbox 2146 4769 2283 4834; x_wconf 88' lang='lat' dir='ltr'><strong>sive</strong></span> 
     </span>
     <span class='ocr_line' id='line_1_42' title="bbox 746 4870 2285 4957; baseline 0.008 -24"><span class='ocrx_word' id='word_1_259' title='bbox 746 4870 1073 4952; x_wconf 88' lang='lat' dir='ltr'><strong>personale</strong></span> <span class='ocrx_word' id='word_1_260' title='bbox 1093 4918 1108 4944; x_wconf 89' lang='lat'><strong>‚</strong></span> <span class='ocrx_word' id='word_1_261' title='bbox 1141 4871 1230 4932; x_wconf 87' lang='lat' dir='ltr'><strong>sie</strong></span> <span class='ocrx_word' id='word_1_262' title='bbox 1259 4871 1324 4932; x_wconf 89' lang='lat' dir='ltr'><strong>in</strong></span> <span class='ocrx_word' id='word_1_263' title='bbox 1356 4870 1463 4933; x_wconf 91' lang='lat' dir='ltr'><strong>illo</strong></span> <span class='ocrx_word' id='word_1_264' title='bbox 1489 4872 1802 4952; x_wconf 89' lang='lat' dir='ltr'><strong>reperitur</strong></span> <span class='ocrx_word' id='word_1_265' title='bbox 1829 4875 2001 4956; x_wconf 78' lang='lat' dir='ltr'><strong>quod</strong></span> <span class='ocrx_word' id='word_1_266' title='bbox 2040 4885 2135 4944; x_wconf 75' lang='lat' dir='ltr'><strong>esc</strong></span> <span class='ocrx_word' id='word_1_267' title='bbox 2157 4927 2178 4957; x_wconf 87' lang='lat'><strong>,</strong></span> <span class='ocrx_word' id='word_1_268' title='bbox 2221 4883 2285 4943; x_wconf 86' lang='lat' dir='ltr'><strong>et</strong></span> 
     </span>
     <span class='ocr_line' id='line_1_43' title="bbox 746 4977 2282 5058; baseline 0.008 -18"><span class='ocrx_word' id='word_1_269' title='bbox 746 4977 896 5058; x_wconf 77' lang='lat' dir='ltr'><strong>quis</strong></span> <span class='ocrx_word' id='word_1_270' title='bbox 919 4984 1035 5043; x_wconf 79' lang='lat' dir='ltr'><strong>est.</strong></span> <span class='ocrx_word' id='word_1_271' title='bbox 1075 4977 1231 5042; x_wconf 88' lang='lat' dir='ltr'><strong>Cum</strong></span> <span class='ocrx_word' id='word_1_272' title='bbox 1262 4996 1420 5057; x_wconf 84' lang='lat' dir='ltr'><strong>ergo</strong></span> <span class='ocrx_word' id='word_1_273' title='bbox 1448 4980 1735 5058; x_wconf 85' lang='lat' dir='ltr'><strong>angelica</strong></span> <span class='ocrx_word' id='word_1_274' title='bbox 1754 4986 2022 5046; x_wconf 87' lang='lat' dir='ltr'><strong>essentia</strong></span> <span class='ocrx_word' id='word_1_275' title='bbox 2048 4987 2282 5052; x_wconf 79' lang='lat' dir='ltr'><strong>dicitur</strong></span> 
     </span>
     <span class='ocr_line' id='line_1_44' title="bbox 746 5084 2280 5168; baseline 0.008 -22"><span class='ocrx_word' id='word_1_276' title='bbox 746 5084 1037 5164; x_wconf 81' lang='lat' dir='ltr'><strong>simplex,</strong></span> <span class='ocrx_word' id='word_1_277' title='bbox 1058 5085 1181 5147; x_wconf 88' lang='lat' dir='ltr'><strong>hoc</strong></span> <span class='ocrx_word' id='word_1_278' title='bbox 1200 5103 1331 5148; x_wconf 91' lang='lat' dir='ltr'><strong>non</strong></span> <span class='ocrx_word' id='word_1_279' title='bbox 1350 5089 1443 5148; x_wconf 89' lang='lat' dir='ltr'><strong>est</strong></span> <span class='ocrx_word' id='word_1_280' title='bbox 1468 5105 1577 5167; x_wconf 84' lang='lat' dir='ltr'><strong>per</strong></span> <span class='ocrx_word' id='word_1_281' title='bbox 1603 5087 2020 5168; x_wconf 83' lang='lat' dir='ltr'><strong>privationem</strong></span> <span class='ocrx_word' id='word_1_282' title='bbox 2050 5094 2280 5158; x_wconf 87' lang='lat' dir='ltr'><strong>harum</strong></span> 
     </span>
     <span class='ocr_line' id='line_1_45' title="bbox 747 5191 2284 5282; baseline 0.009 -29"><span class='ocrx_word' id='word_1_283' title='bbox 747 5191 1304 5273; x_wconf 80' lang='lat' dir='ltr'><strong>compositionum3</strong></span> <span class='ocrx_word' id='word_1_284' title='bbox 1350 5193 1457 5256; x_wconf 87' lang='lat' dir='ltr'><strong>sed</strong></span> <span class='ocrx_word' id='word_1_285' title='bbox 1496 5194 1601 5257; x_wconf 84' lang='lat' dir='ltr'><strong>hic</strong></span> <span class='ocrx_word' id='word_1_286' title='bbox 1634 5201 1878 5260; x_wconf 86' lang='lat' dir='ltr'><strong>certum</strong></span> <span class='ocrx_word' id='word_1_287' title='bbox 1919 5204 2010 5261; x_wconf 90' lang='lat' dir='ltr'><strong>est</strong></span> <span class='ocrx_word' id='word_1_288' title='bbox 2037 5201 2284 5282; x_wconf 81' lang='lat' dir='ltr'><strong>aliquas</strong></span> 
     </span>
     <span class='ocr_line' id='line_1_46' title="bbox 748 5299 2279 5394; baseline 0.009 -33"><span class='ocrx_word' id='word_1_289' title='bbox 748 5299 1230 5381; x_wconf 82' lang='lat' dir='ltr'><strong>compositiones</strong></span> <span class='ocrx_word' id='word_1_290' title='bbox 1254 5302 1571 5370; x_wconf 84' lang='lat' dir='ltr'><strong>removeri</strong></span> <span class='ocrx_word' id='word_1_291' title='bbox 1595 5321 1636 5368; x_wconf 84' lang='lat' dir='ltr'><strong>a</strong></span> <span class='ocrx_word' id='word_1_292' title='bbox 1657 5304 2007 5371; x_wconf 84' lang='lat' dir='ltr'><strong>substantia</strong></span> <span class='ocrx_word' id='word_1_293' title='bbox 2028 5311 2242 5393; x_wconf 89' lang='lat' dir='ltr'><strong>angeli</strong></span> <span class='ocrx_word' id='word_1_294' title='bbox 2260 5360 2279 5394; x_wconf 89' lang='lat'><strong>,</strong></span> 
     </span>
    </p>
   </div>
   <div class='ocr_carea' id='block_1_12' title="bbox 2351 462 3902 5390">
    <p class='ocr_par' dir='ltr' id='par_1_13' title="bbox 2351 462 3892 3000">
     <span class='ocr_line' id='line_1_47' title="bbox 2353 462 3871 546; baseline 0.002 -19"><span class='ocrx_word' id='word_1_295' title='bbox 2353 466 2571 546; x_wconf 88' lang='lat' dir='ltr'><strong>utpote</strong></span> <span class='ocrx_word' id='word_1_296' title='bbox 2597 462 3113 545; x_wconf 88' lang='lat' dir='ltr'><strong>compositionem</strong></span> <span class='ocrx_word' id='word_1_297' title='bbox 3137 480 3219 527; x_wconf 83' lang='lat' dir='ltr'><strong>ex</strong></span> <span class='ocrx_word' id='word_1_298' title='bbox 3249 463 3537 546; x_wconf 85' lang='lat' dir='ltr'><strong>partibus</strong></span> <span class='ocrx_word' id='word_1_299' title='bbox 3560 467 3871 546; x_wconf 81' lang='lat' dir='ltr'><strong>quantita-</strong></span> 
     </span>
     <span class='ocr_line' id='line_1_48' title="bbox 2351 570 3872 653; baseline 0.003 -20"><span class='ocrx_word' id='word_1_300' title='bbox 2351 571 2499 634; x_wconf 90' lang='lat' dir='ltr'><strong>tivis</strong></span> <span class='ocrx_word' id='word_1_301' title='bbox 2518 621 2535 650; x_wconf 99' lang='lat'><strong>,</strong></span> <span class='ocrx_word' id='word_1_302' title='bbox 2574 574 2639 634; x_wconf 91' lang='lat' dir='ltr'><strong>et</strong></span> <span class='ocrx_word' id='word_1_303' title='bbox 2663 570 3186 653; x_wconf 89' lang='lat' dir='ltr'><strong>compositionem</strong></span> <span class='ocrx_word' id='word_1_304' title='bbox 3213 589 3292 634; x_wconf 84' lang='lat' dir='ltr'><strong>ex</strong></span> <span class='ocrx_word' id='word_1_305' title='bbox 3323 571 3612 653; x_wconf 88' lang='lat' dir='ltr'><strong>partibus</strong></span> <span class='ocrx_word' id='word_1_306' title='bbox 3636 571 3872 638; x_wconf 88' lang='lat' dir='ltr'><strong>hetero-</strong></span> 
     </span>
     <span class='ocr_line' id='line_1_49' title="bbox 2355 678 3872 763; baseline 0.002 -23"><span class='ocrx_word' id='word_1_307' title='bbox 2355 679 2577 759; x_wconf 89' lang='lat' dir='ltr'><strong>geneis</strong></span> <span class='ocrx_word' id='word_1_308' title='bbox 2596 725 2612 752; x_wconf 92' lang='lat'>‚</span> <span class='ocrx_word' id='word_1_309' title='bbox 2642 681 2705 741; x_wconf 89' lang='lat' dir='ltr'><strong>et</strong></span> <span class='ocrx_word' id='word_1_310' title='bbox 2728 678 3248 760; x_wconf 87' lang='lat' dir='ltr'><strong>compositionem</strong></span> <span class='ocrx_word' id='word_1_311' title='bbox 3287 697 3369 742; x_wconf 86' lang='lat' dir='ltr'><strong>ex</strong></span> <span class='ocrx_word' id='word_1_312' title='bbox 3409 682 3640 742; x_wconf 82' lang='lat' dir='ltr'><strong>natura</strong></span> <span class='ocrx_word' id='word_1_313' title='bbox 3666 698 3872 763; x_wconf 81' lang='lat' dir='ltr'><strong>corpo-</strong></span> 
     </span>
     <span class='ocr_line' id='line_1_50' title="bbox 2356 784 3872 867; baseline 0.004 -20"><span class='ocrx_word' id='word_1_314' title='bbox 2356 784 2471 847; x_wconf 85' lang='lat' dir='ltr'><strong>rali</strong></span> <span class='ocrx_word' id='word_1_315' title='bbox 2496 789 2559 848; x_wconf 88' lang='lat' dir='ltr'><strong>et</strong></span> <span class='ocrx_word' id='word_1_316' title='bbox 2593 784 2938 867; x_wconf 87' lang='lat' dir='ltr'><strong>spirituali,</strong></span> <span class='ocrx_word' id='word_1_317' title='bbox 2969 785 3177 866; x_wconf 86' lang='lat' dir='ltr'><strong>qualis</strong></span> <span class='ocrx_word' id='word_1_318' title='bbox 3211 789 3307 849; x_wconf 88' lang='lat' dir='ltr'><strong>est</strong></span> <span class='ocrx_word' id='word_1_319' title='bbox 3344 786 3412 849; x_wconf 91' lang='lat' dir='ltr'><strong>in</strong></span> <span class='ocrx_word' id='word_1_320' title='bbox 3449 786 3727 850; x_wconf 89' lang='lat' dir='ltr'><strong>homine.</strong></span> <span class='ocrx_word' id='word_1_321' title='bbox 3762 786 3872 853; x_wconf 89' lang='lat' dir='ltr'><strong>Sed</strong></span> 
     </span>
     <span class='ocr_line' id='line_1_51' title="bbox 2358 891 3875 974; baseline 0.003 -19"><span class='ocrx_word' id='word_1_322' title='bbox 2358 891 2435 955; x_wconf 92' lang='lat' dir='ltr'><strong>de</strong></span> <span class='ocrx_word' id='word_1_323' title='bbox 2478 892 2929 974; x_wconf 84' lang='lat' dir='ltr'><strong>compositione</strong></span> <span class='ocrx_word' id='word_1_324' title='bbox 2983 893 3264 956; x_wconf 70' lang='lat' dir='ltr'><strong>materiae</strong></span> <span class='ocrx_word' id='word_1_325' title='bbox 3321 898 3387 957; x_wconf 92' lang='lat' dir='ltr'><strong>et</strong></span> <span class='ocrx_word' id='word_1_326' title='bbox 3439 894 3660 957; x_wconf 80' lang='lat' dir='ltr'><strong>formae</strong></span> <span class='ocrx_word' id='word_1_327' title='bbox 3684 943 3700 973; x_wconf 93' lang='lat'><strong>,</strong></span> <span class='ocrx_word' id='word_1_328' title='bbox 3753 895 3875 959; x_wconf 88' lang='lat' dir='ltr'><strong>sive</strong></span> 
     </span>
     <span class='ocr_line' id='line_1_52' title="bbox 2358 999 3870 1076; baseline 0.003 -15"><span class='ocrx_word' id='word_1_329' title='bbox 2358 999 2700 1063; x_wconf 79' lang='lat' dir='ltr'><strong>materialis</strong></span> <span class='ocrx_word' id='word_1_330' title='bbox 2730 1005 2795 1063; x_wconf 93' lang='lat' dir='ltr'><strong>et</strong></span> <span class='ocrx_word' id='word_1_331' title='bbox 2833 1000 3151 1076; x_wconf 86' lang='lat' dir='ltr'><strong>formalis,</strong></span> <span class='ocrx_word' id='word_1_332' title='bbox 3185 1000 3262 1064; x_wconf 85' lang='lat' dir='ltr'><strong>de</strong></span> <span class='ocrx_word' id='word_1_333' title='bbox 3306 1000 3427 1063; x_wconf 90' lang='lat' dir='ltr'><strong>hac</strong></span> <span class='ocrx_word' id='word_1_334' title='bbox 3466 1001 3729 1064; x_wconf 89' lang='lat' dir='ltr'><strong>dubium</strong></span> <span class='ocrx_word' id='word_1_335' title='bbox 3767 1007 3870 1066; x_wconf 63' lang='lat' dir='ltr'><strong>ast.</strong></span> 
     </span>
     <span class='ocr_line' id='line_1_53' title="bbox 2360 1106 3874 1190; baseline 0.002 -20"><span class='ocrx_word' id='word_1_336' title='bbox 2360 1106 2437 1171; x_wconf 89' lang='lat' dir='ltr'><strong>Et</strong></span> <span class='ocrx_word' id='word_1_337' title='bbox 2460 1107 2803 1172; x_wconf 89' lang='lat' dir='ltr'><strong>voluerunt</strong></span> <span class='ocrx_word' id='word_1_338' title='bbox 2835 1107 3032 1189; x_wconf 87' lang='lat' dir='ltr'><strong>aliqui</strong></span> <span class='ocrx_word' id='word_1_339' title='bbox 3058 1108 3285 1186; x_wconf 89' lang='lat' dir='ltr'><strong>dicere,</strong></span> <span class='ocrx_word' id='word_1_340' title='bbox 3318 1108 3489 1190; x_wconf 88' lang='lat' dir='ltr'><strong>quod</strong></span> <span class='ocrx_word' id='word_1_341' title='bbox 3521 1108 3660 1170; x_wconf 84' lang='lat' dir='ltr'><strong>talis</strong></span> <span class='ocrx_word' id='word_1_342' title='bbox 3680 1128 3874 1173; x_wconf 82' lang='lat' dir='ltr'><strong>remo·</strong></span> 
     </span>
     <span class='ocr_line' id='line_1_54' title="bbox 2359 1215 3873 1298; baseline 0.002 -20"><span class='ocrx_word' id='word_1_343' title='bbox 2359 1218 2549 1278; x_wconf 91' lang='lat' dir='ltr'><strong>vetur</strong></span> <span class='ocrx_word' id='word_1_344' title='bbox 2574 1215 2655 1277; x_wconf 90' lang='lat' dir='ltr'><strong>ab</strong></span> <span class='ocrx_word' id='word_1_345' title='bbox 2680 1215 2934 1295; x_wconf 82' lang='lat' dir='ltr'><strong>ange10‚</strong></span> <span class='ocrx_word' id='word_1_346' title='bbox 2968 1220 3031 1278; x_wconf 90' lang='lat' dir='ltr'><strong>et</strong></span> <span class='ocrx_word' id='word_1_347' title='bbox 3049 1220 3199 1278; x_wconf 90' lang='lat' dir='ltr'><strong>sunt</strong></span> <span class='ocrx_word' id='word_1_348' title='bbox 3220 1216 3286 1278; x_wconf 92' lang='lat' dir='ltr'><strong>in</strong></span> <span class='ocrx_word' id='word_1_349' title='bbox 3306 1235 3382 1279; x_wconf 93' lang='lat' dir='ltr'><strong>eo</strong></span> <span class='ocrx_word' id='word_1_350' title='bbox 3407 1218 3873 1298; x_wconf 86' lang='lat' dir='ltr'><strong>compositiones</strong></span> 
     </span>
     <span class='ocr_line' id='line_1_55' title="bbox 2361 1322 3867 1407; baseline 0.003 -24"><span class='ocrx_word' id='word_1_351' title='bbox 2361 1322 2541 1404; x_wconf 84' lang='lat' dir='ltr'><strong>prius</strong></span> <span class='ocrx_word' id='word_1_352' title='bbox 2568 1322 2772 1385; x_wconf 82' lang='lat' dir='ltr'><strong>dictae.</strong></span> <span class='ocrx_word' id='word_1_353' title='bbox 2811 1322 2932 1386; x_wconf 90' lang='lat' dir='ltr'><strong>Sed</strong></span> <span class='ocrx_word' id='word_1_354' title='bbox 2955 1372 2971 1402; x_wconf 92' lang='lat'><strong>,</strong></span> <span class='ocrx_word' id='word_1_355' title='bbox 3001 1324 3167 1386; x_wconf 86' lang='lat' dir='ltr'><strong>sieut</strong></span> <span class='ocrx_word' id='word_1_356' title='bbox 3192 1327 3515 1387; x_wconf 87' lang='lat' dir='ltr'><strong>ostensum</strong></span> <span class='ocrx_word' id='word_1_357' title='bbox 3548 1329 3642 1387; x_wconf 90' lang='lat' dir='ltr'><strong>est</strong></span> <span class='ocrx_word' id='word_1_358' title='bbox 3665 1344 3867 1407; x_wconf 68' lang='lat' dir='ltr'><strong>supi-2³3</strong></span> 
     </span>
     <span class='ocr_line' id='line_1_56' title="bbox 2362 1409 3872 1511; baseline 0.003 -18"><span class='ocrx_word' id='word_1_359' title='bbox 2362 1447 2513 1493; x_wconf 87' lang='lat' dir='ltr'><strong>cum</strong></span> <span class='ocrx_word' id='word_1_360' title='bbox 2552 1429 2623 1492; x_wconf 91' lang='lat' dir='ltr'><strong>in</strong></span> <span class='ocrx_word' id='word_1_361' title='bbox 2661 1409 2889 1511; x_wconf 82' lang='lat' dir='ltr'><strong>angelo</strong></span> <span class='ocrx_word' id='word_1_362' title='bbox 2931 1431 3010 1493; x_wconf 89' lang='lat' dir='ltr'><strong>sit</strong></span> <span class='ocrx_word' id='word_1_363' title='bbox 3038 1431 3201 1494; x_wconf 86' lang='lat' dir='ltr'><strong>ratio</strong></span> <span class='ocrx_word' id='word_1_364' title='bbox 3241 1431 3712 1510; x_wconf 75' lang='lat' dir='ltr'><strong>mutabilitatiS,</strong></span> <span class='ocrx_word' id='word_1_365' title='bbox 3756 1452 3872 1497; x_wconf 88' lang='lat' dir='ltr'><strong>non</strong></span> 
     </span>
     <span class='ocr_line' id='line_1_57' title="bbox 2363 1538 3874 1618; baseline 0.002 -17"><span class='ocrx_word' id='word_1_366' title='bbox 2363 1541 2614 1601; x_wconf 89' lang='lat' dir='ltr'><strong>tantum</strong></span> <span class='ocrx_word' id='word_1_367' title='bbox 2643 1538 2721 1603; x_wconf 88' lang='lat' dir='ltr'><strong>ad</strong></span> <span class='ocrx_word' id='word_1_368' title='bbox 2743 1558 2875 1603; x_wconf 91' lang='lat' dir='ltr'><strong>non</strong></span> <span class='ocrx_word' id='word_1_369' title='bbox 2902 1558 3057 1618; x_wconf 88' lang='lat' dir='ltr'><strong>esse,</strong></span> <span class='ocrx_word' id='word_1_370' title='bbox 3084 1541 3192 1604; x_wconf 88' lang='lat' dir='ltr'><strong>sed</strong></span> <span class='ocrx_word' id='word_1_371' title='bbox 3228 1541 3583 1604; x_wconf 87' lang='lat' dir='ltr'><strong>secundum</strong></span> <span class='ocrx_word' id='word_1_372' title='bbox 3614 1542 3874 1604; x_wconf 83' lang='lat' dir='ltr'><strong>diversas</strong></span> 
     </span>
     <span class='ocr_line' id='line_1_58' title="bbox 2366 1646 3870 1731; baseline 0.003 -23"><span class='ocrx_word' id='word_1_373' title='bbox 2366 1646 2804 1728; x_wconf 61' lang='lat' dir='ltr'><strong>propnetates3</strong></span> <span class='ocrx_word' id='word_1_374' title='bbox 2850 1647 2930 1709; x_wconf 87' lang='lat' dir='ltr'><strong>sit</strong></span> <span class='ocrx_word' id='word_1_375' title='bbox 2965 1646 3199 1710; x_wconf 87' lang='lat' dir='ltr'><strong>iterum</strong></span> <span class='ocrx_word' id='word_1_376' title='bbox 3239 1648 3399 1711; x_wconf 88' lang='lat' dir='ltr'><strong>ratio</strong></span> <span class='ocrx_word' id='word_1_377' title='bbox 3433 1649 3870 1731; x_wconf 85' lang='lat' dir='ltr'><strong>possibilitatis;</strong></span> 
     </span>
     <span class='ocr_line' id='line_1_59' title="bbox 2366 1754 3877 1821; baseline 0.003 -5"><span class='ocrx_word' id='word_1_378' title='bbox 2366 1754 2446 1817; x_wconf 87' lang='lat' dir='ltr'><strong>sit</strong></span> <span class='ocrx_word' id='word_1_379' title='bbox 2472 1754 2706 1817; x_wconf 87' lang='lat' dir='ltr'><strong>iterum</strong></span> <span class='ocrx_word' id='word_1_380' title='bbox 2740 1755 2901 1818; x_wconf 88' lang='lat' dir='ltr'><strong>ratio</strong></span> <span class='ocrx_word' id='word_1_381' title='bbox 2925 1755 3444 1819; x_wconf 85' lang='lat' dir='ltr'><strong>individualitatis</strong></span> <span class='ocrx_word' id='word_1_382' title='bbox 3481 1761 3545 1819; x_wconf 87' lang='lat' dir='ltr'><strong>et</strong></span> <span class='ocrx_word' id='word_1_383' title='bbox 3571 1756 3877 1821; x_wconf 89' lang='lat' dir='ltr'><strong>limitatio-</strong></span> 
     </span>
     <span class='ocr_line' id='line_1_60' title="bbox 2367 1860 3879 1945; baseline 0.003 -23"><span class='ocrx_word' id='word_1_384' title='bbox 2367 1860 2500 1938; x_wconf 88' lang='lat' dir='ltr'><strong>nis;</strong></span> <span class='ocrx_word' id='word_1_385' title='bbox 2531 1864 2849 1942; x_wconf 88' lang='lat' dir='ltr'><strong>postremo</strong></span> <span class='ocrx_word' id='word_1_386' title='bbox 2873 1861 3031 1923; x_wconf 89' lang='lat' dir='ltr'><strong>ratio</strong></span> <span class='ocrx_word' id='word_1_387' title='bbox 3056 1861 3405 1924; x_wconf 85' lang='lat' dir='ltr'><strong>essentialis</strong></span> <span class='ocrx_word' id='word_1_388' title='bbox 3430 1864 3879 1945; x_wconf 86' lang='lat' dir='ltr'><strong>compositionis</strong></span> 
     </span>
     <span class='ocr_line' id='line_1_61' title="bbox 2369 1968 3882 2050; baseline 0.003 -19"><span class='ocrx_word' id='word_1_389' title='bbox 2369 1968 2721 2031; x_wconf 88' lang='lat' dir='ltr'><strong>secundum</strong></span> <span class='ocrx_word' id='word_1_390' title='bbox 2767 1969 3089 2050; x_wconf 86' lang='lat' dir='ltr'><strong>propriam</strong></span> <span class='ocrx_word' id='word_1_391' title='bbox 3132 1973 3429 2031; x_wconf 89' lang='lat' dir='ltr'><strong>naturam</strong></span> <span class='ocrx_word' id='word_1_392' title='bbox 3481 1992 3496 2033; x_wconf 88' lang='lat'>:</span> <span class='ocrx_word' id='word_1_393' title='bbox 3548 1988 3680 2033; x_wconf 91' lang='lat' dir='ltr'><strong>non</strong></span> <span class='ocrx_word' id='word_1_394' title='bbox 3717 1972 3882 2036; x_wconf 78' lang='lat' dir='ltr'><strong>video</strong></span> 
     </span>
     <span class='ocr_line' id='line_1_62' title="bbox 2371 2077 3885 2159; baseline 0.002 -18"><span class='ocrx_word' id='word_1_395' title='bbox 2371 2094 2626 2141; x_wconf 85' lang='lat' dir='ltr'><strong>causam</strong></span> <span class='ocrx_word' id='word_1_396' title='bbox 2647 2126 2663 2155; x_wconf 89' lang='lat'>‚</span> <span class='ocrx_word' id='word_1_397' title='bbox 2719 2095 2840 2140; x_wconf 88' lang='lat' dir='ltr'><strong>nec</strong></span> <span class='ocrx_word' id='word_1_398' title='bbox 2889 2078 3196 2140; x_wconf 87' lang='lat' dir='ltr'><strong>rationem</strong></span> <span class='ocrx_word' id='word_1_399' title='bbox 3217 2125 3234 2155; x_wconf 83' lang='lat'><strong>,</strong></span> <span class='ocrx_word' id='word_1_400' title='bbox 3287 2077 3609 2159; x_wconf 86' lang='lat' dir='ltr'><strong>quomodo</strong></span> <span class='ocrx_word' id='word_1_401' title='bbox 3657 2079 3885 2143; x_wconf 79' lang='lat' dir='ltr'><strong>defendi</strong></span> 
     </span>
     <span class='ocr_line' id='line_1_63' title="bbox 2371 2184 3884 2269; baseline 0.003 -22"><span class='ocrx_word' id='word_1_402' title='bbox 2371 2189 2606 2266; x_wconf 89' lang='lat' dir='ltr'><strong>potest,</strong></span> <span class='ocrx_word' id='word_1_403' title='bbox 2639 2184 2797 2266; x_wconf 86' lang='lat' dir='ltr'><strong>quin</strong></span> <span class='ocrx_word' id='word_1_404' title='bbox 2826 2184 3179 2248; x_wconf 86' lang='lat' dir='ltr'><strong>substantia</strong></span> <span class='ocrx_word' id='word_1_405' title='bbox 3213 2184 3426 2264; x_wconf 89' lang='lat' dir='ltr'><strong>angeli</strong></span> <span class='ocrx_word' id='word_1_406' title='bbox 3454 2185 3538 2247; x_wconf 87' lang='lat' dir='ltr'><strong>sit</strong></span> <span class='ocrx_word' id='word_1_407' title='bbox 3563 2189 3884 2269; x_wconf 84' lang='lat' dir='ltr'><strong>composita</strong></span> 
     </span>
     <span class='ocr_line' id='line_1_64' title="bbox 2374 2291 3885 2358; baseline 0.001 -2"><span class='ocrx_word' id='word_1_408' title='bbox 2374 2311 2454 2356; x_wconf 86' lang='lat' dir='ltr'><strong>ex</strong></span> <span class='ocrx_word' id='word_1_409' title='bbox 2482 2291 2745 2356; x_wconf 86' lang='lat' dir='ltr'><strong>diversis</strong></span> <span class='ocrx_word' id='word_1_410' title='bbox 2772 2292 3039 2355; x_wconf 88' lang='lat' dir='ltr'><strong>naturis.</strong></span> <span class='ocrx_word' id='word_1_411' title='bbox 3071 2292 3146 2355; x_wconf 89' lang='lat' dir='ltr'><strong>Et</strong></span> <span class='ocrx_word' id='word_1_412' title='bbox 3179 2293 3450 2355; x_wconf 89' lang='lat' dir='ltr'><strong>essentia</strong></span> <span class='ocrx_word' id='word_1_413' title='bbox 3479 2294 3689 2356; x_wconf 88' lang='lat' dir='ltr'><strong>omnis</strong></span> <span class='ocrx_word' id='word_1_414' title='bbox 3725 2314 3885 2358; x_wconf 81' lang='lat' dir='ltr'><strong>crea-</strong></span> 
     </span>
     <span class='ocr_line' id='line_1_65' title="bbox 2373 2399 3886 2483; baseline 0.004 -21"><span class='ocrx_word' id='word_1_415' title='bbox 2373 2401 2538 2462; x_wconf 79' lang='lat' dir='ltr'><strong>turae</strong></span> <span class='ocrx_word' id='word_1_416' title='bbox 2561 2418 2673 2481; x_wconf 89' lang='lat' dir='ltr'><strong>per</strong></span> <span class='ocrx_word' id='word_1_417' title='bbox 2699 2418 2765 2462; x_wconf 91' lang='lat' dir='ltr'><strong>se</strong></span> <span class='ocrx_word' id='word_1_418' title='bbox 2794 2399 2955 2462; x_wconf 87' lang='lat' dir='ltr'><strong>entis</strong></span> <span class='ocrx_word' id='word_1_419' title='bbox 2982 2400 3034 2461; x_wconf 92' lang='lat' dir='ltr'><strong>si</strong></span> <span class='ocrx_word' id='word_1_420' title='bbox 3064 2400 3408 2483; x_wconf 87' lang='lat' dir='ltr'><strong>composita</strong></span> <span class='ocrx_word' id='word_1_421' title='bbox 3425 2405 3622 2465; x_wconf 78' lang='lat' dir='ltr'><strong>estex</strong></span> <span class='ocrx_word' id='word_1_422' title='bbox 3647 2403 3886 2467; x_wconf 85' lang='lat' dir='ltr'><strong>diversis</strong></span> 
     </span>
     <span class='ocr_line' id='line_1_66' title="bbox 2375 2506 3888 2591; baseline 0.004 -22"><span class='ocrx_word' id='word_1_423' title='bbox 2375 2508 2620 2569; x_wconf 88' lang='lat' dir='ltr'><strong>naturis</strong></span> <span class='ocrx_word' id='word_1_424' title='bbox 2637 2556 2652 2585; x_wconf 91' lang='lat'><strong>,</strong></span> <span class='ocrx_word' id='word_1_425' title='bbox 2690 2506 2816 2570; x_wconf 83' lang='lat' dir='ltr'><strong>illae</strong></span> <span class='ocrx_word' id='word_1_426' title='bbox 2843 2507 2987 2570; x_wconf 82' lang='lat' dir='ltr'><strong>duae</strong></span> <span class='ocrx_word' id='word_1_427' title='bbox 3014 2526 3081 2571; x_wconf 88' lang='lat' dir='ltr'><strong>se</strong></span> <span class='ocrx_word' id='word_1_428' title='bbox 3108 2508 3342 2571; x_wconf 91' lang='lat' dir='ltr'><strong>habent</strong></span> <span class='ocrx_word' id='word_1_429' title='bbox 3370 2527 3482 2591; x_wconf 90' lang='lat' dir='ltr'><strong>per</strong></span> <span class='ocrx_word' id='word_1_430' title='bbox 3511 2511 3768 2574; x_wconf 87' lang='lat' dir='ltr'><strong>modum</strong></span> <span class='ocrx_word' id='word_1_431' title='bbox 3795 2532 3888 2575; x_wconf 87' lang='lat' dir='ltr'><strong>ac-</strong></span> 
     </span>
     <span class='ocr_line' id='line_1_67' title="bbox 2377 2615 3883 2696; baseline 0.005 -19"><span class='ocrx_word' id='word_1_432' title='bbox 2377 2615 2567 2679; x_wconf 82' lang='lat' dir='ltr'><strong>tualis</strong></span> <span class='ocrx_word' id='word_1_433' title='bbox 2593 2619 2656 2677; x_wconf 92' lang='lat' dir='ltr'><strong>et</strong></span> <span class='ocrx_word' id='word_1_434' title='bbox 2678 2615 3011 2696; x_wconf 82' lang='lat' dir='ltr'><strong>possibiliS‚</strong></span> <span class='ocrx_word' id='word_1_435' title='bbox 3039 2620 3101 2678; x_wconf 88' lang='lat' dir='ltr'><strong>et</strong></span> <span class='ocrx_word' id='word_1_436' title='bbox 3127 2615 3211 2677; x_wconf 91' lang='lat' dir='ltr'><strong>ita</strong></span> <span class='ocrx_word' id='word_1_437' title='bbox 3240 2617 3521 2679; x_wconf 71' lang='lat' dir='ltr'><strong>materiae</strong></span> <span class='ocrx_word' id='word_1_438' title='bbox 3550 2623 3612 2680; x_wconf 87' lang='lat' dir='ltr'><strong>et</strong></span> <span class='ocrx_word' id='word_1_439' title='bbox 3635 2619 3841 2684; x_wconf 80' lang='lat' dir='ltr'><strong>formae</strong></span> <span class='ocrx_word' id='word_1_440' title='bbox 3872 2643 3883 2683; x_wconf 74' lang='grc' dir='ltr'><strong><em>ε</em></strong></span> 
     </span>
     <span class='ocr_line' id='line_1_68' title="bbox 2379 2722 3892 2804; baseline 0.003 -19"><span class='ocrx_word' id='word_1_441' title='bbox 2379 2726 2441 2785; x_wconf 94' lang='lat' dir='ltr'><strong>et</strong></span> <span class='ocrx_word' id='word_1_442' title='bbox 2466 2722 2606 2786; x_wconf 89' lang='lat' dir='ltr'><strong>ideo</strong></span> <span class='ocrx_word' id='word_1_443' title='bbox 2625 2723 2733 2785; x_wconf 90' lang='lat' dir='ltr'><strong>illa</strong></span> <span class='ocrx_word' id='word_1_444' title='bbox 2751 2723 2976 2804; x_wconf 88' lang='lat' dir='ltr'><strong>positio</strong></span> <span class='ocrx_word' id='word_1_445' title='bbox 2996 2723 3250 2786; x_wconf 85' lang='lat' dir='ltr'><strong>videtur</strong></span> <span class='ocrx_word' id='word_1_446' title='bbox 3268 2724 3479 2787; x_wconf 83' lang='lat' dir='ltr'><strong>verior</strong></span> <span class='ocrx_word' id='word_1_447' title='bbox 3502 2743 3660 2803; x_wconf 87' lang='lat' dir='ltr'><strong>esse,</strong></span> <span class='ocrx_word' id='word_1_448' title='bbox 3683 2727 3892 2791; x_wconf 82' lang='lat' dir='ltr'><strong>scilicet</strong></span> 
     </span>
     <span class='ocr_line' id='line_1_69' title="bbox 2380 2828 3891 2912; baseline 0.003 -21"><span class='ocrx_word' id='word_1_449' title='bbox 2380 2828 2550 2910; x_wconf 88' lang='lat' dir='ltr'><strong>quod</strong></span> <span class='ocrx_word' id='word_1_450' title='bbox 2576 2829 2644 2891; x_wconf 91' lang='lat' dir='ltr'><strong>in</strong></span> <span class='ocrx_word' id='word_1_451' title='bbox 2672 2829 2900 2911; x_wconf 89' lang='lat' dir='ltr'><strong>angelo</strong></span> <span class='ocrx_word' id='word_1_452' title='bbox 2926 2830 3009 2892; x_wconf 90' lang='lat' dir='ltr'><strong>sit</strong></span> <span class='ocrx_word' id='word_1_453' title='bbox 3032 2829 3399 2912; x_wconf 83' lang='lat' dir='ltr'><strong>compositio</strong></span> <span class='ocrx_word' id='word_1_454' title='bbox 3435 2849 3517 2894; x_wconf 84' lang='lat' dir='ltr'><strong>ex</strong></span> <span class='ocrx_word' id='word_1_455' title='bbox 3548 2834 3805 2895; x_wconf 82' lang='lat' dir='ltr'><strong>materia</strong></span> <span class='ocrx_word' id='word_1_456' title='bbox 3839 2836 3891 2896; x_wconf 85' lang='lat' dir='ltr'><strong>et</strong></span> 
     </span>
     <span class='ocr_line' id='line_1_70' title="bbox 2379 2936 2604 3000; baseline 0.004 -2"><span class='ocrx_word' id='word_1_457' title='bbox 2379 2936 2604 3000; x_wconf 90' lang='lat' dir='ltr'><strong>forma.</strong></span> 
     </span>
    </p>

    <p class='ocr_par' dir='ltr' id='par_1_14' title="bbox 2385 3046 3902 4727">
     <span class='ocr_line' id='line_1_71' title="bbox 2465 3046 3896 3132; baseline -0.001 -20"><span class='ocrx_word' id='word_1_458' title='bbox 2465 3053 2493 3112; x_wconf 85' lang='lat'><strong>1</strong></span> <span class='ocrx_word' id='word_1_459' title='bbox 2527 3052 2590 3110; x_wconf 89' lang='lat' dir='ltr'><strong>et</strong></span> <span class='ocrx_word' id='word_1_460' title='bbox 2623 3052 2683 3110; x_wconf 72' lang='grc' dir='ltr'><strong>Ξ.</strong></span> <span class='ocrx_word' id='word_1_461' title='bbox 2715 3046 2894 3125; x_wconf 87' lang='lat' dir='ltr'><strong>Quod</strong></span> <span class='ocrx_word' id='word_1_462' title='bbox 2922 3066 3078 3131; x_wconf 86' lang='lat' dir='ltr'><strong>ergo</strong></span> <span class='ocrx_word' id='word_1_463' title='bbox 3104 3047 3402 3132; x_wconf 80' lang='lat' dir='ltr'><strong>objicitur</strong></span> <span class='ocrx_word' id='word_1_464' title='bbox 3433 3048 3499 3111; x_wconf 91' lang='lat' dir='ltr'><strong>in</strong></span> <span class='ocrx_word' id='word_1_465' title='bbox 3524 3049 3896 3112; x_wconf 86' lang='lat' dir='ltr'><strong>contrarium</strong></span> 
     </span>
     <span class='ocr_line' id='line_1_72' title="bbox 2385 3155 3901 3239; baseline -0.001 -19"><span class='ocrx_word' id='word_1_466' title='bbox 2385 3156 2460 3221; x_wconf 92' lang='lat' dir='ltr'><strong>de</strong></span> <span class='ocrx_word' id='word_1_467' title='bbox 2493 3157 2860 3221; x_wconf 87' lang='lat' dir='ltr'><strong>auctoritate</strong></span> <span class='ocrx_word' id='word_1_468' title='bbox 2888 3155 3124 3239; x_wconf 83' lang='lat' dir='ltr'><strong>Boetii3</strong></span> <span class='ocrx_word' id='word_1_469' title='bbox 3156 3157 3489 3220; x_wconf 89' lang='lat' dir='ltr'><strong>dicendum</strong></span> <span class='ocrx_word' id='word_1_470' title='bbox 3513 3157 3688 3239; x_wconf 89' lang='lat' dir='ltr'><strong>quod</strong></span> <span class='ocrx_word' id='word_1_471' title='bbox 3713 3158 3901 3238; x_wconf 90' lang='lat' dir='ltr'><strong>loqui-</strong></span> 
     </span>
     <span class='ocr_line' id='line_1_73' title="bbox 2385 3264 3900 3346; baseline 0.001 -19"><span class='ocrx_word' id='word_1_472' title='bbox 2385 3269 2491 3328; x_wconf 90' lang='lat' dir='ltr'><strong>tur</strong></span> <span class='ocrx_word' id='word_1_473' title='bbox 2525 3265 2603 3328; x_wconf 85' lang='lat' dir='ltr'><strong>de</strong></span> <span class='ocrx_word' id='word_1_474' title='bbox 2629 3264 2895 3327; x_wconf 87' lang='lat' dir='ltr'><strong>materia</strong></span> <span class='ocrx_word' id='word_1_475' title='bbox 2939 3265 3340 3346; x_wconf 87' lang='lat' dir='ltr'><strong>appropriata</strong></span> <span class='ocrx_word' id='word_1_476' title='bbox 3360 3312 3376 3340; x_wconf 88' lang='lat'><strong>,</strong></span> <span class='ocrx_word' id='word_1_477' title='bbox 3407 3265 3642 3328; x_wconf 85' lang='lat' dir='ltr'><strong>scilicet</strong></span> <span class='ocrx_word' id='word_1_478' title='bbox 3679 3266 3900 3328; x_wconf 87' lang='lat' dir='ltr'><strong>ratione</strong></span> 
     </span>
     <span class='ocr_line' id='line_1_74' title="bbox 2386 3371 3899 3456; baseline 0.001 -22"><span class='ocrx_word' id='word_1_479' title='bbox 2386 3371 2680 3454; x_wconf 84' lang='lat' dir='ltr'><strong>potentiae</strong></span> <span class='ocrx_word' id='word_1_480' title='bbox 2713 3371 3017 3453; x_wconf 83' lang='lat' dir='ltr'><strong>passivae,</strong></span> <span class='ocrx_word' id='word_1_481' title='bbox 3059 3390 3204 3453; x_wconf 82' lang='lat' dir='ltr'><strong>quae</strong></span> <span class='ocrx_word' id='word_1_482' title='bbox 3248 3376 3342 3434; x_wconf 90' lang='lat' dir='ltr'><strong>est</strong></span> <span class='ocrx_word' id='word_1_483' title='bbox 3383 3372 3766 3456; x_wconf 85' lang='lat' dir='ltr'><strong>principium</strong></span> <span class='ocrx_word' id='word_1_484' title='bbox 3803 3391 3899 3455; x_wconf 85' lang='lat' dir='ltr'><strong>pa-</strong></span> 
     </span>
     <span class='ocr_line' id='line_1_75' title="bbox 2390 3478 3898 3562; baseline 0 -19"><span class='ocrx_word' id='word_1_485' title='bbox 2390 3479 2605 3555; x_wconf 90' lang='lat' dir='ltr'><strong>tiendi,</strong></span> <span class='ocrx_word' id='word_1_486' title='bbox 2637 3484 2699 3542; x_wconf 88' lang='lat' dir='ltr'><strong>et</strong></span> <span class='ocrx_word' id='word_1_487' title='bbox 2724 3479 3190 3542; x_wconf 88' lang='lat' dir='ltr'><strong>transmutandi</strong></span> <span class='ocrx_word' id='word_1_488' title='bbox 3213 3478 3295 3541; x_wconf 89' lang='lat' dir='ltr'><strong>ab</strong></span> <span class='ocrx_word' id='word_1_489' title='bbox 3314 3478 3460 3541; x_wconf 91' lang='lat' dir='ltr'><strong>alio.</strong></span> <span class='ocrx_word' id='word_1_490' title='bbox 3485 3478 3562 3542; x_wconf 89' lang='lat' dir='ltr'><strong>Et</strong></span> <span class='ocrx_word' id='word_1_491' title='bbox 3589 3481 3710 3542; x_wconf 87' lang='lat' dir='ltr'><strong>hoc</strong></span> <span class='ocrx_word' id='word_1_492' title='bbox 3729 3485 3898 3562; x_wconf 86' lang='lat' dir='ltr'><strong>patet,</strong></span> 
     </span>
     <span class='ocr_line' id='line_1_76' title="bbox 2388 3588 3899 3671; baseline 0.001 -21"><span class='ocrx_word' id='word_1_493' title='bbox 2388 3590 2538 3671; x_wconf 86' lang='lat' dir='ltr'><strong>quia</strong></span> <span class='ocrx_word' id='word_1_494' title='bbox 2565 3591 2697 3671; x_wconf 89' lang='lat' dir='ltr'><strong>ipse</strong></span> <span class='ocrx_word' id='word_1_495' title='bbox 2717 3588 2860 3651; x_wconf 87' lang='lat' dir='ltr'><strong>vult</strong></span> <span class='ocrx_word' id='word_1_496' title='bbox 2886 3588 3174 3669; x_wconf 81' lang='lat' dir='ltr'><strong>probare,</strong></span> <span class='ocrx_word' id='word_1_497' title='bbox 3212 3588 3382 3670; x_wconf 86' lang='lat' dir='ltr'><strong>quod</strong></span> <span class='ocrx_word' id='word_1_498' title='bbox 3416 3589 3763 3670; x_wconf 84' lang='lat' dir='ltr'><strong>corporalia</strong></span> <span class='ocrx_word' id='word_1_499' title='bbox 3791 3608 3899 3652; x_wconf 89' lang='lat' dir='ltr'><strong>non</strong></span> 
     </span>
     <span class='ocr_line' id='line_1_77' title="bbox 2391 3694 3896 3777; baseline 0 -18"><span class='ocrx_word' id='word_1_500' title='bbox 2391 3701 2850 3760; x_wconf 85' lang='lat' dir='ltr'><strong>convertuntur</strong></span> <span class='ocrx_word' id='word_1_501' title='bbox 2877 3696 2946 3758; x_wconf 90' lang='lat' dir='ltr'><strong>in</strong></span> <span class='ocrx_word' id='word_1_502' title='bbox 2974 3694 3345 3777; x_wconf 86' lang='lat' dir='ltr'><strong>spiritualia,</strong></span> <span class='ocrx_word' id='word_1_503' title='bbox 3379 3695 3498 3757; x_wconf 77' lang='lat' dir='ltr'><strong>nee&#39;</strong></span> <span class='ocrx_word' id='word_1_504' title='bbox 3521 3714 3556 3758; x_wconf 92' lang='lat' dir='ltr'><strong>e</strong></span> <span class='ocrx_word' id='word_1_505' title='bbox 3594 3714 3896 3759; x_wconf 82' lang='lat' dir='ltr'><strong>converso.</strong></span> 
     </span>
     <span class='ocr_line' id='line_1_78' title="bbox 2390 3801 3898 3884; baseline -0.001 -16"><span class='ocrx_word' id='word_1_506' title='bbox 2390 3804 2695 3868; x_wconf 78' lang='lat' dir='ltr'><strong>Similiter</strong></span> <span class='ocrx_word' id='word_1_507' title='bbox 2717 3802 3138 3883; x_wconf 87' lang='lat' dir='ltr'><strong>Philosophus</strong></span> <span class='ocrx_word' id='word_1_508' title='bbox 3165 3802 3307 3865; x_wconf 91' lang='lat' dir='ltr'><strong>vult</strong></span> <span class='ocrx_word' id='word_1_509' title='bbox 3328 3801 3557 3879; x_wconf 89' lang='lat' dir='ltr'><strong>dicere,</strong></span> <span class='ocrx_word' id='word_1_510' title='bbox 3591 3803 3756 3884; x_wconf 88' lang='lat' dir='ltr'><strong>quod</strong></span> <span class='ocrx_word' id='word_1_511' title='bbox 3783 3804 3898 3866; x_wconf 87' lang='lat' dir='ltr'><strong>ani-</strong></span> 
     </span>
     <span class='ocr_line' id='line_1_79' title="bbox 2393 3909 3900 3987; baseline -0.001 -12"><span class='ocrx_word' id='word_1_512' title='bbox 2393 3931 2499 3975; x_wconf 85' lang='lat' dir='ltr'><strong>ma</strong></span> <span class='ocrx_word' id='word_1_513' title='bbox 2525 3911 2842 3975; x_wconf 85' lang='lat' dir='ltr'><strong>denudata</strong></span> <span class='ocrx_word' id='word_1_514' title='bbox 2873 3910 2954 3973; x_wconf 88' lang='lat' dir='ltr'><strong>sit</strong></span> <span class='ocrx_word' id='word_1_515' title='bbox 2980 3928 3019 3972; x_wconf 88' lang='lat' dir='ltr'><strong>a</strong></span> <span class='ocrx_word' id='word_1_516' title='bbox 3059 3909 3301 3972; x_wconf 89' lang='lat' dir='ltr'><strong>ratione</strong></span> <span class='ocrx_word' id='word_1_517' title='bbox 3332 3911 3614 3973; x_wconf 84' lang='lat' dir='ltr'><strong>materiae</strong></span> <span class='ocrx_word' id='word_1_518' title='bbox 3637 3959 3653 3987; x_wconf 88' lang='lat'>‚</span> <span class='ocrx_word' id='word_1_519' title='bbox 3691 3931 3900 3974; x_wconf 88' lang='lat' dir='ltr'><strong>secun-</strong></span> 
     </span>
     <span class='ocr_line' id='line_1_80' title="bbox 2391 4015 3902 4101; baseline -0.002 -17"><span class='ocrx_word' id='word_1_520' title='bbox 2391 4020 2548 4086; x_wconf 89' lang='lat' dir='ltr'><strong>dum</strong></span> <span class='ocrx_word' id='word_1_521' title='bbox 2573 4019 2742 4100; x_wconf 87' lang='lat' dir='ltr'><strong>quod</strong></span> <span class='ocrx_word' id='word_1_522' title='bbox 2771 4022 2864 4081; x_wconf 90' lang='lat' dir='ltr'><strong>est</strong></span> <span class='ocrx_word' id='word_1_523' title='bbox 2892 4035 3084 4079; x_wconf 88' lang='lat' dir='ltr'><strong>causa</strong></span> <span class='ocrx_word' id='word_1_524' title='bbox 3107 4015 3547 4097; x_wconf 80' lang='lat' dir='ltr'><strong>permixtionis</strong></span> <span class='ocrx_word' id='word_1_525' title='bbox 3576 4022 3640 4080; x_wconf 82' lang='lat' dir='ltr'><strong>et</strong></span> <span class='ocrx_word' id='word_1_526' title='bbox 3666 4038 3902 4101; x_wconf 84' lang='lat' dir='ltr'><strong>corrup·</strong></span> 
     </span>
     <span class='ocr_line' id='line_1_81' title="bbox 2390 4125 3900 4207; baseline 0 -17"><span class='ocrx_word' id='word_1_527' title='bbox 2390 4127 2599 4191; x_wconf 80' lang='lat' dir='ltr'><strong>tionis,</strong></span> <span class='ocrx_word' id='word_1_528' title='bbox 2631 4126 2706 4190; x_wconf 86' lang='lat' dir='ltr'><strong>Et</strong></span> <span class='ocrx_word' id='word_1_529' title='bbox 2731 4126 2874 4189; x_wconf 93' lang='lat' dir='ltr'><strong>ideo</strong></span> <span class='ocrx_word' id='word_1_530' title='bbox 2903 4144 3036 4188; x_wconf 91' lang='lat' dir='ltr'><strong>non</strong></span> <span class='ocrx_word' id='word_1_531' title='bbox 3063 4125 3415 4206; x_wconf 87' lang='lat' dir='ltr'><strong>loquuntur</strong></span> <span class='ocrx_word' id='word_1_532' title='bbox 3442 4128 3816 4207; x_wconf 81' lang='lat' dir='ltr'><strong>generaliter</strong></span> <span class='ocrx_word' id='word_1_533' title='bbox 3839 4127 3900 4190; x_wconf 85' lang='lat' dir='ltr'><strong>de</strong></span> 
     </span>
     <span class='ocr_line' id='line_1_82' title="bbox 2394 4233 3899 4315; baseline -0.001 -17"><span class='ocrx_word' id='word_1_534' title='bbox 2394 4235 2677 4312; x_wconf 88' lang='lat' dir='ltr'><strong>materia,</strong></span> <span class='ocrx_word' id='word_1_535' title='bbox 2709 4233 2816 4296; x_wconf 89' lang='lat' dir='ltr'><strong>sed</strong></span> <span class='ocrx_word' id='word_1_536' title='bbox 2839 4233 3270 4314; x_wconf 84' lang='lat' dir='ltr'><strong>appropriate3</strong></span> <span class='ocrx_word' id='word_1_537' title='bbox 3299 4233 3584 4313; x_wconf 89' lang='lat' dir='ltr'><strong>alioquin</strong></span> <span class='ocrx_word' id='word_1_538' title='bbox 3609 4234 3736 4315; x_wconf 86' lang='lat' dir='ltr'><strong>ipse</strong></span> <span class='ocrx_word' id='word_1_539' title='bbox 3765 4233 3899 4296; x_wconf 83' lang='lat' dir='ltr'><strong>Boe-</strong></span> 
     </span>
     <span class='ocr_line' id='line_1_83' title="bbox 2391 4325 3894 4418; baseline -0.001 -13"><span class='ocrx_word' id='word_1_540' title='bbox 2391 4325 2520 4405; x_wconf 84' lang='lat' dir='ltr'><strong>tius</strong></span> <span class='ocrx_word' id='word_1_541' title='bbox 2546 4339 2996 4402; x_wconf 87' lang='lat' dir='ltr'><strong>contradiceret</strong></span> <span class='ocrx_word' id='word_1_542' title='bbox 3027 4338 3144 4400; x_wconf 90' lang='lat' dir='ltr'><strong>sibi</strong></span> <span class='ocrx_word' id='word_1_543' title='bbox 3179 4337 3249 4399; x_wconf 90' lang='lat' dir='ltr'><strong>in</strong></span> <span class='ocrx_word' id='word_1_544' title='bbox 3277 4338 3439 4401; x_wconf 90' lang='lat' dir='ltr'><strong>libro</strong></span> <span class='ocrx_word' id='word_1_545' title='bbox 3464 4337 3542 4404; x_wconf 45' lang='lat' dir='ltr'><strong>dae</strong></span> <span class='ocrx_word' id='word_1_546' title='bbox 3579 4339 3894 4418; x_wconf 70' lang='grc' dir='ltr'><strong><em>Τνὶηἰίαῑε,</em></strong></span> 
     </span>
     <span class='ocr_line' id='line_1_84' title="bbox 2392 4444 3895 4528; baseline -0.003 -16"><span class='ocrx_word' id='word_1_547' title='bbox 2392 4447 2503 4512; x_wconf 91' lang='lat' dir='ltr'><strong>ubi</strong></span> <span class='ocrx_word' id='word_1_548' title='bbox 2536 4448 2686 4510; x_wconf 87' lang='lat' dir='ltr'><strong>dicit</strong></span> <span class='ocrx_word' id='word_1_549' title='bbox 2720 4444 2891 4528; x_wconf 86' lang='lat' dir='ltr'><strong>quod</strong></span> <span class='ocrx_word' id='word_1_550' title='bbox 2923 4445 3087 4508; x_wconf 89' lang='lat' dir='ltr'><strong>nihil</strong></span> <span class='ocrx_word' id='word_1_551' title='bbox 3115 4444 3448 4526; x_wconf 81' lang='lat' dir='ltr'><strong>subjicitur</strong></span> <span class='ocrx_word' id='word_1_552' title='bbox 3477 4446 3895 4521; x_wconf 82' lang='lat' dir='ltr'><strong>accidentibus,</strong></span> 
     </span>
     <span class='ocr_line' id='line_1_85' title="bbox 2392 4551 3899 4637; baseline -0.002 -19"><span class='ocrx_word' id='word_1_553' title='bbox 2392 4556 2513 4618; x_wconf 89' lang='lat' dir='ltr'><strong>nisi</strong></span> <span class='ocrx_word' id='word_1_554' title='bbox 2559 4573 2673 4637; x_wconf 87' lang='lat' dir='ltr'><strong>per</strong></span> <span class='ocrx_word' id='word_1_555' title='bbox 2711 4552 3073 4628; x_wconf 85' lang='lat' dir='ltr'><strong>materiam;</strong></span> <span class='ocrx_word' id='word_1_556' title='bbox 3124 4556 3188 4615; x_wconf 90' lang='lat' dir='ltr'><strong>et</strong></span> <span class='ocrx_word' id='word_1_557' title='bbox 3229 4551 3495 4631; x_wconf 87' lang='lat' dir='ltr'><strong>ibidem,</strong></span> <span class='ocrx_word' id='word_1_558' title='bbox 3544 4553 3715 4635; x_wconf 89' lang='lat' dir='ltr'><strong>quod</strong></span> <span class='ocrx_word' id='word_1_559' title='bbox 3755 4552 3899 4616; x_wconf 87' lang='lat' dir='ltr'><strong>solus</strong></span> 
     </span>
     <span class='ocr_line' id='line_1_86' title="bbox 2393 4659 3157 4727; baseline -0.009 0"><span class='ocrx_word' id='word_1_560' title='bbox 2393 4663 2558 4727; x_wconf 90' lang='lat' dir='ltr'><strong>Deus</strong></span> <span class='ocrx_word' id='word_1_561' title='bbox 2588 4665 2679 4725; x_wconf 88' lang='lat' dir='ltr'><strong>est</strong></span> <span class='ocrx_word' id='word_1_562' title='bbox 2706 4659 3157 4723; x_wconf 77' lang='lat' dir='ltr'><strong>immaterialis,</strong></span> 
     </span>
    </p>

    <p class='ocr_par' dir='ltr' id='par_1_15' title="bbox 2392 4765 3895 5390">
     <span class='ocr_line' id='line_1_87' title="bbox 2425 4765 3892 4849; baseline -0.005 -15"><span class='ocrx_word' id='word_1_563' title='bbox 2425 4783 2430 4788; x_wconf 85' lang='grc'><strong>’</strong></span> <span class='ocrx_word' id='word_1_564' title='bbox 2474 4775 2531 4834; x_wconf 89' lang='grc'><strong>3.</strong></span> <span class='ocrx_word' id='word_1_565' title='bbox 2574 4769 2753 4846; x_wconf 79' lang='lat' dir='ltr'><strong>Quod</strong></span> <span class='ocrx_word' id='word_1_566' title='bbox 2784 4768 3102 4849; x_wconf 86' lang='lat' dir='ltr'><strong>objicitur,</strong></span> <span class='ocrx_word' id='word_1_567' title='bbox 3134 4766 3304 4847; x_wconf 86' lang='lat' dir='ltr'><strong>quod</strong></span> <span class='ocrx_word' id='word_1_568' title='bbox 3331 4768 3622 4830; x_wconf 85' lang='lat' dir='ltr'><strong>creatura</strong></span> <span class='ocrx_word' id='word_1_569' title='bbox 3649 4765 3892 4849; x_wconf 80' lang='lat' dir='ltr'><strong>simplex</strong></span> 
     </span>
     <span class='ocr_line' id='line_1_88' title="bbox 2392 4875 3895 4958; baseline -0.007 -12"><span class='ocrx_word' id='word_1_570' title='bbox 2392 4879 2848 4947; x_wconf 87' lang='lat' dir='ltr'><strong>rationabiliter</strong></span> <span class='ocrx_word' id='word_1_571' title='bbox 2873 4879 3076 4958; x_wconf 89' lang='lat' dir='ltr'><strong>potest</strong></span> <span class='ocrx_word' id='word_1_572' title='bbox 3093 4875 3381 4955; x_wconf 86' lang='lat' dir='ltr'><strong>cogitari,</strong></span> <span class='ocrx_word' id='word_1_573' title='bbox 3405 4880 3558 4954; x_wconf 90' lang='lat' dir='ltr'><strong>etc.;</strong></span> <span class='ocrx_word' id='word_1_574' title='bbox 3589 4875 3895 4939; x_wconf 84' lang='lat' dir='ltr'><strong>dicendum</strong></span> 
     </span>
     <span class='ocr_line' id='line_1_89' title="bbox 2393 4985 3889 5075; baseline -0.007 -19"><span class='ocrx_word' id='word_1_575' title='bbox 2393 4992 2593 5075; x_wconf 81' lang='lat' dir='ltr'><strong>quod,</strong></span> <span class='ocrx_word' id='word_1_576' title='bbox 2629 4988 3032 5053; x_wconf 75' lang='lat' dir='ltr'><strong>consideratis</strong></span> <span class='ocrx_word' id='word_1_577' title='bbox 3069 4985 3556 5067; x_wconf 84' lang='lat' dir='ltr'><strong>proprietatibus</strong></span> <span class='ocrx_word' id='word_1_578' title='bbox 3585 4991 3889 5060; x_wconf 61' lang='lat' dir='ltr'><strong>creatura„</strong></span> 
     </span>
     <span class='ocr_line' id='line_1_90' title="bbox 2392 5095 3888 5179; baseline -0.008 -16"><span class='ocrx_word' id='word_1_579' title='bbox 2392 5119 2467 5163; x_wconf 86' lang='lat' dir='ltr'><strong>eo</strong></span> <span class='ocrx_word' id='word_1_580' title='bbox 2501 5099 2637 5179; x_wconf 85' lang='lat' dir='ltr'><strong>ipso</strong></span> <span class='ocrx_word' id='word_1_581' title='bbox 2669 5095 2839 5178; x_wconf 88' lang='lat' dir='ltr'><strong>quod</strong></span> <span class='ocrx_word' id='word_1_582' title='bbox 2869 5099 3158 5157; x_wconf 77' lang='lat' dir='ltr'><strong>creatura</strong></span> <span class='ocrx_word' id='word_1_583' title='bbox 3198 5112 3326 5154; x_wconf 90' lang='lat' dir='ltr'><strong>non</strong></span> <span class='ocrx_word' id='word_1_584' title='bbox 3365 5099 3458 5154; x_wconf 78' lang='lat' dir='ltr'><strong>est</strong></span> <span class='ocrx_word' id='word_1_585' title='bbox 3485 5100 3663 5156; x_wconf 82' lang='lat' dir='ltr'><strong>actus</strong></span> <span class='ocrx_word' id='word_1_586' title='bbox 3689 5110 3888 5174; x_wconf 77' lang='lat' dir='ltr'><strong>puruS,</strong></span> 
     </span>
     <span class='ocr_line' id='line_1_91' title="bbox 2392 5198 3889 5287; baseline -0.007 -18"><span class='ocrx_word' id='word_1_587' title='bbox 2392 5210 2638 5287; x_wconf 87' lang='lat' dir='ltr'><strong>oportet</strong></span> <span class='ocrx_word' id='word_1_588' title='bbox 2686 5203 2857 5284; x_wconf 86' lang='lat' dir='ltr'><strong>quod</strong></span> <span class='ocrx_word' id='word_1_589' title='bbox 2917 5200 3144 5263; x_wconf 85' lang='lat' dir='ltr'><strong>habeat</strong></span> <span class='ocrx_word' id='word_1_590' title='bbox 3201 5199 3708 5280; x_wconf 83' lang='lat' dir='ltr'><strong>possibilitatem3</strong></span> <span class='ocrx_word' id='word_1_591' title='bbox 3768 5198 3889 5279; x_wconf 85' lang='lat' dir='ltr'><strong>quia</strong></span> 
     </span>
     <span class='ocr_line' id='line_1_92' title="bbox 2393 5302 3887 5390; baseline -0.009 -12"><span class='ocrx_word' id='word_1_592' title='bbox 2393 5311 2714 5378; x_wconf 85' lang='lat' dir='ltr'><strong>mutabilis</strong></span> <span class='ocrx_word' id='word_1_593' title='bbox 2742 5314 2869 5385; x_wconf 88' lang='lat' dir='ltr'><strong>est,</strong></span> <span class='ocrx_word' id='word_1_594' title='bbox 2909 5310 3155 5390; x_wconf 86' lang='lat' dir='ltr'><strong>oportet</strong></span> <span class='ocrx_word' id='word_1_595' title='bbox 3201 5307 3372 5390; x_wconf 86' lang='lat' dir='ltr'><strong>quod</strong></span> <span class='ocrx_word' id='word_1_596' title='bbox 3413 5306 3642 5370; x_wconf 87' lang='lat' dir='ltr'><strong>habeat</strong></span> <span class='ocrx_word' id='word_1_597' title='bbox 3690 5302 3887 5369; x_wconf 82' lang='lat' dir='ltr'><strong>sunda·</strong></span> 
     </span>
    </p>
   </div>
   <div class='ocr_carea' id='block_1_13' title="bbox 4062 1182 4114 5186">
    <p class='ocr_par' dir='ltr' id='par_1_16' title="bbox 4062 1182 4114 5186">
     <span class='ocr_line' id='line_1_93' title="bbox 4062 1182 4114 5186; baseline 0 0"><span class='ocrx_word' id='word_1_598' title='bbox 4062 1182 4114 5186; x_wconf 95' lang='lat' dir='ltr'><strong> </strong></span> 
     </span>
    </p>
   </div>
  </div>
 </body>
</html>
