4125 6225
1247 517 1454 587 DIST.'
1482 518 1640 589 XVI.
1682 520 1865 591 ART.
1905 521 1983 589 11.
2029 520 2327 601 QUAEST.
2372 526 2480 592 111.

273 658 345 722 in
370 675 447 723 ea
479 662 839 741 ponantur,
870 660 944 722 ut
972 658 1119 724 duae
1148 657 1380 724 sintex
1405 659 1584 741 parte
1611 658 1807 723 aflec-

275 765 426 830 tivae
444 813 463 843 ,
493 765 731 831 scilicet
768 782 911 849 spes
936 769 1003 830 et
1030 766 1305 830 charitas
1323 813 1343 844 ,
1371 783 1649 848 quarum
1675 783 1809 829 una

276 874 465 939 estin
491 873 833 955 irascibili,
864 877 928 939 et
952 874 1149 939 altera
1190 873 1262 939 in
1305 873 1801 956 concupiscibili3

277 985 341 1049 et
378 1001 512 1047 una
557 1000 640 1051 ex
694 986 872 1066 parte
926 983 1267 1064 cognitivae
1288 1031 1307 1062 ‚
1352 982 1584 1047 scilicet
1617 983 1799 1065 fldeS,

276 1108 426 1180 quae
449 1089 871 1156 communiter
897 1090 1159 1174 ponitur
1186 1090 1256 1154 in
1288 1089 1601 1155 rationali.
1707 1074 1710 1077 ¹

822 1327 1274 1397 CONCLUSIO.

276 1493 461 1563 Imaqo
480 1486 853 1564 principalius
878 1488 955 1544 cst
982 1485 1044 1540 in
1073 1484 1352 1554 coqm'tiva
1376 1484 1610 1554 virtius,
1644 1498 1805 1556 quam

582 1578 789 1634 motiva
813 1577 926 1631 sive
943 1574 1197 1646 affectiva
1216 1576 1486 1645 potentia.

355 1740 538 1823 Resp.
570 1737 650 1802 ad
689 1736 847 1817 Arg.
889 1733 1240 1798 Dicendum
1278 1732 1449 1815 quod
1488 1732 1565 1797 de
1600 1732 1807 1815 prima

277 1846 556 1914 nominis
585 1842 983 1926 impositione
1008 1840 1218 1906 differt
1244 1839 1463 1921 imago
1485 1886 1504 1915 ,
1541 1842 1603 1903 et
1628 1838 1803 1903 simi-

276 1954 477 2019 litudo
502 1971 520 2017 2
550 1955 762 2035 imaqo
789 1948 962 2015 enim
987 1948 1277 2012 nominat
1301 1945 1806 2011 conformitatem

276 2062 347 2126 in
386 2060 767 2144 quantitate;
813 2055 1175 2124 similitudo
1219 2072 1374 2120 vero
1418 2052 1805 2118 convenien-

275 2169 434 2233 tiam
493 2167 566 2230 in
622 2164 943 2249 qualitate.
1009 2162 1233 2243 Imago
1292 2160 1467 2225 enim
1527 2157 1808 2223 nominat

276 2273 620 2358 quamdam
644 2270 1212 2353 configiuationem
1235 2318 1253 2350 ,
1282 2271 1346 2333 et
1380 2268 1471 2331 ita
1508 2266 1809 2349 importat

275 2384 579 2464 figuram,
611 2397 757 2462 qnae
787 2383 880 2443 est
904 2377 1225 2460 quantitas
1249 2375 1318 2438 in
1354 2372 1676 2456 qualitate,
1703 2370 1809 2437 vel

276 2489 546 2573 qualitas
575 2488 644 2551 in
682 2485 1071 2569 quantitate·,
1111 2479 1475 2549 similitudo
1517 2496 1671 2543 vero
1710 2477 1808 2542 di-

277 2598 443 2662 citur
462 2613 682 2660 rerum
699 2591 1128 2658 differentium
1154 2587 1376 2653 eadem
1395 2585 1688 2669 qualitas.
1711 2583 1808 2648 Ex

277 2704 400 2769 hac
420 2708 635 2768 autem
664 2700 966 2785 primaria
991 2696 1370 2773 differentia,
1395 2693 1623 2777 triplex
1650 2710 1809 2756 con·

281 2812 492 2879 suevit
532 2807 841 2891 assignari
896 2804 1124 2869 modus
1171 2798 1602 2882 distinguendi
1645 2798 1812 2862 inter

279 2919 628 3002 imaginem
646 2964 664 2993 ,
695 2919 759 2979 et
782 2911 1297 2988 similitudinem,
1340 2925 1490 2971 cum
1528 2906 1760 2971 dicitur
1789 2927 1806 2970 z

278 3031 617 3096 Faciamus
645 3025 955 3091 hominem
981 3020 1070 3087 ad
1111 3020 1460 3102 imaqinem
1509 3020 1568 3083 et
1616 3016 1812 3082 simi-

276 3137 643 3206 litudinem.
675 3132 931 3197 Primus
970 3135 1101 3208 est,
1147 3144 1342 3209 quem
1367 3124 1518 3189 dicit
1543 3122 1735 3204 Hugo
1763 3131 1809 3204 ¹,

277 3246 451 3330 quod
477 3241 825 3308 similitudo
851 3237 1102 3320 respicit
1141 3239 1435 3299 naturam
1456 3280 1473 3309 ,
1503 3237 1567 3296 et
1594 3232 1813 3313 imago

278 3352 531 3435 respicit
556 3352 878 3431 figuram:
917 3344 1070 3427 quia
1097 3340 1444 3405 similitudo
1478 3338 1628 3403 dicit
1655 3355 1811 3402 con-

283 3458 671 3527 venientiam
690 3455 756 3518 in
773 3453 1078 3537 qualitate
1097 3446 1400 3525 naturali3
1420 3446 1636 3527 imago
1659 3463 1815 3511 vero

281 3564 790 3634 convenientiam
838 3561 907 3624 in
953 3556 1347 3624 distinctione
1381 3553 1675 3635 figurali,
1732 3553 1814 3618 ad

281 3674 543 3741 modum
591 3669 924 3753 cujusdam
965 3661 1312 3744 trianguli,
1362 3661 1433 3723 in
1480 3678 1610 3742 quo
1662 3664 1815 3725 sunt

279 3791 407 3851 tres
433 3780 721 3856 termini,
752 3781 816 3843 et
850 3780 976 3840 tres
1020 3775 1202 3838 lineae
1233 3790 1249 3833 ε
1300 3768 1451 3852 quia
1490 3772 1619 3831 tres
1663 3770 1815 3832 sunt

277 3891 574 3979 potentiae
596 3937 614 3965 ,
672 3903 949 3970 quarum
1006 3880 1308 3965 quaelibet
1372 3874 1814 3962 habitudinem

279 4001 470 4067 habet
502 3997 582 4060 ad
617 3992 999 4078 quamlibet3
1046 3992 1108 4052 et
1150 3984 1443 4050 similiter
1483 3987 1612 4047 tres
1660 4002 1814 4065 per-

282 4123 499 4174 sonae:
533 4106 596 4166 et
625 4098 927 4184 potentia,
957 4094 1061 4161 vel
1094 4110 1383 4177 persona,
1421 4094 1593 4154 tenet
1619 4091 1815 4155 ratio-

283 4234 424 4281 nem
450 4207 710 4276 termini
731 4227 749 4286 ;
779 4202 1084 4269 habitudo
1110 4216 1262 4264 vero
1279 4244 1301 4276 ,
1326 4198 1432 4261 vel
1460 4198 1809 4279 emanatio,

280 4323 453 4388 tenet
480 4317 797 4382 rationem
835 4312 1041 4375 lineae.
1082 4306 1409 4372 Secundus
1432 4306 1662 4371 modus
1685 4307 1813 4371 dis-

282 4424 614 4510 tinguendi
652 4424 781 4496 est,
816 4417 988 4501 quod
1029 4417 1245 4497 imago
1273 4416 1367 4478 est
1405 4413 1476 4477 in
1502 4412 1819 4478 naturali-

282 4537 425 4614 bus»,
442 4536 503 4598 et
518 4526 854 4596 similitudo
867 4526 938 4589 in
953 4521 1245 4606 gratuitis
1258 4543 1275 4600 3
1296 4520 1411 4603 qui
1426 4523 1507 4602 (α)
1529 4521 1819 4586 similiter

282 4643 477 4707 habet
501 4643 716 4704 ortum
741 4653 824 4700 ex
858 4633 968 4696 illa
1004 4630 1209 4714 prima
1246 4629 1617 4694 differentia.
1653 4630 1820 4707 Quia

281 4749 457 4815 enim
500 4748 713 4827 imaqo
759 4741 912 4807 dicit
954 4736 1563 4819 configurationem,
1609 4742 1672 4801 et
1713 4737 1821 4802 illa

281 4854 628 4921 attenditur
651 4869 734 4916 ex
760 4851 939 4933 parte
970 4843 1365 4910 naturalium
1391 4845 1821 4926 potentiarum

282 4964 518 5028 animae
536 5011 553 5041 ,
595 4959 829 5024 scilicet
855 4952 1220 5029 memoriae,
1250 4951 1690 5034 intelligentiae
1712 5002 1730 5032 ,
1760 4957 1824 5018 et

283 5067 628 5135 voluntatis
649 5089 667 5146 ;
697 5065 848 5129 hinc
876 5066 972 5127 est
990 5059 1159 5144 quod
1188 5059 1407 5140 imago
1431 5059 1612 5123 estin
1638 5063 1823 5124 natu·

278 5176 518 5243 ralibus
548 5197 565 5238 ι
616 5174 768 5257 qnia
812 5188 967 5238 vero
1001 5165 1364 5235 similitudo
1398 5166 1551 5230 dicit
1586 5184 1824 5233 conve-

280 5283 591 5351 nientiam
621 5298 773 5365 quae
813 5284 1029 5344 ortum
1067 5275 1261 5339 habet
1301 5292 1342 5337 a
1376 5273 1714 5355 qualitate;
1761 5279 1825 5339 et

280 5390 551 5477 qualitas
590 5410 606 5454 t
649 5389 720 5452 in
747 5404 879 5470 qua
914 5383 1133 5449 anima
1169 5380 1483 5445 similatur
1525 5379 1692 5462 Deo,
1733 5385 1828 5447 est

311 5515 543 5588 stnug„
569 5513 632 5566 de
657 5513 905 5576 saer-am„
931 5509 1023 5561 ub.
1048 5509 1129 5572 ιι,
1154 5507 1292 5573 part.
1316 5506 1412 5572 v1,
1442 5516 1568 5558 au.

3339 540 3458 600 647

1916 658 2126 741 gratia
2145 707 2164 738 ‚
2202 660 2343 726 ideo
2382 661 2729 729 similitudo
2772 664 2842 729 in
2878 665 3173 748 gratuitis
3221 666 3455 735 dicitur

1917 784 2076 832 esse.
2117 765 2368 833 Tertius
2393 769 2624 836 modus
2647 771 3082 855 distinguendi
3121 777 3251 854 est,
3282 775 3453 859 quod

1915 874 2136 958 imago
2161 880 2256 940 est
2281 877 2350 941 in
2375 881 2656 960 potentia
2678 881 3100 961 cognoscendi
3119 930 3139 962 ,
3180 886 3242 947 et
3275 882 3452 948 simi-

1912 979 2119 1045 litudo
2157 982 2227 1047 in
2265 984 2545 1066 potentia
2570 985 2876 1068 diligendi
2920 1009 2935 1051 :
2967 990 3033 1051 et
3067 987 3184 1052 iste
3220 988 3450 1054 modus

1914 1087 2205 1153 similiter
2227 1090 2422 1154 habet
2459 1094 2674 1156 ortum
2713 1112 2796 1157 ex
2830 1093 3186 1159 differentia
3215 1095 3448 1179 prima.

1916 1193 2081 1274 Quia
2104 1196 2275 1291 enim
2314 1198 2532 1281 imago
2575 1200 2857 1267 consistit
2894 1202 2966 1266 in
3006 1203 3454 1270 convenientia

1912 1306 2267 1370 secundum
2298 1308 2872 1389 configurationem
2888 1359 2907 1390 ,
2939 1313 3003 1375 et
3028 1312 3453 1393 configuratio

1912 1413 2257 1478 attenditur
2280 1413 2350 1479 in
2384 1415 2638 1498 origine
2660 1464 2679 1493 ,
2707 1416 3080 1483 habitudine
3117 1422 3181 1482 et
3219 1422 3453 1501 poten-

1912 1520 2151 1584 tiarum
2172 1521 2592 1602 distinctione,
2613 1527 2676 1588 et
2692 1524 2830 1589 haec
2854 1524 3040 1607 origo
3058 1527 3122 1590 et
3144 1525 3451 1591 habitudo

1913 1627 2343 1712 principaliter
2358 1629 2591 1695 residet
2605 1647 2687 1695 ex
2711 1635 2889 1714 parte
2907 1631 3251 1714 cognitivae
3266 1654 3284 1711 ;
3306 1632 3451 1697 ideo

1915 1736 2134 1818 imago
2184 1736 2596 1820 principalius
2656 1738 2916 1822 ponitur
2981 1737 3052 1801 in
3100 1737 3445 1820 cognitiva.

1914 1842 2271 1909 Similitudo
2302 1863 2455 1911 vero
2476 1845 2626 1911 dicit
2654 1844 3159 1911 convenientiam
3184 1845 3253 1908 in
3281 1864 3449 1928 qua-

1911 1950 2085 2015 litate
2117 1974 2132 2015 :
2163 1955 2228 2016 et
2257 1953 2411 2035 quia
2437 1953 2704 2035 qualitas
2720 2001 2742 2033 ,
2770 1953 2837 2016 in
2862 1971 2992 2036 qua
3018 1952 3450 2036 principaliter

1914 2058 2299 2125 assimilatur
2324 2061 2540 2124 anima
2568 2059 2718 2140 De0,
2746 2064 2843 2125 aet
2863 2060 2931 2124 in
2955 2060 3284 2125 voluntate
3311 2060 3448 2125 sive

1913 2165 1984 2229 in
2005 2166 2356 2244 affectione,
2381 2167 2534 2231 hinc
2559 2170 2655 2232 est
2680 2167 2851 2250 quod
2884 2166 3232 2232 similitudo
3257 2165 3447 2251 poni-

1916 2275 2023 2338 tur
2073 2273 2502 2357 principaliter
2550 2273 2622 2337 in
2678 2274 2956 2357 potentia
3002 2272 3314 2339 affectiva.
3371 2271 3452 2337 Et

1914 2380 2063 2445 inde
2091 2384 2187 2445 est
2202 2382 2374 2465 quod
2389 2383 2457 2445 in
2476 2381 2763 2464 imagine
2782 2382 3115 2447 creationis
3132 2382 3276 2446 duae
3300 2383 3451 2446 sunt

1915 2489 2214 2573 potentiae
2241 2507 2324 2553 ex
2350 2492 2529 2571 parte
2559 2487 2925 2571 cognitivae,
2959 2488 3194 2553 scilicet
3220 2506 3452 2552 memo-

1916 2596 2013 2660 ria
2052 2599 2115 2660 et
2149 2595 2601 2677 intelligentia3
2642 2599 2705 2659 et
2745 2614 2878 2660 una
2917 2614 3000 2660 ex
3040 2599 3218 2678 parte
3260 2596 3450 2660 affec-

1916 2702 2071 2767 tivae
2088 2750 2105 2778 ,
2155 2700 2388 2765 scilicet
2433 2701 2748 2767 voluntas.
2806 2701 2857 2766 E
2902 2704 3122 2766 contra
3174 2720 3331 2767 vero
3381 2701 3451 2766 in

1916 2808 2200 2890 imagine
2225 2807 2660 2887 recreationis,
2697 2826 2844 2890 quae
2880 2807 3139 2890 quidem
3169 2807 3454 2872 consistit

1916 2916 1988 2979 in
2012 2916 2223 2996 gratia
2239 2963 2257 2993 ,
2290 2914 2436 2979 duae
2476 2914 2743 2980 virtutes
2764 2917 2916 2979 sunt
2942 2932 3026 2980 ex
3055 2917 3234 2997 parte
3259 2913 3451 2978 affec-

1917 3024 2067 3091 tivae
2087 3073 2105 3104 ,
2148 3023 2384 3088 scilicet
2427 3041 2569 3106 spes
2625 3027 2690 3088 et
2739 3022 3044 3103 charitas;
3092 3027 3155 3087 et
3192 3042 3325 3088 una
3368 3042 3452 3088 ex

1917 3136 2096 3216 parte
2130 3131 2494 3213 cognitivae,
2535 3131 2767 3196 scilicet
2802 3131 2979 3195 fides.
3025 3130 3248 3213 Imago
3276 3131 3451 3195 enim

1919 3238 2349 3322 principaliter
2382 3237 2635 3320 respicit
2675 3237 2991 3319 originem
3031 3240 3093 3301 et
3133 3236 3454 3301 habitudi-

1917 3364 2069 3411 nem
2113 3369 2128 3410 :
2176 3345 2482 3410 habitudo
2524 3349 2738 3410 autem
2784 3349 2851 3409 et
2884 3345 3068 3426 origo
3108 3343 3454 3408 attenditur

1919 3453 2087 3518 inter
2110 3453 2490 3517 memoriam
2529 3455 2592 3516 et
2629 3451 3116 3533 intelligentiam
3158 3468 3272 3533 per
3313 3467 3456 3514 mo-

1917 3561 2074 3626 dum
2101 3559 2380 3643 parentis
2405 3562 2469 3623 et
2491 3559 2685 3642 prolis
2707 3579 2724 3638 3
2761 3562 2826 3623 et
2851 3558 3017 3621 inter
3037 3557 3181 3621 haec
3205 3556 3355 3636 duo,
3394 3559 3458 3621 et

1916 3670 2315 3735 voluntatem
2330 3716 2348 3747 ,
2382 3666 2734 3731 secundum
2766 3664 3031 3729 modum
3067 3663 3454 3745 donationis,

1917 3775 2051 3841 sive
2077 3774 2516 3858 processionis.
2561 3771 2731 3836 Inter
2763 3772 3140 3836 irascibilem
3167 3789 3363 3850 vero,
3393 3772 3458 3834 et

1918 3882 2493 3965 concupiscibilem,
2510 3898 2628 3944 nec
2645 3882 2741 3944 est
2756 3879 2900 3942 talis
2911 3878 3088 3957 orde,
3109 3895 3227 3941 nec
3243 3877 3454 3959 origo,

1918 4007 2067 4052 cum
2095 3991 2306 4053 motus
2324 3987 2654 4051 irascibilis
2680 3987 2879 4070 possit
2903 4003 3037 4050 esse
3064 3984 3203 4048 sine
3230 4002 3459 4048 concu-

1916 4096 2209 4181 piscibili,
2240 4099 2304 4161 et
2324 4114 2360 4160 e
2379 4113 2690 4161 converso
2714 4111 2731 4156 :
2756 4099 2970 4159 motus
2988 4098 3207 4157 autem
3230 4092 3462 4159 volun-

1916 4203 2061 4269 tatis
2090 4219 2223 4267 non
2243 4205 2607 4285 potestesse
2639 4201 2774 4265 sine
2806 4204 2990 4265 motu
3016 4198 3458 4281 intelligentiae

1918 4309 2183 4395 praevi0,
2204 4328 2322 4374 nec
2342 4312 2522 4374 actus
2544 4308 2838 4373 similiter
2861 4306 3302 4388 intelligentiae
3322 4307 3461 4370 sine

1919 4422 2068 4482 actu
2092 4415 2420 4481 memoriae
2450 4433 2467 4478 ε
2496 4415 2566 4479 in
2591 4414 2694 4478 his
2720 4413 2859 4478 dico
2885 4431 3033 4496 quae
3066 4415 3221 4477 sunt
3245 4412 3463 4488 dera-

1920 4528 2092 4591 tione
2120 4525 2421 4608 imaginis
2452 4546 2467 4589 :
2499 4524 2639 4589 ideo
2661 4524 2731 4588 in
2765 4523 3193 4605 assignatione
3221 4520 3463 4602 imagi-

1921 4635 2024 4700 nis
2056 4634 2186 4699 duo
2217 4638 2564 4698 sumuntur
2590 4630 2884 4696 membra
2908 4648 2992 4696 ex
3020 4633 3201 4713 parte
3239 4628 3464 4711 cogni-

1923 4742 2100 4821 tivae,
2130 4744 2193 4805 et
2220 4758 2429 4804 unum
2457 4757 2539 4804 ex
2566 4742 2745 4821 parte
2772 4738 3115 4816 affectivae3
3146 4736 3268 4801 hoc
3293 4735 3465 4800 enim

1924 4848 2132 4930 exigit
2156 4847 2333 4927 ordo,
2365 4849 2428 4911 et
2454 4845 2659 4927 origo,
2693 4849 2761 4909 et
2789 4844 3104 4910 distinctio
3143 4866 3158 4907 :
3189 4846 3254 4908 et
3283 4859 3466 4925 prop—

1925 4959 2097 5020 terea
2133 4953 2350 5035 imago
2390 4951 2804 5034 principalius
2848 4955 2944 5015 est
2984 4950 3054 5014 in
3094 4948 3422 5030 cognitiva
3444 4995 3464 5028 ,

1926 5081 2122 5147 quam
2152 5063 2222 5126 in
2243 5061 2554 5126 affectiva.
2582 5059 2943 5125 Similitudo
2966 5078 3121 5126 vero
3149 5057 3470 5142 principa-

1926 5151 2052 5236 lius
2081 5169 2362 5234 consistit
2375 5168 2446 5232 in
2465 5168 2704 5233 unione
2722 5168 2957 5233 animae
2979 5168 3061 5233 ad
3080 5165 3298 5246 Deum,
3320 5181 3470 5247 quae

1928 5278 2190 5363 quidem
2219 5280 2314 5342 est
2343 5293 2458 5359 per
2493 5275 2767 5357 gratiam
2802 5294 2821 5339 ε
2861 5281 2925 5340 et
2964 5274 3271 5359 quoniam
3311 5271 3471 5337 unio

1929 5390 1994 5453 et
2018 5385 2231 5468 gratia
2246 5383 2679 5468 principaliter
2702 5383 3055 5467 respiciunt
3079 5380 3467 5459 affectivam,

1996 5512 2061 5577 (a)
2091 5511 2211 5564 Cat.
2235 5508 2357 5561 edit.
2390 5521 2526 5573 quae.
