4125 6225
1367 462 1564 530 DIST.
1607 462 1769 531 XVI.
1811 461 1995 531 ΛΒΤ.
2039 463 2121 530 11.
2164 464 2462 544 QUAEST.
2504 465 2553 532 1.

365 617 495 665 non
520 601 782 684 propter
808 599 1122 664 rationem
1143 596 1447 680 imaginis
1470 597 1905 682 principalem,

363 725 512 792 quae
542 706 833 790 sequitur
868 724 1131 771 omnem
1168 709 1469 770 naturam
1511 706 1904 772 rationalem.

446 819 507 879 3.
546 814 644 879 Ad
679 813 839 877 illud
862 813 1033 896 quod
1053 813 1375 895 oincitur‚
1402 813 1574 895 quod
1605 817 1700 877 est
1726 814 1910 878 simi-

364 920 567 987 litudo
591 921 1106 1006 expressissima3
1133 919 1470 985 dicendum
1498 920 1671 1002 quod
1694 939 1912 1003 super·

363 1026 599 1093 lativus
641 1028 971 1111 dupliciter
999 1031 1204 1111 potest
1235 1026 1470 1109 exponi
1499 1044 1516 1089 t
1543 1044 1675 1090 uno
1719 1025 1910 1090 modo

364 1152 680 1218 persuum
695 1133 1040 1216 positivum
1053 1152 1202 1199 cum
1215 1134 1339 1198 hoc
1352 1132 1675 1210 adverbi0‚
1696 1131 1905 1213 valde,

364 1248 440 1310 ut
484 1243 907 1323 albissimum,
947 1243 1013 1309 id
1057 1248 1152 1310 est
1187 1244 1373 1310 valde
1421 1243 1639 1308 album
1672 1265 1688 1308 ε
1718 1247 1781 1308 et
1821 1242 1911 1308 sic

364 1352 769 1435 intelligitur,
810 1371 960 1418 cum
995 1352 1228 1417 dicitur
1272 1350 1361 1419 ad
1402 1352 1750 1433 imaginem
1788 1369 1811 1411 .-
1848 1355 1911 1414 et

364 1477 500 1525 non
532 1463 778 1544 oportet
814 1461 1030 1543 ipsum
1073 1458 1380 1540 angelum
1421 1457 1717 1541 supponi.
1772 1456 1912 1521 Ali-

366 1567 623 1647 quando
651 1565 1079 1648 superlativus
1117 1563 1497 1646 intelligitur
1521 1564 1867 1647 respective
1887 1610 1905 1641 ‚

367 1678 430 1738 et
455 1677 609 1736 tunc
635 1672 786 1737 dicit
811 1691 1146 1738 excessum
1172 1675 1463 1755 respectu
1498 1672 1793 1735 omnium
1829 1669 1910 1735 ad

368 1795 512 1861 quae
554 1784 997 1864 comparatur:
1029 1784 1095 1846 et
1138 1780 1260 1844 hoc
1298 1780 1488 1844 modo
1536 1796 1671 1842 non
1707 1781 1912 1861 potest

368 1886 706 1949 convenire
749 1887 1046 1970 pluribus
1075 1907 1093 1952 ε
1124 1891 1188 1952 et
1213 1887 1303 1951 sic
1337 1904 1474 1951 non
1496 1886 1806 1968 accipitur
1838 1886 1909 1950 in

367 1993 710 2074 propositO.

448 2102 490 2160 4
516 2102 581 2163 et
621 2101 683 2163 5.
718 2099 816 2164 Ad
855 2100 1016 2166 illud
1054 2101 1227 2184 quod
1257 2100 1593 2183 objicitur,
1632 2100 1801 2183 quod
1834 2118 1910 2166 eo

369 2206 505 2290 ipso
529 2256 548 2286 ,
604 2225 733 2290 quo
772 2212 866 2272 est
908 2210 1157 2291 imago,
1206 2213 1301 2274 est
1338 2209 1521 2289 finis3
1572 2209 1912 2273 dicendum

368 2313 538 2396 quod
564 2314 684 2378 ista
708 2333 842 2379 non
869 2320 964 2380 est
993 2320 1128 2381 tota
1162 2317 1325 2381 ratio
1359 2334 1374 2377 ε
1402 2316 1603 2380 immo
1629 2316 1784 2399 quia
1821 2318 1912 2382 sic

371 2426 465 2485 est
486 2421 703 2503 imago
730 2423 797 2486 in
821 2424 1038 2487 anima
1054 2472 1072 2504 ,
1101 2422 1275 2506 quod
1301 2441 1384 2487 ex
1411 2427 1588 2506 parte
1628 2423 1913 2506 corporis

371 2545 521 2591 cum
558 2528 858 2593 omnibus
887 2530 1323 2614 corporalibus
1348 2530 1540 2595 habet
1564 2532 1911 2613 quamdam

371 2636 916 2715 convenientiam,
958 2643 1022 2703 et
1059 2638 1201 2703 ideo
1232 2637 1405 2702 solus
1443 2638 1640 2702 homo
1681 2638 1912 2703 dicitur

371 2742 579 2805 omnis
626 2748 915 2809 creatura
932 2793 951 2822 ,
998 2750 1061 2809 et
1123 2746 1340 2810 omnia
1389 2748 1647 2830 propter
1697 2745 1912 2828 ipsum

329 2914 334 2923 ,
370 2849 649 2932 quodam
682 2850 872 2916 modo
907 2852 1045 2917 fleri
1065 2899 1084 2932 ,
1125 2857 1186 2917 et
1217 2853 1300 2918 ad
1334 2852 1544 2936 ipsum
1573 2851 1765 2917 etiam
1808 2871 1912 2918 re-

369 2955 546 3021 ferri.

451 3068 511 3128 6.
544 3063 644 3129 Ad
669 3063 830 3129 illud
856 3064 1029 3147 quod
1055 3064 1352 3149 objicitur
1384 3065 1462 3132 de
1503 3066 1741 3134 unione
1762 3116 1780 3148 ,
1812 3067 1911 3133 di-

370 3173 645 3239 cendum
670 3174 874 3257 quod,
905 3175 1024 3239 etsi
1062 3176 1223 3240 ratio
1247 3176 1552 3258 imaginis
1579 3177 1663 3240 sit
1687 3177 1909 3260 dispo-

370 3277 513 3344 sitio
550 3281 633 3346 ad
666 3279 972 3346 unionem
990 3328 1008 3358 ,
1040 3298 1170 3346 non
1205 3284 1420 3347 tamen
1452 3288 1546 3348 est
1584 3282 1910 3366 dispositio

369 3386 690 3451 sufficiens
715 3386 794 3453 de
815 3406 883 3452 se
899 3436 918 3468 ,
949 3388 1074 3452 nisi
1097 3393 1412 3472 competat
1439 3389 1561 3454 hoc
1593 3390 1911 3473 personali

368 3492 736 3574 proprietati
755 3541 774 3573 ,
822 3496 889 3558 et
917 3494 1223 3577 culpabili
1256 3495 1612 3562 infirmitati
1646 3501 1750 3563 :et
1786 3498 1911 3563 hoc

368 3604 464 3665 est
490 3601 771 3682 reperire
795 3601 866 3665 in
891 3602 1176 3682 homine,
1209 3604 1438 3667 nonin
1465 3606 1720 3687 ange10,
1745 3607 1910 3674 sicut

365 3706 533 3771 intra
572 3707 799 3773 melius
843 3710 1080 3792 patebit
1115 3711 1187 3775 in
1225 3712 1438 3777 tertio.
1486 3712 1582 3777 Ad
1626 3732 1908 3797 praesens

363 3818 582 3879 autem
608 3815 879 3881 sufficiat
904 3818 1097 3900 quod,
1133 3817 1445 3901 quidquid
1467 3820 1553 3885 sit
1577 3820 1658 3886 de
1691 3822 1906 3887 unibi-

360 3921 560 4005 litate,
592 3925 810 4008 imago
832 3929 1054 3992 tamen
1088 3928 1530 3995 universaliter
1571 3932 1904 4015 consequi-

360 4032 469 4095 tur
505 4032 880 4098 rationalem
919 4039 1278 4100 creaturam
1298 4084 1316 4116 ,
1355 4036 1445 4101 ita
1485 4037 1656 4120 quod
1693 4039 1906 4104 omnis

359 4142 652 4204 creatura
690 4141 1014 4206 rationalis
1050 4146 1146 4207 est
1180 4142 1398 4223 imago
1440 4142 1552 4208 Dei
1594 4148 1906 4213 veraciter

358 4251 422 4310 et
461 4246 857 4313 naturaliter.
897 4247 976 4313 Et
1015 4251 1177 4315 ratio
1212 4250 1413 4332 huJus
1456 4255 1549 4316 aet
1583 4256 1904 4336 expressio

357 4354 797 4422 similitudinis
819 4362 1139 4441 quantum
1162 4360 1241 4425 ad
1265 4360 1777 4428 convenientiam
1801 4382 1903 4429 or·

357 4462 525 4527 dinis
546 4512 566 4544 ,
619 4481 769 4547 quae
816 4483 1015 4550 supra
1055 4466 1125 4531 in
1169 4466 1481 4553 principio
1529 4470 1904 4554 quaestionis

357 4571 694 4656 explanata
719 4572 866 4639 fnit.

824 4820 1311 4894 ARTICULUS
1353 4823 1437 4894 Π.

436 4995 902 5081 Consequenter
928 4998 1241 5081 quaeritur
1263 4999 1343 5065 de
1358 5000 1646 5083 imagine
1669 5020 1901 5069 secun-

353 5101 512 5168 dum
547 5103 1113 5170 considerationem
1139 5107 1446 5190 relatam3
1479 5113 1540 5173 et
1574 5111 1739 5176 circa
1776 5111 1898 5176 hoc

391 5227 541 5309 ‚¹⁶7⁶
576 5229 630 5281 S.
655 5228 903 5294 Thomas,
931 5244 986 5294 p.
1011 5231 1066 5294 1,
1093 5243 1144 5295 q.
1170 5243 1331 5296 xcm,
1369 5237 1465 5285 art.
1487 5237 1547 5298 ³3
1576 5239 1630 5287 et
1655 5237 1696 5287 ll
1734 5237 1893 5301 Sene„

352 5297 473 5352 dist.
491 5312 615 5364 xvt,
639 5315 690 5367 q.
712 5313 769 5366 1,
797 5305 894 5352 art.
913 5305 979 5366 33
1009 5303 1240 5368 AEgidius
1265 5305 1437 5369 Rom„
1467 5306 1511 5356 ll
1549 5308 1709 5369 Seni„
1738 5323 1790 5372 p.
1815 5309 1894 5373 ll,

351 5370 472 5423 dist.
491 5383 614 5438 xvx,
643 5388 696 5439 q.
721 5385 758 5424 ιι
774 5410 794 5438 ,
822 5377 918 5425 art.
940 5377 999 5437 13
1027 5374 1336 5442 metiar-dus,
1364 5379 1408 5429 ll
1438 5379 1597 5431 8εηί..
1633 5380 1752 5432 dist.
1770 5392 1860 5432 xv1
1871 5418 1892 5446 ,

352 5455 405 5507 q.
424 5454 483 5509 ν,
511 5444 760 5511 Datami„
789 5445 833 5497 u
866 5446 1030 5510 sent„
1051 5446 1170 5498 dist.
1212 5458 1333 5515 xvi,
1361 5463 1416 5514 q.
1433 5460 1509 5515 113
1537 5452 1719 5506 Thom.
1744 5455 1888 5519 Arg„

3453 470 3573 533 637

2020 603 2406 684 quaeruntur
2430 601 2558 666 tria
2589 618 2605 663 τ
2635 600 2848 686 primo
2870 599 3189 684 quaeritur
3214 605 3437 667 utrum
3461 620 3574 667 ra-

2018 712 2110 777 tio
2152 713 2457 795 imaginis
2498 712 2914 797 principalius
2953 712 3308 795 reperiatur
3342 713 3413 776 in
3453 731 3574 776 an·-

2019 822 2167 903 gelo
2191 841 2388 904 quam
2416 823 2483 885 in
2503 822 2757 901 anima3
2789 821 3074 886 secundo
3096 870 3115 900 ,
3144 827 3366 886 utrum
3391 821 3573 903 prin-

2019 928 2285 1010 cipalius
2326 930 2397 992 in
2438 929 2580 994 viro
2624 947 2821 1012 quam
2868 928 2941 992 in
2983 928 3286 1008 foemina3
3343 927 3528 993 tertio
3550 975 3568 1004 ,

2019 1038 2242 1099 utrum
2272 1035 2687 1119 principalius
2717 1034 3071 1119 reperiatur
3106 1034 3178 1100 in
3205 1034 3531 1117 cognitiva
3549 1082 3569 1114 ‚

2019 1158 2217 1223 quam
2240 1142 2307 1206 in
2335 1141 2627 1207 affectiva
2659 1143 2736 1224 (α)
2749 1190 2765 1206 .

2571 1308 2934 1387 QUAESTIO
2978 1308 3027 1374 1.

2021 1450 2116 1507 An
2154 1451 2416 1521 imaqinis
2452 1452 2600 1506 ratio
2633 1450 3003 1522 principalius
3041 1448 3349 1520 reperiatur
3389 1448 3451 1503 in
3477 1446 3572 1503 1ιο-

2444 1540 2614 1604 mine,
2646 1554 2809 1611 quam
2831 1540 2895 1594 in
2916 1537 3106 1608 anqelo
3134 1534 3172 1590 ¹.

2101 1672 2330 1739 Utrum
2372 1675 2539 1739 ratio
2578 1674 2882 1757 imaginis
2921 1672 3336 1758 principalius
3376 1689 3566 1754 repe·
3598 1693 3669 1738 Aa
3701 1706 3804 1750 opp.

2018 1781 2223 1847 riatur
2242 1783 2312 1847 in
2339 1782 2591 1864 ange10‚
2622 1800 2818 1864 quam
2858 1782 2928 1844 in
2971 1781 3271 1858 homine3
3303 1783 3367 1845 et
3394 1779 3563 1861 quod

2018 1890 2132 1966 sic,
2157 1890 2409 1955 videtur
2427 1908 2540 1972 per
2571 1889 2730 1953 illud
2758 1888 3139 1953 Ezechielis²
3170 1911 3185 1952 z
3228 1888 3320 1952 Tu
3347 1889 3568 1969 aiona-

2019 1996 2228 2061 culum
2265 1994 2754 2062 similitudinis.
2786 1994 3172 2076 Gregorius⁸
3206 2015 3220 2057 ε
3261 2015 3292 2054 ι
3316 1993 3566 2071 Quanto

2018 2103 2089 2167 in
2115 2121 2191 2167 eo
2221 2102 2516 2168 subtilior
2546 2107 2641 2168 est
2671 2105 2921 2182 natura,
2948 2104 3124 2165 tanto
3153 2101 3222 2164 in
3249 2118 3325 2164 eo
3346 2101 3566 2182 imago

2020 2208 2373 2275 divinitatis
2400 2210 2669 2275 similius
2693 2210 3057 2274 insinuatur
3087 2208 3415 2290 impressa.
3446 2228 3477 2267 ιο

2103 2314 2260 2383 Item
2310 2318 2564 2401 sapiens
2617 2317 2847 2382 artifex
2894 2317 2962 2380 in
3008 2314 3305 2381 nobiliori
3349 2315 3566 2379 tabula

2020 2424 2400 2489 nobiliorem
2459 2423 2757 2489 describit
2815 2423 3132 2506 picturam
3181 2438 3200 2484 ε
3257 2422 3311 2485 si
3363 2423 3565 2503 igitur

2019 2531 2237 2614 imago
2257 2532 2326 2595 in
2351 2535 2640 2596 creatura
2662 2535 2756 2595 est
2777 2530 2959 2613 quasi
2985 2528 3286 2613 quaedam
3313 2529 3565 2611 pictura

2019 2639 2255 2704 tabulae
2287 2638 2623 2721 impressa,
2655 2638 2821 2702 sicut
2848 2635 3146 2718 Magister
3174 2635 3323 2699 dicit
3362 2635 3430 2697 in
3476 2635 3563 2698 li-

2018 2749 2176 2827 tera,
2202 2765 2360 2828 ergo
2383 2746 2736 2828 perfectiori
2770 2749 2833 2809 et
2856 2743 3158 2808 nobiliori
3185 2743 3379 2807 modo
3406 2742 3563 2807 ima·

2018 2870 2106 2935 go
2136 2853 2481 2918 divinitatis
2505 2852 2763 2917 inscribi
2789 2851 2975 2917 debet
2996 2852 3064 2914 in
3087 2851 3344 2933 angelo,
3365 2868 3562 2934 quam

2021 2960 2090 3024 in
2116 2961 2353 3024 anima.

2099 3067 2260 3133 Item
2321 3085 2405 3133 ex
2454 3085 2531 3133 eo
2593 3065 2828 3132 dicitur
2882 3069 3175 3133 creatura
3238 3064 3563 3131 rationalis

2017 3176 2238 3258 imago
2265 3175 2407 3253 Dei,
2446 3193 2578 3259 quo
2615 3193 2817 3257 capax
2855 3173 2966 3239 Dei
3004 3178 3099 3239 est
3129 3195 3145 3237 ι
3176 3172 3287 3237 sed
3312 3172 3564 3254 angeli-

2018 3301 2131 3349 cus
2179 3283 2446 3367 spiritus
2489 3281 2780 3365 capacior
2820 3285 2913 3346 est
2960 3299 3157 3363 quam
3198 3279 3557 3358 humanus,

2017 3413 2167 3460 cum
2197 3394 2277 3459 sit
2301 3394 2649 3459 virtuosior
2674 3398 2736 3458 et
2771 3393 3122 3477 expeditior
3152 3414 3167 3457 ε
3199 3410 3357 3473 ergo
3389 3392 3457 3454 in
3480 3408 3558 3456 eo

2015 3502 2236 3584 imago
2263 3501 2612 3567 divinitatis
2636 3503 2731 3565 est
2757 3500 3146 3565 eminentius
3172 3499 3498 3581 impressa.

2096 3611 2257 3676 Item
2281 3610 2502 3690 imago
2542 3608 2824 3674 consistit
2849 3608 2919 3672 in
2948 3607 3259 3673 memoria
3273 3655 3292 3687 ,
3326 3604 3557 3670 intelli-

2014 3716 2265 3800 gentia,
2293 3719 2358 3780 et
2380 3716 2712 3783 voluntate
2760 3734 2778 3780 ε
2824 3714 2933 3779 sed
2963 3714 3273 3779 memoria
3313 3712 3557 3796 perfec·

2011 3823 2161 3888 tiori
2206 3823 2398 3888 modo
2445 3822 2638 3887 habet
2672 3825 2885 3886 actum
2931 3840 3126 3886 suum
3170 3821 3239 3884 in
3286 3818 3553 3901 angelo,

2011 3949 2209 4015 quam
2248 3931 2320 3994 in
2354 3929 2650 4008 homine3
2683 3927 2977 3993 similiter
3006 3926 3463 4009 intelligentia,
3495 3929 3559 3991 et

2010 4036 2309 4102 voluntas
2367 4057 2384 4100 ε
2434 4035 2744 4100 memoria
2788 4034 2963 4098 enim
3015 4036 3073 4116 ej
3082 4052 3156 4098 us
3210 4036 3380 4097 tenet
3419 4032 3557 4097 sine

2011 4144 2358 4223 oblivione,
2411 4145 2475 4208 et
2513 4141 2937 4224 intelligentia
2962 4140 3266 4222 intelligit
3290 4139 3427 4202 sine
3454 4137 3556 4201 in-

2010 4250 2377 4334 quisitione,
2409 4255 2473 4315 et
2516 4250 2818 4316 voluntas
2843 4248 3053 4330 diligit
3091 4247 3229 4312 sine
3271 4244 3554 4312 retarda-

2008 4358 2181 4424 tione
2229 4376 2246 4423 ε
2293 4373 2577 4441 quorum
2634 4356 2923 4441 opposita
2957 4359 3115 4421 sunt
3155 4355 3225 4419 in
3269 4354 3484 4420 anima
3533 4375 3549 4418 ε

2007 4485 2191 4550 ergo,
2220 4470 2341 4532 etc.

2090 4574 2322 4639 Contra
2338 4594 2355 4637 z
2374 4570 2753 4656 Expressius
2784 4572 3203 4653 repraesentat
3225 4586 3549 4634 summam
3579 4589 3791 4640 ranam.

2009 4679 2386 4747 Trinitatem
2406 4728 2423 4758 ‚
2484 4680 2658 4763 quod
2706 4679 3120 4761 repraesentat
3164 4693 3298 4741 non
3341 4675 3551 4740 solum

2006 4792 2327 4872 quantum
2352 4788 2432 4853 ad
2457 4787 2827 4853 substantias
2854 4786 3188 4865 unitatem,
3218 4783 3327 4849 sed
3355 4783 3549 4849 etiam

2006 4897 2323 4977 quantum
2357 4893 2438 4958 ad
2464 4893 2930 4958 distinctionem
2953 4909 3375 4975 personarum
3401 4889 3552 4956 :sed

2004 5002 2203 5068 homo
2252 5000 2620 5084 expressius
2666 5003 3075 5083 repraesentat
3127 5015 3551 5082 personarum

2005 5127 2049 5180 11
2070 5128 2230 5190 Seni„
2246 5126 2366 5178 dist.
2382 5137 2492 5190 xv1,
2513 5138 2565 5190 q.
2583 5136 2620 5189 1,
2641 5128 2735 5176 art.
2751 5126 2781 5174 2
2792 5141 2810 5191 3
2836 5123 2969 5175 Guil.
2986 5122 3303 5188 Altisiodor„
3326 5123 3367 5173 ll
3391 5124 3551 5189 Seni„

2002 5203 2151 5253 tract.
2185 5214 2241 5264 x,
2281 5213 2326 5251 c.
2354 5209 2434 5261 iv,
2463 5212 2517 5262 q.
2546 5209 2580 5247 ιι
2612 5199 2665 5248 et
2693 5209 2790 5259 1¹13
2838 5195 3017 5261 steph.
3045 5195 3254 5262 Brulet'.,
3300 5197 3339 5245 ΙΙ
3380 5196 3550 5258 Sene„

2003 5273 2122 5323 dist.
2142 5283 2251 5335 xvi,
2280 5284 2330 5335 q.
2352 5281 2422 5321 ιν.
2445 5295 2500 5306 -
2519 5269 2542 5304 ²
2559 5268 2758 5328 Ezech„
2781 5280 2966 5332 xxvm,
3004 5271 3078 5320 12.
3099 5293 3163 5304 —
3186 5269 3206 5299 ⁸
3228 5269 3465 5332 Gregor„
3496 5268 3550 5318 in
3656 5306 3665 5310 -

2002 5344 2196 5407 Evanq.
2237 5341 2378 5393 hom.
2405 5350 2594 5403 xxnv3
2632 5341 2813 5392 Mami.
2856 5339 2949 5392 lib.
2976 5339 3196 5404 mn,
3232 5353 3279 5391 c.
3302 5350 3457 5391 xvm.

2066 5452 2133 5517 (a)
2166 5449 2303 5501 Edit.
2334 5448 2448 5500 Ven-
2475 5445 2726 5498 effectiva.
