4125 6225
1063 374 1260 441 DIST.
1296 373 1431 441 vn.
1475 373 1711 442 PART.
1754 374 1804 439 Ι.
1845 372 2028 439 ART.
2076 371 2155 439 ΙΙ.
2200 373 2498 453 QUAEST.
2544 375 2654 441 111.

273 511 495 576 datum
511 511 905 592 naturaliter,
933 529 1092 593 ergo
1110 529 1245 575 non
1272 513 1365 575 est
1386 510 1803 575 diminutum.

354 616 515 681 Item
557 618 831 684 liberum
874 619 1211 684 arbitrium
1254 618 1483 683 dicitur
1531 617 1806 680 liberum

271 744 372 802 e0,
398 726 570 808 quod
595 744 730 791 non
750 730 953 809 potest
979 727 1162 809 cogi:
1191 744 1347 808 ergo
1370 726 1425 789 si
1448 725 1704 789 libertas
1716 721 1810 786 di-

272 833 590 897 minuitur
609 882 628 913 ,
668 834 884 916 aliqua
916 836 1153 899 coactio
1185 834 1607 899 introducitur
1638 853 1655 896 :
1699 829 1809 894 sed

268 940 545 1005 liberum
568 943 903 1007 arbitrium
931 943 1226 1007 obstinati
1251 942 1432 1006 nullo
1469 940 1659 1005 modo
1684 956 1801 1022 po·-

268 1052 391 1113 test
411 1050 557 1131 cogi
590 1072 605 1115 :
635 1069 791 1132 ergo
817 1051 998 1115 nullo
1025 1050 1213 1115 modo
1238 1053 1441 1133 potest
1466 1045 1761 1113 diminui.

353 1156 542 1236 Item,
576 1158 630 1223 si
659 1158 1041 1223 diminuitur
1066 1176 1182 1242 per
1199 1157 1710 1232 obstinationem,
1744 1157 1811 1219 et

272 1271 646 1347 peccatum:
669 1284 825 1349 ergo
852 1284 1002 1330 cum
1028 1284 1160 1330 non
1189 1266 1267 1330 sit
1292 1265 1640 1342 infinitum,
1671 1277 1809 1327 om-

268 1373 423 1438 nino
447 1373 676 1456 poterit
704 1374 940 1439 auferri
972 1397 986 1438 z
1015 1392 1172 1455 ergo
1194 1373 1448 1438 videtur
1477 1371 1646 1455 quod
1680 1370 1807 1435 ali-

270 1481 529 1563 quando
541 1480 809 1563 perdant
821 1480 1424 1545 daemonesliberum
1440 1479 1802 1543 arbitrium:

267 1588 441 1669 quod
480 1592 574 1652 est
615 1606 811 1671 supra
853 1588 1307 1670 improbatum.
1364 1585 1544 1663 Quod
1588 1589 1806 1650 autem

269 1695 668 1760 confirmatio
692 1713 822 1760 non
837 1695 1174 1774 diminuat,
1203 1694 1311 1758 sed
1336 1699 1603 1775 augeat,
1634 1692 1809 1757 vide-

265 1804 374 1864 tur
382 1802 873 1883 perAnselmum
889 1803 957 1866 in
972 1802 1137 1866 libro
1152 1800 1230 1867 de
1250 1800 1470 1866 Libero
1491 1798 1803 1879 ArbitriO,

267 1908 383 1989 qui
411 1909 501 1972 sic
527 1907 678 1973 dicit
701 1911 718 1945 ¹
745 1927 763 1973 ε
799 1931 830 1970 α
847 1908 968 1986 Qui
996 1909 1186 1973 habet
1206 1908 1377 1991 quod
1404 1907 1584 1972 decet
1608 1911 1671 1971 et
1698 1924 1810 1970 ex-

265 2015 480 2098 pedit,
511 2034 629 2080 nec
654 2021 857 2099 potest
882 2017 1041 2081 illud
1072 2015 1336 2098 perdere
1353 2062 1373 2093 ,
1400 2013 1661 2078 liberior
1688 2016 1804 2090 est,

267 2141 466 2205 quam
506 2124 619 2206 qui
663 2128 895 2207 potest.
923 2145 955 2184 n
1005 2122 1125 2188 Sed
1150 2122 1429 2187 liberum
1468 2120 1806 2185 arbitrium

266 2232 723 2296 confirmatum
744 2248 878 2295 non
897 2233 1101 2313 potest
1122 2229 1711 2312 perderejustitiam
1747 2231 1810 2293 et

263 2339 732 2418 rectitudinem,
753 2358 950 2422 quam
970 2339 1223 2422 expedit
1245 2342 1309 2403 et
1334 2339 1511 2403 dccet
1535 2337 1801 2416 habere;

265 2463 402 2509 non
428 2448 880 2511 confirmatum
908 2450 1111 2529 potest
1142 2468 1156 2510 :
1187 2463 1377 2527 ergo,
1406 2450 1524 2510 etc.

349 2552 506 2617 Item
528 2602 547 2633 ,
592 2559 834 2637 quanto
889 2555 1098 2636 magis
1142 2553 1378 2636 aliquid
1424 2553 1808 2619 assimilatur

263 2662 353 2725 illi
381 2662 554 2744 quod
577 2667 672 2727 est
690 2663 967 2727 liberum
990 2662 1261 2727 infinitae
1278 2662 1608 2740 libertam,
1635 2665 1805 2726 tanto

260 2768 529 2833 liberius
555 2772 683 2849 est;
734 2771 843 2834 sed
870 2771 1145 2835 liberum
1187 2769 1525 2834 arbitrium
1567 2771 1805 2834 confir-

260 2880 511 2940 matum
534 2877 743 2959 magis
766 2877 1153 2942 assimilatur
1180 2877 1307 2941 Deo
1323 2925 1342 2957 ,
1374 2881 1437 2940 et
1466 2878 1608 2958 ejus
1630 2877 1803 2941 arbi-

259 2983 416 3060 trio,
444 3002 644 3067 quam
673 3003 805 3049 non
845 2985 1294 3050 confirmatum
1327 3006 1342 3049 :
1380 3002 1538 3065 ergo
1583 2989 1678 3049 est
1716 2985 1801 3049 li·-

258 3089 503 3156 heriuS.

343 3197 505 3264 Item
525 3200 735 3265 omnis
761 3202 1043 3283 potentia
1060 3220 1209 3285 quae
1231 3201 1421 3267 habet
1451 3200 1802 3284 dispositio-

258 3323 410 3371 nem
443 3307 797 3372 elevantem
817 3356 834 3388 ,
865 3312 929 3372 et
953 3309 1326 3374 reddentem
1352 3309 1598 3373 facilem
1620 3309 1700 3373 ad
1728 3309 1803 3371 il-

256 3412 370 3478 lud
396 3414 475 3478 ad
503 3414 674 3497 quod
700 3420 831 3494 est,
873 3420 968 3479 θεῖ
995 3416 1253 3480 liberior
1283 3435 1479 3500 quam
1505 3417 1616 3480 illa
1649 3434 1798 3500 quae

256 3525 428 3584 caret
466 3522 587 3586 hac
629 3523 1037 3611 dispositione
1083 3545 1098 3587 ε
1148 3524 1259 3587 sed
1300 3524 1578 3588 liberum
1625 3526 1798 3589 arbi-

252 3629 456 3693 trium
474 3632 923 3694 confirmatum
946 3632 1035 3694 sic
1051 3649 1120 3694 se
1134 3631 1328 3695 habet
1341 3620 1638 3716 'respectu
1663 3650 1797 3697 non

254 3738 613 3801 confirmati
644 3760 659 3801 :
690 3756 849 3819 ergo
873 3786 890 3814 ,
912 3743 1031 3802 etc.

790 3932 1240 4000 CONCLUSIO.

251 4087 581 4151 obstinatio,
612 4091 665 4142 et
691 4088 752 4143 in
781 4088 925 4144 malo
953 4091 1322 4160 contii-matie,
1351 4104 1459 4145 non
1484 4091 1688 4170 minuft
1718 4092 1791 4146 li-

325 4177 551 4233 bertatis
592 4176 889 4233 dominium
905 4220 922 4246 ,
972 4179 1114 4249 quod
1155 4182 1450 4252 opponitur
1486 4183 1790 4248 coactioni,

321 4282 438 4321 cum
480 4267 591 4322 tale
639 4271 715 4323 sit
748 4270 1128 4333 intrinsecum,
1171 4274 1223 4324 et
1267 4269 1329 4325 de
1369 4272 1595 4326 essentia
1637 4272 1797 4326 liberi

304 4356 581 4422 ‚orbiti-im
617 4355 710 4411 secl
746 4356 871 4412 bene
901 4355 1135 4425 minuit,
1176 4358 1263 4414 vel
1299 4362 1461 4428 auqet
1491 4358 1789 4416 dominium

319 4444 463 4517 quod
486 4449 776 4518 opponitur
798 4446 1121 4519 subjectioni
1145 4450 1442 4504 seminetis.

328 4595 516 4679 Resp.
546 4596 627 4661 ad
650 4597 926 4678 Argum.
952 4597 1298 4663 Dicendum
1336 4599 1508 4682 quod
1529 4599 1787 4682 quando

247 4703 566 4785 quaeritur
606 4702 685 4766 de
709 4702 1135 4767 diminutione
1185 4704 1451 4768 dominii
1483 4705 1789 4771 libertatis

247 4808 515 4889 arbitrii,
531 4808 1060 4890 distinguendum
1071 4809 1246 4873 estin
1257 4810 1561 4875 dominio.
1582 4813 1791 4888 Quod-

248 4916 399 4981 dam
433 4921 527 4980 est
546 4916 719 4979 enim
744 4915 1101 4980 dominium
1120 4916 1290 4999 quod
1313 4918 1658 5000 opponitur
1682 4938 1790 4984 co-

246 5023 487 5089 actioni
506 5046 523 5103 ;
539 5023 880 5106 quoddam,
904 5024 1079 5106 quod
1087 5025 1428 5107 opponitur
1444 5027 1791 5109 subjectio-

246 5131 339 5197 ni.
372 5130 440 5196 Si
469 5136 686 5197 autem
707 5131 1050 5214 loquamur
1076 5131 1153 5196 de
1181 5131 1464 5198 dominio
1486 5133 1792 5201 libertatis

247 5239 423 5323 quod
456 5239 801 5322 opponitur
828 5239 1120 5306 servituti
1146 5240 1509 5333 coactionis,
1535 5243 1626 5309 sic
1648 5244 1789 5328 pri-

312 5364 332 5398 ⁸
350 5363 603 5429 Anselm.,
631 5362 690 5414 de
718 5363 828 5415 Lib.
856 5364 1048 5429 Arhia,
1069 5380 1114 5415 c.
1136 5379 1173 5416 1.

3329 375 3450 437 407

1917 511 2027 575 vat
2044 509 2467 590 coactionem3
2493 515 2557 575 et
2585 510 2709 576 hoc
2740 509 3104 575 dominium
3131 510 3227 573 θεῖ
3246 523 3453 572 essen·

1917 615 2067 680 tiale
2092 617 2292 682 libero
2318 617 2616 696 arbitrio;
2658 622 2722 683 et
2758 617 2900 682 ideo
2927 634 3061 681 non
3086 613 3405 679 minuitur
3427 659 3450 694 ,

1918 740 2036 787 nec
2052 729 2352 806 augetur.
2382 724 2645 804 RursuS,
2675 726 2827 809 quia
2852 741 3112 789 omnem
3125 721 3334 805 privat
3353 739 3454 786 co-

1915 831 2229 897 actionem
2248 882 2266 914 ,
2296 835 2623 916 aequaliter
2644 833 2832 899 estin
2858 827 3195 912 omnibus,
3224 835 3356 896 tam
3384 830 3454 894 in

1918 938 2103 1004 bonis
2121 959 2318 1023 quam
2342 942 2413 1005 in
2437 942 2624 1006 malis
2639 991 2656 1021 ‚
2677 947 2808 1007 tam
2838 941 2910 1005 in
2937 941 3224 1005 Creatore
3251 956 3452 1023 quam

1918 1047 1989 1112 in
2020 1050 2360 1129 creaturiS,
2394 1051 2559 1115 sicut
2604 1051 2753 1116 dicit
2785 1050 3145 1115 Bernardus
3177 1049 3248 1112 in
3285 1048 3450 1111 libro

1918 1154 1997 1221 de
2028 1157 2252 1223 Libero
2277 1158 2586 1238 Arbitrio,
2626 1158 2742 1222 ubi
2778 1158 2929 1222 dicit
2961 1156 3133 1240 quod
3168 1180 3200 1218 ιι
3234 1156 3453 1219 manet

1916 1261 2172 1328 libertas
2216 1265 2561 1330 voluntatis
2610 1265 2862 1348 integra
2895 1314 2915 1345 ,
2966 1269 3099 1327 tam
3141 1263 3210 1326 in
3266 1261 3451 1326 malis

1914 1388 2113 1452 quam
2157 1372 2226 1435 in
2268 1373 2452 1436 bonis
2482 1422 2500 1453 ,
2539 1377 2672 1437 tam
2709 1373 2781 1437 in
2812 1373 3103 1437 Creatore
3138 1388 3335 1452 quam
3384 1368 3453 1431 in

1918 1479 2247 1542 creaturis,
2266 1500 2297 1540 n
2321 1479 2386 1543 Si
2404 1484 2625 1544 autem
2645 1480 2893 1545 dicatur
2910 1476 3451 1559 dominiumquod

1917 1586 2260 1668 opponitur
2294 1585 2590 1652 servituti
2621 1587 3037 1669 subjectionis
3058 1634 3076 1666 ,
3118 1585 3207 1649 sic
3231 1583 3458 1666 recipit

1917 1694 2128 1774 magis
2157 1698 2221 1758 et
2249 1694 2466 1758 minus
2485 1742 2501 1772 ,
2531 1714 2651 1760 nec
2689 1695 2856 1759 inest
2883 1695 3215 1778 aequaliter
3244 1692 3455 1758 omni-

1916 1799 2060 1863 bus.
2111 1800 2272 1865 Nam
2311 1803 2383 1866 in
2424 1803 2672 1868 miseris
2705 1804 2990 1885 subjacet
3027 1801 3337 1880 miseriae;
3386 1799 3456 1864 in

1916 1907 2117 1972 beatis
2137 1913 2232 1974 est
2251 1910 2529 1975 liberum
2554 1932 2568 1975 ε
2591 1911 2661 1974 in
2688 1911 2876 1974 malis
2905 1909 3191 1992 subjacet
3211 1908 3448 1990 culpae3

1916 2014 1987 2078 in
2002 2015 2188 2080 bonis
2206 2022 2298 2082 est
2311 2018 2607 2098 liberum,
2629 2022 2692 2083 et
2708 2022 2886 2082 tanto
2902 2017 3185 2094 liberiuS,
3209 2019 3451 2098 quanto

1917 2123 2128 2204 magis
2161 2124 2348 2190 distat
2378 2145 2418 2190 a
2457 2126 2627 2191 malo
2667 2147 2682 2191 ε
2716 2126 2788 2190 in
2818 2124 3123 2189 creaturis
3171 2124 3454 2206 subjacet

1917 2232 2233 2297 mandatis
2254 2254 2272 2313 ;
2292 2234 2362 2297 in
2389 2234 2514 2300 Deo
2537 2252 2691 2300 vero
2716 2237 2811 2298 est
2829 2251 3032 2316 ,supra
3058 2251 3250 2297 omne
3275 2250 3455 2296 man-

1916 2339 2140 2404 datum
2173 2363 2187 2405 ε
2219 2346 2281 2406 θῖ
2305 2342 2429 2406 hoc
2455 2341 2645 2406 modo
2672 2341 3038 2423 accipiendo
3068 2340 3451 2418 dominium,

1916 2466 2030 2531 per
2087 2449 2636 2514 confirmationem
2680 2453 2982 2531 augetur,
3042 2467 3189 2532 quae
3243 2449 3453 2530 magis

1915 2556 2174 2638 elongat
2198 2576 2238 2620 a
2263 2558 2653 2640 subjectione
2695 2556 2902 2639 culpae
2937 2560 2999 2620 et
3040 2556 3315 2620 miserias
3339 2604 3357 2636 ,
3391 2559 3456 2620 et

1914 2682 2029 2746 per
2061 2664 2551 2728 obstinationem
2580 2664 2916 2743 minuitur,
2949 2681 3096 2746 quae
3133 2665 3448 2729 cervicem

1913 2771 2233 2836 submittit
2277 2772 2557 2854 utrique.
2599 2770 3025 2835 Concedendae
3066 2774 3218 2834 sunt
3247 2771 3451 2852 igitur

1910 2879 2209 2959 rationes,
2248 2881 2420 2963 quod
2449 2879 2789 2943 obstinatio
2815 2878 3089 2958 minuit,
3121 2882 3186 2943 et
3215 2882 3452 2944 conflr-

1912 2987 2108 3052 matio
2131 2991 2358 3068 auget3
2384 2987 2535 3071 quia
2551 2987 2673 3051 hac
2694 2986 2802 3052 via
2814 2985 3166 3068 procedunt
3182 3034 3200 3066 ,
3221 2990 3285 3051 et
3301 2987 3445 3053 ideo

1909 3112 2140 3162 verum
2166 3094 2573 3159 concludunt.

1990 3207 2020 3264 1
2032 3247 2049 3263 .
2062 3202 2162 3267 Ad
2175 3202 2331 3267 illud
2350 3220 2507 3283 ergo
2524 3202 2695 3284 quod
2709 3200 3007 3284 objicitur
3021 3200 3250 3284 prim0,
3274 3200 3446 3284 quod

1909 3310 2306 3374 confirmatio
2384 3310 2682 3374 diminuit
2758 3313 3015 3392 propter
3101 3309 3441 3372 necessita-

1905 3418 2068 3492 tem;
2106 3414 2445 3478 dicendum
2472 3413 2643 3497 quod
2668 3414 3005 3477 necessitas
3026 3412 3444 3476 immutabili-

1904 3521 2050 3585 tatis
2077 3522 2157 3586 ad
2183 3522 2429 3585 bonum
2460 3521 2639 3584 nullo
2666 3520 2856 3584 modo
2897 3523 3218 3602 repugnat
3240 3518 3443 3583 libero

1904 3628 2167 3693 arbitrio
2199 3648 2216 3693 ι
2245 3647 2362 3691 nec
2402 3628 2473 3691 in
2507 3629 2827 3710 quantum
2871 3627 3149 3691 liberum
3177 3646 3218 3691 a
3258 3645 3444 3691 coac-

1902 3736 2112 3800 tione:
2145 3736 2301 3819 quia
2321 3737 2561 3800 coactio
2587 3739 2682 3799 est
2706 3734 2788 3799 ab
2811 3733 3196 3814 extrinseco3
3224 3752 3346 3798 nec
3370 3734 3440 3797 in

1901 3847 2217 3927 quantum
2247 3843 2521 3907 liberum
2567 3862 2607 3907 a
2637 3842 2826 3925 culpa
2846 3891 2864 3922 ,
2894 3842 2999 3907 vel
3037 3843 3293 3907 miseria
3324 3860 3341 3905 τ
3379 3844 3445 3906 et

1898 3952 2040 4015 ideo
2068 3970 2199 4016 non
2225 3951 2566 4016 diminuit:
2598 3951 2710 4014 illa
2749 3968 2907 4031 ergo
2947 3950 3288 4033 propositio
3336 3966 3443 4015 so-

1899 4060 2040 4125 lum
2064 4059 2253 4123 babet
2295 4059 2626 4124 veritatem
2655 4058 2732 4122 de
2762 4058 3133 4122 necessitate
3160 4058 3436 4124 coactio-

1900 4168 2031 4244 nis»,
2061 4166 2166 4232 vel
2196 4167 2530 4250 pronitatis
2552 4166 2633 4229 ad
2661 4166 2929 4229 malum.
3015 4240 3020 4247 .

1977 4282 2038 4341 2.
2071 4278 2170 4341 Ad
2187 4277 2344 4341 illud
2361 4275 2534 4358 quod
2555 4275 2853 4357 objicitur
2877 4274 2955 4337 de
2983 4271 3427 4355 amplitudine,

1899 4385 2238 4450 dicendum
2264 4384 2437 4467 quod
2464 4383 2812 4466 potentiam
2850 4380 3142 4463 ampliari
3179 4384 3275 4444 est
3311 4379 3433 4443 du-

1898 4492 2143 4576 pliciter
2174 4515 2189 4556 :
2220 4497 2335 4556 aut·
2363 4494 2653 4573 respectu
2678 4507 2903 4555 eorum
2921 4539 2938 4569 ,
2961 4505 3107 4571 quae
3135 4504 3317 4571 posse
3343 4489 3439 4551 est

1899 4619 2080 4684 posse
2099 4649 2115 4677 ‚
2146 4601 2312 4665 etde
2338 4599 2568 4664 talibus
2595 4617 2825 4663 verum
2850 4600 2946 4661 est
2966 4619 2983 4675 3
3002 4601 3114 4660 aut
3141 4600 3436 4680 respectu

1897 4724 2124 4773 eorum
2145 4755 2163 4786 ,
2205 4724 2352 4788 quae
2379 4723 2561 4788 posse
2587 4707 2682 4768 est
2724 4722 2857 4770 non
2887 4721 3095 4785 posse,
3132 4703 3239 4766 sed
3274 4704 3438 4768 defl-

1897 4831 2069 4893 cere,
2095 4818 2158 4876 et
2191 4815 2479 4894 respectu
2521 4811 2747 4875 talium
2774 4828 2907 4873 non
2934 4814 3028 4873 est
3060 4827 3293 4873 verum
3322 4832 3338 4874 ε
3371 4813 3438 4874 et

1898 4921 2020 4985 tale
2051 4923 2146 4984 est
2171 4920 2416 4983 malum
2445 4940 2460 4982 ε
2492 4918 2664 4982 unde
2688 4917 2907 4982 divina
2943 4915 3256 4999 potentia,
3288 4935 3436 4999 quae

1898 5026 2400 5110 estamplissima
2420 5030 2485 5091 et
2508 5024 2857 5104 liberrima,
2876 5043 3008 5089 non
3026 5027 3121 5088 est
3140 5028 3435 5106 respectu

1850 5163 1862 5178 ·
1899 5133 2077 5200 mali.

1980 5245 2039 5306 3.
2082 5241 2181 5305 Ad
2223 5239 2381 5304 illud
2407 5239 2577 5322 quod
2605 5239 2901 5322 objicitur
2928 5238 3006 5303 de
3034 5237 3344 5303 beneflcio
3370 5244 3434 5303 et

1901 5349 2113 5434 gratia
2133 5395 2151 5427 ,
2184 5347 2526 5413 dicendum
2552 5347 2722 5430 quod
2758 5346 2917 5412 illud
2953 5365 3184 5414 verum
3211 5352 3341 5427 est,
3377 5350 3434 5415 si
