4125 6225
1231 401 1428 467 DIST.
1466 399 1652 466 XLII.
1696 399 1881 503 ΛΒΤ.
1921 399 1971 464 1.
2017 398 2319 478 QUAEST.
2364 401 2471 466 111.

788 625 1242 693 CONCLUSIO.

282 780 390 835 Deus
411 782 582 849 potest
619 795 774 836 omne
800 781 948 837 illud
971 782 1114 852 quod
1137 784 1314 837 orento
1355 783 1543 852 aqenti
1570 784 1647 837 est
1673 782 1782 836 im-

329 870 561 941 possibile
587 874 818 943 propter
845 872 1231 928 limitationem
1257 872 1514 936 virtutis,
1553 871 1638 926 vel
1668 872 1779 926 im·-

292 1004 302 1016 .
336 958 660 1015 tantillitatem
703 962 1118 1030 intelliqentiae3
1162 977 1272 1018 non
1301 965 1480 1017 autem
1522 960 1662 1032 quod
1704 962 1782 1016 est

333 1049 639 1119 impossibile
648 1056 878 1123 propter
889 1053 1258 1124 privationem
1273 1053 1443 1106 omnis
1456 1051 1776 1115 wisteutioe,

334 1143 376 1193 et
390 1138 662 1195 secundum
685 1141 1107 1197 illustrationem
1130 1142 1382 1196 veritatis
1405 1143 1631 1195 oeternw.

341 1287 506 1371 Resp.
528 1289 607 1353 ad
626 1290 786 1371 Arg.
809 1290 906 1355 Ad
935 1290 1390 1373 praedietorum
1418 1289 1781 1370 intelligen-

279 1395 402 1459 tiam
425 1397 795 1475 notandum,
815 1400 989 1480 quod
1009 1416 1126 1462 nos
1143 1398 1509 1481 judicamus
1534 1394 1778 1478 aliquid

279 1503 623 1586 impossihile
645 1511 924 1588 quatuor
942 1506 1144 1570 causis
1169 1529 1183 1570 z
1210 1524 1346 1570 uno
1378 1504 1568 1568 modo
1592 1521 1780 1587 prop-

277 1614 353 1673 ter
377 1610 455 1693 (a)
497 1610 940 1677 limitationem
981 1613 1291 1677 naturalis
1331 1611 1631 1695 potentiae
1650 1658 1667 1687 ‚
1705 1613 1781 1674 ut

277 1718 336 1783 de
349 1724 560 1784 trunco
578 1722 719 1785 fleri
745 1722 1049 1803 vitulum,
1075 1726 1139 1787 et
1154 1721 1482 1803 virginem
1509 1736 1772 1803 parere:

275 1827 475 1891 mulier
497 1829 664 1892 enim
701 1829 842 1894 sine
881 1831 1123 1894 semine
1149 1849 1280 1896 non
1314 1833 1522 1913 potest
1562 1826 1779 1893 conci-

275 1952 400 2015 pere
430 1937 825 2017 naturaliter3
862 1938 1017 2002 item
1053 1943 1273 2021 partus
1294 1987 1312 2015 ,
1353 1940 1567 2003 clausa
1596 1939 1780 2019 porta

274 2047 497 2125 propter
523 2045 981 2127 corpulentiam
1003 2095 1022 2127 ,
1053 2065 1186 2110 non
1214 2050 1419 2129 potest
1444 2046 1648 2124 exire3
1685 2045 1779 2108 si-

274 2150 476 2215 militer
498 2158 726 2217 natura
754 2155 968 2217 statim
996 2172 1129 2219 non
1149 2158 1354 2238 potest
1383 2159 1686 2218 truncum
1708 2153 1779 2216 in

275 2258 516 2322 vitulum
542 2263 941 2340 convertere,
976 2280 1126 2326 cum
1168 2263 1400 2326 habeat
1430 2261 1779 2345 potentiam

273 2364 589 2431 limitatam.
633 2368 927 2435 Secundo
968 2370 1159 2435 modo
1207 2370 1440 2435 dicitur
1483 2369 1780 2451 impossi-

273 2472 377 2537 bile
400 2493 518 2539 non
538 2480 794 2558 propter
823 2476 1280 2541 limitationem·
1300 2477 1632 2561 potentiae,
1668 2476 1779 2540 sed

273 2584 496 2663 propter
526 2583 970 2649 limitationem
1019 2590 1252 2649 nostrae
1297 2585 1738 2667 intelligentiae
1755 2632 1774 2663 ,

273 2696 337 2754 ut
352 2690 462 2756 duo
486 2709 748 2778 corpora
771 2714 907 2760 esse
934 2696 1000 2759 in
1030 2697 1254 2762 eodem
1283 2697 1447 2775 Ιοεο,
1481 2696 1585 2761 vel
1607 2696 1777 2758 idem

274 2815 470 2881 corpus
512 2801 580 2865 in
635 2803 905 2868 diversis
925 2852 944 2883 ,
989 2803 1094 2867 vel
1147 2805 1358 2887 majus
1415 2804 1488 2867 in
1543 2801 1778 2866 minori

273 2903 404 2985 loco,
421 2909 564 2990 quia
580 2911 758 2974 nullo
783 2912 973 2976 modo
991 2929 1333 2994 possumus
1356 2929 1599 2993 capere,
1625 2929 1776 2975 oum

273 3020 454 3080 nostra
477 3016 846 3101 mgmafio
874 3038 1125 3103 semper
1155 3020 1322 3084 dieat
1350 3019 1714 3102 oppositum
1754 3037 1772 3081 ε

276 3123 415 3187 unde
437 3126 620 3189 etiam
643 3128 904 3210 quando
945 3129 1114 3193 Deus
1152 3131 1244 3193 sio
1271 3130 1416 3194 facit
1447 3130 1519 3193 in
1555 3147 1774 3193 saera-

277 3235 456 3294 mento
480 3232 718 3310 altam,
749 3252 1004 3298 necesse
1034 3241 1129 3300 est
1169 3240 1241 3300 ut
1266 3236 1427 3300 ratio
1453 3239 1674 3300 contra
1708 3252 1775 3300 se

279 3333 536 3417 elevetur,
565 3344 637 3403 ut
663 3341 897 3405 credat.
928 3340 1138 3407 Tertio
1166 3344 1357 3408 modo
1384 3343 1615 3407 dieitur
1646 3344 1770 3408 im-

281 3446 525 3523 possibile
564 3453 823 3530 propter
874 3451 1294 3532 privationem
1344 3450 1553 3514 omnis
1600 3451 1774 3514 exis-

283 3552 450 3616 tentiae
490 3555 840 3619 secundum
885 3574 1142 3621 omnem
1188 3557 1725 3640 comparationem
1746 3606 1764 3636 ‚

283 3660 467 3726 scilieet
486 3665 797 3746 principii,
830 3666 1044 3744 medii,
1076 3671 1138 3729 et
1163 3666 1395 3744 ultimi,
1426 3670 1501 3729 ιιι
1534 3670 1771 3749 praete-

284 3766 435 3831 ritum
470 3788 596 3834 non
642 3772 836 3836 fuisse
871 3773 1286 3855 praeteritum.
1329 3773 1549 3837 Omnis
1597 3774 1770 3838 enim

286 3876 512 3952 potentia
535 3896 680 3960 quae
706 3879 1085 3960 intelligitur
1111 3880 1353 3962 aliquid
1378 3881 1616 3960 taoere,-
1639 3899 1767 3945 res-

283 3980 395 4060 picit
410 4001 514 4048 ens
537 3987 638 4050 vel
661 3986 734 4049 in
755 3987 999 4051 ratione
1020 3987 1335 4070 principii,
1355 3988 1458 4052 vel
1481 3988 1760 4069 termini,

285 4087 357 4150 vel
402 4095 658 4175 utroque
711 4093 902 4157 modo
954 4112 972 4158 ε
1023 4094 1193 4159 unde
1239 4095 1316 4158 de
1362 4099 1509 4159 ente
1564 4099 1770 4177 potest

282 4190 443 4258 faeere
483 4216 605 4262 non
648 4217 798 4280 ens,
851 4203 916 4263 et
952 4221 988 4263 ε
1026 4218 1362 4280 converso,
1411 4206 1474 4265 et
1522 4202 1598 4266 de
1637 4221 1769 4267 uno

282 4297 448 4379 aliud3
474 4303 575 4366 sed
597 4304 675 4368 de
702 4323 833 4369 non
860 4308 1003 4369 ente
1044 4305 1249 4368 facere
1288 4323 1421 4370 non
1461 4325 1573 4370 ens
1592 4357 1611 4387 ‚
1646 4308 1769 4372 hoo

283 4403 478 4468 nullius
501 4410 760 4473 omnino
787 4412 1087 4492 potentiae
1112 4415 1227 4476 est.
1267 4412 1444 4478 Unde
1470 4417 1767 4497 quamvis
1801 4495 1812 4504 .

287 4504 416 4572 Deus
436 4513 510 4577 de·
531 4516 702 4579 omni
729 4521 876 4580 ente
903 4523 1113 4582 creato
1140 4521 1332 4602 possit
1361 4520 1564 4587 facere
1593 4525 1766 4606 quod

289 4630 391 4678 non
405 4619 493 4696 sit,
509 4621 638 4686 sive
659 4623 737 4687 de
758 4623 1003 4688 ratione
1021 4624 1124 4707 (b),
1150 4626 1285 4692 sive
1307 4627 1387 4692 de
1413 4647 1484 4693 re
1508 4651 1522 4695 :
1549 4635 1767 4697 tamen

292 4719 352 4812 de
372 4741 434 4787 eo
457 4729 611 4808 quod
635 4731 776 4807 suit,
805 4736 869 4796 et
897 4750 1029 4796 non
1054 4739 1169 4814 est,
1198 4736 1401 4800 faeere
1428 4740 1599 4821 quod
1634 4758 1766 4804 non

295 4825 462 4910 tuerit,
488 4834 596 4900 hoo
619 4839 878 4904 omnino
903 4839 1030 4905 Deo
1058 4844 1153 4906 est
1177 4843 1582 4926 impossibile,
1611 4848 1767 4930 quia

301 4929 393 4997 hoc
409 4938 584 5006 faeere
606 4949 696 5009 est
721 4947 883 5010 nihil
908 4948 1134 5028 facere,
1159 4950 1322 5015 sieut
1343 4954 1476 5033 jam
1495 4961 1515 4995 ¹
1536 4956 1765 5020 melius

305 5043 507 5117 patebit.
538 5049 760 5126 Quarto
789 5055 977 5119 modo
1004 5054 1235 5120 dicitur
1261 5058 1646 5141 impossibile
1672 5082 1767 5127 se-

311 5150 533 5216 cundum
560 5157 1030 5226 illustrationem
1055 5164 1338 5230 veritatis
1373 5172 1630 5234 aeternae
1650 5218 1668 5249 ‚
1703 5176 1767 5236 et

315 5252 540 5322 ordinem
564 5263 783 5331 divinae
803 5268 1160 5349 sapientiae,
1190 5274 1266 5336 ut
1296 5275 1476 5338 verbi
1516 5278 1724 5357 gratia
1743 5326 1761 5357 ‚

367 5375 518 5432 ¹Paule·
529 5383 802 5440 interius.—
810 5391 879 5457 (a)
898 5391 1020 5443 eet.
1035 5394 1154 5445 edit.
1165 5408 1340 5459 per.—
1349 5397 1414 5463 (ὁ)
1431 5399 1495 5451 It.
1507 5401 1759 5453 oratione.

3313 411 3430 472 135

1902 535 2079 617 quod
2116 534 2246 600 duo
2286 536 2572 619 opposita
2612 537 2808 601 insint
2841 537 3046 602 eidem
3065 587 3084 616 ,
3113 542 3178 604 et
3206 556 3431 605 secun-

1902 640 2059 707 dum
2087 643 2258 709 idem
2276 693 2293 722 ‚
2313 645 2436 709 hoo
2460 646 2599 728 ipsa
2623 646 2861 713 veritas
2887 649 3128 710 aeterna
3144 695 3161 724 ‚
3188 666 3265 711 eo
3293 648 3430 731 ipso

1894 750 2071 831 quod
2096 750 2331 815 veritas
2366 755 2498 827 est,
2521 752 2800 835 judicat,
2834 754 2899 817 ει
2924 753 3199 818 illustrat
3222 756 3298 819 ut
3317 758 3432 838 Ju-

1892 854 2138 921 dicetur
2161 857 2575 940 impossibile;
2606 859 2769 924 sicut
2792 865 2853 924 et
2879 860 3001 924 hoc
3014 909 3031 938 ‚
3059 861 3188 926 duo
3219 866 3282 926 et
3307 862 3433 928 tria

1889 980 2024 1026 non
2050 982 2185 1028 esse
2217 965 2527 1049 quinque.
2577 967 2841 1044 Quando
2881 985 3038 1050 ergo
3082 969 3392 1051 quaeritur
3409 1018 3428 1050 ,

1892 1073 2115 1134 utrum
2146 1071 2272 1136 Deo
2314 1073 2396 1136 sit
2436 1073 2725 1156 possibile
2767 1093 2957 1140 omne
3002 1075 3389 1158 impossibile
3409 1126 3427 1158 ‚

1889 1176 2230 1243 dicendum
2278 1180 2357 1245 de
2397 1181 2771 1265 impossibili
2826 1183 2998 1266 quod
3043 1186 3138 1247 est
3186 1184 3433 1267 impos-

1889 1283 2069 1349 sihile
2126 1292 2382 1370 propter
2433 1289 2880 1355 limitationem
2928 1290 3224 1374 potentiae
3251 1339 3269 1370 ‚
3327 1292 3434 1357 vel

1889 1400 2147 1477 propter
2167 1397 2610 1463 limitationem
2630 1399 3088 1481 intelligentiae,
3110 1399 3283 1483 quod
3306 1399 3433 1466 Deo

1888 1506 1984 1566 est
2010 1504 2326 1586 possibile,
2356 1510 2613 1589 propter
2639 1507 2760 1571 hoc
2783 1506 2958 1590 quod
2990 1509 3130 1590 ejus
3152 1508 3433 1590 potentia

1888 1628 2020 1674 non
2049 1614 2145 1674 est
2181 1611 2467 1692 limitata,
2501 1614 2609 1678 sed
2634 1614 2884 1678 infinita
2913 1636 2928 1678 ε
2969 1617 3032 1678 ει
3062 1614 3205 1679 ideo
3239 1633 3431 1698 supra

1887 1722 2187 1782 naturam
2230 1724 2295 1784 et
2337 1720 2827 1803 intelligentiam
2864 1725 3067 1805 potest
3085 1769 3103 1802 ,
3149 1740 3432 1805 quarum

1887 1829 2160 1908 utraque
2186 1830 2283 1891 est
2307 1832 2564 1892 arctata.
2606 1829 2769 1893 Illud
2794 1832 3010 1894 autem
3043 1830 3432 1912 impossihile

1887 1931 2061 2013 quod
2112 1937 2205 1996 est
2262 1935 2649 2017 impossihile
2698 1941 2955 2019 propter
3003 1937 3433 2019 privationem

1887 2038 2099 2102 omnis
2123 2039 2476 2104 existentiae
2494 2089 2513 2121 ,
2554 2046 2619 2106 et
2657 2048 2915 2125 propter
2939 2043 3430 2110 illustrationem

1887 2146 2173 2211 veritatis
2202 2152 2492 2228 aeternae,
2533 2166 2668 2213 non
2715 2154 2918 2232 potest
2961 2152 3246 2217 omnino.
3290 2152 3433 2217 Pri-

1887 2272 2073 2317 mum
2113 2255 2374 2337 quidem
2412 2274 2545 2321 non
2584 2261 2825 2340 potest,
2862 2259 3017 2341 quia
3044 2259 3202 2324 illud
3248 2278 3431 2344 posse

1886 2361 2162 2425 estnihil
2195 2380 2397 2445 posse.
2430 2362 2797 2429 Secundum
2830 2383 2963 2429 non
3007 2369 3244 2448 potest,
3275 2368 3431 2450 quia

1885 2467 2044 2531 illud
2063 2473 2162 2533 εει
2188 2487 2370 2552 posse
2394 2470 2773 2549 inordinate,
2805 2475 2869 2536 et
2895 2477 3113 2538 eontra
3138 2475 3431 2540 ordinem

1885 2579 2215 2660 sapientiae
2262 2597 2464 2663 posse.
2510 2579 2587 2645 Et
2630 2582 2937 2664 quoniam
2983 2583 3150 2648 Deus
3196 2585 3286 2649 sic
3334 2589 3430 2651 est

1886 2685 2321 2767 omnipotenS‚
2362 2692 2435 2750 ut
2478 2687 2641 2751 nihil
2668 2689 2861 2769 possit
2889 2690 3010 2753 nisi
3042 2691 3217 2772 quod
3251 2692 3430 2758 decet

1885 2811 2074 2857 suam
2099 2795 2446 2878 potentiam
2464 2842 2482 2874 ‚
2526 2798 2592 2858 et
2630 2812 2764 2859 non
2802 2795 3130 2860 deordinat
3168 2798 3428 2881 sapien-

1883 2901 2071 2980 tiam3
2106 2901 2246 2966 ideo
2270 2903 2409 2967 haec
2434 2901 2844 2985 impossibilia
2866 2920 2999 2966 non
3023 2907 3248 2985 potest.

1964 3008 2088 3073 Sed
2113 3010 2369 3092 objiciet
2395 3010 2646 3092 aliquia,
2672 3010 2844 3093 quod
2869 3010 3029 3074 illud
3050 3016 3145 3074 est
3168 3010 3423 3096 falsum,

1883 3117 2120 3182 scilieet
2136 3166 2154 3197 ,
2203 3118 2376 3201 quod
2420 3119 2807 3201 impossihile
2856 3136 2972 3202 per
3014 3117 3303 3184 accidens
3347 3122 3428 3187 sit

1881 3224 2267 3305 impossihile
2294 3229 2549 3307 propter
2576 3225 2998 3308 privationem
3025 3227 3237 3291 omnis
3263 3230 3427 3294 exis-

1881 3334 2119 3398 tentiae.
2144 3333 2306 3398 Nam
2327 3334 2672 3417 propositio
2689 3335 2769 3399 de
2786 3336 3107 3418 praeterito
3129 3340 3226 3400 est
3245 3356 3421 3420 vera,

1881 3447 1945 3508 et
1972 3444 2207 3507 veritas
2229 3443 2340 3506 illa
2361 3459 2491 3505 non
2516 3443 2824 3507 fundatur
2852 3462 3047 3526 supra
3072 3443 3237 3508 nihil
3252 3493 3272 3525 ‚
3304 3464 3425 3511 ιιεε

1879 3568 2072 3633 super
2091 3569 2204 3614 ens
2220 3550 2600 3628 increatum,
2622 3567 2772 3614 cum
2788 3550 3048 3633 incipiat
3068 3569 3205 3615 esse
3223 3571 3376 3616 vera
3399 3572 3420 3617 :

1879 3675 2036 3737 ergo
2064 3676 2260 3740 supra
2286 3675 2402 3721 ens
2428 3661 2714 3722 creatum
2741 3676 2759 3720 ε
2788 3662 2852 3722 ει
2882 3658 3038 3722 illud
3074 3663 3168 3724 est
3192 3665 3423 3743 praete—

1877 3763 2077 3827 ritum
2118 3783 2136 3826 ι
2168 3781 2326 3845 ergo
2357 3763 2755 3846 praeteritum
2799 3764 2951 3829 dicit
2989 3764 3205 3849 aliquo
3235 3768 3423 3833 modo

1878 3889 2034 3936 ens:
2067 3871 2176 3935 sed
2215 3889 2405 3935 omne
2445 3876 2733 3935 creatum
2752 3919 2771 3951 ‚
2821 3876 3421 3958 quantumcumque

1876 3979 2110 4043 habeat
2132 3996 2363 4061 parum
2389 3979 2468 4043 de
2493 3983 2660 4058 ente,
2691 3983 2896 4061 potest
2920 3979 3081 4044 illud
3105 3981 3416 4063 amittere,

1875 4089 1932 4150 si
1957 4087 2123 4152 Deus
2150 4086 2300 4150 velit
2330 4108 2345 4150 :
2373 4105 2533 4168 ergo
2562 4086 2729 4150 Deus
2758 4090 2964 4169 potest
2982 4087 3219 4168 facere,
3250 4090 3423 4171 quod

1875 4194 2032 4258 illud
2074 4194 2245 4275 quod
2280 4193 2433 4272 fuit,
2461 4212 2592 4257 non
2620 4194 2832 4257 fuerit.
2864 4193 2942 4258 Et
2968 4194 3240 4272 iterum,
3271 4213 3422 4260 cum

1875 4303 2013 4368 dieo
2052 4304 2175 4367 hoe
2202 4320 2339 4366 esse
2377 4302 2777 4384 praeteritum
2794 4349 2812 4382 ,
2841 4306 2955 4366 aut
2980 4302 3122 4367 dieo
3150 4302 3417 4385 aliquid,

1874 4413 1986 4475 aut
2011 4410 2174 4473 nihil
2202 4431 2218 4473 ε
2250 4409 2305 4471 si
2333 4409 2576 4492 aliquid
2600 4457 2617 4486 ,
2649 4427 2807 4491 ergo
2847 4410 3174 4492 responsio
3204 4410 3384 4476 nulla
3400 4436 3419 4493 ;

1871 4519 1927 4582 si
1952 4523 2169 4583 autem
2189 4516 2371 4596 nihil,
2393 4517 2533 4582 dieo
2554 4517 2731 4601 quod
2757 4518 2846 4581 ita
2866 4520 3025 4581 tune
3042 4521 3246 4600 potest
3271 4518 3417 4599 dici,

1872 4630 2045 4713 quod
2083 4629 2386 4695 chimaera
2421 4629 2504 4692 sit
2547 4628 2871 4711 praeterita
2890 4675 2910 4707 ,
2958 4631 3021 4691 et
3064 4629 3238 4711 quod
3286 4646 3418 4694 non

1871 4739 2269 4822 praeteritum
2307 4736 2478 4819 quod
2504 4736 2667 4799 nihil
2692 4739 2788 4800 est
2804 4781 2823 4815 ‚
2851 4735 2936 4799 sit
2976 4736 3370 4818 praeteritum
3394 4786 3414 4818 ,

1872 4846 2045 4929 quod
2080 4845 2412 4908 manifeste
2449 4843 2683 4908 falsum
2718 4846 2812 4907 est
2842 4863 2860 4906 t
2901 4859 3037 4906 non
3068 4859 3227 4924 ergo
3265 4842 3418 4908 dicit

1872 4954 2297 5037 privationem
2338 4952 2547 5015 omnis
2584 4949 2958 5016 existentiae.
3000 4948 3080 5013 Et
3123 4949 3213 5013 ita
3255 4950 3417 5016 illud

1872 5080 2002 5126 non
2040 5059 2292 5125 videtur
2325 5057 2697 5122 subtrahere
2727 5058 2888 5140 quin
2928 5056 3254 5139 subjaceat
3292 5076 3417 5140 po-

1873 5168 2089 5233 tentiae
2116 5167 2355 5232 divinae
2384 5186 2403 5230 ε
2426 5184 2579 5230 nam
2600 5166 2894 5229 futurum
2912 5183 3043 5229 non
3071 5164 3223 5230 dicit
3247 5182 3364 5229 ens
3394 5182 3412 5228 z

1873 5281 1937 5341 et
1969 5281 2189 5340 tamen
2221 5274 2389 5340 Deus
2420 5278 2623 5357 potest
2650 5273 2855 5337 faeere
2900 5271 3074 5356 quod
3118 5272 3416 5336 futurum

1874 5383 2226 5449 seeundum
2254 5381 2588 5449 veritatem
2617 5398 2953 5464 nunquam
2985 5379 3069 5444 sit
3089 5379 3414 5444 futurum.
