4125 6225
1006 478 1201 546 DIST.
1238 478 1371 546 Vll.
1420 474 1649 542 PART.
1696 474 1747 541 l.
1791 472 1970 540 ΛΒΤ.
2015 473 2066 540 1.
2109 473 2385 552 QUAEST
2428 475 2536 544 ΙΙΙ.

144 645 151 651 -
194 615 395 695 potoet
432 611 587 688 dici,
621 612 794 696 quod
822 614 990 677 sicut
1030 614 1230 678 libera
1275 614 1573 679 voluntas
1616 612 1732 676 de—

191 720 422 784 format
455 725 671 784 actum
708 721 1001 786 credendi
1014 771 1033 802 ,
1076 721 1165 787 ita
1202 723 1398 786 etiam
1425 720 1736 786 deformat

192 830 404 890 actum
428 826 810 906 naturalem,
831 846 982 891 cum
999 827 1058 891 ei
1081 828 1180 910 adj
1192 828 1479 909 ungitur.
1506 826 1735 890 Exem-

193 933 374 1015 plum
402 934 599 1016 hujus
623 939 720 999 est
743 935 899 999 hoc:
930 935 1077 1000 licet
1096 954 1333 1001 avarus
1360 934 1733 999 naturaliter

193 1044 447 1122 appetat
479 1042 961 1122 beatitudinem,
991 1047 1166 1108 tanta
1204 1047 1300 1107 est
1337 1047 1554 1107 tamen
1580 1060 1732 1124 per-

191 1150 459 1212 versitas
491 1149 722 1231 judicii
759 1151 829 1214 in
857 1169 955 1227 eo,
993 1154 1056 1215 et
1089 1150 1459 1229 voluntatiS,
1498 1152 1733 1213 utnon

191 1253 353 1319 dicat
378 1273 513 1320 esse
538 1256 997 1321 beatitudinem
1017 1257 1141 1320 nisi
1167 1257 1236 1321 in
1259 1257 1529 1335 divitiis3
1557 1261 1620 1320 et
1643 1256 1733 1319 ita

189 1380 527 1445 nunquam
571 1364 732 1428 exiit
779 1364 860 1429 ad
903 1365 1255 1448 appetitum
1298 1364 1728 1440 beatitudinis,

190 1470 313 1534 nisi
335 1476 409 1535 ut
442 1476 536 1536 est
560 1472 627 1537 in
645 1472 918 1537 divitiis:
943 1477 1007 1537 et
1043 1474 1133 1537 ita
1158 1473 1510 1556 appetendo
1551 1472 1731 1537 illam

190 1574 650 1642 beatitudinem
710 1583 954 1662 peccat,
1003 1580 1155 1662 quia
1206 1582 1455 1644 motum
1504 1579 1686 1643 illum
1709 1629 1728 1660 ,

189 1701 382 1765 quem
432 1689 664 1748 natura
719 1686 977 1750 inchoat
1025 1686 1346 1750 incitando
1369 1735 1387 1764 ‚
1436 1686 1734 1751 voluntas

190 1795 594 1854 consummat
631 1790 1066 1856 deformando.
1103 1791 1205 1856 Sic
1241 1791 1731 1873 intelligendum

190 1899 315 1975 est,
351 1896 506 1979 quia
547 1897 836 1962 diabolus
876 1899 1250 1963 naturaliter
1285 1898 1497 1980 diligit
1532 1898 1731 1963 Deum

190 2006 262 2066 ut
279 2010 792 2069 conservatorem
813 2027 831 2082 3
850 2005 960 2071 sed
975 2006 1274 2072 voluntas
1301 2006 1531 2071 diaboli
1555 2007 1731 2070 illam

190 2109 591 2176 dilectionem
633 2114 826 2177 refert
866 2114 947 2177 ad
981 2114 1303 2196 propriam
1346 2113 1682 2179 utilitatem
1711 2136 1726 2177 t

190 2214 330 2281 ideo
365 2222 599 2300 peccat,
627 2220 780 2301 quia
822 2220 941 2284 etsi
983 2220 1188 2284 Deum
1218 2220 1464 2302 diligat,
1516 2226 1733 2286 tamen

192 2328 455 2405 propter
476 2344 543 2390 se
570 2326 798 2408 diligit.
839 2326 1011 2392 Bene
1035 2327 1235 2409 igitur
1261 2329 1534 2393 concedo
1558 2330 1728 2411 quod

190 2429 321 2493 exit
366 2430 437 2496 in
467 2438 684 2498 actum
713 2434 1112 2514 naturalem3
1146 2436 1257 2500 sed
1298 2454 1639 2519 nunquam
1662 2436 1733 2499 in

187 2553 351 2618 pure
380 2540 762 2605 naturalem.

269 2647 330 2708 5.
382 2646 477 2710 Ad
512 2647 673 2712 illud
712 2649 882 2731 quod
932 2647 1235 2731 objicitur
1249 2699 1268 2731 ,
1317 2650 1489 2734 quod
1533 2656 1735 2735 potest

192 2749 491 2817 desistere
524 2753 606 2817 ab
636 2758 785 2819 actu
822 2756 1152 2836 exteriori3
1193 2757 1533 2822 dicendum
1563 2758 1734 2840 quod

191 2876 321 2923 non
348 2864 448 2924 est
474 2861 717 2940 simile,
745 2864 899 2946 quia
931 2864 1250 2944 diabolus,
1282 2884 1432 2931 cum
1459 2885 1592 2931 non
1617 2866 1736 2930 ob-

193 2964 489 3046 dormiat,
519 2987 771 3052 semper
793 2971 862 3033 in
888 2988 965 3035 eo
986 2971 1215 3053 vigent
1239 2972 1570 3037 interiores
1592 2973 1734 3038 vir-

192 3074 380 3154 tutes,
412 3079 477 3140 et
504 3076 595 3141 ita
620 3094 871 3161 semper
891 3078 1125 3144 suntin
1149 3083 1319 3158 actu,
1348 3079 1524 3161 velit,
1552 3079 1733 3161 nolit,

192 3180 356 3246 sicut
384 3182 458 3246 in
487 3182 748 3248 homine
776 3185 1106 3267 vigilante.
1139 3184 1262 3251 Sed
1285 3205 1446 3270 opus
1469 3187 1551 3251 ad
1578 3187 1737 3252 alte-

192 3305 340 3352 rum
386 3289 608 3355 subest
650 3291 916 3356 omnino
970 3289 1174 3356 libero
1227 3293 1487 3358 arbitrio
1519 3315 1535 3357 :
1592 3294 1735 3359 ideo

191 3399 397 3477 potest
437 3415 681 3462 cessare
724 3399 806 3463 ab
832 3399 956 3465 hoc
979 3398 1086 3464 vel
1128 3400 1210 3463 ab
1238 3399 1349 3464 illo
1381 3401 1736 3467 secundum

193 3501 479 3567 diversas
502 3505 973 3585 conversiones,
1000 3506 1110 3572 sed
1131 3525 1467 3590 nunquam
1493 3509 1575 3573 ab
1601 3527 1735 3573 om·

191 3606 283 3672 ni.
325 3608 510 3686 Quod
544 3628 702 3693 ergo
735 3611 1035 3694 objicitur
1062 3613 1235 3696 quod
1268 3615 1476 3695 magis
1511 3634 1737 3679 sumus

191 3709 438 3775 domini
476 3716 741 3777 actuum
782 3714 1198 3794 interiorum3
1249 3716 1303 3780 si
1342 3716 1737 3799 intelligatur

191 3823 512 3901 quantum
538 3823 618 3886 ad
652 3822 1106 3889 cohibitionem
1142 3826 1462 3908 propriam
1477 3873 1495 3904 ,
1527 3826 1734 3890 mani-

192 3925 345 3991 feste
361 3928 599 3992 falsum
616 3932 713 3993 est
730 3952 747 4009 ;
772 3931 825 3994 si
841 3936 1156 4014 quantum
1180 3933 1261 3996 ad
1287 3933 1737 3997 cohibitionem

193 4032 494 4116 alienam,
525 4054 753 4102 verum
792 4040 906 4116 est,
937 4039 1089 4121 quia
1128 4039 1356 4122 aliquis
1392 4045 1595 4122 potest
1632 4060 1737 4106 me

193 4140 490 4206 cohihere
528 4143 610 4206 ab
647 4148 796 4209 actu
834 4146 1134 4210 exteriori
1150 4194 1168 4225 ,
1222 4150 1287 4211 et
1325 4147 1731 4231 compellere3

190 4264 323 4312 non
348 4249 443 4313 sic
472 4253 569 4313 est
591 4249 669 4315 de
695 4251 1007 4317 interiori.

269 4360 328 4421 6.
363 4355 467 4421 Ad
490 4356 650 4422 illud
669 4359 841 4440 quod
869 4359 1191 4442 obiicitur,
1219 4360 1393 4442 quod
1413 4380 1546 4427 non
1566 4363 1739 4429 vide-

190 4465 297 4527 tur
341 4463 538 4529 modo
587 4466 917 4548 superbire
930 4514 949 4546 ,
1001 4467 1159 4550 quia
1198 4470 1467 4533 cessavit
1503 4489 1695 4535 causa
1713 4520 1733 4552 ,

192 4570 535 4637 dicendum
551 4572 726 4656 quod
738 4578 832 4638 est
847 4592 1041 4639 causa
1052 4575 1381 4653 inducenS‚
1398 4577 1507 4642 sed
1520 4581 1738 4643 tamen

193 4698 327 4745 non
351 4683 636 4747 efficiens
659 4702 778 4748 nec
797 4702 1200 4766 conservans,
1227 4692 1291 4751 et
1309 4687 1433 4752 hac
1458 4693 1738 4753 cessante

194 4804 324 4852 non
351 4795 654 4855 causatur
680 4792 960 4871 effectuS,
992 4793 1154 4856 sicut
1184 4799 1356 4875 patet
1382 4795 1734 4877 manifeste,

195 4898 258 4959 et
283 4896 431 4960 talis
460 4897 584 4962 fuit
622 4897 690 4962 in
732 4898 987 4965 diabolo
1026 4900 1469 4981 pulchritudo;
1512 4907 1577 4967 et
1614 4902 1740 4967 alia

196 5000 478 5067 efficiens
501 5009 567 5068 et
592 5023 975 5070 conservans
988 5053 1006 5082 ‚
1038 5010 1101 5070 et
1125 5006 1269 5071 talis
1293 5008 1415 5072 fuit
1442 5009 1740 5075 voluntas

196 5107 431 5175 diaboli
450 5111 711 5194 obliqua
735 5115 800 5177 et
823 5130 1050 5178 aversa
1078 5114 1186 5195 (a),
1217 5118 1282 5178 et
1318 5115 1459 5181 haec
1487 5136 1739 5202 semper

196 5219 648 5284 estindiabolo
666 5219 839 5285 :ideo
852 5238 1103 5305 semper
1114 5221 1730 5309 ineoestsuperbia:

198 5330 259 5389 et
293 5325 596 5409 quamvis
632 5343 768 5391 non
803 5333 1098 5410 assurgat
1128 5329 1209 5393 ad
1249 5330 1405 5395 illud
1445 5333 1740 5399 obtinen-

261 5452 282 5489 ί
303 5452 389 5516 Cf.
407 5450 668 5516 menard„
694 5453 738 5503 11
756 5453 916 5519 sent„
936 5453 1054 5505 dist.
1073 5465 1167 5519 vn,
1188 5459 1284 5506 art.
1304 5459 1354 5520 2,
1376 5470 1429 5522 q.
1448 5468 1525 5522 113
1553 5460 1732 5526 steph.

3266 481 3385 543 399

1844 607 2032 689 dum,
2078 614 2296 674 tamen
2334 610 2546 676 adhuc
2583 610 2867 692 assurgit
2903 611 2982 676 ad
3022 611 3179 677 illud
3211 613 3386 695 quod

1843 719 2068 798 potest,
2086 721 2149 780 et
2161 716 2440 799 amplius
2456 735 2654 800 quam
2667 722 2894 799 potest,
2914 718 3067 800 quia
3083 717 3163 782 ad
3182 718 3386 783 domi-

1842 823 2028 886 nium
2055 823 2416 903 hominum,
2445 829 2509 888 et
2537 825 2820 888 maxime
2845 829 3233 889 sanctorum.

1922 933 1984 993 7.
2030 930 2128 993 Ad
2154 930 2312 995 illud
2353 931 2528 1014 quod
2567 930 2796 996 ultimo
2841 932 3164 1014 objicitur,
3212 934 3385 1016 quod

1842 1037 2159 1118 appetitus
2205 1042 2301 1100 est
2345 1039 2440 1102 rei
2484 1038 2780 1118 unihili8,
2827 1039 3168 1104 dicendum
3213 1041 3387 1123 quod

1841 1144 2158 1226 appetitus
2208 1145 2535 1210 absolutus
2589 1151 2654 1211 et
2707 1147 3094 1212 deliberatus
3147 1153 3240 1212 est
3293 1150 3387 1214 rei

1841 1251 2105 1315 unihilis
2125 1255 2188 1316 et
2204 1251 2540 1335 possibilis,
2563 1258 2627 1316 et
2645 1254 2762 1318 iste
2784 1258 2878 1318 est
2896 1255 3212 1337 appetitus
3237 1275 3387 1320 cum

1842 1357 2181 1439 eligentia;
2225 1358 2334 1422 sed
2374 1359 2690 1442 appetitus
2731 1361 3096 1438 velleitatis‚
3138 1364 3251 1445 qui
3293 1367 3389 1428 est

1842 1464 2361 1547 impossibilium,
2383 1484 2517 1529 non
2535 1472 2630 1530 est
2646 1467 2741 1530 rei
2759 1467 3020 1532 unihilis
3033 1469 3386 1535 secundum

1842 1574 2175 1638 veritatem
2193 1622 2212 1651 ,
2261 1573 2370 1636 sed
2415 1573 2511 1637 rei
2561 1591 2708 1656 quae
2754 1574 3175 1655 desideratur,
3226 1577 3389 1642 sicut

1840 1680 2075 1764 aliquis
2107 1681 2349 1764 appetit
2387 1700 2523 1746 esse
2562 1682 2756 1750 velox
2795 1682 2957 1746 sicut
2994 1682 3293 1763 hirundo,
3323 1688 3389 1749 et

1840 1785 2097 1850 similia.
2133 1787 2431 1852 Diabolus
2458 1793 2674 1852 autem
2703 1789 2874 1871 quod
2898 1789 3078 1872 prius
3100 1791 3383 1874 appetiit,

1841 1911 1918 1956 eo
1947 1894 2138 1958 modo
2166 1912 2297 1976 quo
2328 1894 2612 1976 appetiit,
2647 1894 2974 1959 voluntate
3002 1896 3238 1961 scilicet
3265 1897 3385 1962 eli-

1842 2000 2104 2081 gentiae,
2135 2020 2269 2065 non
2295 2002 2554 2084 appetit,
2585 2002 2694 2065 sed
2718 2002 2928 2066 solum
2954 2007 3270 2085 quantum
3293 2009 3388 2069 est

1841 2107 1919 2172 de
1972 2127 2062 2173 se.
2119 2109 2187 2173 Si
2248 2114 2468 2173 tamen
2516 2109 2716 2193 aliqui
2770 2112 3152 2177 contendant
3214 2114 3387 2196 quod

1841 2216 2103 2299 appetit,
2130 2217 2462 2282 fatendum
2487 2221 2582 2280 est
2601 2217 2768 2300 quod
2784 2218 3104 2301 judicium
3130 2222 3185 2302 ej
3193 2240 3271 2285 us
3292 2224 3389 2285 est

1841 2339 2241 2405 perversum,
2259 2325 2397 2389 sive
2413 2324 2775 2402 aestimatio,
2793 2326 3018 2390 saltem
3037 2327 3387 2393 intellectus

1841 2430 2128 2511 practici,
2171 2430 2343 2514 quod
2366 2431 2611 2513 judicat
2639 2449 2709 2495 se
2734 2432 2815 2496 ad
2842 2432 3004 2497 illud
3023 2452 3204 2516 posse
3239 2452 3387 2516 per-

1841 2535 2087 2613 venire,
2120 2537 2420 2619 quamvis
2433 2537 2752 2619 judicium
2782 2539 3233 2622 speculationis
3258 2541 3387 2604 dic-

1840 2647 1933 2708 tet
1954 2646 2372 2710 contrarium.

2350 2884 2709 2963 QUAESTIO
2751 2885 2860 2952 111.

1914 3036 2008 3092 An
2034 3037 2187 3094 mala
2211 3038 2465 3096 voluntas
2495 3041 2558 3097 in
2583 3040 2908 3098 ammonicus
2931 3041 3251 3100 intendatur
3270 3046 3310 3099 ².

1923 3179 2155 3245 Utrum
2187 3181 2258 3245 in
2286 3181 2688 3249 daemonibus
2721 3185 2805 3249 sit
2825 3185 3012 3250 malae
3043 3185 3385 3251 voluntatis
3412 3202 3620 3249 Fundam.

1843 3286 2160 3352 intensio:
2192 3291 2257 3352 et
2289 3289 2464 3372 quod
2501 3291 2612 3373 sic,
2664 3291 2963 3370 Isidorus,
3007 3292 3087 3358 de
3130 3291 3383 3360 Summo

1840 3396 2036 3474 Bone,
2055 3395 2145 3459 ait
2160 3397 2216 3459 ¹:
2247 3419 2280 3458 α
2301 3396 2599 3463 Diabolus
2614 3417 2746 3464 non
2767 3418 2880 3483 per
2902 3399 3027 3464 hoc
3050 3404 3387 3465 contentus

1842 3507 1958 3580 est,
1988 3503 2163 3585 quod
2185 3502 2312 3569 Deo
2338 3507 2652 3588 aequalem
2678 3525 2745 3572 se
2769 3508 3093 3573 aestimans
3119 3508 3345 3573 cecidit
3366 3531 3382 3573 ε

1841 3610 1948 3674 sed
1980 3610 2175 3674 etiam
2220 3630 2288 3676 se
2332 3614 2729 3696 superiorem
2761 3615 2889 3681 Deo
2924 3615 3096 3681 dicit.
3137 3637 3170 3676 »
3210 3615 3386 3699 Ergo

1842 3720 2099 3785 videtur
2124 3722 2396 3789 crevisse
2424 3725 2742 3807 superbia.

1923 3827 2086 3892 Item
2114 3828 2362 3894 ratione
2390 3830 2665 3896 videtur.
2706 3831 2869 3910 Quia
2893 3832 3064 3898 mala
3088 3832 3383 3912 facimus,

1842 3937 1998 4000 mali
2024 3956 2290 4003 sumus:
2321 3956 2479 4021 ergo
2507 3946 2751 4024 quanto
2777 3942 2962 4025 plura
2989 3943 3180 4020 mala,
3210 3947 3385 4008 tanto

1843 4045 2093 4126 pejores
2112 4064 2343 4110 sumus
2362 4068 2376 4111 :
2398 4047 2506 4111 sed
2534 4048 2825 4114 diabolus
2842 4049 3028 4132 plura
3043 4051 3226 4121 ,mala
3242 4051 3387 4115 fecit

1842 4156 1985 4232 post
2027 4151 2318 4233 lapsum:
2363 4169 2521 4234 ergo
2562 4157 2744 4237 pejor
2788 4160 2882 4220 est
2929 4175 3106 4221 nunc
3123 4205 3141 4236 ,
3189 4175 3386 4240 quam

1842 4258 2101 4340 quando
2125 4259 2390 4324 cecidit:
2421 4278 2579 4342 ergo
2604 4263 2805 4329 crevit
2832 4264 2902 4327 in
2937 4282 3014 4329 eo
3041 4264 3389 4331 voluntatis

1843 4364 2257 4431 deordinatio.

1924 4472 2085 4537 Item
2122 4473 2375 4539 diaholo
2411 4474 2681 4540 debetur
2713 4479 2922 4560 major
2955 4496 3148 4561 poena
3182 4498 3383 4564 nunc,

1843 4597 2041 4662 quam
2066 4580 2325 4662 quando
2346 4580 2604 4660 cecidit;
2640 4582 2764 4646 hoc
2790 4601 2921 4648 non
2954 4587 3050 4648 est
3074 4584 3383 4652 dubium:

1843 4687 1954 4751 sed
1993 4687 2336 4771 praemium
2379 4687 2450 4750 in
2491 4688 2680 4752 bonis
2724 4705 2860 4753 non
2902 4696 3204 4773 augetur,
3264 4693 3391 4757 nisi

1845 4797 2084 4858 crescat
2127 4794 2304 4869 bona,
2342 4794 2681 4860 voluntas:
2731 4814 2889 4879 ergo
2933 4818 3062 4863 nec·
3092 4799 3162 4865 in
3205 4801 3391 4866 malis

1844 4900 2232 4984 supplicium
2252 4948 2270 4979 ,
2329 4894 2454 4965 nisi
2511 4906 2751 4968 crescat
2809 4905 2979 4970 mala
3033 4906 3333 4973 voluntas
3368 4929 3384 4973 ι

1845 5030 2026 5094 ergo,
2050 5016 2174 5075 etc.

1925 5118 2087 5184 Item
2112 5120 2360 5184 malum
2385 5123 2480 5184 est
2503 5119 2777 5204 privatio
2802 5123 3010 5202 modi,
3044 5124 3299 5207 speciei,
3327 5129 3393 5191 et

1844 5226 2132 5292 ordinis:
2184 5226 2295 5291 sed
2335 5226 2457 5292 ista
2504 5245 2636 5292 non
2677 5234 2947 5310 possunt
2991 5231 3267 5296 totaliter
3309 5230 3391 5295 ab

1846 5388 2055 5454 Brulef.‚
2089 5389 2130 5439 11
2161 5388 2318 5450 Seni„
2347 5386 2465 5438 dist.
2489 5398 2601 5451 vn,
2629 5401 2683 5454 q.
2712 5398 2785 5440 lv,
2806 5415 2871 5427 —
2891 5392 2915 5425 ¹
2935 5391 3076 5459 isid„
3099 5393 3161 5445 de
3185 5392 3391 5447 Summo

1845 5462 1997 5524 Bono,
2026 5460 2118 5512 lib.
2147 5461 2198 5524 1,
2222 5475 2273 5511 c.
2291 5471 2390 5523 ιιι,
2414 5461 2447 5524 ξ
2468 5462 2517 5510 8.
2540 5486 2597 5499 -
2626 5460 2694 5525 (a)
2716 5461 2806 5514 Δί.
2834 5476 3033 5516 eversa.
