4125 6225
763 487 882 548 324

763 617 840 683 de
876 615 1257 682 substantia:
1303 618 1366 680 et
1399 615 1518 679 sub
1554 613 1763 697 prima
1799 607 2297 675 consideratione

763 723 1240 808 comprehendit
1264 720 1658 805 personalem
1687 718 2168 783 discretionem:
2195 733 2298 778 er·

762 850 850 913 go
863 831 1119 895 videtur
1131 830 1302 913 quod
1312 829 1656 913 personalis
1663 826 1951 892 discretio
1959 830 2053 889 est
2066 823 2297 903 angelo

760 938 1210 1003 substantialis·

839 1044 999 1110 Item
1047 1063 1317 1128 persona
1361 1061 1496 1107 non
1536 1044 1630 1105 aet
1670 1040 1842 1104 aliud
1884 1057 2079 1121 quam
2125 1037 2295 1100 indi-

757 1155 958 1222 vidua
976 1152 1331 1217 substantia
1356 1148 1681 1213 rationalis
1697 1151 1947 1210 naturae
1968 1167 1984 1208 ε
2011 1143 2116 1207 sed
2139 1143 2297 1205 indi-

754 1261 953 1327 vidua
987 1257 1343 1324 substantia
1358 1306 1377 1336 ,
1420 1256 1491 1320 in
1529 1257 1843 1337 quantum
1885 1250 2257 1332 huiusmodi
2271 1297 2294 1330 ,

755 1370 852 1433 est
881 1367 949 1431 in
979 1383 1215 1448 genere
1245 1362 1614 1429 substantiae
1633 1410 1651 1438 ,
1681 1379 1813 1424 non
1841 1377 1954 1442 per
1977 1358 2296 1421 reductio-

754 1492 930 1552 nem,
970 1472 1078 1537 sed
1111 1472 1341 1536 directe
1371 1469 1724 1534 secundum
1754 1467 1990 1529 lineam
2014 1469 2289 1528 rectam:

626 1650 633 1661 ,
753 1598 933 1661 erg0,
964 1580 1035 1643 in
1064 1582 1382 1661 quantum
1416 1573 1810 1657 hujusmodi,
1844 1574 2029 1637 estin
2058 1590 2295 1654 genere

757 1686 1135 1752 substantiae
1169 1707 1183 1749 ε
1234 1701 1390 1764 ergo
1440 1682 1850 1765 personalitas
1901 1698 2033 1744 non
2083 1683 2175 1743 est
2225 1678 2293 1742 in

755 1811 992 1877 genere
1018 1790 1388 1869 accidentis,
1407 1789 1559 1871 quia
1589 1789 1655 1851 in
1686 1788 1908 1852 eodem
1937 1779 2173 1868 ge'nere
2201 1791 2295 1852 est

752 1900 971 1965 album
989 1946 1006 1975 ,
1035 1899 1107 1962 in
1135 1901 1446 1980 quantum
1475 1895 1694 1959 album
1711 1945 1728 1973 ,
1759 1902 1823 1959 et
1847 1895 2103 1959 albedo:
2134 1913 2292 1976 ergo

751 2007 821 2071 in
837 2008 1061 2071 eodem
1088 2023 1325 2087 genere
1344 2003 1760 2086 personalitas
1786 2006 1849 2065 et
1878 2020 2167 2084 persona.

833 2114 991 2179 Item
1014 2113 1269 2176 nullum
1292 2110 1580 2175 accidens
1596 2114 1690 2173 est
1711 2110 1831 2172 nisi
1849 2110 1918 2172 in
1941 2109 2294 2172 substantia

750 2220 1111 2285 individua¹
1142 2242 1157 2282 ε
1189 2236 1345 2300 ergo
1363 2236 1556 2283 omne
1574 2217 1860 2281 accidens
1886 2217 2294 2298 consequitur

750 2327 1266 2392 individuitatem
1293 2325 1614 2405 essentiae,
1649 2329 1712 2388 et
1737 2329 1869 2387 tam
1895 2324 1963 2386 in
1997 2323 2291 2386 rationali

749 2452 946 2518 quam
986 2434 1057 2497 in
1111 2432 1458 2497 irrationali
1505 2432 1628 2495 hoc
1669 2432 1862 2495 habet
1905 2432 2237 2495 veritatem
2270 2452 2287 2494 z

748 2560 907 2622 ergo
952 2541 1132 2624 prius
1167 2559 1281 2623 per
1310 2544 1612 2604 naturam
1643 2542 1736 2602 est
1783 2539 2023 2620 aliquid
2067 2539 2293 2601 indivi-

751 2648 956 2714 duum
995 2647 1363 2712 substantiae
1408 2646 1733 2710 rationalis
1753 2694 1771 2725 ,
1822 2664 2022 2728 quam
2062 2645 2293 2710 habeat

747 2756 1075 2821 accidens:
1107 2772 1266 2836 ergo
1291 2773 1407 2836 per
1432 2753 1610 2836 prius
1636 2771 1943 2836 persona:
1974 2772 2133 2835 ergo
2160 2752 2291 2816 dis-

751 2864 946 2928 cretio
970 2864 1035 2926 in
1069 2862 1531 2945 personalitate.
2269 2860 2273 2863 ⁴

831 2970 989 3035 Item
1010 2987 1160 3052 quae
1180 2968 1488 3033 differunt
1506 2967 1966 3050 personalitate,
1988 2966 2292 3032 differunt

749 3078 820 3143 in
849 3079 983 3143 suis
1011 3077 1338 3161 principiis
1365 3076 1912 3153 substantialibuS,
1939 3076 2102 3141 sicut
2125 3081 2294 3159 patet

749 3187 818 3250 in
843 3186 1026 3251 Petro
1057 3192 1120 3250 et
1149 3185 1346 3250 Paulo
1372 3207 1386 3248 ε
1416 3189 1480 3248 et
1505 3202 1654 3266 quae
1682 3184 1772 3246 sic
1791 3183 2116 3258 differunt,
2147 3184 2294 3247 sub-

750 3293 1123 3358 stantialiter
1149 3293 1634 3357 discernuntur:
1662 3308 1819 3371 ergo
1850 3308 1984 3354 non
2017 3295 2112 3354 est
2141 3308 2292 3373 pro-

752 3400 988 3482 prietas
1014 3398 1432 3464 accidentalis.

833 3506 991 3570 Item
1017 3524 1149 3571 non
1194 3510 1290 3571 est
1332 3508 1539 3588 major
1572 3505 1860 3570 discretio
1896 3506 1966 3570 in
2001 3507 2288 3571 acciden-

751 3611 946 3690 tibus,
967 3630 1165 3695 quam
1186 3612 1352 3676 inter
1370 3611 1693 3694 opposita:
1723 3612 1833 3677 sed
1854 3612 2140 3695 opposita
2160 3630 2293 3676 non

751 3718 992 3783 faciunt
1016 3719 1460 3785 discretionem
1485 3720 1905 3803 personalem,
1935 3721 2090 3803 quia
2119 3739 2293 3784 unus

751 3826 950 3892 homo
995 3828 1177 3910 prius
1211 3830 1307 3893 est
1346 3829 1553 3908 albus,
1591 3834 1807 3912 postea
1845 3829 2073 3910 niger;
2116 3829 2294 3911 prius

751 3952 916 4017 puer
932 3981 950 4014 ,
991 3938 1208 4017 postea
1259 3954 1491 4015 senex;
1537 3938 1601 3999 et
1646 3940 1862 3999 tamen
1908 3935 2077 3999 idem
2126 3935 2295 4000 indi-

751 4041 1024 4108 viduum
1052 4047 1168 4120 est,
1193 4046 1258 4108 et
1281 4061 1415 4107 una
1438 4060 1745 4126 persona:
1779 4062 1959 4125 erg0,
1984 4047 2103 4108 etc.

834 4146 992 4212 Item
1029 4149 1374 4214 accidentia
1397 4150 1666 4228 diversa,
1699 4167 1849 4215 cum
1876 4153 2028 4214 sunt
2061 4151 2132 4213 in
2161 4167 2291 4214 uno

755 4256 1103 4339 supposito,
1123 4261 1275 4321 sunt
1307 4276 1515 4321 unum
1548 4276 1840 4337 numero,
1869 4262 1944 4337 ut
1965 4276 2292 4340 gramma-

754 4362 957 4427 ticum
997 4366 1061 4429 et
1100 4364 1460 4430 musicum:
1510 4365 1621 4429 sed
1663 4364 1785 4430 hoc
1821 4384 1954 4428 non
1995 4369 2191 4443 esset,
2236 4364 2292 4427 si

755 4471 1084 4536 diversitas
1120 4474 1475 4537 secundum
1506 4491 1855 4538 numerum
1871 4523 1889 4554 ,
1924 4473 2029 4557 yel
2071 4492 2292 4537 secun·

754 4577 911 4642 dum
957 4579 1396 4643 discretionem
1441 4580 1835 4662 personalem
1854 4629 1872 4660 ,
1919 4580 2169 4645 veniret
2210 4580 2290 4644 ab

755 4685 1216 4751 accidentibus:
1252 4704 1433 4767 erg0,
1462 4691 1582 4751 etc'.

821 4810 841 4846 ¹
857 4810 1033 4876 Arist„
1056 4810 1119 4862 de
1144 4810 1460 4878 practicam„
1480 4825 1526 4864 c.
1551 4810 1612 4861 de
1636 4809 1949 4863 Substantia.

1881 468 2502 541 SENTENTIARUM
2541 470 2690 536 Lm.
2737 442 2818 536 n.

2948 692 3395 761 CONCLUSIO.

2404 856 2737 926 Anqelorum
2760 859 3062 929 personalis
3103 861 3411 930 proprietas
3437 860 3489 912 et
3507 858 3750 913 discretio
3764 861 3932 929 potest

2347 955 2358 966 ⁹
2473 947 2585 1002 dici
2607 948 3007 1018 substantiam,
3027 951 3077 1004 si
3102 948 3462 1004 substantiale
3481 948 3695 1003 dicatur
3721 948 3784 1003 id
3799 947 3933 1018 quod

2472 1036 2780 1093 immediate
2817 1043 3059 1108 sequitur
3096 1039 3490 1105 substantiam,
3531 1042 3582 1094 et
3611 1037 3930 1092 accidentale

2474 1126 2616 1196 quod
2650 1132 2904 1182 causatur
2947 1127 3017 1181 ab
3044 1126 3442 1194 accidentibus3
3486 1132 3547 1181 at
3581 1129 3790 1197 partim
3828 1129 3932 1194 sic,

2466 1218 2680 1286 partim
2701 1231 2824 1272 vero
2850 1232 2957 1271 non
2974 1257 2988 1283 ,
3018 1219 3068 1272 si
3094 1216 3455 1272 substantiale
3486 1214 3689 1271 dicitur
3715 1215 3777 1270 id
3799 1214 3932 1285 quod

2470 1304 2789 1360 substantias
2816 1319 2978 1375 qenus
3006 1319 3114 1360 non
3141 1307 3276 1361 exit.

2480 1475 2664 1557 Resp.
2692 1475 2771 1540 ad
2795 1477 3069 1557 Argum.
3099 1475 3198 1540 Ad
3221 1475 3674 1558 praedictorum
3706 1475 3930 1539 intelli-

2399 1584 2686 1665 gentiam
2699 1584 3074 1658 notandum,
3093 1583 3263 1664 quod
3281 1583 3445 1646 circa
3460 1583 3581 1646 hoc
3600 1587 3696 1646 est
3717 1581 3932 1666 triplex

2400 1692 2629 1756 modus
2654 1693 2927 1756 dicendi.
2971 1690 3246 1768 Quidam
3273 1691 3444 1755 enim
3474 1692 3683 1755 dicere
3719 1692 3929 1754 volue-
3968 1713 4116 1768 opina.

2399 1803 2551 1862 runt
2567 1799 2736 1881 quod
2751 1798 3097 1882 personalis
3116 1799 3402 1862 discretio
3426 1804 3518 1862 est
3540 1798 3930 1862 accidentalis

2397 1898 2767 1979 proprietaS,
2798 1897 2954 1980 quia
2995 1897 3217 1962 dicunt
3254 1898 3424 1978 quod
3461 1901 3556 1960 est
3591 1898 3656 1959 in
3699 1915 3930 1977 genere

2398 2003 2756 2082 accidentiS,
2795 2009 2859 2067 et
2896 2004 3066 2086 quod
3091 2004 3283 2067 etiam
3326 2009 3623 2084 causatur
3665 2003 3752 2066 ab
3775 2003 3932 2067 acei-

2397 2110 2715 2188 dentibus,
2758 2111 2921 2174 sicut
2961 2111 3252 2175 discretio
3292 2110 3661 2174 numeralis,
3709 2110 3786 2174 In
3822 2112 3932 2174 hoc

2397 2222 2612 2281 autem
2638 2218 2994 2282 differentia
3028 2223 3158 2282 est:
3193 2218 3344 2300 quia
3382 2218 3669 2281 discretio
3699 2236 3933 2281 nume-

2397 2323 2548 2386 ralis
2573 2328 2870 2387 causatur
2897 2344 2936 2387 a
2967 2325 3328 2388 diversitate
3357 2325 3842 2406 proprietatum,
3871 2323 3930 2385 in

2397 2430 2630 2511 quibus
2673 2432 3148 2495 communicant
3185 2437 3474 2496 creatura
3508 2432 3840 2495 rationalis
3875 2434 3934 2493 et

2395 2538 2807 2617 irrationalis;
2843 2539 2952 2603 sed
2983 2540 3275 2604 discretio
3304 2538 3668 2621 personaliS,
3718 2559 3762 2601 a
3791 2557 3936 2621 pro-

2397 2647 2770 2728 prietatibus
2784 2666 2931 2729 quae
2951 2648 3168 2710 insunt
3183 2646 3432 2728 proprie
3450 2646 3749 2709 rationali
3769 2664 3932 2709 crea·

2399 2756 2583 2818 turae.
2632 2752 2753 2817 Sed
2799 2755 2959 2818 illud
3002 2754 3399 2836 improbatur
3442 2753 3515 2815 in
3557 2753 3933 2835 opponendo
3996 2787 4115 2841 ms,

2397 2881 2510 2945 per
2533 2862 2765 2926 multas
2792 2863 3102 2938 rationes;
3136 2880 3254 2923 nee
3282 2865 3482 2942 potest
3510 2861 3748 2925 habere
3777 2862 3935 2925 veri·
3957 2853 4069 2896 Μ’·

2398 2971 2616 3046 tatem,
2646 2969 2818 3051 quod
2852 2968 3166 3032 distinctio
3200 2967 3725 3031 individualitatis
3761 2969 3842 3032 sit
3858 2968 3933 3030 ab

2398 3075 2844 3151 accidentibuS‚
2866 3093 3014 3140 cum
3039 3074 3372 3139 individua
3393 3074 3686 3139 differant
3711 3093 3934 3140 secun-

2398 3182 2559 3246 dum
2613 3182 3033 3246 substantiam
3052 3229 3069 3259 ,
3127 3199 3259 3245 non
3317 3181 3523 3245 solum
3581 3183 3934 3246 secundum

2399 3291 2726 3355 accidens:
2758 3295 2821 3354 et
2849 3291 3138 3355 similiter
3179 3289 3255 3353 de
3298 3289 3668 3353 discretione
3712 3308 3933 3373 perso-

2397 3399 2529 3463 nali
2565 3398 3051 3480 intelligendum
3076 3402 3191 3463 est.
3239 3397 3316 3461 Et
3339 3398 3481 3462 ideo
3515 3397 3679 3461 alius
3706 3398 3935 3462 modus
3975 3432 4119 3489 095„sp

2399 3509 2493 3569 est
2531 3505 2802 3585 dicendi,
2853 3506 3026 3587 quod
3074 3504 3363 3570 discretio
3403 3504 3749 3586 personalis
3792 3504 3937 3570 dicit

2397 3614 2846 3697 proprietatem
2876 3613 3346 3687 accidentalem,
3376 3631 3523 3695 quae
3552 3631 3686 3676 non
3710 3632 3931 3678 causa-

2398 3724 2505 3785 tur
2544 3721 2624 3785 ab
2673 3721 3125 3798 accidentibus,
3171 3721 3280 3784 sed
3320 3740 3359 3785 a
3396 3721 3751 3785 substantia
3802 3721 3936 3785 sive

2399 3828 2731 3910 principiis
2758 3828 3312 3891 substantialibus:
3346 3827 3511 3891 sicut
3536 3828 3753 3892 unitas
3788 3846 3931 3911 quae

2399 3942 2494 4001 est
2521 3936 2907 4019 principium
2937 3936 3215 4014 numeri,
3255 3940 3351 3999 est
3385 3936 3453 3998 in
3486 3953 3722 4016 genere
3766 3936 3935 4000 acci-

2399 4044 2645 4125 dentis3
2704 4047 2920 4108 tamen
2976 4043 3341 4107 immediate
3389 4043 3582 4106 habet
3631 4048 3850 4108 ortum
3897 4062 3935 4106 a

2399 4151 2770 4215 substantia.
2798 4151 2919 4214 Sed
2939 4169 3088 4214 cum
3109 4168 3378 4233 persona
3395 4150 3558 4213 dicat
3575 4150 3745 4214 idem
3767 4150 3933 4233 quod
3961 4194 3972 4209 .
4002 4189 4124 4243 nm

2398 4260 2796 4342 suppositum
2825 4259 3148 4324 rationalis
3186 4263 3436 4322 naturae
3455 4306 3474 4337 ,
3507 4262 3581 4322 ut
3606 4259 3797 4321 estin
3823 4276 3938 4339 ge·
3960 4254 4080 4297 “¹²³-

2398 4385 2554 4430 nere
2573 4366 2965 4441 substantiae,
2992 4384 3122 4429 non
3149 4365 3403 4430 videtur
3424 4364 3746 4446 probabile
3766 4364 3935 4448 quod

2397 4472 2742 4555 personalis
2771 4472 3064 4536 discretio
3084 4471 3258 4536 ’dicat
3290 4471 3740 4554 proprietatem
3772 4471 3938 4535 acci-

2398 4580 2710 4644 dentalem
2752 4579 2984 4643 solum.
3031 4578 3108 4642 Et
3153 4580 3294 4643 ideo
3335 4582 3431 4643 est
3456 4579 3680 4643 tertius
3706 4580 3934 4644 modus
3974 4622 4124 4681 „pm

2396 4687 2666 4765 dicendi,
2696 4689 2870 4769 quod
2888 4686 3181 4750 discretio
3203 4686 3569 4768 personalis,
3592 4687 3711 4750 etsi
3726 4688 3932 4750 videa-

2394 4798 2504 4859 tur
2543 4795 2749 4861 dicere
2793 4795 3099 4872 accidens,
3144 4793 3295 4875 quia
3331 4794 3485 4858 dicit
3525 4813 3637 4876 per
3667 4795 3929 4860 modum

2395 4904 2730 4969 accidentis
2751 4953 2770 4985 ,
2827 4910 3043 4969 tamen
3095 4903 3524 4986 principaliter
3574 4904 3728 4969 dicit
3776 4904 3928 4988 quid

2395 5011 2822 5091 substantiale,
2856 5016 2918 5075 et
2944 5011 2999 5073 si
3025 5011 3241 5093 aliquo
3272 5010 3460 5075 modo
3490 5011 3790 5094 importat
3816 5030 3927 5075 ac·-

2394 5118 2635 5197 cidenS,
2682 5118 2805 5182 hoc
2848 5122 2942 5182 est
2983 5120 3475 5200 consequenter:
3523 5117 3679 5183 illud
3716 5123 3928 5182 tamen

2393 5225 2755 5290 immediate
2776 5226 2969 5290 habet
2995 5229 3209 5289 ortum
3226 5243 3266 5287 a
3293 5224 3621 5308 principiis
3642 5225 3927 5289 substan-

2393 5333 2668 5411 tialibuS,
2690 5337 2754 5396 et
2773 5334 2894 5397 hoc
2919 5335 3090 5416 patet
3112 5332 3201 5394 sic
3222 5350 3238 5395 ε
3269 5330 3567 5396 Discretio
3586 5331 3927 5414 personalis

2391 5443 2567 5508 addit
2591 5461 2784 5526 super
2809 5441 3249 5506 discretionem
3273 5440 3765 5506 individualem:
3796 5439 3927 5504 dis-
