4125 6225
698 399 779 460 24

699 635 854 719 quia
867 653 971 700 res
998 633 1245 698 suntin
1267 632 1395 697 Deo
1423 631 1494 695 in
1518 633 1835 713 quantum
1860 631 2128 713 possunt
2145 628 2227 692 ab

698 744 837 827 ipso
861 742 1077 807 exire:
1109 740 1217 805 sed
1241 739 1615 825 producere,
1645 756 1795 802 cum
1816 737 1898 800 sit
1913 738 2114 812 actus,
2133 737 2230 798 est

695 850 896 935 ipsius
915 848 1223 935 suppositi
1255 870 1270 913 ε
1302 864 1460 929 ergo
1488 863 1794 930 personae.
2111 909 2116 918 ,

776 963 838 1022 2.
869 957 1050 1035 Item,
1080 957 1243 1021 sicut
1284 955 1434 1020 dicit
1476 951 1884 1036 Augustinus
1910 953 1971 1016 ¹:
2013 974 2044 1013 α
2069 950 2225 1015 Ver-

694 1066 854 1130 bum
883 1064 1037 1130 dicit
1060 1062 1453 1148 operativam
1492 1060 1839 1145 potentiam
1875 1081 1890 1123 :
1920 1080 1952 1118 n
1988 1057 2042 1121 si
2070 1074 2227 1140 ergo

694 1191 798 1238 res
841 1176 991 1236 sunt
1024 1171 1095 1236 in
1141 1170 1268 1235 Deo
1311 1169 1555 1234 ratione
1590 1167 1816 1243 Verbi,
1847 1184 2003 1249 ergo
2019 1215 2038 1245 ,
2076 1182 2225 1229 cum

693 1274 977 1343 Verbum
998 1275 1079 1340 sit
1098 1292 1388 1359 persona,
1411 1276 1561 1338 sunt
1585 1273 1655 1336 in
1672 1270 1799 1336 Deo
1817 1271 2064 1335 ratione
2082 1287 2227 1353 per-

694 1402 891 1450 sonae.

776 1496 837 1556 3.
868 1491 1025 1556 Item
1054 1488 1459 1571 Augustinus
1485 1487 1635 1552 dicit
1653 1488 1676 1523 ²
1702 1486 1873 1570 quod
1903 1509 1935 1547 α
1958 1503 2109 1550 cum
2138 1482 2225 1546 di-

695 1598 863 1662 citur
897 1620 913 1661 ι
960 1596 1149 1676 Dixit,
1184 1607 1257 1659 ut
1282 1596 1392 1659 flat
1415 1641 1432 1672 ,
1477 1594 1856 1676 intelligitur
1882 1592 2068 1657 Pater
2098 1613 2115 1670 ;
2157 1590 2226 1654 in

695 1705 892 1770 verbo
944 1703 1191 1770 dicendi
1238 1701 1473 1782 Filius3
1529 1702 1601 1767 in
1654 1702 1898 1767 visione
1950 1698 2227 1782 Spiritus

694 1816 993 1877 sanctus:
1026 1833 1056 1871 n
1095 1827 1253 1893 ergo
1280 1828 1429 1875 cum
1457 1812 1597 1892 eJus
1634 1807 1714 1873 sit
1749 1806 2095 1890 producere
2109 1853 2127 1884 ,
2158 1803 2225 1866 in

694 1940 824 2005 quo
847 1925 1021 2002 sunt,
1050 1922 1222 2004 patet
1251 1937 1410 2003 ergo
1428 1919 1602 2002 quod
1627 1920 1779 1982 sunt
1803 1916 2046 1980 ratione
2071 1930 2225 1997 per-

692 2042 889 2091 sonae.

1232 2179 1681 2251 CONCLUSIO.

693 2353 794 2409 Res
817 2353 944 2408 sunt
968 2353 1030 2406 in
1055 2349 1164 2406 Deo
1198 2362 1307 2403 non
1330 2348 1545 2403 ratione
1575 2347 1836 2409 assentite,
1881 2357 1975 2400 nec
2012 2345 2228 2399 ratione

885 2454 1153 2513 personae,
1182 2437 1273 2494 sed
1290 2437 1504 2494 suntin
1531 2436 1636 2492 Deo
1660 2439 1725 2492 ut
1748 2436 1810 2491 in
1838 2447 2018 2490 cama.

772 2594 962 2677 Resp.
1001 2594 1083 2658 ad
1118 2593 1277 2674 Arg.
1309 2590 1659 2656 Dicendum
1695 2588 1867 2672 quod
1894 2589 1966 2653 in
1991 2587 2226 2653 divinis

691 2708 786 2769 est
811 2702 1207 2768 considerare
1233 2700 1592 2779 essentiam,
1628 2716 1775 2782 quae
1804 2702 1899 2762 est
1933 2715 2223 2762 commu-

690 2811 814 2890 nia,
836 2814 918 2875 ut
941 2809 1306 2874 communis
1326 2811 1390 2873 et
1434 2807 1754 2885 absoluta3
1799 2808 1893 2868 est
1935 2805 2225 2869 conside-

690 2930 833 2976 rare
856 2911 1302 2995 proprietates;
1327 2913 1393 2974 et
1412 2912 1505 2974 est
1522 2908 1918 2973 considerare
1939 2924 2224 2972 commu-

690 3036 774 3084 ne
797 3021 871 3082 ut
888 3018 959 3081 in
998 3016 1301 3081 relatione
1325 3015 1406 3080 ad
1429 3014 1705 3099 propria.
1744 3011 2036 3077 Primum
2063 3013 2223 3077 dici-

690 3132 799 3193 tur
837 3128 909 3191 in
954 3126 1319 3191 omnimoda
1364 3124 1798 3203 absolutione;
1842 3123 2221 3202 secundum,

691 3233 926 3297 scilicet
974 3234 1321 3317 proprietas
1342 3280 1359 3312 ,
1386 3231 1534 3296 dicit
1574 3230 1941 3294 relationem
1970 3230 2051 3294 ad
2077 3248 2223 3313 per-

692 3358 953 3419 sonam3
987 3340 1248 3403 tertium
1286 3338 1437 3402 dicit
1461 3337 1832 3400 relationem
1868 3336 1947 3401 ad
1975 3354 2076 3400 res
2098 3386 2117 3415 ,
2161 3340 2226 3401 et

691 3448 803 3512 illa
827 3448 1228 3531 appropriata
1253 3445 1617 3527 significant
1630 3443 1833 3508 Deum
1848 3447 1923 3508 ut
1939 3462 2221 3509 causam.

691 3556 851 3620 Cum
889 3572 1046 3636 ergo
1073 3553 1407 3636 quaritur,
1454 3556 1676 3617 utrum
1718 3569 1821 3616 τω
1851 3552 2070 3615 sintin
2096 3552 2224 3618 Deo

690 3663 939 3728 ratione
992 3660 1278 3726 essentiae
1292 3709 1309 3739 ,
1358 3659 1463 3726 vel
1504 3677 1821 3743 personae3
1884 3659 2222 3726 dicendum

690 3769 864 3853 quod
892 3767 1144 3852 proprie
1163 3766 1481 3850 loquendo
1512 3785 1632 3831 nec
1674 3766 1786 3844 sic,
1825 3767 1934 3831 sed
1976 3768 2225 3832 suntin

576 3942 581 3945 ,
691 3877 819 3942 Deo
845 3880 922 3942 ut
956 3877 1026 3940 in
1052 3893 1273 3956 causa,
1302 3878 1366 3939 et
1403 3875 1493 3938 sic
1517 3874 1760 3939 ratione
1789 3876 2226 3958 appropriato-

690 4002 864 4064 rum,
924 4001 1073 4066 quae
1116 3985 1268 4047 sunt
1321 3981 1673 4046 essentialia
1714 3982 2106 4048 considerata
2155 3983 2226 4048 in

692 4091 998 4175 personis.
1030 4091 1192 4155 Cum
1230 4107 1387 4171 ergo
1425 4088 1721 4170 objicitur
1763 4089 1935 4172 quod
1983 4091 2113 4154 sint
2155 4091 2226 4155 in

692 4198 982 4280 essentia,
1022 4198 1362 4263 dicendum
1396 4196 1571 4280 quod
1598 4196 1724 4261 illae
1760 4197 2036 4262 rationes
2063 4216 2226 4263 con-

630 4322 635 4327 ’
690 4305 957 4370 cludunt
988 4304 1163 4388 quod
1198 4307 1348 4368 sunt
1390 4303 1459 4366 in
1483 4303 1754 4367 essentia
1793 4306 2226 4370 communiter

689 4412 875 4492 dieta,
905 4409 1259 4476 secundum
1284 4409 1457 4493 quod
1484 4410 1959 4493 comprehendit
1988 4431 2225 4495 appro-

688 4519 914 4603 priata,
955 4536 1087 4583 non
1139 4518 1492 4582 secundum
1530 4517 1705 4601 quod
1742 4518 1813 4581 in
1853 4519 2224 4585 omnimoda

688 4626 1084 4691 absolutione
1128 4624 1584 4689 consideratur.

770 4740 829 4813 1,
851 4737 891 4798 2
914 4738 978 4798 et
996 4736 1057 4798 3.
1076 4730 1255 4809 Quod
1275 4733 1571 4815 objicitur
1588 4732 1667 4797 ad
1688 4732 2073 4815 oppositum,
2094 4752 2224 4799 non

687 4839 1008 4907 concludit
1049 4840 1127 4904 de
1167 4857 1440 4922 persona
1481 4841 1727 4906 ratione
1771 4841 2179 4924 propriorum
2200 4890 2219 4921 ,

686 4948 797 5014 sed
816 4947 1063 5013 ratione
1086 4947 1663 5030 appropriatorum.

752 5108 772 5145 ¹
807 5110 957 5174 Aug„
984 5108 1045 5159 de
1069 5108 1321 5160 LXXXIII
1344 5108 1546 5172 Quoest„
1580 5123 1633 5174 q.
1659 5121 1801 5161 Lxlv.
1837 5137 1902 5149 —
1935 5112 1957 5146 ²
1990 5114 2140 5177 Aug„
2163 5112 2236 5163 de-

689 5181 839 5233 Givit.
882 5183 1007 5246 Dei,
1037 5182 1127 5233 tib.
1170 5183 1265 5245 xi,
1293 5195 1338 5232 c.
1379 5191 1524 5233 xxiv.
1552 5208 1619 5225 --
1648 5182 1673 5218 ⁸
1705 5182 1787 5245 Cf.
1830 5182 1973 5233 Alex.
2002 5185 2220 5247 Alensis,

686 5266 739 5316 p.
782 5255 834 5316 1,
875 5267 927 5317 q.
968 5266 1133 5318 xxm,
1163 5253 1353 5304 memb.
1394 5256 1452 5316 4,
1479 5257 1575 5304 art.
1614 5258 1673 5318 1;
1706 5256 1759 5306 S.
1797 5253 2051 5317 Thomas,
2087 5271 2140 5318 p.
2168 5257 2219 5321 1,

687 5337 739 5386 q.
784 5335 948 5387 xvm,
977 5328 1074 5376 art.
1114 5327 1172 5388 43
1218 5328 1272 5376 et
1314 5324 1376 5374 de
1418 5324 1593 5389 γενεῇ,
1620 5339 1672 5389 q.
1710 5335 1783 5389 xv,
1807 5329 1903 5375 art.
1941 5328 1999 5388 8;
2041 5326 2218 5391 Steph.

688 5394 899 5461 Bruler„
942 5397 957 5446 1
988 5395 1145 5455 Seni„
1176 5396 1298 5447 dist.
1324 5408 1521 5461 xxxvi,
1553 5411 1604 5465 q.
1635 5408 1714 5449 111.
1747 5423 1810 5437 --
1840 5397 1862 5432 ⁸
1889 5398 2053 5463 loon„
2085 5409 2133 5462 1,
2170 5403 2216 5467 3,

1831 385 2456 454 SENTENTIARUM
2494 388 2640 455 LIB.
2687 390 2738 460 1.

465 531 535 578 Ad
567 544 672 589 ουρ·
780 527 1008 593 Contra
1029 545 1047 589 ε
1068 529 1125 589 1.
1149 524 1331 603 Quod
1351 524 1593 589 ratione
1616 539 1929 606 personis,
1947 521 2224 601 videtur,

2787 567 3267 640 ARTICULUS
3313 567 3396 639 11.
3501 541 3515 553 ’

2416 736 2882 821 Consequenter
2938 743 3253 818 quantum
3272 739 3354 804 ad
3378 738 3733 804 secundum
3760 755 3866 801 ar-

2332 842 2625 925 ticulum,
2648 847 2956 926 quaeritur
2973 846 3050 911 de
3064 847 3252 911 modo
3270 846 3622 911 existentiae
3643 862 3869 916 rerum

2332 950 2402 1014 in
2424 951 2581 1032 Deo;
2616 958 2679 1018 et
2705 955 2869 1019 circa
2899 955 3021 1019 hoc
3047 958 3426 1037 quaeruntur
3450 954 3618 1018 duo:
3654 952 3869 1036 primo

2334 1061 2667 1140 quaeritur,
2712 1066 2936 1126 utrum
2966 1062 3183 1126 omnia
3219 1080 3367 1145 quae
3409 1065 3559 1126 sunt
3595 1061 3667 1125 in
3710 1059 3865 1132 Dec,

2333 1164 2549 1230 sintin
2579 1167 2717 1250 ipso
2737 1169 2907 1248 vita3
2946 1170 3223 1235 secundo
3255 1169 3590 1252 quaeritur,
3638 1171 3870 1232 utrum

2332 1289 2436 1336 res
2479 1273 2697 1338 verius
2736 1275 2866 1339 sint
2898 1276 2969 1339 in
2999 1276 3157 1357 Deo,
3195 1295 3393 1360 quam
3425 1276 3495 1340 in
3527 1275 3865 1352 universo,

2333 1379 2566 1446 sivein
2585 1383 2842 1466 proprio
2870 1401 3131 1466 genere.

2872 1631 3226 1711 QUAESTIO
3267 1632 3318 1697 1.

2648 1798 2743 1853 An
2769 1799 2953 1854 omnia
2979 1799 3093 1855 sint
3123 1799 3246 1853 vita
3278 1798 3341 1853 in
3369 1796 3473 1853 Deo
3499 1797 3544 1851 ⁸.

2413 1942 2592 2021 Quod
2632 1948 2848 2012 omnia
2887 1949 3019 2013 sint
3057 1949 3128 2013 in
3164 1947 3291 2013 Deo
3320 1947 3453 2011 vita
3473 1994 3493 2028 ,
3541 1945 3799 2010 videtur
3845 1966 3860 2009 ε
3899 1965 4110 2011 ranam

2336 2051 2514 2129 Quod
2552 2053 2793 2133 factum
2826 2062 2952 2137 est,
2999 2058 3073 2122 in
3118 2056 3259 2138 ipso
3298 2057 3441 2122 vita
3486 2059 3624 2120 erat
3653 2058 3675 2093 ¹·
3702 2052 3866 2118 :sed

2332 2159 2543 2223 omnis
2566 2166 2858 2227 creatura
2881 2168 2973 2228 est
3009 2163 3170 2227 facta
3199 2185 3215 2227 :
3245 2180 3402 2244 ergo
3437 2162 3650 2227 omnis
3686 2179 3867 2225 crea-

2333 2270 2480 2331 tura
2502 2273 2596 2333 est
2620 2271 2687 2333 in
2712 2271 2849 2354 ipso
2873 2273 3025 2337 vita.
3722 2257 3732 2266 ’

2413 2376 2569 2440 Item
2597 2378 3021 2459 Augustinus,
3047 2395 3234 2463 super
3256 2379 3544 2445 Genesim
3573 2376 3664 2444 acl
3693 2377 3865 2445 zitte-

2332 2497 2474 2548 ram
2500 2488 2521 2523 Β
2540 2503 2563 2546 .·
2590 2506 2621 2545 «1
2652 2484 2877 2550 Omnia
2905 2486 3206 2551 dicuntur
3229 2486 3455 2570 inipso
3480 2484 3676 2549 fuisse
3703 2484 3863 2560 vita,

2331 2591 2553 2655 nonin
2579 2611 2698 2657 sua
2720 2597 2973 2671 natura,
3007 2594 3163 2677 quia
3189 2594 3406 2659 omnia
3444 2595 3712 2660 noverat
3741 2611 3865 2657 an-

2330 2700 2589 2781 tequam
2616 2699 2865 2764 fierent.
2890 2722 2920 2759 n

2413 2805 2570 2871 Item
2599 2808 2843 2872 ratione
2869 2808 3150 2887 videtur3
3173 2807 3326 2890 quia
3353 2807 3569 2873 divina
3593 2807 3867 2871 essentia

2331 2918 2428 2979 est
2480 2915 2614 2978 vita
2659 2937 2674 2980 ε
2719 2933 2876 2997 ergo
2925 2915 3097 2998 quod
3142 2915 3358 2980 divina
3399 2914 3667 2977 essentia
3725 2919 3861 2992 est,

2331 3020 2522 3084 etiam
2543 3021 2674 3085 vita
2698 3026 2824 3087 est:
2854 3024 2960 3087 sed
2989 3025 3278 3087 creatura
3299 3022 3369 3084 in
3384 3020 3510 3086 Deo
3527 3025 3621 3086 est
3646 3021 3868 3087 divina

2331 3130 2639 3208 essentia;
2663 3131 2815 3213 quia
2828 3130 3138 3213 quidquid
3161 3130 3342 3194 estin
3361 3129 3511 3210 Deo,
3535 3133 3631 3194 est
3650 3129 3820 3195 Deus
3843 3150 3860 3195 ε

2331 3254 2487 3319 ergo
2514 3241 2609 3301 oet
2634 3237 2787 3302 vita.
2818 3238 2899 3302 Et
2909 3237 3031 3303 hoc
3055 3242 3149 3302 est
3170 3239 3340 3321 quod
3357 3237 3508 3302 dicit
3525 3238 3866 3304 Anselmus

2330 3345 2401 3408 in
2423 3346 2773 3429 Monoloqio
2791 3353 2838 3424 ⁶,
2868 3345 3041 3429 quod
3078 3368 3110 3408 α
3136 3350 3428 3411 creatura
3449 3346 3517 3409 in
3547 3345 3669 3411 Deo
3694 3366 3868 3413 crea·

2332 3454 2461 3517 trix
2485 3460 2580 3518 est
2599 3455 2888 3519 essentia.
2922 3475 2954 3513 ι)

2412 3560 2592 3642 Item,
2631 3561 2984 3643 intelligere
3022 3565 3115 3626 est
3156 3579 3287 3625 una
3323 3561 3678 3626 differentia
3721 3565 3866 3646 ejus

2331 3669 2504 3751 quod
2537 3672 2632 3732 est
2667 3670 2887 3733 vivere
2904 3718 2921 3749 ,
2967 3687 3118 3733 cum
3157 3669 3376 3733 vivere
3417 3670 3659 3734 dicatur
3699 3689 3862 3753 qua-

2331 3775 2448 3840 dru
2455 3775 2697 3859 pliciter
2709 3776 3059 3840 secundum
3077 3775 3533 3858 Philosophum
3547 3783 3570 3817 ⁷
3594 3799 3607 3841 ε
3632 3776 3686 3838 si
3708 3795 3866 3859 ergo

2332 3877 2685 3959 intelligere
2702 3881 2794 3942 est
2806 3879 3045 3957 vivere,
3064 3878 3274 3941 omnis
3284 3877 3447 3943 ratio
3466 3878 3865 3960 intelligendi

2333 3987 2427 4049 est
2452 3987 2613 4049 ratio
2640 3984 2933 4050 vivendi:
2966 3984 3076 4049 sed
3100 4002 3204 4048 res
3227 3985 3470 4049 suntin
3487 3983 3615 4048 Deo
3638 4003 3864 4050 secun-

2333 4092 2491 4157 dum
2516 4110 2665 4158 suas
2687 4093 2962 4182 rationes
2983 4091 3373 4173 intelligendi
3399 4112 3414 4155 :
3439 4109 3596 4172 ergo
3622 4093 3866 4158 suntin

2332 4197 2460 4264 Deo
2486 4200 2805 4265 viventes:
2836 4198 2946 4262 sed
2972 4216 3106 4262 non
3135 4216 3247 4280 per
3273 4196 3862 4281 participationem:

2331 4324 2491 4388 ergo
2516 4309 2670 4371 sunt
2692 4307 2827 4372 vita
2855 4305 3245 4389 simpliciter.

2413 4414 2640 4479 Contra
2670 4432 2686 4477 ε
2721 4419 2780 4477 1.
2809 4413 2892 4477 In
2916 4415 3056 4495 ipso
3082 4413 3401 4493 vivimus,
3429 4428 3773 4494 movemur,
3802 4422 3867 4482 et

2332 4536 2552 4587 sumus
2574 4519 2619 4583 ⁸.
2668 4518 2867 4601 Erg0,
2906 4520 2960 4583 si
3005 4519 3158 4602 quia
3183 4519 3494 4599 vivimuS,
3537 4538 3769 4584 sumus
3793 4521 3868 4587 in

2333 4627 2461 4693 Deo
2486 4627 2643 4704 vita,
2675 4644 2833 4709 ergo
2867 4631 2931 4691 et
2956 4627 3109 4709 quia
3132 4644 3495 4707 movemur,
3536 4644 3764 4692 sumus
3793 4628 3868 4693 in

2332 4752 2408 4799 eo
2443 4738 2655 4800 motus
2701 4758 2717 4798 ι
2771 4735 2884 4799 sed
2922 4735 3042 4799 hoc
3081 4752 3214 4799 non
3244 4734 3475 4800 dicitur
3505 4757 3521 4800 :
3548 4753 3706 4817 ergo
3747 4755 3868 4802 nec

2328 4840 2488 4906 illud
2514 4842 2699 4906 debet
2725 4841 2868 4906 dici.

2409 4952 2471 5013 2.
2521 4948 2703 5026 Item,
2730 4949 2784 5012 si
2811 4965 2915 5012 res
2947 4947 3244 5012 dicuntur
3281 4947 3352 5012 in
3374 4946 3503 5014 Deo
3547 4948 3681 5013 vita
3705 4997 3722 5029 ,
3751 4954 3868 5015 aut

2330 5075 2489 5139 ergo
2515 5056 2759 5121 ratione
2782 5056 3084 5139 potentiae
3108 5104 3125 5135 ,
3148 5060 3261 5122 aut
3286 5057 3530 5123 notitiae
3552 5107 3571 5137 ,
3598 5064 3712 5123 aut
3737 5078 3866 5126 vo-

2330 5258 2376 5308 4.
2403 5282 2456 5293 --
2488 5256 2755 5325 ⁸August„
2781 5254 2845 5304 de
2867 5253 3036 5306 Genes.
3072 5254 3144 5304 ad
3181 5253 3285 5304 litt.
3341 5254 3430 5306 lib.
3473 5255 3536 5320 V,
3575 5270 3622 5307 c.
3666 5268 3773 5307 xiv.
3798 5283 3862 5297 —

2328 5328 2351 5363 θ
2386 5326 2631 5391 anselm„
2673 5324 2879 5389 Monoi„
2915 5339 2962 5376 c.
3004 5336 3185 5376 xxxvt.
3223 5350 3283 5363 -
3310 5325 3332 5360 ‘¹
3361 5326 3534 5390 Arist„
3570 5326 3632 5377 de
3658 5327 3858 5391 Anima,

2329 5400 2419 5451 lib.
2445 5399 2522 5463 11,
2550 5401 2687 5452 cont.
2712 5400 2790 5450 13.
2808 5396 3032 5448 -8Act.
3062 5398 3251 5462 Apo-st„
3279 5400 3513 5461 xv11,18.

3901 4434 3978 4480 Ad
4011 4449 4107 4493 opp.
