4125 6225
494 662 701 708 Fundam.

735 415 861 475 414

732 549 1002 628 quenter
1062 545 1288 609 talium
1342 545 1783 610 obliviscimur
1823 569 1838 609 z
1902 565 2062 628 ergo
2083 595 2104 626 ‚
2151 550 2271 611 etc.

812 651 933 717 Sed
964 657 1185 717 contra
1211 675 1227 716 z
1259 652 1427 735 quod
1449 655 1545 716 est
1570 653 1883 733 naturale,
1911 658 2005 718 est
2029 654 2274 719 indele-

727 760 894 825 hile:
934 761 1044 825 sed
1087 761 1326 843 species
1356 760 1693 824 existentes
1719 761 1789 823 in
1818 762 2107 843 angelica
2132 780 2270 824 me-

728 869 931 932 moria
974 873 1125 932 sunt
1170 869 1229 932 ei
1273 869 1512 931 innatae
1555 872 1619 931 et
1662 874 2008 933 concreatae
2047 892 2061 934 ε
2112 887 2269 951 ergo

725 980 876 1039 sunt
919 976 1282 1040 indelebiles
1318 996 1332 1038 :
1366 975 1419 1038 si
1467 993 1625 1055 ergo
1665 974 1900 1040 oblivio
1928 975 2103 1040 venit
2155 995 2268 1059 per

723 1083 1100 1148 deletionem
1128 1084 1503 1166 specierum,
1535 1087 1727 1164 patet,
1756 1087 1874 1146 etc.

802 1191 960 1255 Item
992 1211 1009 1255 ε
1036 1211 1226 1257 omne
1260 1191 1432 1275 quod
1459 1191 1762 1273 recipitur
1788 1191 1855 1254 in
1891 1192 2140 1274 aliquo,
2171 1196 2266 1255 est

719 1296 807 1359 ihi
848 1315 961 1379 per
996 1299 1263 1363 modum
1303 1295 1662 1379 recipientis
1703 1298 1722 1332 ¹
1755 1319 1770 1360 ε
1821 1314 1980 1378 ergo
2024 1297 2265 1379 species

719 1421 866 1485 quae
892 1408 987 1469 est
1002 1405 1070 1469 in
1094 1405 1383 1486 angelica
1400 1403 1732 1480 memoria,
1757 1408 1851 1468 est
1872 1404 1964 1467 ihi
1988 1423 2105 1487 per
2127 1422 2262 1469 mo-

719 1510 876 1575 dum
906 1512 1268 1594 recipientis
1305 1531 1322 1577 ε
1367 1513 1476 1577 sed
1502 1512 1813 1576 memoria
1848 1513 2140 1594 angelica
2166 1516 2263 1577 est

718 1618 1211 1703 incorruptibilis
1227 1669 1245 1701 ,
1279 1639 1398 1685 nec
1423 1621 1731 1704 dependet
1751 1640 1791 1684 a
1816 1619 2255 1703 corruptibili,

716 1743 834 1789 nec
856 1732 1170 1809 quantum
1203 1727 1283 1792 ad
1310 1728 1729 1791 substantiam
1745 1776 1762 1807 ,
1794 1746 1913 1791 nec
1938 1732 2257 1809 quantum

714 1832 793 1896 ad
825 1835 1255 1915 operationem
1273 1884 1291 1916 ,
1335 1853 1451 1902 nec
1489 1853 1603 1919 per
1637 1854 1705 1900 se
1723 1885 1741 1916 ,
1777 1853 1896 1899 nec
1933 1853 2049 1918 per
2095 1837 2256 1899 acci-

713 1939 869 2004 dens
916 1959 934 2003 :
964 1960 1123 2023 ergo
1151 1944 1387 2026 species
1406 1993 1422 2020 ‚
1468 1963 1617 2026 quae
1662 1943 1752 2008 ihi
1791 1945 2123 2027 recipitur,
2162 1949 2258 2011 est

711 2046 1078 2130 simpliciter
1107 2051 1626 2134 incorruptibilis,

793 2153 952 2219 Item
977 2156 1098 2220 hoc
1137 2157 1395 2223 videtur
1426 2177 1465 2222 a
1490 2157 1748 2221 minori.
1776 2156 2136 2224 Vertihilior
2160 2162 2253 2224 est

707 2262 1027 2344 voluntas,
1055 2282 1253 2346 quam
1282 2265 1498 2347 aliqua
1523 2265 1903 2328 interiorum
1930 2267 2251 2348 potentia-

706 2388 856 2433 rum
893 2392 909 2435 :
936 2371 1045 2436 sed
1073 2373 1260 2454 culpa
1285 2391 1434 2455 quae
1457 2373 1739 2438 adhaeret
1764 2374 2078 2439 voluntati
2092 2422 2109 2453 ‚
2135 2377 2251 2441 ad·-

704 2476 909 2542 haeret
931 2479 1376 2545 invertibiliter
1406 2503 1422 2546 ε
1454 2500 1612 2563 ergo
1636 2482 1839 2546 multo
1855 2483 2085 2547 fortius
2111 2504 2249 2567 spe-

703 2585 851 2664 cieS,
877 2604 1025 2670 quae
1054 2588 1246 2652 estin
1275 2590 1606 2667 memoria,
1636 2590 1824 2654 estin
1853 2609 1928 2655 ea
1947 2591 2248 2656 indelebi-

700 2692 842 2757 liter
874 2716 890 2757 :
928 2694 983 2758 si
1008 2713 1166 2777 ergo
1193 2697 1435 2762 oblivio
1455 2700 1550 2763 est
1574 2700 1831 2781 propter
1867 2697 2244 2765 deletionem

697 2802 950 2882 speciei,
978 2807 1171 2885 patet,
1203 2807 1322 2868 etc.

777 2909 939 2975 Item
981 2931 1173 2977 omne
1210 2914 1382 2996 quod
1433 2915 1866 2998 corrumpitur
1887 2964 1906 2995 ‚
1948 2919 2060 2980 aut
2100 2935 2243 2982 cor-

694 3020 1021 3101 rumpitur
1044 3021 1199 3102 quia
1239 3021 1430 3086 hahet
1468 3021 1859 3086 contrarium
1882 3069 1900 3101 ,
1933 3023 2046 3086 aut
2087 3024 2241 3104 quia

695 3129 788 3189 est
813 3143 896 3191 ex
914 3127 1267 3205 contrarii3‚
1294 3131 1407 3192 aut
1434 3129 1587 3211 quia
1604 3133 1698 3194 est
1715 3129 1786 3193 in
1802 3128 2039 3211 aliquo,
2063 3130 2237 3211 quod

692 3231 885 3297 habet
911 3235 1304 3299 contrarium
1332 3236 1434 3300 vel
1460 3240 1555 3300 est
1581 3254 1664 3301 ex
1698 3237 2050 3305 contrariis,
2084 3236 2238 3303 Haec

690 3341 923 3423 scripta
948 3345 1098 3406 sunt
1128 3360 1168 3406 a
1200 3340 1612 3426 Philosopho‚
1649 3343 1718 3409 in
1743 3344 1905 3408 lihro
1931 3344 2007 3411 de
2034 3345 2234 3414 Morte

690 3452 752 3513 et
786 3446 964 3513 Vita.
987 3446 1110 3512 Sed
1127 3449 1363 3531 species
1384 3450 1660 3515 existens
1684 3450 1753 3515 in
1772 3451 2084 3516 memoria
2108 3452 2234 3517 dae-

687 3552 923 3630 monis,
944 3554 1127 3618 nullo
1150 3554 1600 3637 praedictorum
1619 3557 1965 3623 modorum
1983 3562 2081 3624 est
2093 3577 2231 3624 cor-

683 3660 1007 3743 ruptibilis
1038 3683 1053 3725 :
1085 3679 1266 3743 ergo,
1297 3666 1415 3727 etc.

761 3765 920 3831 Item
948 3765 1371 3851 Philosophus
1400 3769 1550 3834 dicit
1565 3771 1610 3851 ¹,
1640 3772 1815 3854 quod
1842 3772 2055 3837 virtus
2085 3792 2227 3839 sen-

676 3872 870 3938 sitiva
895 3893 1027 3938 non
1069 3877 1336 3940 senescit
1373 3881 1688 3958 quantum
1728 3883 1826 3943 est
1862 3880 1941 3945 de
1980 3898 2048 3945 se
2066 3929 2084 3960 ,
2115 3884 2226 3948 sed

674 3981 884 4046 solum
926 3982 1173 4047 ratione
1217 3984 1485 4064 organi3
1532 3984 1736 4063 unde,
1782 3986 1853 4049 in
1896 3987 2106 4069 primo
2142 3989 2222 4057 dc

673 4088 937 4166 Anima,
966 4088 1118 4153 dicit
1148 4108 1166 4152 z
1198 4113 1229 4150 α
1257 4087 1468 4155 Senex
1484 4138 1501 4170 ,
1533 4090 1587 4154 si
1622 4095 1932 4175 acciperet
1956 4095 2220 4161 oculum

673 4194 877 4276 pueri,
896 4194 1140 4260 videret
1159 4195 1386 4279 utique
1407 4197 1571 4261 sicut
1589 4199 1762 4264 videt
1783 4219 1965 4283 puer.
1996 4224 2028 4263 n
2046 4203 2218 4286 Ergo

670 4318 821 4366 cum
844 4302 1055 4366 virtus
1079 4303 1500 4368 memorativa
1524 4305 1731 4388 ipsius
1753 4306 2061 4373 daemonis
2086 4329 2218 4375 non

670 4409 941 4491 pendeat
972 4427 1055 4473 ex
1080 4428 1351 4491 organ0‚
1381 4430 1517 4476 non
1548 4415 1854 4492 senescit,
1882 4435 2001 4481 nec
2026 4417 2216 4482 lassa-

667 4521 776 4581 tur
823 4519 892 4581 in
936 4518 1261 4600 operando
1308 4540 1323 4583 2
1369 4537 1527 4602 ergo
1569 4539 1689 4586 nec
1736 4522 1808 4585 in
1849 4524 2214 4608 recipiendo

668 4624 909 4706 species
954 4646 969 4689 ε
1015 4628 1081 4689 et
1120 4627 1214 4689 ita'
1228 4672 1246 4703 ,
1294 4630 1368 4690 ut
1409 4627 1686 4722 videtur,
1731 4629 1899 4695 nihil
1943 4632 2214 4698 oblivis-

667 4731 854 4797 citur.

729 4893 748 4927 ¹
768 4891 945 4955 Arist„
976 4891 1035 4941 de
1059 4891 1265 4951 Ani-ma,
1292 4892 1378 4945 lih.
1404 4893 1499 4958 111,
1529 4899 1668 4947 cont.
1692 4898 1739 4948 4.
1761 4922 1822 4935 —
1849 4898 2121 4966 ¹Aristot„
2146 4901 2208 4951 de

662 4963 847 5014 Anima
862 5000 881 5027 ‚
909 4963 999 5013 lih.
1028 4964 1076 5026 1,
1117 4966 1257 5014 cont.
1282 4967 1360 5015 65.
1387 4964 1492 5004 -⁸
1511 4966 1738 5033 Denter„
1767 4980 1882 5034 vm,
1912 4973 1990 5023 11.

725 5070 789 5134 (α)
818 5070 941 5120 Coet.
961 5069 1040 5122 cd.
1068 5069 1186 5121 add.
1214 5074 1349 5124 et.—
1371 5071 1439 5138 (b)
1474 5073 1597 5126 Goet.
1617 5074 1693 5126 ed.
1723 5077 1947 5129 Contra:
1978 5078 2199 5132 Dicitur.

1862 405 2488 477 SENTENTIARUM
2529 407 2680 475 Lm.
2727 410 2807 477 11.

2925 606 3374 678 CONCLUSIO.

2382 767 2448 822 In
2467 765 2792 824 doemonibus
2814 768 2995 839 quoad
3017 774 3329 827 memoriam
3356 789 3476 844 ‹121oe
3491 775 3628 832 dicit
3653 778 3903 848 habitum,

2452 856 2610 912 nulla
2631 857 2779 913 cadit
2807 858 3042 926 oblivi03
3071 861 3165 916 sed
3185 863 3364 932 quoad
3385 870 3564 922 actum
3592 871 3909 925 memorandi

2450 944 2704 1001 dicuntur
2732 947 2926 1015 obliti,
2958 954 3260 1022 proesertim
3285 967 3395 1009 suoe
3417 957 3647 1025 salutis,
3684 963 3736 1014 et
3764 960 3901 1017 benc·

2450 1035 2693 1103 liciorum
2722 1037 2842 1091 Dei.

2454 1204 2639 1290 Resp.
2670 1208 2749 1272 ad
2777 1208 2937 1291 Arg.
2970 1209 3319 1276 Dicendum
3345 1214 3520 1296 quod
3543 1220 3758 1282 actum
3782 1237 3904 1285 me-

2374 1313 2595 1378 moriae
2641 1315 2958 1396 contingit
3002 1318 3287 1399 accipere
3339 1321 3418 1404 (a)
3490 1341 3610 1405 per
3653 1328 3897 1392 modum

2371 1419 2626 1485 habitus
2648 1441 2663 1482 ε
2689 1424 2754 1486 et
2775 1422 2892 1486 iste
2914 1428 3038 1501 est,
3064 1426 3337 1491 retinere
3359 1430 3634 1511 speciem
3659 1455 3675 1496 ε
3697 1439 3759 1498 et
3777 1455 3899 1501 esse

2370 1527 2602 1591 dicitur
2643 1546 2757 1610 per
2792 1529 3058 1594 modum
3098 1531 3387 1615 habitus,
3416 1536 3570 1618 quia
3607 1542 3900 1609 continue

2369 1637 2571 1713 tenet;
2604 1642 2667 1699 et
2693 1635 2847 1700 dicit
2873 1638 3081 1720 magis
3107 1644 3378 1718 statum,
3409 1643 3547 1708 sive
3574 1664 3900 1714 conserva-

2369 1740 2608 1805 tionem
2627 1791 2645 1821 ,
2677 1761 2877 1825 quam
2913 1745 3248 1810 actionem.
3289 1747 3399 1812 Est
3435 1753 3501 1813 et
3533 1751 3701 1816 alius
3733 1760 3898 1818 actus

2366 1850 2698 1913 memoriae
2728 1868 2842 1932 per
2869 1852 3135 1917 modum
3169 1873 3354 1936 usm,
3390 1857 3523 1923 sive
3560 1863 3770 1938 actus,
3796 1862 3896 1944 qui

2364 1958 2460 2019 est
2497 1957 2863 2023 meminisse
2903 1960 3036 2024 sive
3079 1962 3418 2028 recordari.
3465 1963 3724 2031 Primus
3763 1970 3899 2050 qui-

2363 2062 2512 2126 dem
2545 2069 2723 2129 actus
2762 2068 3070 2132 naturalis
3110 2074 3234 2148 est,
3269 2074 3333 2136 et
3369 2091 3500 2138 non
3542 2076 3761 2139 subest
3792 2095 3897 2142 vo-

2361 2168 2590 2234 luntati
2627 2194 2642 2236 ε
2684 2191 2802 2236 nec
2852 2193 3045 2256 penes
3090 2176 3275 2240 illum
3319 2182 3670 2246 attenditur
3713 2186 3897 2248 meri-

2358 2279 2497 2340 tum
2519 2325 2537 2354 ‚
2568 2279 2673 2344 vel
2713 2280 3118 2348 demeritum.
3166 2284 3496 2352 Secundus
3531 2308 3689 2355 vero
3727 2297 3894 2357 actus

2358 2391 2563 2468 potest
2600 2390 2882 2454 ordinari
2919 2393 3000 2457 ad
3041 2394 3321 2475 bonum,
3352 2401 3418 2461 et
3457 2399 3600 2480 ejus
3641 2402 3888 2483 opposi-

2355 2496 2530 2573 tum,
2560 2495 2792 2560 scilicet
2825 2499 2905 2562 ad
2932 2500 3198 2566 malum.
3230 2501 3310 2566 Et
3335 2506 3695 2570 secundum
3727 2508 3890 2572 hunc

2354 2599 2672 2682 duplicem
2711 2605 2974 2669 modum
3002 2606 3530 2690 distinguendum
3567 2619 3664 2678 est
3694 2616 3764 2678 in
3787 2617 3888 2680 ob-

2351 2705 2610 2772 livione.
2654 2707 2817 2774 Nam
2851 2713 2906 2775 si
2946 2713 3193 2778 dicatur
3221 2718 3458 2783 oblivio
3497 2738 3614 2802 per
3643 2724 3885 2805 opposi-

2350 2813 2589 2880 tionem
2613 2818 2694 2881 ad
2717 2821 3138 2886 retentionem
3161 2825 3414 2907 speciei,
3439 2826 3529 2891 sic
3550 2833 3647 2892 est
3667 2831 3883 2896 deletio

2348 2923 2579 3004 speciei
2623 2925 2702 2990 de
2742 2929 3075 2993 memoria.
3116 2929 3184 2995 Si
3230 2936 3446 2996 autem
3490 2935 3742 3002 dIcatur
3779 2958 3883 3021 per

2346 3032 2711 3114 oppositum
2738 3035 2819 3099 ad
2839 3038 3350 3103 recordationem
3365 3089 3383 3121 ‚
3408 3041 3498 3105 sic
3523 3043 3679 3108 dicit
3702 3046 3882 3111 deha-

2345 3138 2765 3206 bilitationem
2796 3144 2933 3209 sive
2961 3145 3434 3213 dehabilitatem
3463 3158 3781 3234 quantum
3808 3155 3882 3219 ad

2341 3244 2536 3311 istum
2562 3254 2806 3331 actum,
2836 3252 2949 3334 qui
2974 3238 3482 3323 est'meminisse.
3509 3258 3591 3322 Et
3614 3259 3738 3325 hoc
3764 3282 3880 3346 po-

2340 3357 2462 3420 test
2495 3375 2630 3423 esse
2661 3359 2905 3425 bonum
2921 3410 2940 3442 ,
2975 3363 3212 3429 scilicet
3251 3384 3403 3431 cum
3440 3368 3877 3438 obliviscimur

2341 3464 2662 3530 malorum
2698 3467 3023 3533 illatorum
3063 3472 3285 3554 nohis;
3320 3478 3388 3538 el:
3414 3476 3660 3541 malum
3676 3527 3695 3557 ‚
3731 3498 3874 3544 cum

2336 3569 2777 3638 obliviscimur
2809 3576 3268 3643 beneficiorum
3303 3582 3485 3646 nohis
3509 3602 3548 3647 a
3575 3584 3705 3650 Deo
3743 3586 3875 3651 col-

2333 3677 2633 3760 latorum,
2650 3680 2757 3747 vel
2782 3682 3225 3751 obliviscimur
3246 3706 3493 3768 eorum,
3518 3711 3669 3774 quae
3694 3696 3874 3759 nohis

2332 3792 2542 3851 essent
2571 3788 2972 3871 expedientia
3008 3792 3087 3856 ad
3116 3793 3388 3860 salutem
3405 3845 3423 3875 ‚
3455 3805 3678 3865 contra
3703 3804 3871 3885 quod

2331 3894 2566 3959 dicitur
2594 3894 2668 3977 (b)
2707 3895 2774 3959 in
2821 3898 3305 3969 Deuteronomio
3327 3904 3400 3970 ³:
3423 3906 3586 3975 Cave
3632 3926 3713 3975 ne
3754 3928 3870 3976 zm-

2329 4018 2523 4085 quam
2568 4002 2972 4073 obliviscaris
3007 4009 3272 4076 Domini
3303 4012 3424 4078 Dei
3461 4017 3598 4094 tui,
3637 4022 3756 4082 etc.
3803 4019 3868 4084 Si

2328 4107 2531 4188 igitur
2561 4109 2904 4193 loquamur
2941 4115 3019 4178 de
3050 4116 3373 4183 oblivione
3404 4122 3614 4203 primo
3654 4126 3863 4205 mod0‚

2325 4214 2416 4278 sic
2437 4215 2575 4281 dico
2596 4219 2769 4300 quod
2791 4237 2925 4283 non
2949 4222 3115 4287 cadit
3137 4225 3206 4287 in
3228 4225 3628 4294 daemonibus
3651 4253 3668 4296 ε
3690 4234 3867 4298 nulla

2324 4321 2500 4385 enim
2537 4327 2633 4386 est
2672 4325 2742 4389 in
2779 4326 2872 4389 eis
2912 4328 3139 4394 deletio
3184 4333 3435 4413 speciei.
3481 4334 3550 4399 Si
3587 4341 3866 4404 secundo

2324 4426 2535 4506 mod0‚
2559 4428 2649 4491 sic
2664 4429 2805 4493 dico
2821 4433 2993 4514 quod
3012 4434 3207 4515 cadit3
3231 4436 3364 4501 imo
3379 4441 3607 4505 cecidit
3625 4462 3864 4527 magna

2320 4533 2586 4615 oblivio,
2634 4539 2787 4618 quia
2826 4540 3001 4605 ohliti
3045 4547 3199 4606 sunt
3237 4563 3372 4610 suae
3413 4548 3655 4614 salutis.
3700 4552 3864 4617 Sunt

2318 4641 2510 4705 etiam
2535 4643 2709 4706 obliti
2733 4646 3188 4715 beneficiorum
3209 4651 3341 4731 Dei,
3366 4656 3516 4737 quia
3538 4676 3689 4723 cum
3710 4678 3861 4724 con-

2315 4753 2661 4814 vertuntur
2685 4752 2767 4816 ad
2794 4753 2993 4833 mala,
3028 4756 3340 4823 inhabiles
3375 4762 3542 4826 flunt
3571 4766 3653 4830 ad
3686 4785 3859 4832 reco-

2392 5072 2422 5129 1
2457 5074 2521 5134 et
2549 5075 2610 5135 2.
2660 5071 2738 5137 Et
2766 5074 2857 5138 sic
2895 5078 3251 5158 procedunt
3283 5080 3432 5148 duae
3476 5085 3701 5168 primae
3734 5106 3852 5154 ra-

2308 5174 2513 5240 tiones
2543 5200 2557 5240 :
2592 5180 2837 5262 prima,
2876 5202 3024 5266 quae
3056 5191 3313 5271 sumpta
3344 5195 3439 5254 est
3467 5211 3507 5256 a
3535 5197 3839 5278 stultitia3

2308 5284 2604 5365 secunda,
2634 5306 2784 5370 quae
2809 5296 3068 5376 sumpta
3090 5298 3186 5359 est
3211 5295 3294 5360 ab
3317 5296 3604 5382 imagine
3629 5304 3846 5370 defor-

2307 5395 2478 5456 mata
2504 5413 2522 5456 z
2550 5412 2704 5460 nam
2728 5401 3086 5480 procedunt
3103 5402 3226 5467 hac
3250 5389 3383 5469 via.
