4125 6225
984 440 1179 509 DIST.
1224 440 1386 507 vm.
1433 436 1665 503 PART.
1712 435 1761 499 1.
1803 433 1984 499 ART.
2031 436 2081 501 I.
2126 435 2426 514 QUAEST.
2473 439 2521 503 1.

186 584 351 667 quod
378 581 549 661 dicit,
579 580 753 664 quod
777 598 968 644 omne
995 578 1245 644 visibile
1272 580 1365 641 est
1391 572 1717 639 mutabile.

186 690 350 755 Nihil
395 690 569 754 enim
615 692 818 771 potest
855 687 1074 751 videre
1117 702 1341 750 sensus
1380 679 1724 765 corporalis

187 799 319 863 sine
345 798 718 862 extensione
746 795 1112 877 quantitatis
1141 817 1156 858 ε
1187 794 1578 874 ubicumque
1606 809 1724 853 au·-

187 910 312 969 tem
343 910 437 969 est
466 903 752 968 extensio
785 901 1187 983 quantitatis,
1223 899 1312 962 ibi
1342 903 1725 976 6516011190-

188 1012 325 1075 sitio
353 1032 370 1075 :
398 1012 513 1077 ubi
541 1029 696 1074 vero
727 1008 1098 1091 compositio
1127 1013 1255 1086 est,
1291 1004 1604 1089 possibilis
1632 1009 1726 1066 est

188 1119 516 1198 resolutio,
564 1121 627 1182 et
670 1116 941 1181 mutatio
985 1116 1065 1179 ad
1108 1114 1324 1178 minus
1340 1162 1359 1192 ,
1407 1114 1726 1195 quantum

189 1232 278 1291 est
304 1227 384 1291 de
411 1229 641 1291 natura
673 1225 788 1288 rei.
820 1222 1043 1287 Solum
1072 1223 1248 1286 enim
1275 1221 1542 1285 omnino
1576 1218 1727 1282 sim-

189 1336 332 1418 plex
357 1340 453 1399 est
479 1332 881 1399 immutabile
909 1330 1275 1414 simpliciter
1306 1352 1322 1393 :
1351 1332 1415 1393 et
1449 1328 1590 1392 ideo
1617 1344 1727 1390 ne-

191 1443 454 1508 cessario
517 1442 807 1525 sequitur
853 1440 1026 1523 quod
1077 1440 1131 1502 si
1184 1437 1422 1520 aliquid
1472 1436 1729 1501 videtur

190 1571 378 1616 sensu
409 1568 744 1632 corpore0,
775 1548 947 1630 quod
974 1547 1054 1611 sit
1081 1546 1409 1611 mutabile.
1441 1544 1540 1608 Ad
1571 1543 1728 1607 illud

191 1678 344 1741 ergo
379 1658 553 1742 quod
585 1657 882 1739 objicitur
909 1657 987 1720 de
1023 1672 1345 1737 empyreO,
1376 1656 1441 1716 et
1474 1652 1552 1716 de
1587 1650 1730 1714 aliis

192 1767 559 1849 corporibus
599 1765 956 1831 coelestibus
971 1812 988 1843 ,
1020 1762 1360 1827 dicendum
1402 1759 1574 1842 quod
1612 1777 1730 1822 nec

191 1891 566 1956 empyreum
585 1921 602 1949 ,
644 1890 762 1936 nec
797 1871 973 1935 aliud
1017 1888 1249 1952 corpus
1294 1868 1540 1932 coeleste
1557 1915 1575 1943 ,
1613 1883 1730 1929 nec

193 1999 420 2063 corpus
448 1979 620 2062 quod
647 1983 771 2058 est,
797 1980 905 2043 vel
930 1981 1133 2060 potest
1157 1994 1314 2053 esse,
1345 1974 1610 2039 omnino
1637 1977 1732 2036 est

191 2086 608 2151 immutabile.
656 2084 961 2162 Quamvis
1004 2085 1176 2147 enim
1221 2101 1353 2146 non
1401 2082 1730 2145 mutentur

192 2195 538 2260 mutatione
559 2212 707 2277 quae
734 2198 828 2258 est
851 2193 929 2256 de
952 2210 1087 2257 esse
1113 2190 1183 2254 in
1209 2189 1382 2254 aliud
1410 2206 1564 2267 esse,
1591 2188 1731 2251 sive

190 2302 265 2366 de
313 2320 449 2365 11116
491 2302 698 2366 forma
740 2301 810 2363 in
857 2298 1086 2376 aliam;
1134 2296 1470 2361 mutabilia
1517 2299 1732 2358 tamen

192 2415 335 2473 sunt
362 2409 714 2473 mutatione
740 2425 890 2491 quae
915 2411 1009 2471 est
1036 2407 1114 2471 de
1139 2424 1272 2470 non
1299 2422 1432 2469 esse
1465 2404 1535 2466 in
1559 2420 1729 2479 esse,

191 2519 252 2579 et
299 2516 641 2580 mutabilia
683 2520 836 2580 sunt
877 2533 991 2598 per
1033 2516 1334 2576 naturam
1377 2510 1732 2574 mutatione

193 2642 332 2706 quae
355 2627 454 2688 est
478 2624 548 2687 in
575 2641 708 2689 non
732 2640 868 2687 esse
894 2643 910 2686 ε
939 2625 1003 2685 61
1023 2620 1184 2699 haec,
1213 2619 1364 2702 quia
1388 2621 1544 2682 sunt
1564 2634 1734 2681 com-

193 2731 427 2812 posita,
473 2731 617 2796 ideo
659 2748 790 2793 non
834 2734 987 2793 sunt
1028 2745 1225 2793 suum
1269 2744 1426 2790 esse.
1468 2723 1732 2789 Nullum

194 2838 366 2902 enim
410 2856 523 2902 ens
562 2842 658 2902 est
694 2856 893 2901 suum
933 2854 1100 2916 esse,
1139 2834 1262 2900 nisi
1292 2851 1544 2898 summe
1573 2833 1734 2895 sim-

195 2944 367 3026 plex,
404 2945 571 3009 sicut
611 2944 870 3009 nullum
901 2960 1102 3027 agens
1144 2947 1239 3007 est
1277 2960 1470 3007 suum
1507 2957 1699 3021 agere
1712 2986 1731 3016 ,

193 3050 315 3115 nisi
351 3069 612 3116 summe
652 3051 969 3135 simplex:
1001 3056 1064 3115 61
1101 3054 1358 3133 propter
1400 3049 1523 3112 hoc
1563 3046 1733 3130 quod

194 3160 555 3224 mendicant
584 3159 664 3241 (α)
689 3177 884 3224 suum
912 3176 1048 3223 esse
1070 3157 1348 3236 aliunde,
1379 3157 1534 3220 dicit
1567 3154 1736 3219 Hila-

194 3267 326 3332 rius
351 3267 528 3351 quod
555 3267 858 3331 omnibus
883 3266 1190 3331 creaturis
1215 3264 1440 3329 accidit
1468 3283 1603 3330 esse
1632 3287 1647 3328 :
1673 3269 1738 3328 et

195 3372 332 3438 ideo
345 3392 464 3456 per
489 3377 791 3438 naturam
806 3392 991 3439 suam
1011 3373 1230 3437 omnia
1249 3376 1401 3436 sunt
1416 3370 1740 3454 possibilia

194 3481 417 3546 adnon
444 3500 582 3547 esse
610 3501 629 3546 τ
658 3486 724 3547 61
738 3482 829 3546 sic
845 3485 1019 3565 patet
1039 3481 1367 3565 responsio
1394 3480 1476 3546 ad
1499 3485 1734 3545 totum.

660 3722 1149 3795 ARTICULUS
1199 3724 1253 3791 1.

273 3912 372 3977 Ad
407 3911 902 3994 intelligentiam
940 3913 1138 3995 hujus
1173 3912 1371 3994 partis
1403 3912 1525 3976 tria
1557 3930 1769 3995 quse-

195 4025 433 4085 runtur
494 4021 661 4085 circa
714 4021 1216 4104 assumptionem
1267 4038 1610 4102 corporum
1662 4020 1742 4084 ab

196 4129 478 4210 angeli5,
518 4133 653 4193 tam
697 4130 916 4209 bonis,
961 4147 1158 4210 quam
1201 4128 1427 4191 malis:
1459 4128 1742 4209 primum

194 4241 433 4317 spectat
459 4236 542 4300 ad
571 4236 854 4318 corporis
884 4240 947 4299 et
975 4235 1234 4318 spiritus
1258 4236 1602 4313 unionem3
1642 4253 1744 4299 se-

195 4343 508 4422 cundum,
525 4343 606 4408 ad
628 4343 913 4425 corporis
932 4343 1243 4425 assumpti
1262 4341 1740 4422 formationem3

195 4449 463 4516 tertium
506 4455 747 4534 spectat
786 4452 867 4516 ad
885 4523 892 4534 ,
912 4449 1193 4533 corporis
1235 4449 1493 4514 formati
1538 4455 1602 4513 et
1642 4467 1746 4513 as-

262 4647 281 4682 ¹
301 4648 385 4711 Cf.
407 4648 555 4699 Alex.
577 4647 767 4711 Alens„
796 4661 848 4711 p.
871 4647 935 4710 ll,
957 4660 1010 4710 q.
1030 4656 1210 4709 xxxiv,
1234 4646 1427 4696 memb.
1451 4649 1474 4696 1
1491 4661 1510 4709 3
1542 4647 1596 4697 S.
1615 4647 1748 4697 Tho-

200 4731 329 4782 mas,
345 4734 402 4784 p.
427 4721 465 4783 l,
486 4733 538 4783 q.
559 4732 632 4782 ιι,
652 4723 746 4769 art.
768 4724 820 4781 13
848 4721 900 4768 61
924 4719 964 4766 ll
992 4717 1151 4779 Seni„
1167 4717 1289 4767 dist.
1304 4728 1420 4780 vm,
1441 4731 1492 4780 q.
1512 4728 1551 4779 1,
1572 4721 1667 4767 art.
1690 4723 1743 4782 13

202 4793 253 4842 et
278 4792 475 4854 Quolib.
501 4793 568 4842 lx
584 4830 601 4856 ‚
624 4795 720 4841 611.
742 4794 804 4854 6;
834 4789 963 4841 etde
982 4792 1196 4854 Patent„
1216 4805 1269 4853 q.
1288 4801 1342 4840 v1
1359 4826 1375 4854 ,
1404 4794 1499 4840 art.
1522 4793 1580 4851 63
1613 4796 1664 4840 et
1688 4790 1750 4840 de

201 4862 356 4927 Malo,
388 4878 442 4928 q.
465 4875 573 4926 xvi,
599 4867 693 4914 art.
719 4868 777 4927 13
805 4861 974 4927 AEgid.
1006 4864 1178 4924 Rom„
1209 4864 1248 4911 ll
1282 4862 1442 4926 Sene„
1480 4862 1597 4911 dist.
1619 4873 1745 4926 vlu,

203 4945 333 4998 q.1,
363 4938 463 4984 art.
501 4940 558 4997 13
585 4934 842 4997 Richard.‚
888 4936 928 4984 ll
965 4934 1126 4996 Sem„
1166 4933 1280 4983 dist.
1321 4944 1448 4996 vm,
1483 4947 1535 4997 q.
1562 4944 1613 4995 13
1644 4934 1748 4982 Du-

201 5005 371 5069 rand.‚
411 5007 460 5056 11
511 5007 672 5070 86116,
712 5006 828 5056 dist.
868 5017 991 5069 vm,
1028 5020 1080 5069 q.
1133 5017 1187 5067 13
1241 5004 1457 5068 Albert„
1497 5003 1557 5053 de
1612 5009 1749 5055 motu

202 5077 358 5142 Any„
390 5091 445 5142 q.
467 5090 518 5142 V,
547 5080 642 5127 art.
666 5089 750 5140 113
779 5077 958 5140 Steph.
991 5076 1196 5138 Brulef„
1220 5077 1264 5126 ll
1301 5076 1462 5138 Seni„
1494 5076 1612 5126 dist.
1633 5087 1748 5138 v111,

205 5159 255 5211 q.
291 5160 338 5213 13
377 5150 532 5200 Gabr.
567 5150 691 5213 Eiet,
725 5151 765 5200 ll
793 5151 952 5213 Sent„
985 5150 1104 5199 dist.
1133 5160 1253 5211 vm,
1282 5161 1333 5214 q.
1367 5161 1403 5197 1.
1441 5149 1569 5199 Vide
1594 5150 1748 5199 etiam

203 5232 300 5282 pro
357 5220 464 5271 hoc
526 5221 739 5272 articulo
805 5221 1091 5271 Concilium
1158 5221 1420 5270 Nicaenum
1475 5221 1516 5271 ll
1537 5257 1552 5283 ‚
1611 5222 1751 5285 quod

203 5289 434 5343 laudavit
464 5293 767 5343 sententiam
809 5294 866 5342 B.
894 5292 1109 5343 Joaunis
1150 5290 1378 5355 episcopi
1421 5291 1749 5342 Thessaloni-

208 5363 412 5427 censis,
450 5364 539 5428 qui
581 5378 696 5414 cum
731 5364 1129 5427 reprehenderet
1165 5363 1408 5429 gentilem
1442 5364 1747 5430 quemdam,

205 5446 362 5486 usum
385 5434 636 5499 purgandi
670 5435 883 5498 angelos
919 5438 1374 5498 contemnentem,
1401 5432 1561 5486 dixit:
1595 5448 1626 5482 α
1645 5439 1752 5486 An·

3265 448 3378 509 431

1836 572 2081 653 sumpti
2126 574 2586 655 operationem.
2636 574 2813 640 Circa
2863 578 3149 659 primum
3202 597 3387 661 quae-

1835 682 2071 742 runtur
2106 680 2234 744 duo
2270 703 2283 744 ε
2316 683 2526 763 primo
2563 683 2877 764 quaeritur
2913 688 3134 748 utrum
3170 687 3385 767 angeli

1835 785 2115 851 habeant
2153 807 2417 871 corpora
2450 790 2828 855 naturaliter
2863 792 2984 855 sibi
3022 793 3241 871 unita;
3278 813 3385 859 se-

1838 893 2071 973 cundo,
2115 899 2337 959 utrum
2373 897 2651 960 habeant
2687 915 2956 979 corpora
2992 898 3112 963 sibi
3144 900 3385 966 volun-

1838 1000 1998 1064 tarie
2035 1008 2383 1085 assumpta.

2380 1220 2737 1298 QUAESTIO
2784 1222 2834 1286 1.

1839 1369 1937 1425 An
1956 1371 2143 1440 anqeli
2155 1371 2393 1429 habeant
2418 1390 2644 1447 corpora
2663 1376 2999 1432 naturaliter
3023 1376 3134 1432 sibi
3160 1380 3322 1436 uuita
3346 1378 3385 1435 ¹.

1925 1534 2154 1600 Utrum
2180 1538 2396 1619 angeli
2424 1539 2702 1605 habeant
2729 1559 2994 1624 corpora
3016 1543 3389 1607 naturaliter

1841 1640 1964 1704 sibi
2007 1643 2228 1721 unita;
2278 1650 2342 1708 et
2386 1647 2558 1727 quod
2602 1647 2692 1711 sic
2714 1696 2733 1727 ,
2782 1648 3136 1712 ostenditur
3179 1649 3389 1731 primo

1842 1750 2215 1815 auctoritate
2243 1752 2621 1834 Augustini,
2655 1754 2818 1817 libro
2847 1760 3072 1819 octavo
3105 1754 3182 1821 de
3212 1756 3390 1823 Civi-

1844 1862 1974 1923 tate
2025 1859 2181 1935 Dei,
2233 1860 2347 1924 ubi
2398 1861 2719 1925 diffiniens
2768 1863 3090 1928 daemones
3141 1863 3290 1926 dicit
3312 1869 3335 1903 ²
3369 1886 3385 1928 z

1852 1989 1883 2026 α
1911 1965 2243 2031 Daemones
2268 1972 2421 2031 sunt
2444 1987 2682 2049 genere
2705 1970 3029 2049 animalia,
3054 1974 3268 2034 mente
3294 1989 3392 2034 ra-

1845 2072 2136 2153 tionalia,
2173 2075 2389 2137 animo
2425 2076 2708 2157 passiva,
2743 2095 3006 2160 corpore
3036 2080 3237 2157 aeria,
3277 2080 3393 2145 du-

1843 2180 2089 2244 ratione
2127 2184 2387 2245 aeterna.
2414 2204 2445 2242 1)
2477 2182 2543 2246 Si
2584 2202 2741 2265 ergo
2778 2185 3001 2248 eadem
3037 2190 3132 2250 est
3164 2190 3393 2251 natura

1843 2287 2165 2353 bonorum
2191 2288 2558 2372 spirituum,
2586 2291 3017 2369 etmalorum,
3048 2296 3238 2375 patet,
3269 2298 3387 2357 etc.

1925 2400 1986 2459 2.
2035 2396 2198 2460 Item
2245 2416 2360 2479 per
2405 2396 2828 2479 Gregorium,
2876 2401 2945 2464 in
2992 2399 3267 2465 Homilia
3315 2401 3392 2468 de

1845 2505 2233 2586 Epiphania
2271 2511 2294 2546 ³
2336 2528 2359 2568 .·
2402 2530 2433 2567 α
2478 2505 2511 2570 J
2516 2507 2719 2571 udaeis
2775 2511 3084 2589 tanquam
3145 2510 3393 2574 ratione

1846 2613 2177 2676 utentibus
2219 2613 2524 2677 rationale
2564 2613 2800 2677 animal
2818 2663 2836 2694 ,
2874 2614 2938 2678 id
2983 2619 3077 2679 est
3120 2617 3392 2699 angelus

1845 2718 2145 2782 nuntiare
2176 2718 2415 2783 debuit.
2454 2742 2485 2779 n
2521 2719 2645 2786 Sed
2690 2740 2881 2787 omne
2924 2724 3162 2789 animal
3204 2726 3394 2791 habet

1847 2842 2079 2907 corpus
2113 2827 2487 2891 naturaliter
2521 2828 2642 2892 sibi
2669 2830 2928 2895 unitum
2960 2852 2977 2895 t
3007 2832 3061 2895 si
3088 2851 3246 2915 ergo
3272 2852 3393 2899 an-

1847 2932 2032 3012 gelus
2057 2936 2153 2997 est
2178 2934 2450 3014 animal,
2480 2953 2661 3018 erg0,
2693 2942 2811 3002 etc.

1907 3041 1989 3102 3.
2034 3039 2194 3104 Item
2230 3060 2347 3124 per
2382 3042 2810 3125 Bernardum,
2855 3048 2932 3114 in
2970 3047 3241 3115 cantica
3272 3048 3390 3112 ho-

1846 3147 2030 3212 milia
2055 3151 2240 3214 tertia
2256 3150 2279 3185 ⁴
2308 3173 2324 3215 ε
2354 3174 2387 3214 α
2412 3150 2639 3235 Liquet
2662 3172 2922 3219 omnem
2950 3161 3236 3220 creatum
3261 3158 3395 3239 spi-

1847 3256 2046 3321 ritum
2095 3276 2397 3341 corporeo
2439 3279 2703 3342 prorsus
2744 3262 3036 3345 indigere
3080 3264 3324 3328 solatio.
3354 3287 3386 3325 n

1850 3362 1973 3428 Sed
1991 3365 2264 3447 angelus
2281 3366 2472 3431 habet
2488 3386 2680 3434 omne
2695 3369 2854 3434 illud
2870 3389 3000 3452 quo
3019 3370 3395 3435 naturaliter

1850 3470 2135 3553 indiget:
2160 3491 2311 3538 611111
2333 3492 2490 3556 6130
2517 3476 2598 3540 sit
2620 3476 2884 3559 spiritus
2907 3483 3179 3557 creatiis,
3204 3478 3398 3543 habet

1850 3578 1974 3642 sibi
2001 3597 2233 3662 corpus
2260 3583 2635 3647 naturaliter
2661 3584 2941 3649 unitum.

1930 3692 1993 3750 4.
2024 3687 2183 3753 Item
2205 3689 2287 3755 ad
2307 3689 2431 3755 boc
2453 3696 2548 3755 est
2566 3692 2751 3756 ratio.
2773 3692 3023 3771 Quanto
3043 3694 3399 3759 substantia

1850 3800 1947 3860 est
1978 3795 2276 3877 nobilior,
2304 3802 2482 3863 tanto
2518 3800 2587 3863 in
2625 3801 2921 3883 potentiis
2961 3805 3056 3866 est
3088 3801 3401 3885 multipli-

1852 3904 1989 3968 cior
2023 3924 2042 3968 :
2077 3905 2186 3969 sed
2231 3907 2504 3988 angelus
2549 3913 2644 3973 est
2687 3910 2963 3975 nobilior
3007 3911 3360 3975 substantia
3376 3959 3394 3990 ,

1852 4029 2050 4093 quam
2082 4013 2299 4077 anima
2330 4035 2346 4078 ε
2380 4033 2538 4096 6130
2565 4015 2619 4080 si
2645 4017 2864 4081 anima
2886 4021 3037 4082 nata
3062 4021 3159 4082 est
3182 4016 3400 4082 vivifi-

1854 4136 1997 4182 care
2038 4137 2297 4203 corpuS,
2341 4123 2547 4187 multo
2587 4124 2798 4204 magis
2836 4129 2899 4189 et
2939 4124 3210 4205 angelus
3244 4149 3259 4188 ι
3291 4123 3401 4188 sed

1853 4225 2048 4289 habet
2070 4227 2229 4292 illud
2252 4229 2624 4295 naturaliter
2646 4230 2768 4295 sibi
2790 4233 3054 4296 unitum
3068 4281 3088 4312 ,
3124 4232 3204 4296 ad
3230 4231 3402 4314 quod

1853 4333 2316 4399 vivificandum
2361 4341 2456 4400 est
2495 4339 2869 4403 naturaliter
2914 4342 3106 4404 natus
3148 4345 3335 4422 aptus
3379 4358 3397 4403 :

1856 4458 2035 4524 ergo,
2067 4446 2189 4507 616.

1855 4566 1960 4632 geli
1977 4568 2233 4632 corporei,
2259 4572 2313 4619 et
2328 4567 2599 4622 imitabiles
2619 4572 2820 4637 pictura
2846 4573 3095 4638 existunt,
3121 4578 3173 4624 et
3190 4574 3404 4626 circum·

1857 4637 2010 4688 scribi
2037 4643 2288 4703 possunt,
2327 4645 2380 4691 et
2404 4641 2459 4691 in
2486 4643 2650 4695 forma
2676 4644 2900 4696 hominis
2930 4647 3240 4711 pinguntur,
3283 4649 3403 4712 quia

1857 4707 1912 4758 111
1941 4723 2002 4758 66
2040 4713 2093 4759 61
2129 4712 2337 4775 proprio
2366 4726 2583 4775 corpore
2622 4716 2721 4766 visi
2751 4724 2888 4768 sunt.
2915 4735 2942 4766 »
2988 4718 3109 4767 Haec
3146 4716 3403 4769 referente

1856 4781 2066 4832 Terasio
2099 4783 2415 4847 patriarcba,
2444 4784 2679 4851 libroque
2720 4789 2780 4838 B.
2802 4789 3018 4840 Joannis
3052 4789 3312 4854 episcopi,
3349 4790 3406 4840 in

1858 4866 1960 4917 quo
1999 4868 2115 4903 cum
2137 4857 2326 4920 gentile
2353 4857 2665 4922 disputatur,
2694 4861 2955 4925 perlecto,
2988 4875 3135 4911 sacra
3164 4862 3405 4926 synodus

1855 4925 2153 4988 respondit:
2188 4928 2414 4991 «Etiam,
2448 4931 2682 4981 Domine.
2702 4949 2731 4979 n
2765 4933 2866 4984 Sed
2888 4932 3056 4983 nodus
3085 4932 3404 4997 dissolvitur,

1858 4995 1979 5059 quia
2002 4998 2232 5060 synodus
2258 5014 2365 5049 non
2395 4999 2666 5052 affirmavit
2701 5004 2913 5065 angelos
2938 5017 3051 5054 esse
3088 5016 3369 5068 corporeos
3386 5042 3401 5065 ,

1858 5067 1949 5116 sed
1985 5069 2195 5118 modum
2233 5072 2574 5123 convincendi
2617 5075 2859 5138 gentilem
2902 5076 3244 5139 approbavit:
3278 5089 3403 5127 nam

1859 5139 2166 5203 quandoque
2184 5141 2303 5193 licet
2319 5148 2605 5193 extremum
2618 5147 2855 5210 probare,
2872 5150 2927 5196 ut
2940 5148 3155 5196 alterum
3174 5147 3398 5197 tollatur.

1861 5221 1983 5269 Hoec
2017 5219 2190 5265 autem
2240 5216 2591 5265 controversia
2628 5219 2858 5268 nondum
2905 5219 3144 5269 Ecclesioe
3182 5232 3400 5270 censura

1858 5290 2133 5343 terminata
2149 5291 2245 5338 est.
2263 5315 2324 5325 —
2342 5288 2365 5323 ¹
2383 5291 2533 5352 Aug„
2549 5289 2609 5338 de
2636 5290 2788 5342 civit.
2812 5292 2926 5356 Dei,
2949 5292 3038 5342 lib.
3054 5293 3193 5362 yut,
3223 5307 3269 5342 6.
3288 5303 3399 5343 xvl.

1858 5388 1922 5401 —
1941 5362 1963 5397 θ
1994 5363 2232 5423 Cragon,
2260 5359 2314 5407 in
2341 5360 2534 5424 Evanq.
2572 5361 2716 5413 hom.
2760 5374 2812 5413 Χ.
2846 5389 2909 5401 -
2931 5363 3144 5428 ‘Bern.,
3173 5365 3230 5414 in
3254 5364 3402 5415 Cant.

1858 5435 2002 5485 hom.
2035 5443 2115 5483 111.
2143 5457 2206 5470 —
2230 5431 2298 5496 (a)
2324 5430 2414 5480 ΔΙ.
2436 5432 2713 5485 mendicat.

3420 1555 3489 1599 Ad
3523 1568 3626 1612 opp.
