4125 6225
1468 410 1843 477 nlsTlNcT.
1887 411 2072 477 XLII.
3236 416 3351 477 127

308 545 411 615 Sed
435 544 508 614 ad
540 543 663 613 hoo
694 552 907 636 potest
933 544 1084 630 dici,
1115 545 1293 636 quod
1331 546 1773 635 Augustinu8‚
1818 548 1935 616 ubi
1977 547 2134 616 dicit
2166 571 2183 614 ι
2223 572 2258 611 c<
2285 545 2713 637 Omnipotens
2738 570 2875 616 non
2906 546 3151 615 dieitur
3176 548 3353 638 quod
3384 565 3586 662 &²²⁰³-

243 664 413 733 omnia
433 662 647 753 possit,
670 687 704 725 »
742 672 862 731 etc.
898 670 1032 730 tam
1059 662 1274 753 ample
1317 670 1381 730 et
1427 663 1819 751 generaliter
1859 665 2105 755 aceepit
2128 665 2391 745 omnia,
2430 671 2502 732 ut
2532 664 2727 732 etiam
2757 663 2931 732 mala
2957 662 3346 751 includeret,
3460 650 3473 662 ’

243 802 352 873 quae
379 779 537 845 Deus
571 800 706 847 non
749 786 995 871 potest,
1029 801 1147 846 nec
1184 780 1349 847 vult.
1402 779 1550 847 Non
1590 802 1746 869 ergo
1788 781 2052 869 negavit
2091 804 2243 848 eum
2284 805 2466 872 posse
2501 782 2722 849 omnia
2766 803 2910 872 quae
2955 780 3256 848 convenit
3295 780 3358 848 ei
3394 837 3401 844 .

242 918 401 988 posse.
429 894 740 963 Similiter
766 918 919 963 oum
961 894 1116 963 dicit
1159 919 1173 963 :
1229 895 1438 963 «Non
1471 897 1555 964 ob
1583 896 1763 965 aliud
1793 898 2109 965 veraciter
2142 897 2384 965 dicitur
2421 897 2856 987 omnipotenS,
2888 897 3014 965 nisi
3041 895 3355 987 quoniam

242 1011 506 1104 quidquid
536 1012 702 1099 vult,
727 1020 972 1104 potest;
996 1039 1031 1075 ι)
1067 1035 1203 1081 non
1231 1020 1428 1102 negat
1455 1036 1607 1081 eum
1635 1036 1816 1105 posse
1845 1013 2039 1081 etiam
2071 1036 2147 1081 ea
2172 1036 2322 1103 quae
2351 1035 2483 1081 non
2511 1014 2699 1082 vult:
2732 1012 2841 1081 sed
2872 1011 3184 1080 adversus
3209 1012 3359 1080 illos

243 1128 330 1218 qui
351 1128 628 1196 dicebant
661 1128 874 1198 Deum
904 1128 1116 1196 multa
1148 1128 1319 1197 velle
1354 1152 1500 1220 quae
1529 1152 1663 1196 non
1695 1137 1968 1221 poterat,
2015 1127 2302 1197 affirmat
2348 1152 2502 1197 eum
2532 1152 2714 1220 posse
2741 1127 3063 1220 quidquid
3095 1127 3266 1212 vult,
3297 1135 3361 1195 et

243 1266 303 1312 ex
323 1267 385 1312 eo
406 1266 551 1312 vere
577 1244 705 1312 dici
732 1245 1272 1337 omnipotentem,
1304 1268 1438 1313 non
1466 1245 1549 1314 ob
1594 1245 1801 1329 aliud,
1833 1268 2032 1335 quam
2062 1245 2220 1336 quia
2247 1253 2453 1337 potest
2492 1244 2816 1335 quidquid
2848 1243 3013 1311 vult.
3049 1243 3177 1312 Sed.
3204 1266 3358 1312 cave

242 1359 512 1451 quomodo
548 1360 898 1450 intelligas,
937 1365 1161 1429 Potest
1187 1359 1510 1453 quidquid
1533 1362 1672 1428 vult
1702 1386 1724 1426 .·
1754 1384 1838 1429 an
1865 1358 2189 1452 quidquid
2220 1362 2367 1430 vult
2394 1383 2459 1428 se
2488 1384 2709 1453 posse3
2742 1384 2828 1428 an
2857 1356 3183 1451 quidquid
3210 1360 3359 1428 vult

243 1474 438 1561 faeere;
467 1500 553 1544 an
576 1477 902 1568 quidquid
931 1477 1078 1545 vult
1105 1476 1272 1545 fieri.
1294 1476 1555 1545 sienim
1579 1477 1753 1545 dicas
1778 1477 1924 1545 ideo
1951 1477 2463 1569 omnipotentem
2489 1476 2730 1561 vocari,
2751 1476 2909 1568 quia
2935 1483 3143 1568 potest
3170 1475 3363 1567 quid-

242 1591 366 1684 quid
403 1593 542 1660 vult
566 1616 631 1660 se
659 1616 870 1684 posse,
901 1616 1056 1683 ergo
1099 1601 1164 1660 et
1203 1593 1442 1661 Petrus
1471 1592 1772 1661 similiter
1798 1593 2210 1685 omnipotens
2247 1592 2373 1660 diei
2403 1600 2633 1684 potest,
2662 1592 2770 1660 vel
2803 1591 3083 1683 quilibet
3109 1601 3361 1660 sancto-

243 1729 360 1774 rum
383 1709 738 1795 beatorum,
772 1709 933 1800 quia
957 1717 1167 1800 potest
1194 1709 1518 1800 quidquid
1543 1709 1687 1776 vult
1712 1732 1779 1776 se
1807 1731 2014 1800 posse,
2046 1718 2110 1776 et
2138 1716 2345 1800 potest
2371 1708 2579 1775 facere
2604 1707 2930 1799 quidquid
2956 1707 3100 1775 vult
3125 1707 3354 1777 faeere.

241 1823 354 1891 Non
377 1825 543 1893 enim
570 1824 712 1893 vult
737 1824 948 1895 facere
976 1825 1106 1893 nisi
1133 1825 1312 1917 quod
1338 1824 1514 1910 facit,
1564 1848 1681 1892 neo
1720 1848 1904 1917 posse
1932 1824 2059 1893 nisi
2103 1824 2280 1916 quod
2310 1833 2549 1917 potest3
2583 1822 2695 1892 sed
2736 1846 2868 1891 non
2906 1831 3116 1915 potest
3152 1824 3361 1892 facere

240 1939 518 2031 quidquid
545 1940 688 2009 vult
716 1940 864 2009 fieri
891 1965 908 2009 ε
946 1942 1091 2037 vult
1117 1941 1295 2009 enim
1335 1941 1549 2009 salvos
1596 1942 1738 2009 fieri
1781 1943 1898 2034 qui
1943 1941 2242 2010 salvandi
2269 1950 2458 2027 sunt3
2493 1948 2944 2010 verumtamen
2975 1962 3083 2008 eos
3109 1939 3360 2009 salvare

242 2076 345 2123 uon
367 2056 544 2125 valet.
579 2057 755 2125 Deus
779 2066 1030 2144 autem,
1059 2057 1388 2150 quidquid
1416 2057 1564 2126 vult
1590 2058 1760 2144 fieri,
1792 2067 2001 2149 potest
2027 2059 2257 2127 facere.
2293 2059 2365 2125 Si
2395 2057 2571 2126 enim
2599 2058 2746 2126 vult
2774 2057 3025 2152 aliquid
3072 2057 3217 2125 fieri
3245 2079 3361 2147 per

240 2194 310 2258 se,
349 2181 537 2263 potest
573 2173 745 2242 illud
791 2173 1000 2243 faeere
1036 2197 1151 2265 per
1176 2197 1269 2259 se,
1316 2183 1379 2242 et
1411 2198 1527 2265 per
1552 2198 1618 2241 se
1657 2174 1845 2261 faeit3
1897 2174 2064 2242 sicut
2099 2174 2339 2242 eoelum
2378 2183 2442 2241 et
2467 2182 2707 2242 terram
2740 2196 2855 2265 per
2882 2197 2948 2242 se
2989 2174 3163 2258 feeit,
3204 2173 3359 2264 quia

242 2288 430 2356 voluit.
463 2288 531 2358 Si
562 2298 781 2358 autem
829 2291 978 2359 vult
1016 2290 1162 2358 fieri
1199 2313 1314 2382 per
1340 2298 1727 2371 creaturam,
1771 2298 1835 2357 et
1861 2312 1977 2381 per
2002 2313 2145 2358 eam
2174 2297 2504 2382 operatur,
2534 2289 2701 2357 siout
2743 2312 2857 2379 per
2884 2289 3180 2358 homines
3206 2289 3361 2358 facit

241 2403 448 2489 11311135,
477 2415 538 2475 et
562 2407 947 2498 hujusmodi
973 2407 1273 2476 artificia.
1308 2407 1391 2475 Et
1416 2407 1589 2476 Deus
1616 2406 1880 2499 quidem
1913 2430 1992 2474 ex
2021 2431 2112 2493 se,
2146 2415 2209 2474 et
2243 2429 2357 2497 per
2401 2429 2467 2474 se
2494 2413 2743 2497 potest3
2776 2405 2973 2473 homo
3006 2414 3223 2473 autem
3252 2405 3360 2473 vel

244 2521 503 2609 angelus,
545 2532 1155 2616 quantumcumque
1184 2524 1414 2592 beatus
1439 2536 1555 2611 est,
1590 2546 1725 2591 non
1753 2530 1847 2591 est
1880 2529 2109 2614 potens
2135 2545 2217 2590 ex
2243 2546 2334 2608 se,
2362 2522 2468 2591 vel
2498 2544 2613 2612 per
2638 2544 2729 2590 se.

308 2636 419 2706 Sed
445 2639 602 2709 forte
630 2638 804 2709 dices
837 2665 852 2708 ε
895 2638 1070 2708 ((Ν33
1088 2638 1206 2707 1)3“1
1231 2640 1445 2708 Filius
1472 2647 1678 2731 potest
1707 2663 1747 2707 a
1764 2663 1855 2725 se,
1875 2662 1994 2706 neo
2021 2638 2307 2731 Spiritus
2328 2646 2619 2724 sanetus,
2642 2636 2753 2706 sed
2788 2638 2966 2705 solus
2990 2634 3206 2705 Pater.
3239 2636 3359 2706 Ille
3444 2653 3595 2734 petef-

242 2754 382 2822 euim
407 2764 601 2847 potest
627 2780 668 2825 a
693 2780 786 2843 se,
816 2757 935 2848 qui
962 2764 1056 2824 est
1082 2780 1122 2824 a
1146 2779 1251 2842 se3
1295 2756 1506 2824 Filius
1530 2764 1776 2841 autem,
1810 2756 1968 2846 quia
1993 2778 2129 2824 non
2157 2763 2251 2823 est
2276 2779 2315 2822 a
2340 2778 2432 2841 se,
2469 2755 2580 2823 sed
2622 2778 2660 2821 a
2701 2755 2918 2841 Patre,
2964 2776 3097 2821 non
3151 2761 3360 2845 potest
3388 2727 3581 2835 pffiffss‘!

243 2892 367 2955 ase,
391 2872 492 2939 sed
517 2896 555 2939 a
578 2872 772 2941 Patre
790 2898 810 2959 3
842 2881 906 2940 et
944 2872 1229 2963 Spiritus
1253 2880 1513 2940 sanctus
1540 2874 1623 2941 ab
1652 2882 1955 2964 utroque.
1989 2899 2022 2938 >>
2060 2872 2163 2940 Ad
2211 2871 2389 2962 quod
2418 2871 2719 2958 dicimus,
2770 2873 2926 2963 quia
2972 2871 3120 2938 licet
3146 2870 3359 2939 Filius
3423 2857 3581 2952 ζᾙᾞ.

243 3008 348 3054 11311
369 2988 554 3078 possit
592 3012 632 3056 a
665 3012 758 3074 se,
811 3011 930 3055 nee
975 2996 1279 3081 operetur
1331 3012 1371 3056 a
1413 3011 1504 3074 se,
1551 2996 1759 3080 potest
1793 2999 2010 3056 tamen
2054 2997 2119 3056 et
2159 2998 2467 3080 operatur
2511 3011 2628 3080 per
2666 3010 2733 3055 se
2768 3013 2784 3055 ε
2816 2987 2907 3055 sio
2959 2995 3023 3055 et
3074 2987 3362 3080 Spiritus
3388 2974 3536 3014 mum·

243 3111 481 3172 sanctus.
534 3103 722 3173 Unde
776 3103 1095 3190 HilariuS,
1156 3105 1226 3174 in
1263 3104 1431 3173 libro
1471 3129 1644 3174 nono
1682 3103 1763 3174 de
1804 3104 2173 3175 Τνίηἰιατ3ι
2206 3130 2221 3171 :
2261 3130 2296 3171 «
2321 3103 2585 3174 Naturae
2629 3103 2915 3197 (inquit),
2974 3104 3083 3172 eui
3110 3111 3364 3174 contra-

243 3215 391 3301 dieis,
418 3219 732 3303 haeretiee,
762 3220 899 3290 haeo
925 3221 1143 3290 unitas
1172 3229 1290 3308 est,
1315 3228 1391 3289 ut
1415 3220 1508 3291 ita
1534 3244 1649 3313 per
1674 3244 1742 3290 se
1760 3230 1911 3311 agat
1934 3221 2171 3308 Filius,
2198 3242 2281 3290 ne
2308 3245 2348 3289 3
2373 3244 2439 3289 53
2465 3230 2647 3309 agat3
2676 3229 2740 3288 et
2765 3221 2858 3288 ita
2881 3243 3016 3289 non
3044 3244 3080 3288 3
3109 3243 3176 3290 53
3203 3221 3361 3309 agit,

244 3339 303 3400 ut
334 3357 436 3427 per
458 3359 522 3404 se
546 3344 716 3426 agat.
750 3336 880 3405 Per
903 3358 970 3405 se
1014 3345 1236 3406 autem
1273 3336 1517 3405 dieitur
1543 3359 1734 3426 agere
1760 3346 1824 3406 et
1852 3346 2078 3430 potens
2118 3360 2278 3424 esse,
2317 3336 2477 3429 quia
2512 3336 2880 3404 naturalem
2918 3335 3114 3403 habet
3140 3343 3364 3424 poten-

243 3447 393 3535 tiam,
414 3452 698 3520 eamdem
727 3476 930 3544 quam
960 3461 1023 3520 et
1061 3453 1279 3539 Pater,
1317 3453 1434 3544 qui
1463 3460 1691 3544 potens
1719 3461 1813 3520 est
1838 3461 1903 3521 et
1929 3462 2236 3545 operatur
2268 3478 2285 3521 t
2318 3453 2429 3522 sed
2457 3453 2616 3545 quia
2649 3451 2834 3520 illam
2861 3451 3122 3520 habeta
3146 3452 3364 3538 Patre,

244 3585 350 3633 nou
375 3590 410 3634 a
433 3591 520 3652 se,
547 3569 694 3638 ideo
721 3593 761 3638 3
790 3569 1008 3654 Patre,
1040 3591 1175 3637 non
1204 3593 1243 3638 a
1268 3591 1359 3652 se,
1393 3568 1631 3637 dicitur
1656 3591 1840 3660 posse
1879 3578 1944 3638 et
1981 3592 2196 3658 agere.
2242 3569 2456 3637 Homo
2485 3576 2706 3636 autem
2732 3569 2840 3636 vel
2883 3568 3179 3656 Angelus
3219 3590 3373 3658 gra-

246 3680 444 3749 tuitam
470 3682 657 3752 habet
683 3684 1064 3775 potentiam,
1099 3707 1233 3776 qua
1258 3693 1489 3776 potens
1513 3694 1630 3753 est.
1673 3685 1828 3754 Ideo
1861 3707 2017 3775 ergo
2046 3708 2200 3754 vere
2225 3708 2298 3752 ao
2344 3684 2603 3777 proprie
2647 3683 2822 3753 Deus
2849 3684 3134 3753 Trinitas
3160 3685 3375 3753 omni-

246 3806 438 3886 potens
461 3797 714 3887 dicitur,
752 3799 912 3892 quia
948 3822 1064 3891 per
1093 3823 1184 3886 se,
1230 3800 1297 3867 id
1326 3808 1446 3887 est,
1477 3801 1763 3870 naturali
1792 3802 2085 3894 potentia
2110 3809 2317 3892 potest
2356 3799 2683 3892 quidquid
2708 3800 2854 3868 vult
2882 3800 3052 3887 fieri,
3085 3807 3149 3868 et
3177 3800 3375 3892 quide

244 3913 378 4002 quid
398 3915 612 3985 vultse
637 3939 848 4009 posse.
873 3915 1057 3985 Nihil
1076 3917 1255 3985 enim
1285 3918 1432 3985 vult
1462 3915 1629 4003 fieri,
1652 3918 1829 4009 quod
1858 3941 1992 3987 non
2019 3919 2221 4010 possit
2248 3918 2455 3986 faeere
2482 3939 2598 4008 per
2624 3939 2715 4003 se,
2737 3916 2844 3985 vel
2873 3939 2990 4008 per
3017 3925 3368 4003 creaturas;

248 4033 298 4094 et
318 4028 470 4098 nihil
499 4032 639 4100 vult
663 4056 730 4100 se
760 4055 970 4124 posse,
1002 4031 1181 4124 quod
1211 4054 1346 4100 non
1372 4033 1604 4124 possit3
1639 4042 1703 4102 et
1746 4057 1938 4102 omne
1968 4033 2147 4126 quod
2177 4032 2322 4102 vult
2351 4032 2522 4120 fieri,
2553 4033 2700 4102 vult
2726 4055 2794 4103 se
2837 4056 3020 4126 posse
3053 4058 3069 4101 ε
3102 4033 3214 4102 sed
3240 4056 3375 4102 non

248 4163 408 4214 omne
434 4149 598 4240 quod
622 4150 772 4218 vult
798 4172 866 4218 se
892 4171 1106 4241 posse,
1135 4147 1284 4218 vult
1310 4148 1481 4218 fieri.
1533 4148 1607 4218 Si
1642 4149 1821 4219 enim
1856 4149 2079 4238 vellet,
2110 4148 2331 4237 fieret3
2361 4150 2521 4241 quia
2556 4150 2886 4219 voluntati
2913 4148 3055 4242 ejus
3080 4147 3251 4218 nihil
3276 4172 3376 4218 re·

250 4258 434 4330 sistere
460 4274 675 4354 potest.
708 4291 743 4332 >2

566 4535 980 4606 EXPOSITIO
1021 4535 1347 4603 TEXTus,
1840 4520 2059 4599 randi3
2105 4519 2248 4585 ideo
2281 4517 2425 4583 haec
2464 4537 2614 4601 pars
2652 4528 2776 4584 tres
2809 4521 3090 4585 continet
3134 4524 3371 4603 parteS,

1841 4626 1975 4691 sive
2002 4629 2132 4690 tres
2167 4626 2618 4691 distinctiones.
2650 4625 2726 4690 In
2759 4628 2967 4709 prima
3001 4628 3378 4694 determinat

1842 4730 2144 4814 Magister
2162 4732 2240 4797 de
2262 4733 2543 4815 potentia
2561 4734 2632 4796 in
2652 4734 3119 4816 comparatione
3139 4734 3218 4797 ad
3240 4751 3378 4817 pos·

320 4835 502 4922 Supra
538 4844 663 4926 egit
705 4843 1009 4925 Magister
1055 4842 1132 4906 de
1178 4843 1434 4907 scientia
1477 4844 1729 4923 divina;
1843 4841 2051 4905 sibilia
2074 4859 2222 4924 quae
2248 4845 2472 4924 potest.
2503 4841 2576 4905 In
2600 4843 2877 4906 secunda
2902 4841 3275 4906 determinat
3298 4843 3375 4906 de

254 4939 339 5006 hic
357 4947 480 5027 agit
503 4949 576 5014 de
611 4950 908 5031 potentia.
939 4947 1020 5012 Et
1048 4948 1201 5031 quia
1239 4951 1588 5032 potentiam
1615 4952 1734 5015 tri·
1843 4949 2125 5032 potentia
2142 4952 2456 5032 quantum
2477 4949 2558 5012 ad
2580 4950 3019 5030 quantitatem,
3041 4950 3376 5014 ostendens

256 5047 465 5128 pliciter
490 5057 783 5138 contingit
815 5056 1234 5136 considerari,
1271 5058 1504 5123 scilicet
1530 5078 1735 5142 quan-
1844 5059 1984 5139 ejus
2017 5057 2546 5136 immensitatem,
2584 5056 2778 5136 infra,
2818 5058 2961 5122 dist.
2992 5071 3146 5121 nm
3177 5077 3194 5122 ε
3224 5059 3379 5131 Qui-

260 5158 374 5221 tum
390 5161 462 5224 ad
481 5164 876 5244 quidditatem
897 5163 1313 5245 possibilium,
1341 5169 1404 5229 et
1423 5172 1737 5249 quantum
1845 5164 2000 5230 dam
2025 5171 2241 5232 tamen
2263 5164 2342 5232 de
2362 5180 2477 5231 suo
2500 5181 2690 5232 sensu
2709 5165 3074 5248 aloriantes.
3102 5164 3175 5229 In
3197 5166 3380 5230 tertia

262 5262 325 5326 ad
347 5269 730 5347 quantitatem
745 5319 762 5348 ‚
787 5274 851 5335 et
871 5274 1185 5353 quantum
1207 5272 1282 5336 ad
1307 5274 1575 5337 modum
1595 5292 1739 5358 ope-
1847 5273 2224 5337 determinat
2273 5273 2351 5338 de
2396 5273 2535 5357 ipsa
2580 5276 2896 5356 quantum
2941 5273 3023 5337 ad
3067 5273 3334 5337 modum
3354 5320 3374 5352 ,

316 5388 510 5457 mitat„
530 5393 586 5444 ae
609 5396 809 5457 rnna„
846 5394 935 5447 ub.
960 5395 1182 5460 lxma
1197 5397 1334 5450 med.
1846 5381 2048 5460 intra,
2082 5380 2226 5445 dist.
2268 5397 2419 5458 my
2451 5400 2467 5443 ε
2496 5379 2681 5445 Nunc
2719 5377 2891 5446 illud
2922 5384 3117 5447 restat
3158 5377 3378 5446 discu-

406 4693 536 4745 Nunc
559 4696 620 4747 de
644 4694 1021 4761 omnipotentia
1045 4694 1142 4746 Dei
1168 4696 1424 4762 agendum
1455 4700 1549 4748 est.
3431 4676 3609 4722 Divisio·
