4125 6225
1614 414 1992 497 ms‘rmc‘r.
2028 405 2137 498 x1.
3309 436 3427 497 503

255 570 432 640 tione
458 572 663 665 hujus
706 571 1000 663 mysterii
1026 570 1474 663 profecerunt,
1525 568 1621 637 ita
1658 566 1885 636 dicunt
1920 566 2128 636 cosin
2155 566 2411 636 deitatis
2446 566 2819 657 cognitione
2849 567 3184 659 proficere.
3234 566 3428 650 Quod

254 667 475 757 autem
502 689 573 757 in
600 687 982 782 hujusmodi
1012 686 1307 780 mysterii
1329 684 1700 775 cognitione
1730 683 2504 776 profecerint,·evidenter
2530 683 2714 752 docet
2748 684 3102 775 Apostolus
3119 682 3340 753 dicens
3364 684 3420 754 ¹:

261 806 422 889 Quae
449 805 539 874 sit
565 804 966 896 dispensatio
995 800 1403 873 sacramenti
1438 799 1808 871 absconditi
1834 824 1878 869 a
1905 800 2162 870 soeculis
2190 799 2264 868 in
2289 803 2421 871 Deo
2442 854 2461 883 ‚
2494 812 2571 869 ut
2597 801 2970 869 innotescat
2994 775 3426 893 multiformis

253 921 585 1014 sapientia
615 921 738 989 Dei
754 944 876 1013 per
902 920 1266 989 Ecclesiam
1306 918 1725 1010 Principibus
1754 929 1817 986 et
1842 916 2282 988 Potestatibus
2319 915 2390 984 in
2424 916 2806 986 caelestibus.
2840 916 3056 1009 Super
3097 940 3293 1009 quem
3329 918 3430 987 lo-

254 1060 406 1106 cum
437 1036 591 1105 dicit
615 1036 1064 1126 Hieronymus
1084 1042 1108 1076 ¹
1139 1060 1154 1102 :
1188 1062 1223 1101 α
1251 1034 1597 1124 Angelicas
1616 1034 1966 1124 dignitates
1993 1034 2340 1126 praefatum
2369 1034 2753 1125 mysterium
2780 1033 2863 1102 ad
2892 1057 3136 1127 purum
3164 1056 3299 1103 non
3325 1034 3428 1102 in-

254 1153 579 1222 tellexisse
598 1205 615 1238 ‚
647 1152 853 1221 donec
877 1152 1198 1243 completa
1224 1159 1319 1220 est
1343 1151 1555 1243 passio
1589 1151 1833 1220 Christi
1848 1203 1867 1239 ,
1901 1158 1966 1219 et
2003 1149 2449 1242 apostolorum
2477 1150 2846 1242 praedicatio
2871 1173 2989 1243 per
3012 1159 3238 1241 gentes
3262 1150 3429 1219 dila-

251 1276 408 1338 tata.
441 1297 476 1336 >2

339 1386 462 1455 His
489 1393 708 1455 autem
736 1385 1000 1455 videtur
1033 1384 1470 1455 contradicere
1507 1383 1947 1474 Augustinus,
1986 1405 2185 1481 super
2211 1382 2517 1452 eumdem
2542 1384 2763 1453 locum
2789 1382 3097 1476 Epistolae
3131 1383 3350 1453 dicens
3376 1385 3421 1454 ⁸:
3495 1462 3505 1475 ‚
3543 1400 3667 1452 Quod

262 1528 295 1569 α
322 1501 472 1571 Non
498 1502 695 1571 latuit
718 1502 988 1591 angelos
1015 1501 1399 1593 mysterium
1431 1500 1621 1591 regni
1647 1500 1962 1570 coelorum
1986 1552 2003 1585 ‚
2034 1499 2213 1591 quod
2232 1508 2603 1592 opportuno
2633 1511 2922 1591 tempore
2951 1501 3315 1569 revelatum
3333 1508 3429 1569 est
3457 1465 3665 1571 εζξιὲιῗῗῑι

252 1642 372 1711 pro
419 1618 629 1687 salute
673 1626 917 1687 nostra.
962 1644 997 1684 w
1034 1617 1179 1686 Illis
1217 1639 1374 1707 ergo
1412 1640 1450 1685 a
1494 1616 1748 1686 saeculis
1786 1615 2079 1685 innotuit
2117 1623 2755 1708 supramemoratum
2799 1616 3228 1709 mysterium;
3269 1618 3428 1709 quia
3459 1596 3660 1716 12}ssssss

252 1735 468 1804 omnis
495 1741 792 1802 creatura
818 1756 949 1802 non
980 1740 1131 1802 ante
1173 1734 1408 1802 saecula
1430 1786 1449 1819 ,
1483 1733 1593 1802 sed
1624 1755 1663 1800 a
1685 1732 1939 1802 saeculis
1966 1740 2083 1801 est.
2116 1733 2399 1801 Attende
2423 1784 2442 1818 ,
2471 1732 2710 1819 lector,
2756 1733 2917 1826 quia
2962 1733 3273 1803 videntur
3297 1733 3428 1801 dis-
3471 1724 3649 1796 ”⁰⁸⁸⁶ss

3483 1797 3644 1830 vemt!

252 1852 496 1920 sentire
526 1850 597 1918 in
625 1849 746 1918 hac
771 1848 1092 1918 sententia
1116 1848 1404 1917 illustres
1432 1849 1765 1935 Doctores,
1792 1848 2073 1940 ideoque
2091 1902 2108 1934 ,
2141 1856 2218 1916 ut
2244 1848 2459 1916 omnis
2485 1848 2920 1941 repugnantia
2953 1849 3034 1918 de
3064 1848 3282 1918 medio
3305 1849 3428 1917 tol-
3458 1847 3670 1905 ¹³¹0f⁰¹¹¹·

250 1968 455 2052 latur,
485 1966 791 2058 praedicta
811 1966 1036 2051 verba,
1064 1956 1455 2033 Haimonem
1485 1971 1852 2057 sequentes,
1882 1965 1975 2032 ita
1993 1964 2536 2049 determinemuS,
2569 1971 2645 2032 ut
2670 1964 2808 2032 illis
2831 1964 3083 2055 angelis
3101 2017 3120 2051 ,
3145 1952 3270 2057 'qui
3292 1988 3428 2034 ma·
3513 1924 3600 1958 mo.

244 2084 410 2176 joris
439 2083 775 2174 diguitatis
812 2090 1010 2167 sunt,
1041 2091 1105 2150 et
1132 2105 1247 2174 per
1275 2104 1564 2174 quorum
1603 2081 2039 2150 ministerium
2072 2081 2189 2149 illa
2214 2081 2519 2149 nuntiata
2544 2087 2700 2148 sunt
2723 2133 2741 2168 ,
2785 2102 2867 2148 ex
2893 2090 3075 2172 parte
3101 2081 3362 2171 cognita
3390 2104 3430 2149 a

252 2201 508 2271 saeculis
533 2199 734 2270 fuisse
755 2252 772 2284 ,
804 2207 1030 2291 utpote
1057 2197 1496 2267 familiaribus
1522 2204 1587 2265 et
1612 2196 1902 2283 nuntiis;
1935 2197 2071 2265 illis
2099 2220 2280 2284 vero,
2303 2197 2419 2290 qui
2455 2195 2728 2279 minoris
2754 2197 3092 2288 dignitatis
3118 2206 3297 2287 sunt,
3327 2199 3431 2267 in-

252 2316 514 2407 cognita
550 2316 834 2384 extitisse
873 2315 1165 2384 dicamus
1187 2366 1204 2397 ,
1246 2334 1592 2406 usquequo
1635 2313 1905 2404 impleta
1929 2322 2175 2382 suntet
2204 2336 2322 2406 per
2359 2313 2713 2382 Ecclesiam
2753 2314 3098 2406 praedicata
3130 2339 3146 2383 ε
3178 2323 3243 2383 et
3270 2323 3429 2384 tunc

252 2433 335 2502 ab
363 2433 672 2502 omnibus
699 2432 950 2522 angelis
977 2432 1255 2524 perfecte
1282 2431 1554 2500 fuerunt
1579 2432 1863 2521 cognita.
1895 2430 2161 2501 Constat
2184 2431 2408 2524 itaque
2427 2453 2652 2500 omnes
2678 2431 2947 2522 angelos
2964 2431 3036 2500 in
3060 2431 3430 2521 cognitione

248 2549 631 2618 divinorum
685 2548 1147 2640 mysteriorum
1200 2547 1562 2617 secuudum
1612 2569 1986 2639 processum
2014 2548 2326 2639 temporis
2376 2547 2741 2639 profecisse.
2800 2548 2983 2618 Unde
3019 2570 3156 2621 non
3202 2549 3428 2618 incon-

251 2672 566 2755 gruenter
593 2664 716 2756 ipsi
744 2664 943 2733 iidem
969 2664 1200 2733 dicunt
1238 2664 1627 2754 angelorum
1655 2664 1987 2733 scientiam
2017 2687 2093 2733 ac
2118 2663 2590 2733 beatitudinem
2632 2667 2862 2754 augeri
2898 2688 3109 2757 usque
3137 2666 3219 2734 ad
3247 2665 3426 2735 futu-

253 2805 393 2851 ram
422 2783 1083 2867 consummationem,
1116 2783 1382 2874 quando
1418 2781 1489 2849 in
1516 2781 1782 2850 scientia
1807 2804 1882 2849 ac
1905 2780 2313 2850 beatitudine
2338 2781 2434 2849 ita
2456 2779 2908 2872 perfectissimi
2937 2789 3164 2869 erunt,
3195 2788 3272 2850 ut
3306 2802 3426 2850 nec

254 2908 579 2990 augeatur
611 2900 937 2992 amplius,
967 2922 1087 2968 nec
1113 2899 1476 2968 minuatur.

336 3017 474 3085 Alii
515 3024 736 3085 autem
782 3016 1012 3085 dicunt
1054 3016 1321 3105 angelos
1363 3015 1435 3082 in
1480 3014 1978 3083 confirmatione
2030 3021 2211 3082 tanta
2254 3013 2514 3082 deitatis
2566 3012 2909 3082 dilectione
2950 3020 3149 3104 atque
3189 3014 3425 3083 notitia
3454 3057 3650 3104 „imm

247 3135 449 3204 fuisse
503 3134 846 3225 praeditos,
886 3133 1060 3202 utin
1100 3132 1202 3201 his
1234 3131 1512 3200 ulterius
1553 3153 1687 3199 non
1734 3131 2163 3222 profecerint,
2213 3152 2334 3198 nec
2377 3130 2729 3223 profecturi
2784 3130 2961 3198 sin't:
3006 3130 3422 3222 profecerunt
3476 3123 3633 3239 {22¹2ss

248 3261 466 3321 tamen
504 3251 576 3319 in
616 3250 883 3318 scientia
918 3271 1140 3318 rerum
1187 3248 1586 3318 exteriorum
1609 3303 1627 3336 ,
1675 3249 1843 3317 sicut
1870 3248 1942 3317 in
1968 3248 2345 3337 cognitione
2384 3248 2768 3317 sacramenti
2805 3247 3268 3317 incarnationis
3290 3303 3308 3336 ,
3357 3256 3422 3317 et
3461 3255 3649 3298 ⁰⁰⁰⁸&-

3462 3313 3583 3368 gelos
3602 3319 3646 3361 in

247 3367 629 3460 hujusmodi
652 3419 670 3452 ,
706 3366 813 3434 sed
849 3388 981 3434 non
1009 3366 1080 3433 in
1107 3365 1653 3456 contemplatione
1685 3365 1940 3434 deitatis
1974 3390 1989 3433 :
2023 3365 2180 3457 quia
2206 3364 2597 3434 Trinitatem
2621 3365 2692 3433 in
2720 3365 2968 3434 unitate
2993 3418 3011 3451 ,
3042 3373 3240 3457 atque
3270 3366 3420 3434 uni·
3467 3376 3641 3484 affin-

245 3494 445 3555 tatem
481 3484 552 3552 in
580 3483 896 3551 Trinitate
924 3503 1059 3550 non
1096 3482 1356 3572 plenius
1380 3480 1764 3571 intelligunt
1793 3482 1929 3549 sive
1974 3482 2370 3551 intellecturi
2418 3491 2605 3566 sunt,
2638 3503 2839 3572 quam
2868 3481 2950 3549 ab
2992 3481 3132 3574 ipsa
3166 3481 3419 3550 confir-
3465 3501 3643 3607 gmo-

244 3601 531 3670 matione
559 3605 1005 3690 perceperunt.
1046 3598 1143 3665 Ita
1170 3597 1367 3665 etiam
1411 3597 1636 3665 dicunt
1665 3620 1773 3667 eos
1801 3597 1872 3665 in
1902 3597 2212 3666 charitate
2261 3620 2392 3666 non
2425 3597 2767 3689 profecisse
2797 3605 2941 3688 post
2979 3598 3422 3667 confirmatio·
3448 3635 3533 3667 non
3558 3640 3659 3682 pro-

245 3741 395 3786 nem
420 3770 437 3802 ,
469 3717 628 3809 quia
653 3738 881 3784 eorum
908 3715 1186 3783 charitas
1224 3723 1445 3806 postea
1478 3737 1611 3783 non
1640 3722 1734 3782 est
1767 3722 1957 3782 aucta
1990 3738 2004 3781 ε
2031 3721 2094 3780 et
2120 3714 2215 3781 sic
2250 3713 2479 3782 dicunt
2506 3735 2616 3781 eos
2644 3737 2778 3783 non
2807 3713 3153 3805 profecisse
3181 3715 3252 3782 in
3288 3696 3422 3782 me·
3476 3689 3622 3800 Ἓξ

242 3834 416 3920 ritis,
447 3833 559 3910 sed
593 3832 714 3901 hoc
749 3840 1072 3924 quantum
1098 3829 1181 3899 ad
1207 3831 1346 3900 vim
1376 3830 1700 3916 merendi,
1736 3852 1872 3898 non
1901 3840 2232 3922 quantum
2260 3830 2341 3899 ad
2372 3851 2734 3898 numerum
2768 3830 3178 3900 meritorum.
3215 3830 3421 3900 Plura

241 3950 421 4018 enim
448 3949 621 4017 bona
646 3948 939 4016 feceruut
966 3955 1186 4040 postea
1208 4001 1227 4034 ,
1258 3970 1408 4040 quae
1435 3955 1593 4015 tunc
1616 3970 1751 4016 non
1778 3947 2101 4033 fecerant3
2135 3947 2245 4016 sed
2271 3970 2499 4016 eorum
2528 3947 2814 4016 charitas
2844 3970 2927 4017 ex
2956 3971 3091 4040 qua
3117 3948 3234 4016 illa
3269 3970 3421 4040 pro-

240 4072 598 4150 cesserunt,
627 4087 758 4133 non
776 4072 872 4132 est
890 4073 1081 4132 aucta
1103 4088 1119 4132 ε
1145 4087 1225 4133 ex
1246 4086 1379 4155 qua
1395 4071 1652 4132 tantum
1678 4072 2083 4149 meruerunt,
2113 4072 2467 4156 antequam
2492 4065 2617 4132 ista
2642 4063 3062 4149 adderentur,
3093 4071 3421 4157 quantum

242 4190 466 4274 postea
502 4181 605 4250 his
641 4180 928 4273 adjectis,
968 4180 1143 4249 Illud
1183 4203 1339 4249 vero
1372 4181 1551 4273 quod
1586 4180 1699 4248 alii
1742 4181 2043 4272 superius
2088 4179 2350 4265 dicunt,
2399 4179 2807 4272 probabilius
2846 4179 3136 4266 videtur,
3181 4180 3424 4250 scilicet

244 4298 421 4390 quod
451 4298 670 4387 angeli
697 4319 904 4389 usque
931 4296 1011 4364 ad
1032 4295 1361 4388 judicium
1389 4296 1459 4364 in
1486 4296 1753 4364 scientia
1783 4304 1846 4364 et
1866 4296 2012 4364 aliis
2040 4295 2411 4387 proficiant.

330 4415 591 4498 Quibus
626 4422 845 4483 tamen
872 4412 1182 4482 videntur
1207 4413 1473 4482 obviare
1508 4412 1949 4504 quorumdam
1976 4412 2441 4481 auctoritatum
2469 4412 2688 4481 verba.
2728 4412 2843 4480 Ait
2871 4412 3048 4481 enim
3087 4412 3377 4481 Isidorus
3396 4465 3415 4501 ,
3460 4460 3660 4512 Quadam

245 4530 327 4600 de
348 4533 624 4600 Sammo
651 4533 833 4598 Bono
860 4534 924 4597 ⁸.-
956 4555 991 4594 α
1019 4530 1254 4619 Angeli
1280 4530 1353 4597 in
1370 4530 1592 4600 Verbo
1611 4528 1729 4597 Dei
1749 4528 1970 4598 omnia
1988 4530 2205 4597 sciunt
2228 4536 2584 4622 antequam
2615 4530 2777 4598 fiant
2791 4556 2810 4616 ;
2829 4556 2864 4596 »
2882 4529 2994 4599 sed
3022 4551 3142 4598 nec
3160 4551 3413 4617 omnes,
3453 4524 3656 4629 ⁸¹:222·

245 4671 366 4718 nec
406 4647 630 4717 omnia
665 4646 943 4739 perfecte
983 4646 1251 4736 angelos
1290 4646 1452 4714 scire
1480 4645 1688 4733 dixit,
1726 4654 1789 4713 et
1814 4645 1962 4715 ideo
1988 4666 2098 4715 eos
2137 4646 2210 4714 in
2250 4647 2517 4715 scientia
2565 4647 2877 4738 proficere
2926 4670 3061 4716 non
3104 4645 3410 4715 removit.
3464 4648 3637 4758 55:22

246 4763 603 4854 Gregorius
627 4762 717 4832 ait
743 4772 765 4806 ⁸
796 4788 812 4829 ε
855 4761 1090 4845 «Quid
1118 4772 1212 4831 est
1238 4761 1533 4854 quodibi
1564 4763 1873 4851 nesciant,
1906 4762 2022 4830 ubi
2044 4762 2354 4832 scientem
2384 4763 2605 4833 omnia
2631 4764 2896 4833 sciunt?
2925 4790 2958 4830 »
3008 4763 3126 4833 ubi
3153 4763 3416 4831 videtur
3448 4776 3659 4880 'pn-qma-

248 4882 460 4951 dicere
493 4880 670 4972 quod
698 4882 920 4949 onmia
944 4880 1149 4948 sciant
1176 4879 1394 4970 angeli
1413 4932 1431 4966 ,
1461 4890 1526 4947 et
1551 4879 1719 4947 nihil
1749 4879 1833 4948 sit
1859 4878 2037 4971 quod
2068 4879 2382 4948 nesciant.
2422 4878 2550 4947 Sed
2579 4879 3029 4970 accipiendum
3058 4889 3154 4948 est
3181 4878 3305 4947 hoc
3330 4877 3417 4946 de
3448 4850 3662 4945 ‘mam

249 4998 388 5087 his,
421 5019 709 5090 quorum
735 4996 1021 5085 cognitio
1045 4998 1313 5065 beatum
1339 4995 1492 5064 facit
1516 4995 1942 5083 cognitorem,
1974 5003 2050 5063 ut
2073 5004 2227 5064 sunt
2256 5018 2333 5064 ea
2366 5018 2517 5088 quae
2546 4995 2628 5064 ad
2656 4995 3044 5088 mysterium
3070 4994 3414 5064 Trinitatis

252 5123 316 5184 et
341 5113 618 5184 unitatis
644 5113 993 5206 pertinent.

315 5339 334 5376 ¹
353 5337 561 5404 Ephes„
583 5323 676 5401 111,
691 5341 826 5391 9-10.
864 5365 920 5376 -
952 5340 977 5374 ²
1011 5338 1244 5403 Hieron„
1271 5339 1326 5389 in
1358 5337 1626 5403 Explanat.
1653 5351 1766 5401 cap.
1792 5347 1854 5388 111
1881 5335 1953 5387 acl
1975 5336 2158 5402 Ephes.
2186 5362 2250 5376 —
2272 5335 2295 5374 ⁸
2330 5341 2481 5404 Aug„
2525 5335 2586 5388 de
2613 5336 2735 5388 Gen.
2767 5335 2838 5387 ad
2858 5334 3000 5402 stin„
3027 5334 3117 5390 lib.
3139 5337 3207 5402 V,
3239 5350 3285 5389 c.
3307 5350 3419 5405 xlx,

256 5424 310 5463 n.
332 5412 481 5465 38.—
499 5408 680 5474 ⁸laid„
706 5408 770 5460 de
794 5409 998 5463 smum
1022 5410 1176 5473 Bono,
1201 5409 1291 5461 tib.
1315 5410 1358 5472 1,
1385 5422 1431 5463 c.
1451 5409 1650 5462 ιιι-ὕ
1664 5410 1840 5472 Greg„
1863 5405 2049 5461 Mor-al.
2075 5406 2165 5458 lib.
2185 5408 2252 5471 11,
2281 5422 2327 5461 c.
2353 5420 2417 5460 11.
3023 5431 3030 5444 ·
