4125 6225
770 387 889 448 118
1895 381 2522 449 SENTENTIARUM
2568 383 2718 450 LIB.
2765 384 2814 448 1.

766 519 838 582 in
864 518 991 584 Deo
1027 517 1340 583 rationem
1368 519 1718 599 motivam3
1753 520 1817 582 et
1848 517 2020 600 quod
2051 517 2170 597 sio,
2200 517 2300 583 vi·-

768 625 956 693 detur
993 642 1106 706 per
1132 643 1461 689 canonem.
1495 623 1664 688 Dixit
1705 623 2048 688 Dominus¹
2082 643 2099 687 ε
2131 624 2304 690 Num

768 732 963 798 celare
986 738 1202 814 potero
1231 730 1551 796 Abraham
1590 730 1761 815 quod
1788 738 2083 814 qesturus
2120 748 2298 811 sum,

768 856 914 905 cum
938 841 1198 919 futurus
1221 841 1310 906 sit
1335 842 1413 906 in
1436 846 1678 922 qentem
1705 857 2025 923 inaquam,
2055 846 2115 906 et
2138 856 2303 923 prae-

767 951 1066 1030 cepturus
1112 946 1335 1012 domui
1381 962 1515 1011 suoe
1561 953 1632 1013 uc
1682 945 2001 1012 custodiat
2038 953 2304 1028 pactum

768 1055 1030 1121 meum?
1073 1052 1379 1118 Dominus
1419 1071 1575 1134 ergo
1613 1053 1817 1118 voluit
1860 1053 2144 1117 revelare
2184 1054 2303 1137 ipsi

771 1160 1046 1241 Abrahae
1080 1163 1338 1245 propter
1378 1161 1940 1225 considerationem
1984 1161 2300 1225 bonorum

768 1269 1135 1333 futurorum
1169 1292 1184 1334 ι
1216 1287 1372 1350 ergo
1404 1286 1554 1333 cum
1584 1268 1692 1332 illa
1714 1268 1794 1332 ab
1820 1270 2059 1332 aeterno
2086 1268 2304 1351 provi—

769 1377 932 1452 deat,
955 1376 1093 1459 pari
1112 1377 1351 1441 ratione
1379 1376 1782 1458 praedestinat
1799 1394 1879 1440 ex
1905 1374 2306 1459 praescientia

766 1484 1085 1548 bonorum
1109 1484 1497 1547 futurorum.

848 1590 1010 1655 Item
1039 1590 1411 1654 Ambrosius
1447 1607 1633 1672 super
1658 1590 2018 1672 Epistolam
2053 1588 2144 1654 ad
2174 1589 2304 1655 Ro-

769 1698 1033 1764 manos*
1053 1717 1076 1760 .-
1123 1722 1154 1759 a
1192 1696 1359 1762 Dabo
1404 1699 1676 1780 gratiam
1724 1699 1784 1760 ei
1824 1715 2018 1780 quem
2059 1697 2303 1761 scivero

767 1810 901 1870 toto
923 1806 1109 1871 corde
1127 1805 1204 1869 ad
1232 1824 1332 1869 me
1352 1811 1489 1888 post
1507 1822 1788 1869 errorem
1807 1822 2241 1884 reversurum3
2260 1825 2293 1868 n

769 1913 1052 1995 loquitur
1069 1913 1136 1975 in
1156 1930 1423 1995 persona
1439 1911 1692 1975 Domini
1717 1934 1731 1976 :
1757 1931 1915 1994 ergo
1928 1912 2089 1975 ratio
2103 1930 2302 1994 quare

770 2019 1079 2086 Dominus
1121 2020 1419 2103 proponit
1462 2019 1612 2084 dare
1649 2020 1921 2101 gratiam
1949 2068 1966 2096 ‚
2007 2024 2101 2083 est
2149 2019 2305 2105 quia

769 2127 1024 2210 aliquod
1051 2128 1340 2193 futurum
1364 2127 1656 2210 praevidit
1682 2128 1752 2192 in
1780 2127 2060 2193 homine.

851 2235 1010 2299 Item
1050 2236 1292 2299 ratione
1323 2235 1709 2316 ostenditur,
1736 2237 1887 2319 quia
1929 2236 2140 2301 omnis
2186 2252 2302 2300 vo-

769 2345 1012 2415 luntas,
1042 2361 1118 2406 eo
1149 2343 1286 2426 ipso
1323 2346 1494 2426 quod
1524 2346 1821 2410 voluntas
1840 2394 1856 2422 ‚
1888 2348 1981 2409 est
2014 2344 2302 2409 rationa-

768 2452 847 2517 lis
879 2471 895 2514 ε
930 2468 1088 2532 ergo
1118 2450 1171 2511 si
1214 2449 1337 2514 hoc
1372 2452 1773 2533 perfectionis
1815 2455 1911 2516 est
1949 2451 2014 2513 in
2062 2449 2302 2514 volun-

769 2562 919 2631 tate;
946 2557 1118 2639 quod
1146 2563 1230 2626 sit
1254 2581 1336 2626 ex
1363 2561 1630 2636 ratione,
1660 2557 1782 2623 hoc
1811 2556 2089 2620 maxime
2118 2574 2303 2639 repe-

770 2671 935 2735 ritur
971 2671 1042 2735 in
1079 2671 1408 2736 voluntate
1450 2669 1710 2733 divina:
1749 2685 1905 2749 ergo
1942 2684 2090 2730 cum
2134 2682 2304 2747 prae-

772 2777 1101 2842 destinatio
1127 2778 1291 2842 dicat
1311 2776 1604 2841 divinum
1629 2774 2045 2858 propositum,
2076 2774 2197 2838 erit
2221 2790 2304 2836 ex

767 2887 1032 2953 ratione.

850 2993 1010 3059 Item
1033 2997 1244 3060 omnis
1263 2995 1576 3078 sapienter
1601 2993 1844 3076 eligens
1869 2989 2051 3073 eligit
2069 2989 2208 3055 illos
2234 2989 2302 3053 in

770 3102 1041 3168 famulos
1063 3152 1080 3183 ,
1123 3104 1193 3167 in
1238 3102 1473 3186 quibus
1516 3101 1688 3166 videt
1743 3100 2034 3166 meliores
2091 3116 2304 3163 mores

771 3212 1153 3294 presterum,
1184 3214 1247 3276 et
1279 3210 1568 3275 similiter
1591 3228 1754 3293 quos
1781 3208 1962 3273 novit
1991 3207 2304 3271 fideliores

769 3317 999 3396 fuisse3
1031 3322 1095 3382 et
1119 3319 1169 3380 si
1200 3320 1404 3400 posset
1429 3317 1644 3382 futura
1672 3333 2077 3396 cognoscere,
2100 3312 2305 3377 multo

769 3425 997 3487 fortius
1026 3425 1326 3507 eligeret,
1364 3428 1427 3488 et
1452 3426 1818 3506 respueret,
1846 3428 2103 3504 propter
2135 3439 2303 3504 prae-

770 3532 1081 3598 visionem
1111 3532 1428 3596 bonorum
1451 3531 1838 3605 futurorum,
1870 3532 1932 3592 et
1959 3530 2301 3607 malorum,

770 3657 970 3721 quam
1015 3639 1522 3721 praeteritorum:
1569 3637 1622 3701 si
1670 3655 1828 3718 ergo
1877 3635 2039 3700 Deus
2082 3639 2176 3699 est
2201 3654 2302 3698 sa-

769 3745 1163 3828 ptentissime
1194 3745 1435 3827 eligens
1454 3793 1473 3826 ‚
1504 3763 1660 3826 orgo
1690 3743 1998 3808 rationem
2025 3742 2303 3825 eligendi

771 3852 906 3916 sive
931 3854 1311 3936 reprobandi
1345 3853 1569 3938 accipit
1594 3872 1633 3918 a
1655 3851 2032 3937 praevisione
2053 3898 2072 3930 ,
2105 3853 2240 3914 sive
2267 3869 2305 3914 a

768 3961 1183 4043 praescientia.

850 4068 1010 4133 Item
1053 4071 1271 4134 nullus
1316 4071 1676 4154 sapientum
1707 4069 1951 4150 eligens
1993 4063 2307 4150 praeeliglt

771 4176 1033 4240 omnino
1049 4176 1414 4240 indistantia
1432 4196 1546 4241 seu
1557 4176 2000 4252 indifferentia,
2021 4173 2304 4237 maxime

770 4282 824 4347 si
850 4283 1045 4365 possit
1069 4283 1350 4365 accipere
1375 4283 1591 4348 omnia
1616 4300 1800 4364 aeque
1832 4298 2158 4362 congrue:
2192 4279 2301 4343 sed

769 4387 938 4452 Deus
991 4388 1247 4470 praefert
1301 4406 1512 4454 unum
1577 4389 1760 4454 alteri
1813 4389 1883 4452 in
1943 4389 2247 4454 electione
2282 4408 2300 4455 ε

769 4513 950 4577 ergO‚
980 4500 1098 4560 etc.

851 4601 1008 4665 Item
1031 4651 1050 4681 ‚
1081 4602 1132 4665 si
1162 4602 1459 4667 divinum
1502 4603 1929 4686 propositum,
1961 4606 2096 4668 sive
2137 4622 2304 4686 prae-

768 4710 1101 4775 destinatio
1123 4757 1140 4787 ,
1185 4709 1383 4773 solam
1418 4710 1681 4774 haberet
1710 4712 2022 4778 rationem
2059 4715 2295 4779 volun-

766 4820 962 4882 tatem
992 4816 1133 4897 Dei,
1169 4821 1231 4880 et
1259 4835 1388 4880 non
1415 4818 1605 4888 aliam
1628 4867 1644 4897 ,
1675 4824 1832 4883 tuno
1863 4839 2020 4901 ergo
2045 4822 2299 4886 videtur

766 4922 1041 5006 parcitas
1079 4923 1148 4986 in
1176 4924 1394 4988 divina
1421 4925 1747 4990 voluntate
1780 4948 1796 4991 ε
1826 4928 1877 4989 si
1909 4929 2083 4991 enim
2111 4928 2301 4993 vellet

768 5048 991 5094 omnes
1023 5030 1266 5096 salvare
1288 5079 1304 5109 ,
1337 5049 1560 5098 omnes
1595 5033 1995 5099 salvarentur
2016 5083 2034 5114 ‚
2064 5039 2128 5100 et
2173 5053 2302 5099 non

771 5144 865 5206 est
904 5139 1028 5204 alia
1060 5140 1223 5204 ratio
1263 5139 1386 5204 nisi
1412 5141 1566 5224 quia
1592 5159 1720 5212 non
1762 5143 1900 5211 vult
1931 5165 1949 5209 ε
1987 5163 2146 5226 orgo
2178 5163 2302 5212 vo-

835 5301 852 5332 *
869 5301 1063 5365 Genes„
1087 5314 1221 5353 xvm
1238 5341 1252 5365 ,
1282 5308 1357 5355 17.
1379 5331 1433 5342 --
1460 5306 1482 5337 ²
1499 5305 1591 5355 Vel
1617 5305 1786 5368 patius
1812 5306 1995 5356 Euseb.
2027 5308 2301 5373 Emissen„

767 5382 876 5432 sup.
905 5371 1070 5435 Epist.
1093 5373 1163 5423 ad
1185 5375 1342 5438 Itoni„
1372 5390 1416 5426 c.
1441 5388 1517 5427 11.
1537 5402 1599 5413 —
1628 5376 1652 5414 ⁸
1671 5377 1774 5426 Act.
1811 5379 2003 5441 Apost„
2040 5391 2075 5428 x
2092 5417 2108 5441 ,
2139 5383 2219 5431 24.
2241 5406 2299 5420 -·

2412 518 2629 584 luntas
2656 521 2802 603 ejus
2844 536 2976 585 non
3021 523 3116 583 est
3161 519 3637 600 liberaliffiima,
3665 538 3781 585 nee
3815 538 3927 604 op·

2409 625 2588 691 tima.

2491 732 2672 810 Item,
2707 734 2759 797 si
2787 752 2919 798 non
2952 737 3115 798 esset
3139 733 3262 797 alia
3294 733 3455 797 ratio
3481 751 3681 815 quam
3704 733 3928 798 volun·-

2410 842 2507 903 tas
2531 888 2550 919 ,
2591 857 2749 921 ergo
2795 859 2944 905 cum
2997 839 3163 904 Deus
3204 839 3597 922 reprobando
3648 840 3932 921 proponit

2411 944 2744 1026 damnare,
2777 946 2831 1010 si
2875 948 3011 1011 sine
3042 947 3221 1010 omni
3260 947 3504 1011 ratione
3542 945 3680 1009 sola
3706 945 3929 1010 volun-

2410 1060 2538 1121 tate
2571 1058 2759 1122 vellet
2793 1058 3097 1122 damnare
3133 1058 3412 1142 aliquem
3431 1106 3448 1137 ,
3482 1077 3642 1140 ergo
3690 1057 3934 1122 videtur

2412 1165 2881 1230 crudelissimus
2896 1215 2915 1247 ,
2939 1184 3018 1231 eo
3048 1166 3219 1248 quod
3262 1166 3506 1230 fecisset
3541 1165 3836 1230 homines
3858 1164 3933 1229 ad

2411 1272 2817 1354 supplicium.

2491 1377 2671 1458 Item,
2701 1380 2754 1442 si
2772 1380 2906 1444 sola
2930 1380 3255 1444 voluntate
3280 1379 3726 1462 praedestinat,
3754 1383 3815 1443 et
3838 1397 3937 1442 re-

2412 1485 2637 1568 probat
2658 1534 2675 1562 ‚
2732 1505 2864 1550 non
2925 1488 3317 1570 praecognita
3355 1486 3601 1549 ratione
3625 1534 3644 1565 ,
3697 1484 3939 1551 videtur

2412 1610 2568 1673 ergo
2609 1596 2958 1659 secundum
2994 1595 3166 1677 quod
3206 1595 3285 1657 sit
3314 1598 3606 1677 acceptor
3648 1610 3935 1675 persona-

2411 1717 2559 1766 rum
2585 1720 2601 1765 z
2632 1701 2801 1784 quod
2838 1706 2934 1765 est
2964 1707 3181 1767 contra
3219 1700 3373 1766 illud
3416 1700 3587 1783 quod
3619 1699 3930 1764 dicitur⁸x

2409 1807 2488 1872 In
2517 1810 2786 1877 veritate
2819 1811 3095 1891 comperi
3137 1807 3306 1891 quod
3347 1824 3481 1873 non
3523 1809 3617 1874 est
3659 1810 3938 1885 acceptor

2404 1930 2823 1995 personarum
2844 1916 3033 1982 Deus.

2491 2020 2613 2086 Sed
2660 2027 2925 2088 contra:
2973 2030 3003 2087 1
3049 2024 3092 2087 ⁸.
3119 2022 3487 2100 Miserebor,
3531 2022 3647 2087 cui
3688 2023 3935 2085 misere-
3966 2056 4020 2097 Ad
4046 2067 4084 2109 0„

2411 2127 2543 2206 bor,
2584 2134 2641 2195 et
2687 2130 2951 2197 clemens
3003 2147 3106 2197 ero
3162 2146 3348 2212 super
3400 2146 3588 2212 quem
3632 2127 3937 2211 placuerit

2411 2235 2597 2303 mihi.
2630 2235 2800 2317 Ergo
2828 2238 2989 2303 ratio
3026 2237 3233 2320 prima
3258 2241 3322 2301 et
3348 2236 3681 2320 potissima
3714 2235 3937 2299 divinae

2411 2343 2859 2409 misericordiae
2914 2351 2978 2409 et
3026 2345 3598 2428 praedestinationis
3620 2393 3638 2424 ‚
3691 2346 3788 2408 est
3838 2342 3937 2408 Dei

2410 2450 2873 2533 beneplacitum
2897 2459 2961 2516 et
2991 2455 3305 2517 voluntas·

2490 2561 2551 2623 2.
2582 2558 2771 2639 Item,
2799 2560 2868 2623 in
2910 2561 3211 2628 Matthoeo
3246 2561 3438 2625 dicit·
3463 2559 3668 2623 Filius
3697 2580 3714 2622 ε
3751 2559 3937 2623 Reve-

2409 2660 2565 2729 lasti
2589 2681 2662 2731 ea
2697 2666 3026 2746 parvulis,
3069 2676 3128 2733 ec
3157 2666 3549 2733 abscondisti
3592 2665 3727 2731 hoec
3769 2681 3810 2729 a
3836 2680 3941 2729 sa-

2404 2771 2728 2853 patentibus
2756 2794 2781 2835 .·
2818 2775 2955 2852 ita,
2988 2775 3200 2851 Pater,
3238 2776 3540 2857 quoniam
3592 2775 3692 2840 sic
3736 2773 3937 2855 placi-

2412 2886 2547 2948 tum
2584 2884 2719 2964 fuit
2745 2892 2895 2952 ante
2923 2892 3001 2951 te.
3033 2885 3204 2966 Ergo
3242 2886 3295 2949 si
3326 2885 3526 2948 Filius
3553 2882 3763 2949 reddit
3784 2882 3935 2965 opti·

2412 3008 2586 3054 mam
2618 2992 2963 3073 ratIonem,
2998 2992 3208 3057 solum
3241 2991 3539 3057 divinum
3587 2989 3937 3074 beneplaci-

2412 3099 2551 3162 tum
2579 3103 2673 3162 est
2697 3099 2881 3165 ratio,
3641 3163 3647 3172 .

2493 3208 2553 3271 3.
2595 3205 2752 3271 Item
2789 3207 3128 3290 Apostolus
3173 3225 3367 3289 super
3417 3207 3536 3272 hac
3594 3205 3940 3290 quaestione

2412 3311 2561 3376 dicit
2577 3313 2599 3348 ⁶
2627 3314 2998 3397 :Numquid
3025 3332 3155 3381 uon
3181 3315 3369 3381 habet
3399 3315 3642 3397 fiqulus
3666 3320 3939 3398 potesla-

2413 3424 2537 3485 zem
2592 3419 2672 3486 de
2720 3421 2934 3487 eadem
2990 3439 3208 3489 massa
3253 3424 3454 3502 facere
3504 3423 3645 3487 alia
3694 3418 3941 3504 quidem

2412 3543 2572 3595 vasa
2606 3531 2680 3594 in
2721 3528 3046 3611 honorem,
3076 3530 3214 3596 alia
3248 3533 3325 3595 in
3362 3529 3854 3595 contumeliam?
3879 3524 3939 3590 Si

2413 3634 2587 3700 enim
2614 3641 3011 3718 quaereretur
3043 3638 3124 3701 ab
3162 3639 3402 3704 artifice
3424 3685 3442 3716 ‚
3473 3655 3676 3719 quare
3710 3636 3788 3701 de
3819 3651 3938 3698 una

2413 3749 2590 3827 parte
2634 3763 2859 3810 massas
2897 3746 3045 3810 facit
3076 3765 3231 3809 vasa
3273 3746 3571 3828 pulchra,
3604 3750 3670 3809 et
3705 3763 3785 3808 ex
3824 3741 3934 3806 alia

2413 3851 2599 3932 vilia,
2634 3872 2783 3917 cum
2810 3850 2996 3937 aeq'ue
3030 3852 3112 3915 sit
3149 3852 3317 3917 bona
3356 3857 3487 3916 tota
3528 3870 3741 3915 massa
3764 3899 3784 3928 ‚
3810 3866 3932 3912 non

2414 3961 2507 4022 est
2560 3959 2685 4024 alia
2730 3961 2891 4024 ratio
2909 4008 2928 4039 ‚
2963 3961 3085 4024 nisi
3137 3960 3291 4042 quia
3341 3959 3590 4042 placet:
3637 3959 3730 4022 ita
3774 3955 3933 4021 enim

2415 4065 2576 4130 bene
2616 4067 2848 4131 faceret
2873 4115 2890 4146 ‚
2940 4067 2995 4130 si
3040 4068 3271 4131 faceret
3326 4085 3361 4130 e
3410 4082 3723 4129 converso
3764 4082 3782 4127 ε
3836 4080 3933 4126 er-

2413 4192 2522 4256 go,
2551 4155 2671 4239 etc.

2494 4285 2554 4344 4.
2600 4281 2757 4346 Item
2800 4281 3205 4364 Augustinus
3231 4281 3275 4359 ⁷,
3312 4280 3387 4346 de
3430 4278 3933 4346 Proedestinatz'o-

2413 4406 2491 4456 ne
2519 4389 2890 4484 Squctorum
2916 4411 2941 4454 .·
2972 4413 3003 4450 α
3022 4387 3162 4453 Non
3199 4390 3351 4471 quia
3378 4388 3530 4452 tales
3554 4406 3672 4452 nos
3700 4388 3934 4451 futuros

2414 4497 2617 4576 scivit,
2646 4497 2786 4562 ideo
2813 4497 3040 4578 elegit3
3075 4496 3181 4560 sed
3212 4500 3283 4560 ut
3316 4496 3469 4560 tales
3494 4514 3800 4559 essemus.
3828 4515 3855 4552 n

2495 4607 2554 4669 ὅ.
2588 4604 2746 4670 Item
2776 4605 3021 4669 ratione
3042 4604 3315 4682 videtur,
3346 4604 3499 4686 quia
3524 4604 3821 4668 voluntas
3838 4598 3933 4665 Dei

2414 4718 2510 4778 est
2537 4732 2726 4777 eausa
2752 4730 3126 4778 causarum:
3149 4729 3304 4792 ergo
3333 4711 3419 4774 ibi
3441 4714 3534 4773 est
3561 4714 3763 4774 status
3791 4728 3809 4772 ε
3836 4705 3929 4770 sed

2414 4822 2525 4887 uhi
2553 4826 2648 4886 est
2689 4826 2909 4897 status,
2947 4838 3077 4885 non
3111 4825 3203 4884 est
3228 4819 3396 4883 ultra
3420 4836 3709 4900 quaerere
3747 4816 3928 4881 ratio-

2414 4949 2562 4994 nem
2597 4947 2842 5011 tergo,
2888 4933 3007 4991 etc.
3051 4926 3231 5004 Quod
3274 4927 3355 4990 sit
3408 4926 3497 4989 ibi
3549 4931 3786 5001 statuS,
3822 4941 3927 5005 pa-

2413 5042 2524 5103 tet.
2553 5037 2732 5114 Quod
2777 5036 2971 5100 etiam
3014 5039 3214 5098 status
3258 5052 3389 5097 non
3427 5032 3707 5116 patiatur
3756 5047 3924 5115 quae-

2415 5164 2555 5210 rere
2592 5145 2903 5209 rationem
2923 5191 2940 5218 ‚
2974 5143 3261 5220 videtur,
3301 5143 3449 5224 quia
3489 5142 3743 5223 quoties
3785 5156 3918 5203 cau-

2416 5310 2437 5344 ⁸
2455 5307 2635 5366 Emd„
2666 5318 2837 5362 111111
2853 5343 2871 5369 ‚
2899 5308 2976 5356 w.
2997 5331 3056 5341 —
3076 5307 3096 5340 ⁸
3115 5302 3314 5362 Mami„
3345 5315 3399 5354 n
3414 5339 3430 5366 ,
3457 5305 3538 5353 25.
3555 5329 3621 5341 --
3638 5304 3659 5339 ⁶
3679 5303 3827 5361 Rom„
3847 5310 3918 5363 11,

2417 5384 2496 5432 21.
2515 5404 2579 5420 -κ
2595 5380 2617 5416 ‘¹
2634 5381 2784 5443 Aug„
2810 5377 2876 5428 de
2898 5377 3132 5430 Prodest.
3152 5377 3339 5436 Same„
3371 5391 3417 5428 o.
3438 5387 3550 5439 nx,
3578 5389 3631 5426 n.
3653 5378 3732 5428 38.
