4125 6225
565 3609 707 3680 Ausi-

512 3682 709 3790 Goeggssfi
743 3689 1050 3772 accipitur
1077 3695 1390 3773 quantum
1423 3691 1501 3754 ad
1532 3691 1923 3755 conditiones
1937 3692 2276 3756 modorum

747 443 829 505 48
1433 490 1438 497 -
1885 436 2509 508 SENTENTIARUM
2547 437 2697 505 LIB.
2744 440 2794 506 l.

752 576 1035 641 cundum
1061 593 1256 657 quem
1285 580 1688 658 comparatur
1710 594 1813 641 res
1839 578 1917 641 ad
1941 576 2144 640 Deum
2175 592 2290 657 per

751 684 1015 748 modum
1058 685 1398 749 exeuntis:
1436 690 1498 749 et
1530 686 1598 749 hi
1625 704 1847 750 omnes
1881 685 2289 749 continentur

750 788 873 851 sub
899 788 1087 852 modo
1111 793 1382 868 naturae,
1408 793 1670 870 extenso
1702 789 1982 853 nomine.
2017 786 2289 864 Quidam

751 913 865 977 per
916 898 1182 960 modum
1221 897 1540 960 redeuntis
1576 919 1591 961 :
1631 903 1694 959 et
1735 895 1841 959 hic
1886 900 1980 958 est
2027 895 2290 958 effectus

751 1003 978 1084 gratiae
1011 1003 1348 1079 inchoatae,
1380 1003 1483 1069 vel
1510 1007 2007 1082 consummatae,
2036 1006 2114 1065 ut
2139 1001 2288 1082 glo-

750 1111 866 1174 riae
895 1130 912 1174 ι
945 1116 1008 1175 et
1033 1117 1353 1193 quantum
1377 1112 1459 1176 ad
1485 1111 1661 1175 bunc
1687 1114 1779 1174 est
1803 1109 2121 1174 secundus
2148 1126 2287 1172 mo-

750 1216 873 1281 dus
895 1220 1165 1284 essendi.
1198 1219 1467 1297 Quidam
1496 1224 1591 1283 est
1636 1218 1898 1282 effectus
1933 1215 2288 1280 secundum

752 1344 943 1407 quem
960 1331 1366 1409 comparatur
1383 1330 1673 1391 creatura
1698 1325 1773 1389 ad
1804 1323 2028 1398 Deum,
2045 1326 2122 1385 ut
2143 1340 2291 1405 per-

750 1434 1017 1497 veniens
1058 1434 1161 1498 vel
1212 1434 1543 1516 perficiens
1580 1454 1596 1496 t
1633 1436 1694 1495 et
1734 1432 1843 1496 bic
1887 1435 1982 1494 est
2029 1431 2290 1494 effectus

750 1540 1030 1617 unionis,
1060 1542 1129 1604 in
1154 1560 1283 1623 qua
1315 1541 1633 1605 uniuntur
1669 1540 1737 1602 in
1778 1538 2023 1602 unitate
2064 1556 2289 1620 perso·

749 1664 855 1709 nae
901 1652 1193 1712 creatura
1233 1652 1298 1712 et
1333 1651 1597 1722 creator,
1641 1650 1715 1711 ut
1756 1645 1951 1709 bomo
1986 1650 2050 1710 et
2098 1645 2284 1710 DeuS.

752 1751 1068 1830 Quoniam
1086 1773 1245 1836 ergo
1270 1759 1397 1819 tres
1422 1758 1573 1818 sunt
1598 1753 1772 1817 modi
1788 1752 2156 1831 effectuum,
2186 1770 2285 1816 se-

751 1862 1036 1925 cundum
1063 1880 1223 1944 quos
1259 1865 1551 1926 creatura
1579 1860 1999 1924 diversimode
2029 1877 2287 1943 compa-

754 1973 935 2033 ratur
960 1970 1039 2033 ad
1068 1970 1305 2049 Deum3
1349 1971 1493 2035 ideo
1538 1973 1787 2033 tantum
1831 1969 2035 2033 tribus
2083 1968 2289 2033 modis

752 2076 985 2140 dicitur
1010 2097 1143 2141 esse
1166 2078 1235 2141 in
1258 2079 1468 2142 rebus.
1506 2076 1586 2141 Et
1614 2078 1864 2160 primus
1883 2075 1997 2158 qui
2015 2074 2288 2140 attendi-

750 2188 858 2248 tur
887 2191 1204 2266 quantum
1230 2186 1310 2249 ad
1338 2186 1583 2249 exitum
1610 2233 1627 2262 ,
1671 2183 2055 2248 assimilatur
2099 2184 2286 2247 lineae

749 2296 967 2370 rectae;
990 2294 1327 2372 secunduS,
1347 2296 1666 2376 quantum
1688 2292 1766 2356 ad
1780 2292 2080 2371 reditum,
2102 2290 2287 2356 lineae

747 2404 1005 2468 reflexae
1029 2424 1046 2483 3
1067 2405 1312 2480 tertiuS,
1341 2411 1659 2488 quantum
1703 2404 1783 2468 ad
1815 2405 2282 2486 perfectionem,

748 2511 1132 2575 assimilatur
1157 2512 1418 2577 circulo.
1448 2512 1526 2577 Et
1550 2514 1798 2596 primus
1838 2512 2100 2594 quidem
2144 2531 2286 2576 mo-

747 2617 868 2680 dus
884 2618 1110 2682 similis
1134 2619 1464 2697 estlineae3
1484 2620 1824 2696 secundus,
1848 2619 2000 2701 quia
2021 2619 2286 2683 includit

747 2727 1055 2807 primum,
1085 2726 1306 2791 similis
1323 2732 1417 2792 est
1446 2728 1801 2811 superficiei
1824 2749 1841 2805 ;
1864 2727 2111 2803 tertiuS,
2131 2727 2286 2809 quia

752 2836 1119 2916 utrumque,
1149 2833 1372 2898 similis
1403 2838 1498 2898 est
1534 2834 1853 2898 soliditati.
1899 2833 1977 2897 Et
2000 2834 2143 2897 ideo
2169 2852 2285 2917 op-

744 2939 900 3004 time
937 2941 1090 3005 dicit
1135 2941 1478 3024 Apostolus
1496 2943 1514 2977 ¹
1542 2942 1714 3023 quod
1742 2943 1817 3006 in
1855 2941 2108 3007 Christo
2149 2947 2285 3009 tota

743 3045 1064 3115 divinitas
1090 3048 1339 3115 habitat
1365 3047 1443 3131 (a)
1469 3048 1884 3130 corporaliter
1921 3068 1944 3109 .-
1971 3051 2068 3111 est
2106 3047 2283 3110 enim

742 3155 1189 3236 perfectissime
1210 3157 1277 3219 in
1308 3174 1407 3235 e0,
1439 3156 1594 3237 quia
1617 3160 1712 3219 est
1746 3156 1828 3220 ad
1853 3156 2126 3220 modum
2152 3156 2282 3220 cir-

742 3261 904 3339 culi,
935 3263 1050 3345 qui
1080 3268 1176 3326 est
1205 3264 1421 3344 figura
1446 3263 1742 3343 perfecta,
1768 3266 1832 3326 et
1866 3280 1982 3344 per
2015 3262 2280 3326 modum

746 3368 1143 3447 altitudiniS,
1185 3388 1330 3453 quae
1370 3374 1466 3434 est
1493 3370 1812 3452 quantitas
1836 3370 2132 3450 perfecta.
2183 3368 2282 3434 Ex

745 3475 847 3540 his
876 3482 1049 3558 patet
1073 3478 1473 3554 sufficientia,
1503 3483 1563 3542 et
1589 3477 1926 3553 distincti0‚
1959 3482 2022 3541 et
2047 3478 2279 3542 solutio

743 3584 1162 3666 objectorum.
1185 3585 1547 3665 Assignatio
1565 3589 1784 3648 autem
1800 3586 1968 3649 beati
1989 3585 2280 3667 Gregorii

742 3798 987 3861 essendi
1021 3819 1036 3860 ε
1066 3798 1135 3860 in
1170 3798 1273 3861 his
1311 3798 1484 3861 enim
1512 3797 1717 3862 tribus
1751 3799 2279 3882 circumloquitur

742 3904 964 3969 beatus
1012 3903 1357 3986 Gregorius
1417 3906 1865 3989 perfectionem
1933 3908 2275 3971 modorum

737 4011 1048 4075 existendi
1090 4012 1292 4077 Deum
1336 4013 1406 4076 in
1445 4012 1774 4090 omnibuS,
1810 4013 1877 4076 in
1922 4015 2155 4096 quibus
2184 4019 2278 4078 est

734 4117 858 4181 boc
893 4118 1104 4183 mod0.
1147 4119 1406 4202 Aliquid
1457 4121 1630 4183 enim
1675 4124 1769 4184 est
1804 4120 1877 4183 in
1917 4121 2132 4202 aliquo
2168 4139 2274 4185 se-

734 4226 1016 4290 cundum
1079 4227 1608 4309 praesentialitatis
1671 4227 2106 4292 indistantiam
2126 4276 2145 4307 ,
2200 4233 2275 4292 ut

735 4338 1108 4398 contentum
1141 4335 1212 4399 in
1239 4336 1628 4409 continente,
1657 4340 1733 4400 ut
1776 4354 1945 4418 aqua
1982 4336 2051 4399 in
2077 4354 2269 4415 vase;

737 4440 998 4523 aliquid,
1044 4445 1397 4508 secundum
1446 4444 1702 4508 virtutis
1744 4444 2166 4523 influentiam,
2199 4448 2275 4508 ut

737 4555 947 4613 motor
971 4550 1038 4612 in
1063 4551 1282 4615 mobili
1298 4573 1317 4630 3
1353 4551 1621 4633 aliquid,
1649 4552 2001 4615 secundum
2029 4552 2271 4616 intimi-

734 4657 883 4721 tatis
903 4659 1327 4732 existentiam,
1349 4659 1601 4723 utillud
1628 4659 1798 4741 quod
1822 4664 1917 4723 est
1941 4661 2273 4724 continens

733 4765 926 4845 intra,
954 4771 1029 4830 ut
1062 4767 1276 4829 anima
1313 4765 1382 4829 in
1420 4784 1703 4848 corpore.
1753 4764 1830 4830 Et
1868 4784 2060 4830 omne
2101 4769 2271 4850 quod

734 4875 1004 4956 perfecte
1033 4879 1126 4938 est
1158 4874 1228 4937 in
1254 4893 1347 4954 re,
1381 4892 1632 4938 necesse
1659 4878 1754 4937 est
1793 4892 1927 4938 esse
1954 4880 2272 4957 quantum

733 4981 811 5044 ad
839 4981 1007 5045 banc
1021 4968 1332 5065 triplicem
1355 4983 1817 5046 conditionem:
1841 4987 1904 5046 et
1930 4983 2052 5047 hoc
2080 4983 2270 5048 modo

734 5094 829 5153 est
858 5088 1045 5155 Deus.
1093 5089 1174 5154 Et
1212 5091 1352 5155 ideo
1388 5090 1618 5155 dicitur
1650 5108 1787 5153 esse
1822 5089 2265 5173 potentialiter,

732 5198 1233 5280 praesentialiter,
1262 5202 1325 5262 et
1362 5196 1807 5276 essentialiter3
1838 5197 1995 5280 quia
2038 5216 2269 5263 secun-

733 5304 888 5370 dum
904 5305 1432 5388 praesentialitatis
1444 5304 1897 5386 indistantiam,
1913 5306 2266 5373 seeundum

799 5428 817 5463 ¹
835 5429 1045 5494 coloes„
1070 5440 1128 5493 u,
1150 5434 1200 5482 9.

2397 575 2653 639 virtutis
2691 575 3094 640 influentiam
3118 624 3135 654 ,
3181 579 3533 643 secundum
3573 579 3910 648 intimitatis

2397 684 2796 748 existentiam
2824 708 2839 748 ι
2871 685 3042 749 etsie
3066 689 3236 767 patet
3261 686 3599 768 distinctio,
3618 689 3910 755 sufficien-

2397 790 2507 869 tia,
2547 796 2609 855 et
2643 792 2798 855 ordo
2831 814 2847 855 ε
2879 793 3206 874 quoniam,
3239 794 3588 857 secundum
3617 796 3911 861 rationem

2400 898 2816 979 intelligendi,
2861 900 3256 963 conditiones
3283 901 3419 964 istae
3449 919 3514 964 se
3544 901 3779 966 habent
3813 923 3914 985 per

2398 1005 2785 1070 additionem
2803 1028 2820 1083 ;
2842 1011 2904 1070 et
2922 1006 3062 1071 ideo
3079 1006 3242 1071 bene
3268 1008 3520 1072 ordinat
3547 1009 3765 1073 beatus
3783 1009 3915 1075 Gre-

2398 1114 2624 1194 gorius
2649 1114 2856 1197 primo
2884 1115 3386 1197 praesentialiter,
3421 1121 3539 1180 etc.
3583 1117 3792 1199 Aliqui
3823 1124 3914 1183 ta-

2396 1238 2547 1284 men
2587 1220 2961 1303 bujusmodi
3014 1222 3403 1287 conditiones
3437 1224 3665 1289 volunt
3707 1226 3916 1291 distin-

2398 1345 2600 1407 guere
2618 1346 2811 1410 penes
2836 1329 3281 1406 substantiam,
3300 1330 3609 1395 virtutem
3627 1337 3689 1396 et
3703 1351 3917 1417 opera-

2397 1433 2659 1499 tionem.
2689 1433 2811 1500 Sed
2838 1437 2979 1501 licet
2993 1437 3223 1501 modus
3243 1438 3558 1502 existendi
3585 1441 3917 1504 essentiali-

2397 1542 2495 1604 ter
2541 1542 2915 1624 respoudeat
2947 1543 3318 1609 substantiae
3335 1592 3357 1622 ,
3400 1549 3466 1609 et
3514 1546 3917 1628 potentialiter

2396 1646 2649 1725 virtuti;
2701 1654 2914 1713 tamen
2964 1651 3463 1732 pr'oesentialiter
3504 1652 3919 1735 principaliter

2395 1772 2527 1818 non
2555 1756 2894 1838 respondet
2921 1759 3269 1840 operationi
3298 1780 3313 1822 ε
3351 1777 3504 1823 nam
3534 1777 3811 1842 praesens
3834 1765 3920 1825 est

2395 1862 2627 1946 aliquis
2651 1866 2904 1941 alicubi,
2937 1867 3343 1931 etiamsinon
3364 1871 3687 1950 operetur.
3716 1867 3918 1950 Aliqui

2396 1974 2714 2056 accipiunt
2744 1992 2940 2057 penes
2978 1992 3217 2056 genera
3252 1969 3631 2054 causarum}
3678 1973 3784 2037 sed
3813 1991 3918 2037 nec

2393 2080 2551 2144 illud
2585 2081 2837 2145 videtur
2867 2083 3251 2147 conveniens
3269 2131 3286 2160 ,
3316 2082 3471 2164 quia
3504 2079 3918 2147 essentialiter

2393 2191 2738 2256 consistere
2764 2209 2891 2254 non
2938 2195 3237 2255 connotat
3273 2208 3483 2272 genus
3526 2190 3914 2255 causalitatis.

2396 2296 2613 2379 Aliqui
2640 2315 2832 2378 penes
2847 2297 3199 2361 trinitatem
3230 2297 3509 2378 vestigii,
3541 2298 3776 2361 scilicet
3801 2315 3918 2360 mo-

2392 2401 2574 2480 dum,
2612 2405 2907 2486 speciem,
2936 2410 3000 2469 et
3032 2404 3352 2482 ordinem3
3385 2404 3495 2468 sed
3543 2405 3763 2468 omnia
3791 2404 3919 2468 haec

2391 2509 2690 2590 praeoedit
2720 2511 2990 2575 essentia
3021 2510 3376 2575 secundum
3399 2511 3717 2576 rationem
3743 2510 3919 2576 intel-

2391 2615 2651 2697 ligendi.

2982 2835 3178 2910 PARS
3230 2834 3309 2914 Π.

2414 2993 2493 3039 DE
2532 2993 2635 3039 Dm
2674 2994 3186 3042 IMMUTABILITATE
3226 2996 3517 3052 QUANTUM
3555 2996 3639 3043 Al)
3679 2998 3891 3045 Loctm.

2771 3174 3179 3241 EXPOSITIO
3217 3174 3546 3242 TEXTUS.

2467 3328 2695 3393 Cumque
2724 3328 2898 3380 divina
2917 3333 3100 3381 natura
3120 3331 3390 3394 veraciter,
3420 3334 3472 3381 et
3494 3330 3845 3382 essentialiter.

2466 3470 2676 3555 Supra
2698 3474 2971 3537 ostendit
3012 3473 3311 3557 Magister
3348 3475 3624 3558 qualiter
3657 3475 3822 3540 Deus
3845 3475 3921 3539 sit

2387 3577 2457 3641 in
2485 3579 2661 3657 lociS,
2689 3581 2836 3643 etin
2863 3581 3055 3645 rebus
3080 3582 3382 3646 omnibus
3400 3605 3414 3646 :
3434 3587 3498 3646 et
3516 3584 3823 3664 quoniam
3843 3582 3919 3647 ad

2385 3686 2786 3779 existentiam
2828 3688 2900 3751 iu
2935 3688 3071 3752 loco
3114 3689 3403 3770 sequitur
3433 3689 3916 3772 circumscripti·

2384 3793 2616 3870 bilitas,
2647 3800 2712 3858 et
2735 3794 3082 3859 locabilitas
3110 3795 3179 3858 in
3205 3800 3494 3860 creatura
3525 3795 3754 3877 locata,
3783 3797 3917 3861 ideo

2384 3899 2653 3965 intendit
2674 3901 2781 3965 hic
2805 3921 2844 3966 a
2870 3901 2996 3966 Deo
3020 3902 3135 3966 has
3156 3903 3546 3967 conditiones
3566 3922 3914 3969 removere.

2384 4009 2462 4075 Et
2485 4009 2794 4073 dividitur
2819 4010 2960 4074 haec
2982 4029 3129 4093 pars
3154 4010 3225 4074 in
3255 4011 3413 4074 duas
3442 4033 3458 4076 t
3491 4012 3556 4075 in
3583 4014 3795 4095 prima
3822 4031 3916 4077 os-
3959 4036 4093 4082 maso.

2382 4119 2583 4182 tendit
2609 4117 2811 4182 Deum
2839 4119 3580 4202 incircumscriptibilem,
3609 4126 3673 4185 et
3693 4121 3919 4186 immu-

2383 4225 2675 4303 tabilem;
2710 4225 2779 4288 in
2804 4226 3084 4291 secunda
3115 4245 3271 4291 vero
3308 4226 3662 4307 concludit,
3707 4234 3772 4291 et
3811 4247 3918 4311 per

2382 4333 2784 4398 auctoritates
2809 4334 3162 4409 confirmat,
3183 4333 3271 4397 ibi
3293 4355 3310 4398 ε
3337 4336 3691 4400 Fateamur
3708 4338 3918 4418 itaque

2381 4439 2682 4507 divinam
2724 4447 3067 4517 naturam,
3117 4445 3235 4505 etc.
3283 4440 3498 4506 Prima
3536 4461 3687 4525 pars
3733 4443 3920 4507 babet

2382 4552 2510 4613 tres
2531 4553 2761 4633 partes.
2791 4548 2863 4613 In
2887 4549 3096 4631 prima
3119 4549 3393 4613 ostendit
3416 4550 3589 4631 quod
3618 4550 3913 4614 immobi-

2382 4658 2527 4721 litas
2562 4662 2626 4721 et
2656 4655 3394 4738 incircumscriptibilitas
3428 4658 3731 4721 convenit
3768 4656 3911 4721 Deo.

2383 4765 2456 4829 In
2483 4765 2761 4829 secunda
2793 4765 2916 4829 hoc
2944 4769 3228 4829 removet
3259 4783 3299 4827 a
3328 4768 3559 4827 natura
3593 4766 3911 4846 angelica,

2382 4880 2446 4939 et
2479 4876 2656 4938 omni
2687 4879 2930 4938 natura
2971 4876 3213 4951 creata,
3258 4872 3346 4937 ibi
3388 4896 3402 4938 ε
3441 4872 3735 4956 Spiritus
3773 4889 3913 4941 vero

2380 4989 2631 5049 creatus
2685 4980 3145 5064 quodammodo
3167 5029 3186 5058 ,
3225 4986 3345 5044 etc.
3389 4980 3464 5044 In
3508 4983 3696 5046 tertia
3741 4981 3915 5065 ponit

2381 5090 2746 5174 opinionem
2773 5089 3197 5173 quorumdam
3215 5136 3233 5168 ,
3271 5088 3385 5171 qui
3417 5088 3635 5152 dicunt
3658 5089 3913 5171 spiritus

2379 5202 2621 5263 creatos
2645 5215 2779 5261 non
2823 5197 3070 5262 moveri
3100 5196 3239 5260 loco
3254 5243 3272 5275 ,
3320 5213 3439 5259 nee
3478 5213 3614 5260 esse
3649 5195 3904 5273 locales,

2378 5306 2469 5369 ibi
2510 5324 2528 5369 ε
2557 5306 2644 5371 De
2673 5307 3028 5373 mutatione
3053 5320 3200 5371 vero
3226 5304 3383 5383 loci,
3409 5307 3530 5368 etc.
3575 5301 3648 5367 In
3679 5307 3905 5386 quarta

2438 5431 2506 5496 (a)
2528 5431 2679 5496 vulg.
2698 5430 2758 5482 ιη
2772 5431 2879 5495 ipso
2897 5428 3146 5505 inhabitat
3162 5430 3322 5482 omnis
3333 5427 3595 5494 partitudo
3603 5427 3905 5479 asumma.
