4125 6225
1024 443 1220 519 DIST.
1258 448 1417 518 ΧΠ.
1460 445 1694 516 PART.
1739 445 1820 516 11.
1869 447 2059 516 ΛΚΤ.
2108 450 2186 556 Il.
2231 447 2532 528 QUAEST.
2574 439 2625 515 Ῐ.

211 588 374 654 lucis
393 588 493 652 sui
515 586 904 666 orbis‚‘sieut
929 587 1069 653 vult
1091 586 1513 669 Philosophus
1540 594 1560 628 ¹
1590 586 1660 649 in
1683 586 1757 650 li-

212 698 330 762 bro
357 695 434 762 dc
468 693 628 761 Coelo
670 701 728 761 et
751 692 995 760 Mundo
1008 715 1036 768 ‚·
1058 693 1167 757 sed
1206 692 1587 774 aggregatio
1613 710 1756 755 ma-

205 806 341 888 jor,
370 809 434 868 et
471 803 705 881 minor,
734 820 868 867 non
894 802 1043 866 facit
1067 800 1496 866 diversitatem
1526 818 1759 865 secun-

215 914 374 979 dum
401 911 675 995 speciem
699 959 716 990 ‚
746 911 856 975 sed
895 911 1105 974 solum
1133 909 1490 974 secundum
1531 927 1762 973 nume-

218 1038 370 1083 rum
407 1040 422 1081 ε
453 1036 610 1098 ergo
643 1017 990 1080 luminaria
1015 1016 1157 1080 coeli
1181 1033 1315 1080 non
1343 1015 1764 1098 perficiuntur

219 1125 485 1190 diversis
512 1124 735 1188 formis
762 1123 1115 1187 secundum
1139 1122 1438 1205 speciem.

301 1236 361 1297 3.
393 1231 553 1296 Item
578 1231 843 1293 flamma
869 1230 1099 1311 major,
1129 1233 1193 1292 et
1216 1227 1452 1308 minor,
1481 1248 1615 1293 non
1643 1230 1765 1294 dif-

219 1339 342 1403 fert
366 1338 721 1403 secundum
749 1336 1047 1418 speciem,
1071 1336 1394 1417 'quamvis
1423 1336 1504 1400 sit
1539 1336 1608 1400 in
1635 1356 1767 1401 una

221 1448 429 1529 major
469 1444 852 1528 aggregatio
890 1443 1155 1508 luminis
1178 1491 1196 1520 ‚
1241 1462 1438 1526 quam
1477 1443 1550 1507 in
1596 1443 1720 1508 alia
1747 1466 1762 1508 z

223 1573 382 1637 ergo
409 1555 464 1619 si
490 1555 580 1618 sic
607 1554 861 1618 videtur
901 1570 1038 1617 esse
1063 1552 1231 1616 circa
1268 1552 1614 1618 luminaria
1639 1571 1770 1618 coe-

223 1661 424 1737 lesda,
449 1660 705 1727 videtur
732 1660 902 1743 quod
920 1677 1052 1724 non
1078 1659 1374 1724 differant
1397 1659 1603 1725 forma
1631 1678 1771 1742 spe-

227 1769 430 1832 cifica.

305 1878 368 1938 4.
399 1872 558 1937 Item
583 1872 977 1937 nobilissima
1001 1873 1208 1937 forma
1229 1889 1381 1955 quaa
1402 1872 1572 1936 sitin
1602 1872 1768 1953 Sole,

227 1988 324 2049 est
350 1982 547 2065 ipsius
570 1981 722 2058 lux,
752 1985 817 2046 et
855 1982 1249 2046 nobilissima
1278 1983 1484 2046 forma
1507 1982 1579 2047 in
1607 2001 1771 2049 una-

228 2105 484 2174 quaque
513 2105 584 2152 re
629 2091 724 2152 est
771 2088 979 2152 forma
1018 2089 1247 2152 ultima
1278 2110 1295 2152 2
1338 2107 1495 2171 ergo
1541 2089 1659 2154 lux
1682 2093 1779 2155 est

227 2197 436 2263 forma
460 2197 837 2280 completiva
861 2197 1090 2261 ultima
1111 2196 1272 2262 Solis
1291 2197 1361 2261 in
1377 2198 1588 2282 specie
1613 2217 1733 2262 sua
1753 2217 1771 2278 ;

229 2305 340 2370 sed
362 2306 431 2368 in
451 2304 600 2368 luce
615 2304 914 2369 convenit
930 2322 1082 2368 cum
1100 2304 1400 2368 omnibus
1424 2306 1567 2369 aliis
1585 2305 1779 2371 lumi-

230 2411 494 2475 naribus
529 2432 545 2476 :
575 2411 780 2492 igitur
822 2411 1078 2476 videtur
1113 2411 1285 2494 quod
1332 2412 1583 2477 lumina
1634 2412 1778 2477 coeli

233 2517 439 2600 specie
466 2535 599 2582 non
629 2517 758 2582 sint
785 2518 1097 2583 distincta.

790 2778 1241 2847 CONCLUSIO.

242 2932 372 2989 Gaeli
399 2933 699 2989 luminaria
722 2935 895 3005 specie
921 2932 1140 3005 differre
1180 2932 1490 2990 censendum
1525 2937 1630 2999 est,
1661 2934 1784 2990 licet

312 3022 406 3078 hoc
452 3036 561 3077 non
604 3024 741 3078 satis
778 3022 974 3094 probet
1024 3022 1132 3078 illa
1173 3024 1356 3089 ratic,
1394 3023 1600 3079 scilicet
1644 3022 1788 3095 quod

315 3116 555 3169 constent
583 3128 650 3169 ea:
675 3116 790 3169 tota
818 3128 918 3169 sua
943 3115 1197 3171 mutet-ia.

324 3271 512 3356 Resp.
542 3273 623 3338 ad
638 3275 800 3355 Arg.
831 3275 927 3339 Ad
957 3274 1406 3356 praa-dictorum
1432 3272 1789 3356 intelligen-

243 3381 401 3445 tiam
425 3385 521 3446 est
545 3381 931 3456 notandum,
966 3380 1141 3463 quod
1169 3380 1530 3445 communis
1564 3381 1790 3464 positio

246 3487 780 3571 philosophorum
820 3488 942 3552 fuit
965 3536 982 3565 ,
1031 3486 1201 3571 quod
1245 3488 1411 3553 inter
1445 3488 1792 3554 luminaria

249 3595 391 3660 coeli
429 3597 525 3660 est
567 3595 845 3678 reperire
886 3594 1318 3659 diversitatem
1354 3601 1672 3679 quantum
1711 3596 1792 3661 ad

249 3703 524 3786 speciem
552 3707 616 3768 et
640 3704 937 3779 formam,
971 3704 1036 3766 et
1073 3701 1245 3766 istud
1269 3704 1608 3771 concordat
1642 3703 1795 3769 satis

249 3810 481 3876 rationi
521 3814 711 3874 rectae
744 3832 759 3874 :
808 3809 1106 3892 quamvis
1133 3813 1276 3890 gnon
1319 3810 1583 3873 omnino
1624 3813 1796 3874 recta

252 3920 508 3984 moveat
531 3917 697 3983 ratio
722 3917 1033 4000 quosdam
1067 3916 1149 3981 ad
1178 3917 1548 3998 ponendum
1581 3917 1791 3982 diver-

251 4027 505 4090 sitatem
545 4023 901 4089 secundum
940 4024 1216 4107 speciem
1251 4024 1322 4088 in
1369 4024 1797 4091 luminaribus

257 4133 419 4200 coeli.
445 4131 804 4197 Posuerunt
821 4131 997 4196 enim
1016 4129 1235 4214 aliqui,
1254 4131 1425 4212 quod
1452 4130 1798 4197 luminaria

254 4240 610 4306 secundum
640 4238 917 4322 speciem
955 4242 1140 4302 erant
1166 4237 1518 4303 necessario
1544 4238 1798 4306 diversa

254 4350 513 4431 propter
530 4345 654 4411 hoc
663 4345 832 4427 quod
850 4362 978 4408 non
994 4344 1235 4408 habent
1246 4343 1577 4411 materiam
1596 4348 1798 4409 trans-

258 4454 668 4531 mutabilem,
702 4457 768 4518 et
806 4452 1316 4535 unumquodque
1356 4456 1493 4517 erat
1542 4471 1627 4517 ex
1667 4457 1801 4519 tota

257 4581 378 4628 sua
403 4560 669 4626 materia
698 4559 841 4624 :sed
858 4559 998 4624 haec
1022 4562 1117 4625 est
1138 4559 1300 4624 ratio
1326 4559 1483 4624 falsa
1505 4565 1569 4625 et
1594 4564 1796 4640 vana‘3

261 4673 324 4734 et
348 4667 733 4753 principium
761 4667 997 4732 erroris
1014 4714 1031 4746 ,
1063 4670 1126 4732 et
1163 4666 1408 4732 occasio
1435 4668 1555 4732 fuit
1590 4669 1659 4735 in
1683 4668 1804 4733 a'li-

262 4778 497 4861 quibus
536 4775 817 4859 ponendi
848 4775 919 4839 in
945 4775 1246 4840 omnibus
1270 4776 1639 4841 hominibus
1663 4776 1803 4841 ani-

264 4902 444 4949 mam
482 4901 719 4964 unam,
768 4883 931 4947 sicut
964 4882 1192 4947 melius
1240 4882 1480 4965 patebit
1525 4882 1694 4947 infra
1718 4884 1741 4919 ²
1784 4901 1803 4949 ε

268 4994 440 5059 unde
469 4993 638 5076 quod
662 4990 1229 5056 transmutabilitas
1264 4990 1550 5056 materiae
1588 4991 1805 5074 requi·-

268 5106 450 5166 ratur
492 5099 573 5165 ad
614 5099 990 5166 varietatem
1033 5097 1391 5162 secundum
1432 5115 1804 5180 numerum,

270 5208 393 5275 hoc
416 5227 554 5275 non
577 5212 671 5274 est
696 5206 1078 5290 generaliter
1094 5223 1347 5286 verum,
1378 5209 1599 5289 utpote
1621 5207 1691 5271 in
1718 5207 1812 5272 di·

336 5371 547 5493 ²¹Agistt.‚
574 5368 636 5419 de
659 5368 792 5419 (ἕωλα
817 5372 866 5420 et
894 5367 1099 5432 Mundo,
1124 5367 1214 5421 lib.
1241 5368 1282 5419 11
1304 5404 1318 5433 ,
1346 5373 1485 5420 cont.
1508 5372 1596 5434 15,
1621 5372 1701 5434 16,
1728 5371 1811 5422 41.

278 5468 337 5481 —
436 5457 482 5491 is
508 5476 522 5490 .
543 5452 696 5491 xvm.

3294 451 3414 517 895

1866 585 2169 651 versitate
2182 586 2540 652 secundum
2557 588 2885 664 naturam,
2902 599 3051 669 quae
3066 587 3416 654 attenditur

1869 693 1939 757 in
1963 692 2282 775 aliquibus
2310 694 2666 759 secundum
2690 693 3081 762 simultatem
3099 713 3235 760 suae
3258 713 3416 779 pro-

1871 800 2217 881 ductionis,
2245 805 2308 866 et
2333 802 2686 867 secundum
2712 801 3164 867 immediatum
3193 821 3419 885 egres-²

1873 925 2021 971 sum
2053 927 2093 971 a
2119 908 2331 990 primo
2367 908 2593 991 opifice
2625 927 2643 971 ε
2672 909 2783 974 sed
2813 910 2884 972 in
2919 910 3021 974 his
3048 909 3255 975 solum
3299 912 3415 975 ha-

1873 1014 1980 1078 bet
2010 1014 2364 1094 veritatem,
2400 1034 2678 1098 quorum
2720 1034 2930 1080 unum
2967 1022 3314 1098 generatur
3338 1036 3423 1083 ex

1874 1122 2023 1186 alio.
2045 1120 2125 1186 Et
2150 1122 2291 1187 ideo
2314 1122 2437 1186 hac
2458 1123 2706 1188 ratione
2736 1124 3190 1206 praetermissa,
3216 1128 3425 1208 potest

1876 1228 2047 1292 sumi
2075 1229 2239 1294 ratio
2280 1229 2663 1294 diversitatis
2699 1229 2962 1296 illorum
2995 1231 3422 1298 luminarium

1877 1353 1963 1400 ex
1988 1339 2166 1418 parte
2194 1335 2628 1418 quadruplicis
2664 1354 2895 1402 causae.
2927 1337 3005 1402 Et
3028 1339 3317 1421 primum
3342 1357 3426 1404 ex

1877 1446 2057 1525 parte
2092 1442 2241 1506 finis
2270 1442 2578 1526 accipitur
2622 1445 2785 1509 ratio
2819 1467 2834 1509 ι
2877 1448 3031 1509 sunt
3067 1446 3242 1510 enim
3278 1464 3426 1529 pro·

1879 1550 2069 1616 ducta
2093 1554 2350 1633 propter
2375 1550 2659 1615 diversas
2687 1551 3053 1617 influentias
3090 1551 3157 1616 in
3192 1552 3295 1617 his
3321 1553 3430 1618 in-

1881 1658 2220 1723 ferioribus
2260 1658 2579 1723 faciendas
2599 1708 2618 1739 ‚
2667 1663 2732 1724 et
2768 1662 3026 1742 propter
3074 1660 3430 1726 ornandam

1882 1769 2203 1835 coelestem
2249 1775 2552 1835 naturam
2588 1792 2605 1835 t
2635 1774 2699 1836 et
2728 1771 2873 1836 ideo
2899 1772 3299 1855 competebat
3331 1771 3434 1837 di·-

1884 1894 2102 1941 versas
2142 1876 2377 1942 habere
2403 1876 2645 1962 species
2676 1882 2743 1942 et
2765 1878 3035 1943 virtutes
3052 1926 3071 1959 ‚
3114 1880 3189 1942 ut
3221 1897 3303 1943 ex
3329 1878 3434 1943 di-

1883 2001 2223 2049 versarum
2238 2003 2461 2049 rerum
2480 1985 2931 2068 conjunctione
2943 1985 3276 2051 resultaret
3296 2003 3438 2069 per-

1884 2090 2075 2156 fectio
2101 2092 2171 2154 in
2209 2091 2441 2157 effectu
2458 2141 2476 2172 ‚
2517 2093 2591 2157 'et
2628 2109 2712 2156 ex
2754 2092 3157 2157 diversarum
3200 2093 3438 2176 specie-

1886 2215 2036 2262 rum
2076 2199 2549 2281 comparatione
2580 2199 2990 2283 pulchritudo
3024 2202 3440 2282 consurgeret

1887 2305 1957 2369 in
2018 2312 2273 2371 ornatu.
2325 2305 2621 2372 Sumitur
2675 2308 2869 2372 etiam
2914 2308 3079 2372 ratio
3130 2326 3213 2372 ex
3259 2311 3438 2391 parte

1888 2412 2241 2492 efficientis»,
2264 2414 2379 2496 qui
2402 2414 2760 2480 secundum
2776 2433 2961 2479 suam
2983 2415 3350 2498 potentiam,
3377 2417 3442 2480 et

1889 2519 2291 2603 sapientiam,
2340 2526 2405 2586 et
2432 2522 2782 2586 bonitatem
2804 2571 2820 2600 ‚
2854 2522 3108 2587 diversa
3147 2522 3441 2606 producit

1889 2626 2248 2692 secundum
2276 2628 2557 2711 speciem
2589 2633 2655 2694 et
2678 2630 2979 2710 formam,
3013 2633 3086 2694 ut
3110 2630 3282 2712 quod
3305 2629 3444 2695 dari

1889 2751 2024 2798 non
2073 2737 2321 2817 poterat
2343 2735 2460 2799 uni
2497 2733 2627 2799 Soli
2665 2754 2787 2818 per
2821 2754 2889 2800 se
2907 2784 2926 2817 ‚
2956 2736 3135 2800 daret
3174 2736 3445 2802 diversis

1890 2841 1961 2905 in
1978 2841 2208 2924 specie.
2225 2840 2519 2907 Sumitur
2535 2843 2729 2908 etiam
2747 2843 2909 2909 ratio
2928 2862 3010 2908 ex
3029 2848 3209 2926 parte
3236 2848 3445 2911 mate-

1894 2947 2009 3012 riae
2045 2972 2060 3012 :
2090 2949 2255 3013 sicut
2279 2949 2456 3014 enim
2488 2950 2561 3014 in
2600 2950 2822 3016 mixtis
2852 2951 3120 3017 materia
3169 2953 3310 3035 ipsa
3338 2973 3445 3020 se-

1894 3054 2181 3121 cundum
2208 3056 2640 3123 diversitatem
2674 3057 3062 3123 mixtionum
3089 3062 3344 3143 aptatur
3366 3061 3448 3127 ad

1881 3165 2365 3247 susceptionem
2412 3166 2817 3231 diversarum
2866 3168 3241 3247 formarum,
3285 3168 3451 3232 sicut

1896 3271 1966 3336 in
1996 3273 2376 3356 corporibus
2419 3274 2814 3357 simplicibus
2852 3275 3204 3341 secundum
3244 3278 3449 3354 majo-

1896 3397 2037 3445 rem
2077 3381 2405 3447 raritatem
2425 3384 2488 3446 et
2514 3382 2895 3447 densitatem
2915 3383 2985 3446 in
3005 3383 3140 3447 suis
3161 3382 3450 3466 partibus

1899 3486 1980 3551 ad
2033 3486 2441 3553 diversarum
2483 3488 2843 3555 formarum
2883 3492 3141 3572 aptatur
3190 3507 3451 3573 suscep-

1899 3593 2141 3658 tionem
2162 3642 2180 3672 ,
2216 3594 2385 3659 sicut
2422 3597 2597 3677 patet
2646 3594 2715 3659 in
2764 3594 3098 3659 elementis
3118 3643 3137 3675 ,
3168 3600 3449 3677 quorum

1900 3700 2173 3765 materia
2197 3701 2553 3766 secundum
2580 3703 2708 3784 maj
2716 3720 2895 3766 orem
2914 3702 3288 3767 densitatem
3315 3720 3451 3767 sus-

1902 3806 2059 3890 cipit
2082 3809 2359 3875 t'ormam
2386 3812 2619 3890 terrae3
2649 3810 2807 3875 dum
2834 3813 3054 3875 autem
3090 3811 3307 3875 rarefit
3341 3829 3448 3876 se-

1902 3914 2190 3979 cundum
2220 3915 2364 3999 plus
2410 3921 2473 3982 et
2500 3917 2719 3982 minus
2741 3966 2761 3997 ,
2790 3916 3151 4000 disponitur
3190 3937 3450 4004 suscep-

1901 4022 2064 4085 tioni
2089 4023 2171 4088 ad
2194 4023 2433 4088 formas
2466 4024 2745 4089 aliorum
2779 4023 3244 4090 elementorum
3283 4049 3298 4090 :
3337 4045 3454 4110 per
3569 4024 3573 4031 ’

1903 4130 2081 4195 hunc
2127 4110 2393 4195 modum
2436 4137 2531 4196 est
2570 4130 3065 4213 intelligendum
3113 4132 3183 4196 in
3232 4135 3390 4201 coelo
3430 4157 3448 4201 ε

1906 4256 2058 4303 cum
2083 4238 2258 4303 enim
2282 4238 2354 4302 in
2383 4238 2620 4304 coelaeti
2646 4242 2881 4303 natura
2919 4239 3000 4303 sit
3025 4240 3304 4323 reperire
3341 4260 3453 4306 ra-

1905 4363 2058 4410 rum
2079 4351 2144 4411 et
2169 4346 2466 4426 densum,
2487 4347 2652 4413 sicut
2666 4347 2896 4413 dicitur
2912 4347 2985 4412 in
3001 4348 3165 4414 libro
3191 4349 3270 4415 de
3302 4349 3457 4415 Sub-

1906 4455 2162 4521 stantia
2195 4453 2411 4524 orbis.-
2437 4454 2529 4518 sic
2555 4454 2905 4537 contingit,
2935 4455 3289 4521 secundum
3317 4475 3454 4523 ma-

1901 4564 2114 4643 J'orem
2161 4562 2487 4626 raritatem
2524 4564 2588 4626 et
2634 4563 3015 4629 densitatem
3042 4611 3063 4641 ‚
3116 4564 3457 4629 materiam

1908 4669 2310 4734 diversarum
2360 4670 2717 4734 formarum
2771 4689 2907 4735 esse
2960 4670 3451 4753 susceptibilem.

1911 4775 2110 4841 Aliter
2125 4781 2341 4842 tamen
2366 4779 2462 4842 est
2480 4794 2695 4840 rarum
2713 4780 2779 4841 et
2797 4777 3068 4841 densum
3095 4777 3165 4840 in
3194 4778 3459 4842 materia

1913 4883 2285 4950 elementari
2303 4932 2321 4962 ‚
2351 4888 2417 4949 et
2440 4887 2677 4949 natura
2718 4883 2954 4949 coelesti
2984 4902 3002 4949 z
3035 4885 3105 4947 in
3132 4884 3461 4949 elementis

1914 4991 2093 5057 enim
2122 4995 2469 5057 causantur
2507 5011 2547 5056 a
2590 4991 2823 5072 frigido
2863 4993 2931 5055 et
2958 4990 3161 5054 calido
3178 5039 3197 5071 ‚
3227 4990 3462 5056 dissol-

1915 5103 2106 5165 vente
2138 5102 2203 5163 et
2229 5100 2706 5180 constringente
2741 5098 2823 5181 (α)
2853 5116 2973 5181 per
2994 5116 3098 5162 res
3138 5096 3459 5178 materiae3

1918 5206 1992 5270 in
2017 5206 2178 5271 coelo
2201 5209 2419 5270 autem
2444 5208 2789 5270 causantur
2813 5204 3217 5270 solummodo
3237 5222 3465 5270 seeun-

1985 5358 2219 5490 (5128ξᾶὶὲ-
2248 5366 2365 5418 Vffl·
2394 5364 2829 5430 commeantem
2860 5364 3001 5418 Edit.
3029 5365 3188 5418 Vatic.
3210 5365 3467 5419 constrin-

1920 5452 2021 5504 gen
2108 5475 2121 5487 .
