4125 6225
718 356 798 417 86

718 490 985 555 tandum
1011 489 1180 572 quod
1195 539 1213 570 ,
1243 507 1359 573 per
1382 493 1740 574 respectum
1767 491 1849 556 ad
1873 508 2259 573 cognoscen-

716 598 849 660 tem
870 644 888 674 ,
917 596 1198 677 cognitio
1234 596 1463 661 eodem
1503 599 1693 664 modo
1731 603 2161 681 comparatur,
2194 600 2260 662 et

716 702 942 767 eodem
971 702 1163 767 modo
1187 707 1302 780 est,
1328 705 1483 787 quia
1510 706 1861 771 secundum
1884 705 2059 769 illam
2088 723 2257 770 com-

716 809 1112 892 parationem
1136 810 1330 875 habet
1351 828 1485 875 esse
1515 833 1529 875 :
1552 815 1615 875 et
1637 811 1726 876 sic
1750 812 2100 894 procedunt
2122 811 2257 894 pri-

715 939 842 985 mae
870 921 1148 986 rationes
1182 922 1580 987 ostendentes
1605 922 1774 1005 quod
1803 922 2023 986 eodem
2062 922 2256 987 modo

715 1031 1044 1112 cognoscit
1065 1048 1131 1095 se
1150 1078 1168 1109 ,
1210 1034 1274 1095 et
1307 1031 1452 1094 alia.
1484 1029 1607 1095 Sed
1649 1050 1763 1113 per
1789 1035 2148 1115 respectum
2176 1032 2257 1097 ad

716 1137 1080 1219 cognitum,
1106 1139 1255 1202 licet
1281 1138 1361 1202 sit
1386 1138 1608 1202 eadem
1626 1186 1644 1217 ,
1674 1142 1890 1204 tamen
1917 1139 2041 1203 alio
2066 1139 2258 1204 modo

717 1249 1126 1328 comparatur
1170 1267 1186 1311 ε
1228 1264 1384 1309 nam
1413 1246 1494 1310 ad
1525 1245 1728 1311 Deum
1763 1247 2119 1311 secundum
2146 1266 2256 1310 ra-

718 1355 959 1419 tionem
985 1354 1328 1419 identitatis
1341 1402 1359 1433 ,
1403 1355 1481 1418 ad
1513 1357 1871 1418 creaturam
1903 1355 2259 1419 secundum

717 1462 1031 1527 rationem
1058 1461 1441 1525 diversitatis
1480 1465 1542 1524 et
1568 1461 1980 1540 causalitatis3
2024 1465 2088 1526 et
2114 1462 2259 1526 ideo

718 1571 799 1635 ad
833 1574 1190 1634 creaturam
1233 1568 1586 1632 secundum
1623 1568 1941 1633 rationem
1978 1569 2254 1649 ideandi,

726 1677 804 1742 ad
831 1676 1033 1741 Deum
1072 1694 1228 1741 vero
1259 1676 1529 1740 minime
1560 1697 1574 1739 :
1606 1679 1670 1739 et
1699 1675 1820 1740 hoc
1847 1675 2121 1757 probant
2154 1694 2260 1738 ra-

718 1786 925 1850 tiones
959 1784 1238 1849 inductae
1273 1784 1354 1848 ad
1379 1784 1724 1848 secundam
1759 1785 2004 1865 partem
2029 1831 2047 1861 ,
2085 1783 2254 1865 quod

720 1893 848 1958 alio
894 1892 1088 1957 modo
1134 1895 1564 1975 comparatur,
1608 1894 1673 1955 et
1721 1892 1843 1954 hoc
1879 1890 2069 1963 modo
2108 1894 2260 1955 sunt

720 1999 1157 2065 concedendae.
1190 1997 1256 2063 Si
1284 2016 1443 2079 ergo
1467 1999 1701 2062 inferas
1726 1998 1898 2081 quod
1922 1998 2048 2062 alio
2069 1999 2259 2062 modo

721 2112 837 2187 est,
867 2108 956 2171 sic
974 2107 1136 2172 ratio
1156 2124 1289 2170 non
1310 2106 1499 2186 valet,
1526 2107 1680 2189 quia
1697 2105 1975 2187 cognitio
2002 2105 2112 2170 Dei
2129 2124 2261 2171 non

653 2228 658 2233 ’
720 2215 942 2298 recipit
982 2214 1251 2280 modum
1287 2214 1566 2294 essendi,
1605 2232 1724 2279 nec
1756 2213 2182 2294 nobilitatem,
2220 2232 2262 2277 a

723 2322 1005 2405 cognito.

801 2434 836 2494 1
870 2434 934 2495 et
959 2434 1020 2493 2.
1060 2428 1138 2494 Et
1173 2430 1264 2493 sic
1298 2432 1514 2512 patent
1553 2429 1682 2494 duo
1720 2429 1822 2512 obj
1831 2432 1966 2494 ecta
2002 2428 2083 2495 de
2122 2429 2263 2494 idea

724 2543 789 2603 et
813 2537 1202 2602 diversitate.

807 2647 865 2708 3.
898 2643 998 2708 Ad
1033 2643 1190 2708 illud
1230 2643 1401 2726 quod
1442 2643 1737 2726 objicitur
1773 2643 1958 2708 tertio
1987 2662 2005 2706 ε
2041 2643 2263 2709 «Nihil

725 2757 819 2817 est
867 2770 1206 2817 commune
1253 2752 1532 2817 Creatori
1548 2801 1567 2832 ,
1613 2755 1676 2817 et
1727 2756 2036 2817 creaturae
2057 2773 2074 2832 ;
2098 2774 2129 2812 n
2163 2754 2262 2817 di—

725 2862 1001 2926 cendum
1051 2861 1222 2944 quod
1262 2879 1494 2925 verum
1540 2864 1632 2923 est
1675 2861 1752 2924 de
1803 2861 2259 2926 communitate

728 2970 1080 3035 secundum
1109 2969 1401 3034 eamdem
1432 2969 2000 3052 comparationem3
2032 2969 2143 3034 sed
2168 2988 2262 3034 se-

727 3076 1012 3141 cundum
1029 3076 1219 3141 aliam
1241 3079 1303 3141 et
1326 3076 1519 3160 aliam
1538 3123 1556 3154 ,
1585 3075 1749 3141 nihil
1775 3077 2071 3161 prohibet
2091 3077 2264 3161 quod

727 3183 969 3268 aliquid
1018 3184 1099 3249 sit
1144 3184 1380 3249 veritas
1419 3189 1726 3249 creaturae
1744 3231 1762 3262 ,
1812 3188 1875 3248 et
1916 3185 2263 3251 similitudo

729 3290 870 3371 Dei3
901 3291 1189 3355 similiter
1214 3290 1384 3374 quod
1413 3291 1651 3374 aliquid
1675 3291 1757 3355 sit
1780 3291 2016 3356 veritas
2037 3292 2172 3372 Dei,
2202 3297 2266 3358 et

729 3403 1075 3468 similitudo
1113 3407 1422 3468 creatura-*2
1463 3426 1478 3468 :
1514 3409 1578 3467 et
1611 3404 1917 3487 quoniam
1953 3404 2118 3468 ratio
2156 3423 2265 3469 co-

729 3509 1084 3591 gnoscendi
1129 3509 1437 3592 accipitur
1482 3528 1674 3593 penes
1724 3513 2073 3593 utrumque
2122 3530 2262 3576 mo·

731 3617 921 3697 dum,
947 3617 1094 3683 ideo
1128 3617 1410 3699 cognitio
1454 3621 1655 3699 potest
1693 3636 1828 3682 esse
1877 3619 2260 3684 communis,

811 3734 873 3794 4.
904 3729 1000 3794 Ad
1028 3730 1186 3794 illud
1217 3729 1386 3812 quod
1423 3728 1718 3811 objicitur
1743 3730 1972 3794 ultimo
1990 3779 2008 3810 ,
2047 3731 2265 3795 dicen-

732 3836 890 3901 dum
928 3836 1100 3920 quod
1138 3838 1340 3914 tenet,
1380 3854 1530 3900 cum
1566 3835 1846 3917 cognitio
1886 3842 2189 3901 causatur
2226 3856 2267 3901 a

733 3944 1019 4027 cognit03
1046 3960 1184 4006 non
1206 3945 1421 4006 autem
1457 3945 1658 4023 tenet,
1692 3960 1842 4007 cum
1874 3961 2009 4008 non
2036 3962 2265 4009 eausa-

733 4054 862 4130 tur,
886 4049 1050 4114 sicut
1078 4049 1149 4113 in
1178 4042 1522 4132 proposito.

1236 4273 1644 4354 QUAESTIO
1688 4277 1775 4343 ΙΙ.

800 4434 895 4492 An
920 4432 1057 4488 Deus
1083 4429 1375 4487 mutabilia
1400 4431 1819 4490 immutabiliter
1841 4441 2121 4506 coquoscat
2150 4441 2192 4492 ¹.

692 4640 703 4651 .
814 4584 1045 4650 Utrum
1080 4583 1246 4649 Deus
1279 4588 1618 4666 cognoscat
1654 4586 1989 4651 mutabilia
2027 4588 2269 4654 immu-

736 4692 1044 4771 tabiliter;
1078 4695 1143 4755 et
1180 4692 1353 4774 quod
1379 4693 1499 4771 sic,
1521 4694 1874 4757 ostenditur
1898 4696 2269 4761 auctoritate

735 4800 1034 4883 Dionysii,
1065 4797 1144 4866 cle
1173 4793 1837 4882 DivinisNominibus
1861 4803 1906 4867 ².
1943 4827 1974 4866 α
1993 4803 2271 4886 Cognos-

736 4906 822 4970 cit
867 4905 1033 4971 Deus
1079 4907 1300 4972 omnia
1343 4907 1695 4971 materialia
1734 4908 2265 4992 immaterialiter,

735 5014 1057 5097 impartite
1079 5013 1336 5097 partita,
1363 5013 1767 5079 uniformiter
1784 5017 2007 5099 multa,
2035 5017 2270 5083 immu-

733 5120 1010 5184 tabiliter
1036 5120 1390 5184 mutabilia.
1419 5141 1452 5180 n

818 5227 977 5294 Item
1003 5246 1119 5310 per
1151 5228 1598 5309 Augustinum
1628 5226 1707 5294 de
1736 5228 1915 5294 Trin.
1946 5229 1969 5265 ³
2002 5253 2017 5294 :
2058 5253 2091 5293 α
2116 5231 2270 5316 Ejus

799 5352 818 5387 ¹
842 5352 925 5416 Cf.
960 5353 1135 5419 Stepb.
1168 5353 1376 5416 Brulef„
1420 5353 1440 5401 1
1480 5353 1640 5418 Sene„
1676 5353 1791 5404 dist.
1817 5365 2015 5417 xxxux,
2051 5370 2103 5419 q.
2134 5367 2183 5403 v.
2209 5383 2271 5396 —-

1850 353 2473 421 SENTENTIARUM
2516 356 2664 422 LIB.
2715 357 2764 422 1.

2373 491 2636 556 scientia
2672 493 3102 558 inamissibilis
3128 496 3250 573 est,
3293 498 3356 559 et
3391 493 3782 561 invariabilis
3815 518 3889 561 :n

2367 599 2477 666 sed
2504 617 2696 665 omne
2719 601 2841 666 tale
2867 602 3307 667 immutabile:
3339 622 3497 686 ergo
3513 652 3532 683 ,
3559 608 3677 668 etc.

2446 707 2604 772 Item
2630 708 2752 772 hoe
2790 708 3004 790 ipsum
3044 710 3393 773 ostenditur
3430 711 3714 790 ratione3
3746 712 3901 795 quia

2365 816 2538 899 quod
2575 814 2854 879 nobilius
2892 818 3017 894 est,
3058 815 3185 879 Deo
3229 816 3705 881 attribuendum
3744 821 3846 881 est
3882 840 3899 883 ι

2365 922 2474 988 sed
2496 922 2771 986 nobilior
2791 928 2885 988 est
2901 922 3185 1004 cognitio
3212 942 3341 1005 qua
3365 924 3779 1005 cognoscitur
3807 943 3906 989 res

2366 1031 2870 1112 immutabiliter,
2913 1051 3114 1115 quam
3159 1051 3290 1116 qua
3315 1034 3725 1117 cognoscitur
3752 1052 3905 1099 mu-

2365 1137 2639 1202 tabiliter
2666 1157 2681 1200 :
2711 1156 2870 1221 ergo
2884 1188 2901 1219 ,
2929 1143 3050 1203 etc.

2446 1243 2640 1325 Item,
2690 1246 2867 1327 quod
2909 1250 3004 1309 est
3030 1246 3101 1310 in
3138 1246 3390 1330 aliquo,
3430 1250 3526 1312 est
3562 1248 3633 1311 in
3670 1265 3749 1312 eo
3797 1266 3913 1331 per

2366 1353 2632 1419 modum
2660 1357 2833 1437 ejuS‚
2861 1355 2933 1418 in
2955 1375 3083 1438 quo
3112 1359 3207 1420 est
3230 1355 3253 1391 ⁸
3269 1401 3292 1434 ,
3318 1360 3384 1420 et
3408 1356 3531 1420 hoc
3553 1375 3795 1423 verum
3822 1360 3918 1421 est

2369 1462 2648 1527 maxime
2693 1462 2766 1526 in
2808 1462 2966 1543 Deo,
3017 1464 3087 1526 in
3134 1481 3263 1546 quo
3314 1482 3507 1528 omne
3551 1465 3729 1547 quod
3780 1470 3914 1544 est,

2368 1574 2462 1635 est
2486 1570 2723 1652 ipsum,
2750 1570 2885 1634 sive
2912 1570 3046 1652 ipse
3063 1569 3232 1635 Deus
3243 1589 3263 1652 ;
3290 1589 3449 1653 ergo
3464 1591 3615 1637 cum
3638 1572 3920 1637 scientia

2366 1695 2586 1740 rerum
2605 1723 2622 1754 ,
2660 1681 2727 1740 et
2749 1677 2907 1759 ipsae
2930 1695 3032 1742 res
3057 1680 3355 1760 cognitae,
3388 1676 3516 1741 sint
3549 1679 3620 1742 in
3644 1677 3782 1742 Deo
3810 1727 3831 1758 ,
3858 1682 3922 1742 et

2365 1786 2501 1866 ipse
2533 1784 2616 1848 sit
2651 1786 2913 1850 omnino
2952 1786 3406 1865 immutabilis,
3446 1791 3594 1851 sunt
3631 1804 3807 1868 ergo
3851 1786 3922 1850 in

2366 1891 2495 1957 Deo
2520 1892 3020 1958 immutabiliter.

2449 1999 2607 2063 Item
2635 2000 2717 2065 ad
2741 1999 2865 2063 hoc
2889 2004 2982 2064 est
2997 2000 3159 2065 ratio
3183 1999 3533 2082 Augustini
3556 2000 3817 2065 ducens
3840 2001 3926 2066 ad

2368 2107 2772 2190 impossibile.
2806 2106 2917 2171 Dei
2946 2107 3121 2172 enim
3163 2108 3322 2172 scire
3355 2112 3450 2171 est
3484 2125 3683 2171 suum
3727 2124 3919 2182 esse;

2368 2218 2433 2280 et
2467 2215 2729 2279 scientia
2770 2233 2918 2296 sua,
2980 2219 3077 2279 est
3120 2233 3239 2279 sua
3283 2213 3553 2279 essentia
3585 2234 3602 2278 t
3640 2215 3697 2278 si
3747 2232 3927 2296 ergo

2367 2322 2553 2386 sciret
2604 2322 3016 2401 mutabiliter,
3068 2326 3231 2386 esset
3283 2321 3604 2386 mutabilis
3652 2341 3674 2382 z
3734 2322 3923 2405 quod

2368 2430 2632 2496 omnino
2659 2431 2730 2494 in
2757 2432 2894 2515 ipso
2921 2434 3016 2495 est
3042 2428 3425 2512 impossible.

2448 2537 2638 2618 Item,
2687 2538 2801 2602 ubi
2846 2540 2941 2602 est
2979 2537 3400 2616 mutabilitas,
3450 2536 3542 2601 ibi
3584 2536 3778 2601 nulla
3825 2542 3928 2602 est

2368 2646 2678 2711 eertitudo
2712 2668 2726 2709 :
2760 2646 2815 2709 si
2838 2663 3000 2726 ergo
3028 2644 3195 2710 Deus
3224 2645 3413 2709 sciret
3436 2648 3545 2723 {res
3571 2644 3929 2709 mutabili-

2366 2759 2487 2832 ter,
2517 2753 2707 2818 seiret
2739 2752 3014 2817 incerte:
3053 2752 3165 2817 sed
3198 2752 3575 2817 incertitudo
3608 2756 3708 2816 est
3748 2769 3928 2817 con-

2368 2860 2522 2925 ditio
2572 2859 2953 2925 dedecorans
3001 2859 3438 2942 cognitionem
3488 2878 3505 2923 :
3562 2877 3727 2940 ergo
3782 2877 3929 2924 non

2369 2967 2632 3032 baberet
2663 2966 2772 3031 Dei
2802 2965 3082 3047 cognitio
3113 2966 3453 3049 perfectam
3478 2966 3928 3032 nobilitatem.

2448 3074 2723 3141 Contra:
2748 3081 2807 3140 1.
2838 3073 2996 3140 Cum
3022 3091 3125 3140 res
3150 3077 3246 3139 est
3266 3092 3564 3158 praesenS,
3590 3075 3716 3139 scit
3743 3074 3934 3140 Deus
3966 3121 4031 3163 Ad
4062 3131 4106 3174 ,E

2368 3198 2514 3246 eam
2536 3198 2671 3245 esse
2698 3185 3110 3263 praesentem3
3140 3184 3375 3246 etcum
3398 3180 3726 3264 praeterita
3744 3229 3765 3261 ,
3808 3183 3937 3246 scit

2371 3305 2517 3352 eam
2554 3305 2688 3352 esse
2719 3288 3143 3370 praeteritam3
3190 3291 3255 3352 et
3296 3307 3447 3353 cum
3487 3290 3746 3366 futura,
3808 3288 3935 3353 scit

2372 3413 2516 3460 eam
2556 3413 2695 3460 esse
2732 3396 3018 3460 futuram
3035 3444 3054 3475 ,
3094 3415 3227 3461 non
3256 3397 3642 3480 praeteritam
3692 3419 3711 3460 z
3752 3415 3934 3480 ergo

2372 3503 2648 3583 videtur,
2707 3502 2883 3585 quod
2939 3504 3102 3567 sicut
3147 3522 3266 3570 nos
3310 3504 3765 3585 cognoscimus
3824 3523 3937 3571 res

2374 3610 2782 3690 mutabiliter,
2810 3612 2895 3674 ita
2915 3614 2980 3675 et
3003 3611 3169 3675 Deus
3195 3614 3554 3692 cognoscat.

2453 3728 2514 3787 2.
2541 3722 2698 3786 Item
2713 3771 2735 3804 ,
2763 3723 2842 3787 ad
2864 3724 2985 3787 hoc
3007 3724 3179 3806 quod
3200 3725 3459 3788 scientia
3479 3725 3561 3788 sit
3582 3741 3767 3804 vera,
3804 3744 3937 3792 ne-

2376 3848 2543 3896 cesse
2571 3835 2667 3896 est
2692 3831 2909 3896 scibile
2939 3836 3002 3897 et
3035 3831 3362 3896 scientiam
3394 3830 3887 3915 proportionari
3909 3883 3929 3915 ,

2374 3938 2656 4021 alioquin
2696 3957 2830 4003 non
2872 3942 2967 4002 est
3006 3956 3161 4003 vera
3202 3938 3459 4003 scientia
3502 3953 3522 3999 ε
3558 3956 3714 4002 eum
3756 3957 3937 4022 ergo

2375 4046 2698 4113 mutabilis
2739 4047 2820 4112 ad
2853 4046 3249 4110 immutabile
3273 4064 3406 4110 non
3438 4045 3521 4109 sit
3546 4049 3894 4128 proportio
3908 4097 3931 4129 ,

2375 4156 2485 4221 sed
2510 4155 2837 4220 mutabilis
2865 4156 2947 4219 ad
2983 4154 3318 4234 mutabile,
3368 4171 3526 4236 ergo
3570 4151 3742 4217 Deus
3779 4172 3935 4220 non

2377 4264 2702 4345 cognoscit
2733 4281 2835 4327 res
2871 4262 3209 4326 mutabiles
3249 4261 3765 4340 immutabiliter,
3807 4264 3935 4328 sed

2377 4372 2786 4450 mutabiliter,
2811 4370 3093 4453 alioquin
3116 4388 3250 4434 non
3274 4386 3429 4434 vere
3455 4369 3815 4449 cognoscit,
3852 4376 3939 4436 ut

2376 4481 2653 4546 videtur.

2457 4593 2518 4653 3.
2550 4586 2731 4664 Item,
2758 4585 3069 4669 quidquid
3092 4585 3287 4650 scitur
3304 4589 3398 4650 est
3414 4603 3644 4650 verum
3660 4587 3687 4622 ⁸
3710 4608 3728 4651 t
3752 4604 3935 4671 ergo

2378 4697 2549 4780 quod
2564 4694 3045 4759 immutabiliter
3066 4696 3281 4773 scitur,
3310 4693 3800 4760 immutabiliter
3828 4701 3940 4761 est

2377 4822 2608 4869 verum
2638 4825 2655 4868 :
2685 4802 2793 4866 sed
2820 4821 2921 4866 res
2948 4801 3284 4865 mutabiles
3316 4819 3447 4865 non
3472 4802 3715 4866 babent
3736 4806 3939 4868 veri-

2379 4915 2572 4976 tatem
2595 4909 3059 4973 immutabilem
3083 4931 3101 4974 :
3128 4927 3288 4990 ergo
3313 4927 3446 4972 non
3471 4913 3742 4990 possunt
3764 4911 3936 4976 sciri

2376 5017 2879 5082 immutabiliter.

2380 5144 2400 5174 ²
2415 5145 2626 5208 Dionys.
2645 5144 2917 5208 Areopag„
2935 5143 2995 5193 de
3012 5142 3360 5205 Div.Nomin.,
3379 5154 3425 5192 c.
3444 5152 3544 5206 vn,
3563 5155 3617 5192 n.
3637 5145 3719 5208 22,
3739 5145 3939 5207 quoad

2378 5229 2670 5266 sensum.—-
2686 5215 2874 5278 ³Aug„
2900 5214 2961 5265 de
2992 5216 3149 5278 Trin„
3174 5214 3263 5264 lib.
3286 5214 3396 5277 XV,
3424 5227 3472 5264 c.
3492 5226 3677 5264 xm.—
3709 5215 3935 5281 *Arist.‚

2379 5286 2659 5411 (agdi-aga,
2681 5287 2772 5338 lib.
2796 5288 2884 5352 Ill,
2918 5290 3058 5338 cont.
3088 5288 3135 5336 4.
3177 5311 3232 5323 -
3253 5285 3275 5320 ⁸
3298 5285 3472 5350 Arist„
3506 5287 3696 5337 poster.
3723 5287 3819 5336 lib.
3872 5290 3933 5355 1,
