<?xml version="1.0" encoding="UTF-8"?>
<!DOCTYPE html PUBLIC "-//W3C//DTD XHTML 1.0 Transitional//EN"
    "http://www.w3.org/TR/xhtml1/DTD/xhtml1-transitional.dtd">
<html xmlns="http://www.w3.org/1999/xhtml" xml:lang="en" lang="en">
 <head>
  <title>
</title>
<meta http-equiv="Content-Type" content="text/html;charset=utf-8" />
  <meta name='ocr-system' content='tesseract 3.04.00' />
  <meta name='ocr-capabilities' content='ocr_page ocr_carea ocr_par ocr_line ocrx_word'/>
</head>
<body>
  <div class='ocr_page' id='page_1' title='image "./srecardinalissb01peltgoog_0263.png"; bbox 0 0 4125 6225; ppageno 0'>
   <div class='ocr_carea' id='block_1_1' title="bbox 1761 459 2235 528">
    <p class='ocr_par' dir='ltr' id='par_1_1' title="bbox 1761 459 2235 528">
     <span class='ocr_line' id='line_1_1' title="bbox 1761 459 2235 528; baseline -0.006 -2"><span class='ocrx_word' id='word_1_1' title='bbox 1761 459 2235 528; x_wconf 84' lang='lat' dir='ltr'>PROOEMIUM.</span> 
     </span>
    </p>
   </div>
   <div class='ocr_carea' id='block_1_2' title="bbox 410 577 1943 680">
    <p class='ocr_par' dir='ltr' id='par_1_2' title="bbox 410 577 1943 680">
     <span class='ocr_line' id='line_1_2' title="bbox 410 577 1943 680; baseline -0.001 -19"><span class='ocrx_word' id='word_1_2' title='bbox 410 598 657 664; x_wconf 76' lang='lat' dir='ltr'>labendi</span> <span class='ocrx_word' id='word_1_3' title='bbox 698 599 769 662; x_wconf 81' lang='lat' dir='ltr'>in</span> <span class='ocrx_word' id='word_1_4' title='bbox 804 598 910 663; x_wconf 87' lang='lat' dir='ltr'>his</span> <span class='ocrx_word' id='word_1_5' title='bbox 939 599 1145 663; x_wconf 80' lang='lat' dir='ltr'>tribus</span> <span class='ocrx_word' id='word_1_6' title='bbox 1186 616 1336 680; x_wconf 80' lang='lat' dir='ltr'>quae</span> <span class='ocrx_word' id='word_1_7' title='bbox 1376 577 1549 677; x_wconf 68' lang='lat' dir='ltr'>diat,</span> <span class='ocrx_word' id='word_1_8' title='bbox 1593 597 1943 662; x_wconf 80' lang='lat' dir='ltr'>secundum</span> 
     </span>
    </p>
   </div>
   <div class='ocr_carea' id='block_1_3' title="bbox 146 697 1947 1319">
    <p class='ocr_par' dir='ltr' id='par_1_3' title="bbox 146 697 1947 1319">
     <span class='ocr_line' id='line_1_3' title="bbox 179 697 1947 815; baseline -0.002 -46"><span class='ocrx_word' id='word_1_9' title='bbox 179 710 300 753; x_wconf 66' lang='lat' dir='ltr'>Tri·</span> <span class='ocrx_word' id='word_1_10' title='bbox 320 709 382 815; x_wconf 47' lang='grc' dir='ltr'>ἐξ·</span> <span class='ocrx_word' id='word_1_11' title='bbox 412 708 531 771; x_wconf 86' lang='lat' dir='ltr'>tria</span> <span class='ocrx_word' id='word_1_12' title='bbox 566 724 715 788; x_wconf 82' lang='lat' dir='ltr'>quae</span> <span class='ocrx_word' id='word_1_13' title='bbox 761 706 831 769; x_wconf 93' lang='lat' dir='ltr'>in</span> <span class='ocrx_word' id='word_1_14' title='bbox 888 709 1141 787; x_wconf 89' lang='lat' dir='ltr'>peccato</span> <span class='ocrx_word' id='word_1_15' title='bbox 1176 697 1682 779; x_wconf 86' lang='lat' dir='ltr'>considerantur,</span> <span class='ocrx_word' id='word_1_16' title='bbox 1726 710 1789 767; x_wconf 89' lang='lat' dir='ltr'>ct</span> <span class='ocrx_word' id='word_1_17' title='bbox 1826 704 1947 767; x_wconf 90' lang='lat' dir='ltr'>tria</span> 
     </span>
     <span class='ocr_line' id='line_1_4' title="bbox 172 785 1947 895; baseline -0.003 -16"><span class='ocrx_word' id='word_1_18' title='bbox 172 785 383 879; x_wconf 49' lang='grc' dir='ltr'>’ἑξ-Ἔαρ-</span> <span class='ocrx_word' id='word_1_19' title='bbox 410 832 556 895; x_wconf 84' lang='lat' dir='ltr'>quae</span> <span class='ocrx_word' id='word_1_20' title='bbox 590 814 658 877; x_wconf 92' lang='lat' dir='ltr'>in</span> <span class='ocrx_word' id='word_1_21' title='bbox 683 814 806 877; x_wconf 90' lang='lat' dir='ltr'>boc</span> <span class='ocrx_word' id='word_1_22' title='bbox 840 813 1039 877; x_wconf 88' lang='lat' dir='ltr'>verbo</span> <span class='ocrx_word' id='word_1_23' title='bbox 1078 817 1544 894; x_wconf 90' lang='lat' dir='ltr'>proponuntur.</span> <span class='ocrx_word' id='word_1_24' title='bbox 1591 811 1663 875; x_wconf 92' lang='lat' dir='ltr'>In</span> <span class='ocrx_word' id='word_1_25' title='bbox 1696 816 1947 894; x_wconf 82' lang='lat' dir='ltr'>peccato</span> 
     </span>
     <span class='ocr_line' id='line_1_5' title="bbox 147 904 368 1010; baseline 0.027 -6"><span class='ocrx_word' id='word_1_26' title='bbox 147 904 368 1010; x_wconf 52' lang='lat' dir='ltr'>,tratti</span> 
     </span>
     <span class='ocr_line' id='line_1_6' title="bbox 175 1024 1944 1130; baseline -0.001 -41"><span class='ocrx_word' id='word_1_27' title='bbox 175 1037 368 1130; x_wconf 40' lang='lat'>29:²20&amp;</span> <span class='ocrx_word' id='word_1_28' title='bbox 410 1047 557 1092; x_wconf 87' lang='lat' dir='ltr'>rum</span> <span class='ocrx_word' id='word_1_29' title='bbox 597 1027 873 1105; x_wconf 87' lang='lat' dir='ltr'>amissio,</span> <span class='ocrx_word' id='word_1_30' title='bbox 908 1026 1041 1092; x_wconf 89' lang='lat' dir='ltr'>sive</span> <span class='ocrx_word' id='word_1_31' title='bbox 1084 1025 1442 1108; x_wconf 79' lang='lat' dir='ltr'><strong>expoliatio.</strong></span> <span class='ocrx_word' id='word_1_32' title='bbox 1470 1024 1813 1090; x_wconf 83' lang='lat' dir='ltr'>Conversio</span> <span class='ocrx_word' id='word_1_33' title='bbox 1843 1027 1944 1088; x_wconf 90' lang='lat' dir='ltr'>in-</span> 
     </span>
     <span class='ocr_line' id='line_1_7' title="bbox 148 1133 1947 1269; baseline 0.001 -74"><span class='ocrx_word' id='word_1_34' title='bbox 148 1150 386 1269; x_wconf 49' lang='grc' dir='ltr'>υὲἒὲοτιιξὲιι</span> <span class='ocrx_word' id='word_1_35' title='bbox 414 1134 723 1216; x_wconf 86' lang='lat' dir='ltr'>telligitur</span> <span class='ocrx_word' id='word_1_36' title='bbox 746 1152 859 1216; x_wconf 89' lang='lat' dir='ltr'>per</span> <span class='ocrx_word' id='word_1_37' title='bbox 877 1133 1371 1212; x_wconf 85' lang='lat' dir='ltr'>immixtionem,</span> <span class='ocrx_word' id='word_1_38' title='bbox 1393 1133 1637 1197; x_wconf 84' lang='lat' dir='ltr'>aversio</span> <span class='ocrx_word' id='word_1_39' title='bbox 1657 1153 1770 1216; x_wconf 85' lang='lat' dir='ltr'>per</span> <span class='ocrx_word' id='word_1_40' title='bbox 1797 1133 1947 1196; x_wconf 85' lang='lat' dir='ltr'>finis</span> 
     </span>
     <span class='ocr_line' id='line_1_8' title="bbox 146 1275 240 1319; baseline 0.021 -2"><span class='ocrx_word' id='word_1_41' title='bbox 146 1275 240 1319; x_wconf 68' lang='lat' dir='ltr'>uo.</span> 
     </span>
    </p>
   </div>
   <div class='ocr_carea' id='block_1_4' title="bbox 411 919 1949 1003">
    <p class='ocr_par' dir='ltr' id='par_1_4' title="bbox 411 919 1949 1003">
     <span class='ocr_line' id='line_1_9' title="bbox 411 919 1949 1003; baseline -0.002 -19"><span class='ocrx_word' id='word_1_42' title='bbox 411 938 690 1003; x_wconf 88' lang='lat' dir='ltr'>namque</span> <span class='ocrx_word' id='word_1_43' title='bbox 729 924 825 984; x_wconf 88' lang='lat' dir='ltr'>est</span> <span class='ocrx_word' id='word_1_44' title='bbox 864 921 1215 998; x_wconf 83' lang='lat' dir='ltr'><strong>conversio,</strong></span> <span class='ocrx_word' id='word_1_45' title='bbox 1260 924 1323 982; x_wconf 91' lang='lat' dir='ltr'>et</span> <span class='ocrx_word' id='word_1_46' title='bbox 1356 919 1629 995; x_wconf 79' lang='lat' dir='ltr'>aversio,</span> <span class='ocrx_word' id='word_1_47' title='bbox 1658 924 1721 982; x_wconf 90' lang='lat' dir='ltr'>et</span> <span class='ocrx_word' id='word_1_48' title='bbox 1747 919 1949 982; x_wconf 90' lang='lat' dir='ltr'>bono-</span> 
     </span>
    </p>
   </div>
   <div class='ocr_carea' id='block_1_5' title="bbox 410 1240 1948 4652">
    <p class='ocr_par' dir='ltr' id='par_1_5' title="bbox 410 1240 1948 4652">
     <span class='ocr_line' id='line_1_10' title="bbox 414 1240 1941 1323; baseline 0.001 -19"><span class='ocrx_word' id='word_1_49' title='bbox 414 1241 856 1323; x_wconf 86' lang='lat' dir='ltr'>privationem,</span> <span class='ocrx_word' id='word_1_50' title='bbox 878 1240 985 1304; x_wconf 92' lang='lat' dir='ltr'>sed</span> <span class='ocrx_word' id='word_1_51' title='bbox 1008 1240 1349 1323; x_wconf 73' lang='lat' dir='ltr'>expoliatio</span> <span class='ocrx_word' id='word_1_52' title='bbox 1372 1257 1485 1323; x_wconf 90' lang='lat' dir='ltr'>per</span> <span class='ocrx_word' id='word_1_53' title='bbox 1502 1241 1941 1321; x_wconf 69' lang='lat' dir='ltr'>quaestionem.</span> 
     </span>
     <span class='ocr_line' id='line_1_11' title="bbox 411 1346 1940 1429; baseline -0.003 -16"><span class='ocrx_word' id='word_1_54' title='bbox 411 1348 571 1413; x_wconf 88' lang='lat' dir='ltr'>Nam</span> <span class='ocrx_word' id='word_1_55' title='bbox 600 1348 931 1413; x_wconf 78' lang='lat' dir='ltr'>conversio</span> <span class='ocrx_word' id='word_1_56' title='bbox 956 1348 1104 1411; x_wconf 88' lang='lat' dir='ltr'>facit</span> <span class='ocrx_word' id='word_1_57' title='bbox 1132 1365 1426 1429; x_wconf 89' lang='lat' dir='ltr'>pravum,</span> <span class='ocrx_word' id='word_1_58' title='bbox 1450 1346 1555 1410; x_wconf 87' lang='lat' dir='ltr'>vel</span> <span class='ocrx_word' id='word_1_59' title='bbox 1579 1347 1940 1429; x_wconf 90' lang='lat' dir='ltr'>impurum;</span> 
     </span>
     <span class='ocr_line' id='line_1_12' title="bbox 412 1453 1948 1536; baseline -0.002 -17"><span class='ocrx_word' id='word_1_60' title='bbox 412 1456 657 1520; x_wconf 86' lang='lat' dir='ltr'>aversio</span> <span class='ocrx_word' id='word_1_61' title='bbox 683 1456 1050 1532; x_wconf 81' lang='lat' dir='ltr'>infirmum3</span> <span class='ocrx_word' id='word_1_62' title='bbox 1084 1454 1424 1536; x_wconf 80' lang='lat' dir='ltr'>expoliatio</span> <span class='ocrx_word' id='word_1_63' title='bbox 1452 1453 1855 1517; x_wconf 90' lang='lat' dir='ltr'>mendicum:</span> <span class='ocrx_word' id='word_1_64' title='bbox 1883 1457 1948 1518; x_wconf 94' lang='lat' dir='ltr'>et</span> 
     </span>
     <span class='ocr_line' id='line_1_13' title="bbox 411 1561 1946 1642; baseline 0.001 -18"><span class='ocrx_word' id='word_1_65' title='bbox 411 1563 529 1625; x_wconf 91' lang='lat' dir='ltr'>hoc</span> <span class='ocrx_word' id='word_1_66' title='bbox 551 1567 760 1625; x_wconf 89' lang='lat' dir='ltr'>totum</span> <span class='ocrx_word' id='word_1_67' title='bbox 782 1562 1094 1642; x_wconf 83' lang='lat' dir='ltr'>tangitur,</span> <span class='ocrx_word' id='word_1_68' title='bbox 1122 1580 1269 1624; x_wconf 90' lang='lat' dir='ltr'>cum</span> <span class='ocrx_word' id='word_1_69' title='bbox 1293 1561 1560 1624; x_wconf 90' lang='lat' dir='ltr'>dicitur:</span> <span class='ocrx_word' id='word_1_70' title='bbox 1586 1562 1946 1627; x_wconf 85' lang='lat' dir='ltr'>Immiscuit</span> 
     </span>
     <span class='ocr_line' id='line_1_14' title="bbox 411 1665 1946 1750; baseline -0.003 -16"><span class='ocrx_word' id='word_1_71' title='bbox 411 1684 475 1734; x_wconf 75' lang='lat' dir='ltr'>se</span> <span class='ocrx_word' id='word_1_72' title='bbox 500 1669 794 1747; x_wconf 78' lang='lat' dir='ltr'>infinitis</span> <span class='ocrx_word' id='word_1_73' title='bbox 820 1667 1303 1750; x_wconf 60' lang='lat' dir='ltr'>questionibus.</span> <span class='ocrx_word' id='word_1_74' title='bbox 1336 1665 1546 1730; x_wconf 89' lang='lat' dir='ltr'>Potest</span> <span class='ocrx_word' id='word_1_75' title='bbox 1587 1667 1777 1729; x_wconf 88' lang='lat' dir='ltr'>etiam</span> <span class='ocrx_word' id='word_1_76' title='bbox 1819 1685 1946 1730; x_wconf 89' lang='lat' dir='ltr'>no-</span> 
     </span>
     <span class='ocr_line' id='line_1_15' title="bbox 413 1774 1946 1857; baseline 0 -19"><span class='ocrx_word' id='word_1_77' title='bbox 413 1776 531 1839; x_wconf 84' lang='lat' dir='ltr'>tari</span> <span class='ocrx_word' id='word_1_78' title='bbox 566 1780 767 1839; x_wconf 89' lang='lat' dir='ltr'>status</span> <span class='ocrx_word' id='word_1_79' title='bbox 792 1776 863 1839; x_wconf 91' lang='lat' dir='ltr'>in</span> <span class='ocrx_word' id='word_1_80' title='bbox 902 1793 1096 1857; x_wconf 90' lang='lat' dir='ltr'>quem</span> <span class='ocrx_word' id='word_1_81' title='bbox 1124 1775 1368 1838; x_wconf 90' lang='lat' dir='ltr'>cecidit.</span> <span class='ocrx_word' id='word_1_82' title='bbox 1401 1774 1504 1838; x_wconf 87' lang='lat' dir='ltr'>Sic</span> <span class='ocrx_word' id='word_1_83' title='bbox 1526 1775 1699 1838; x_wconf 91' lang='lat' dir='ltr'>enim</span> <span class='ocrx_word' id='word_1_84' title='bbox 1725 1775 1946 1839; x_wconf 89' lang='lat' dir='ltr'>cecidit</span> 
     </span>
     <span class='ocr_line' id='line_1_16' title="bbox 412 1880 1940 1963; baseline 0 -19"><span class='ocrx_word' id='word_1_85' title='bbox 412 1901 451 1944; x_wconf 90' lang='lat' dir='ltr'>a</span> <span class='ocrx_word' id='word_1_86' title='bbox 467 1882 861 1961; x_wconf 78' lang='lat' dir='ltr'>rectitudine,</span> <span class='ocrx_word' id='word_1_87' title='bbox 875 1885 948 1945; x_wconf 88' lang='lat' dir='ltr'>ut</span> <span class='ocrx_word' id='word_1_88' title='bbox 963 1880 1249 1963; x_wconf 80' lang='lat' dir='ltr'>perderet</span> <span class='ocrx_word' id='word_1_89' title='bbox 1262 1880 1462 1963; x_wconf 82' lang='lat' dir='ltr'>ipsam</span> <span class='ocrx_word' id='word_1_90' title='bbox 1480 1880 1940 1961; x_wconf 83' lang='lat' dir='ltr'>rectitudinem,</span> 
     </span>
     <span class='ocr_line' id='line_1_17' title="bbox 413 1988 1941 2070; baseline 0 -18"><span class='ocrx_word' id='word_1_91' title='bbox 413 2007 541 2052; x_wconf 91' lang='lat' dir='ltr'>non</span> <span class='ocrx_word' id='word_1_92' title='bbox 586 1990 982 2054; x_wconf 87' lang='lat' dir='ltr'>rectitudinis</span> <span class='ocrx_word' id='word_1_93' title='bbox 1008 1988 1466 2069; x_wconf 81' lang='lat' dir='ltr'>aptitudinem:</span> <span class='ocrx_word' id='word_1_94' title='bbox 1504 1989 1793 2070; x_wconf 87' lang='lat' dir='ltr'>perderet</span> <span class='ocrx_word' id='word_1_95' title='bbox 1826 1990 1941 2052; x_wconf 89' lang='lat' dir='ltr'>ha-</span> 
     </span>
     <span class='ocr_line' id='line_1_18' title="bbox 411 2094 1941 2178; baseline -0.001 -18"><span class='ocrx_word' id='word_1_96' title='bbox 411 2097 637 2173; x_wconf 85' lang='lat' dir='ltr'>bitum,</span> <span class='ocrx_word' id='word_1_97' title='bbox 666 2115 802 2159; x_wconf 92' lang='lat' dir='ltr'>non</span> <span class='ocrx_word' id='word_1_98' title='bbox 827 2095 1216 2178; x_wconf 88' lang='lat' dir='ltr'>appetitum:</span> <span class='ocrx_word' id='word_1_99' title='bbox 1246 2094 1399 2176; x_wconf 89' lang='lat' dir='ltr'>quia</span> <span class='ocrx_word' id='word_1_100' title='bbox 1424 2095 1513 2157; x_wconf 89' lang='lat' dir='ltr'>sic</span> <span class='ocrx_word' id='word_1_101' title='bbox 1532 2095 1742 2158; x_wconf 88' lang='lat' dir='ltr'>amisit</span> <span class='ocrx_word' id='word_1_102' title='bbox 1763 2095 1941 2159; x_wconf 89' lang='lat' dir='ltr'>simi-</span> 
     </span>
     <span class='ocr_line' id='line_1_19' title="bbox 411 2202 1940 2285; baseline 0.001 -19"><span class='ocrx_word' id='word_1_103' title='bbox 411 2203 766 2281; x_wconf 83' lang='lat' dir='ltr'>litudinem,</span> <span class='ocrx_word' id='word_1_104' title='bbox 779 2207 1078 2266; x_wconf 84' lang='lat' dir='ltr'>uttamen</span> <span class='ocrx_word' id='word_1_105' title='bbox 1089 2208 1486 2283; x_wconf 74' lang='lat' dir='ltr'>pertranseat</span> <span class='ocrx_word' id='word_1_106' title='bbox 1502 2202 1578 2267; x_wconf 87' lang='lat' dir='ltr'>in</span> <span class='ocrx_word' id='word_1_107' title='bbox 1596 2203 1877 2285; x_wconf 75' lang='lat' dir='ltr'>imaqine</span> <span class='ocrx_word' id='word_1_108' title='bbox 1894 2209 1912 2243; x_wconf 83' lang='lat'>¹</span> <span class='ocrx_word' id='word_1_109' title='bbox 1924 2250 1940 2268; x_wconf 92' lang='lat'>.</span> 
     </span>
     <span class='ocr_line' id='line_1_20' title="bbox 414 2308 1943 2391; baseline 0 -18"><span class='ocrx_word' id='word_1_110' title='bbox 414 2309 725 2386; x_wconf 80' lang='lat' dir='ltr'>Quoniam</span> <span class='ocrx_word' id='word_1_111' title='bbox 764 2310 967 2391; x_wconf 83' lang='lat' dir='ltr'>igitur</span> <span class='ocrx_word' id='word_1_112' title='bbox 992 2308 1297 2372; x_wconf 87' lang='lat' dir='ltr'>remansit</span> <span class='ocrx_word' id='word_1_113' title='bbox 1321 2310 1636 2390; x_wconf 87' lang='lat' dir='ltr'>appetitus</span> <span class='ocrx_word' id='word_1_114' title='bbox 1662 2309 1796 2373; x_wconf 91' lang='lat' dir='ltr'>sine</span> <span class='ocrx_word' id='word_1_115' title='bbox 1821 2310 1943 2373; x_wconf 90' lang='lat' dir='ltr'>ha-</span> 
     </span>
     <span class='ocr_line' id='line_1_21' title="bbox 411 2414 1946 2498; baseline 0 -20"><span class='ocrx_word' id='word_1_116' title='bbox 411 2416 581 2494; x_wconf 88' lang='lat' dir='ltr'>bitu;</span> <span class='ocrx_word' id='word_1_117' title='bbox 619 2417 759 2480; x_wconf 90' lang='lat' dir='ltr'>ideo</span> <span class='ocrx_word' id='word_1_118' title='bbox 795 2418 997 2480; x_wconf 83' lang='lat' dir='ltr'>factus</span> <span class='ocrx_word' id='word_1_119' title='bbox 1036 2420 1131 2480; x_wconf 90' lang='lat' dir='ltr'>est</span> <span class='ocrx_word' id='word_1_120' title='bbox 1166 2414 1361 2479; x_wconf 92' lang='lat' dir='ltr'>homo</span> <span class='ocrx_word' id='word_1_121' title='bbox 1400 2416 1744 2498; x_wconf 63' lang='lat' dir='ltr'>quaerendo</span> <span class='ocrx_word' id='word_1_122' title='bbox 1771 2416 1946 2479; x_wconf 91' lang='lat' dir='ltr'>solli-</span> 
     </span>
     <span class='ocr_line' id='line_1_22' title="bbox 413 2523 1944 2606; baseline -0.001 -18"><span class='ocrx_word' id='word_1_123' title='bbox 413 2526 591 2588; x_wconf 82' lang='lat' dir='ltr'>cituS.</span> <span class='ocrx_word' id='word_1_124' title='bbox 636 2523 712 2589; x_wconf 85' lang='lat' dir='ltr'>Et</span> <span class='ocrx_word' id='word_1_125' title='bbox 747 2525 897 2606; x_wconf 91' lang='lat' dir='ltr'>quia</span> <span class='ocrx_word' id='word_1_126' title='bbox 936 2523 1098 2586; x_wconf 89' lang='lat' dir='ltr'>nihil</span> <span class='ocrx_word' id='word_1_127' title='bbox 1138 2527 1422 2586; x_wconf 88' lang='lat' dir='ltr'>creatum</span> <span class='ocrx_word' id='word_1_128' title='bbox 1469 2540 1944 2605; x_wconf 86' lang='lat' dir='ltr'>recompensare</span> 
     </span>
     <span class='ocr_line' id='line_1_23' title="bbox 412 2630 1938 2712; baseline -0.001 -18"><span class='ocrx_word' id='word_1_129' title='bbox 412 2636 611 2712; x_wconf 88' lang='lat' dir='ltr'>potest</span> <span class='ocrx_word' id='word_1_130' title='bbox 637 2631 879 2695; x_wconf 91' lang='lat' dir='ltr'>bonum</span> <span class='ocrx_word' id='word_1_131' title='bbox 908 2632 1239 2708; x_wconf 88' lang='lat' dir='ltr'>amissum,</span> <span class='ocrx_word' id='word_1_132' title='bbox 1269 2647 1418 2692; x_wconf 91' lang='lat' dir='ltr'>cum</span> <span class='ocrx_word' id='word_1_133' title='bbox 1458 2630 1541 2693; x_wconf 90' lang='lat' dir='ltr'>sit</span> <span class='ocrx_word' id='word_1_134' title='bbox 1582 2630 1938 2707; x_wconf 82' lang='lat' dir='ltr'>infinitum3</span> 
     </span>
     <span class='ocr_line' id='line_1_24' title="bbox 412 2732 1937 2822; baseline 0 -21"><span class='ocrx_word' id='word_1_135' title='bbox 412 2740 550 2803; x_wconf 90' lang='lat' dir='ltr'>ideo</span> <span class='ocrx_word' id='word_1_136' title='bbox 582 2739 847 2822; x_wconf 90' lang='lat' dir='ltr'>appetit,</span> <span class='ocrx_word' id='word_1_137' title='bbox 877 2739 1137 2821; x_wconf 83' lang='lat' dir='ltr'>quaerit,</span> <span class='ocrx_word' id='word_1_138' title='bbox 1166 2732 1238 2801; x_wconf 83' lang='lat' dir='ltr'>et&#39;</span> <span class='ocrx_word' id='word_1_139' title='bbox 1262 2756 1602 2819; x_wconf 89' lang='lat' dir='ltr'>nunquam</span> <span class='ocrx_word' id='word_1_140' title='bbox 1637 2739 1937 2820; x_wconf 87' lang='lat' dir='ltr'>quiescit:</span> 
     </span>
     <span class='ocr_line' id='line_1_25' title="bbox 413 2845 1944 2923; baseline -0.002 -12"><span class='ocrx_word' id='word_1_141' title='bbox 413 2852 472 2910; x_wconf 87' lang='lat' dir='ltr'>et</span> <span class='ocrx_word' id='word_1_142' title='bbox 515 2847 657 2911; x_wconf 88' lang='lat' dir='ltr'>ideo</span> <span class='ocrx_word' id='word_1_143' title='bbox 703 2847 1072 2910; x_wconf 89' lang='lat' dir='ltr'>declinando</span> <span class='ocrx_word' id='word_1_144' title='bbox 1123 2865 1163 2908; x_wconf 91' lang='lat' dir='ltr'>a</span> <span class='ocrx_word' id='word_1_145' title='bbox 1210 2845 1624 2923; x_wconf 86' lang='lat' dir='ltr'>rectitudine,</span> <span class='ocrx_word' id='word_1_146' title='bbox 1679 2845 1944 2908; x_wconf 87' lang='lat' dir='ltr'>infinitis</span> 
     </span>
     <span class='ocr_line' id='line_1_26' title="bbox 412 2951 1945 3037; baseline -0.001 -18"><span class='ocrx_word' id='word_1_147' title='bbox 412 2956 867 3037; x_wconf 85' lang='lat' dir='ltr'>quaestionibus</span> <span class='ocrx_word' id='word_1_148' title='bbox 920 2973 986 3017; x_wconf 91' lang='lat' dir='ltr'>se</span> <span class='ocrx_word' id='word_1_149' title='bbox 1036 2953 1403 3017; x_wconf 81' lang='lat' dir='ltr'>immiscuit.</span> <span class='ocrx_word' id='word_1_150' title='bbox 1474 2951 1650 3017; x_wconf 87' lang='lat' dir='ltr'>Unde</span> <span class='ocrx_word' id='word_1_151' title='bbox 1703 2954 1945 3017; x_wconf 89' lang='lat' dir='ltr'>intelli-</span> 
     </span>
     <span class='ocr_line' id='line_1_27' title="bbox 410 3060 1945 3143; baseline 0 -18"><span class='ocrx_word' id='word_1_152' title='bbox 410 3062 624 3143; x_wconf 79' lang='lat' dir='ltr'>gentia</span> <span class='ocrx_word' id='word_1_153' title='bbox 660 3060 1003 3126; x_wconf 85' lang='lat' dir='ltr'>avertendo</span> <span class='ocrx_word' id='word_1_154' title='bbox 1043 3079 1110 3125; x_wconf 86' lang='lat' dir='ltr'>se</span> <span class='ocrx_word' id='word_1_155' title='bbox 1149 3079 1189 3124; x_wconf 89' lang='lat' dir='ltr'>a</span> <span class='ocrx_word' id='word_1_156' title='bbox 1232 3078 1488 3124; x_wconf 90' lang='lat' dir='ltr'>summa</span> <span class='ocrx_word' id='word_1_157' title='bbox 1526 3060 1791 3125; x_wconf 87' lang='lat' dir='ltr'>veritate</span> <span class='ocrx_word' id='word_1_158' title='bbox 1815 3109 1831 3137; x_wconf 90' lang='lat'>,</span> <span class='ocrx_word' id='word_1_159' title='bbox 1882 3066 1945 3126; x_wconf 87' lang='lat' dir='ltr'>et</span> 
     </span>
     <span class='ocr_line' id='line_1_28' title="bbox 411 3167 1945 3251; baseline -0.001 -19"><span class='ocrx_word' id='word_1_160' title='bbox 411 3169 634 3250; x_wconf 71' lang='lat' dir='ltr'>gratiae</span> <span class='ocrx_word' id='word_1_161' title='bbox 679 3168 760 3251; x_wconf 84' lang='lat' dir='ltr'>(a)</span> <span class='ocrx_word' id='word_1_162' title='bbox 801 3167 1024 3233; x_wconf 78' lang='lat' dir='ltr'>effecta</span> <span class='ocrx_word' id='word_1_163' title='bbox 1052 3168 1302 3248; x_wconf 86' lang='lat' dir='ltr'>ignara,</span> <span class='ocrx_word' id='word_1_164' title='bbox 1343 3167 1607 3230; x_wconf 86' lang='lat' dir='ltr'>infinitis</span> <span class='ocrx_word' id='word_1_165' title='bbox 1644 3169 1945 3249; x_wconf 65' lang='lat' dir='ltr'>quaestio-</span> 
     </span>
     <span class='ocr_line' id='line_1_29' title="bbox 410 3273 1937 3357; baseline 0.002 -21"><span class='ocrx_word' id='word_1_166' title='bbox 410 3276 601 3339; x_wconf 90' lang='lat' dir='ltr'>nibus</span> <span class='ocrx_word' id='word_1_167' title='bbox 618 3293 683 3338; x_wconf 90' lang='lat' dir='ltr'>se</span> <span class='ocrx_word' id='word_1_168' title='bbox 703 3275 1051 3339; x_wconf 88' lang='lat' dir='ltr'>immiscuit</span> <span class='ocrx_word' id='word_1_169' title='bbox 1072 3293 1185 3357; x_wconf 89' lang='lat' dir='ltr'>per</span> <span class='ocrx_word' id='word_1_170' title='bbox 1207 3275 1658 3339; x_wconf 87' lang='lat' dir='ltr'>curiositatem.</span> <span class='ocrx_word' id='word_1_171' title='bbox 1687 3273 1900 3339; x_wconf 83' lang='lat' dir='ltr'>Unde²</span> <span class='ocrx_word' id='word_1_172' title='bbox 1922 3299 1937 3339; x_wconf 89' lang='lat'>:</span> 
     </span>
     <span class='ocr_line' id='line_1_30' title="bbox 412 3382 1941 3464; baseline 0.001 -16"><span class='ocrx_word' id='word_1_173' title='bbox 412 3384 526 3450; x_wconf 81' lang='lat' dir='ltr'>Est</span> <span class='ocrx_word' id='word_1_174' title='bbox 579 3384 756 3449; x_wconf 77' lang='lat' dir='ltr'>homo</span> <span class='ocrx_word' id='word_1_175' title='bbox 805 3385 921 3464; x_wconf 80' lang='lat' dir='ltr'>qui</span> <span class='ocrx_word' id='word_1_176' title='bbox 965 3382 1188 3448; x_wconf 82' lang='lat' dir='ltr'>diebus</span> <span class='ocrx_word' id='word_1_177' title='bbox 1235 3388 1293 3449; x_wconf 91' lang='lat' dir='ltr'>et</span> <span class='ocrx_word' id='word_1_178' title='bbox 1330 3385 1619 3448; x_wconf 76' lang='lat' dir='ltr'>noctibus</span> <span class='ocrx_word' id='word_1_179' title='bbox 1653 3400 1941 3449; x_wconf 87' lang='lat' dir='ltr'>somnum</span> 
     </span>
     <span class='ocr_line' id='line_1_31' title="bbox 411 3490 1944 3573; baseline -0.001 -18"><span class='ocrx_word' id='word_1_180' title='bbox 411 3508 536 3556; x_wconf 86' lang='lat' dir='ltr'>non</span> <span class='ocrx_word' id='word_1_181' title='bbox 574 3493 749 3573; x_wconf 87' lang='lat' dir='ltr'>capit</span> <span class='ocrx_word' id='word_1_182' title='bbox 776 3490 1013 3564; x_wconf 83' lang='lat' dir='ltr'>oeulis;</span> <span class='ocrx_word' id='word_1_183' title='bbox 1040 3495 1096 3555; x_wconf 90' lang='lat' dir='ltr'>et</span> <span class='ocrx_word' id='word_1_184' title='bbox 1132 3490 1431 3556; x_wconf 73' lang='lat' dir='ltr'>intellexi</span> <span class='ocrx_word' id='word_1_185' title='bbox 1456 3490 1625 3572; x_wconf 82' lang='lat' dir='ltr'>quod</span> <span class='ocrx_word' id='word_1_186' title='bbox 1659 3493 1944 3555; x_wconf 86' lang='lat' dir='ltr'>omnium</span> 
     </span>
     <span class='ocr_line' id='line_1_32' title="bbox 412 3598 1945 3679; baseline 0.001 -16"><span class='ocrx_word' id='word_1_187' title='bbox 412 3615 670 3679; x_wconf 86' lang='lat' dir='ltr'>operum</span> <span class='ocrx_word' id='word_1_188' title='bbox 725 3599 839 3664; x_wconf 88' lang='lat' dir='ltr'>Dei</span> <span class='ocrx_word' id='word_1_189' title='bbox 881 3599 1124 3663; x_wconf 85' lang='lat' dir='ltr'>nullam</span> <span class='ocrx_word' id='word_1_190' title='bbox 1163 3601 1370 3679; x_wconf 86' lang='lat' dir='ltr'>possit</span> <span class='ocrx_word' id='word_1_191' title='bbox 1422 3598 1602 3664; x_wconf 79' lang='lat' dir='ltr'>homo</span> <span class='ocrx_word' id='word_1_192' title='bbox 1652 3601 1945 3664; x_wconf 85' lang='lat' dir='ltr'>invenire</span> 
     </span>
     <span class='ocr_line' id='line_1_33' title="bbox 411 3705 1943 3788; baseline -0.001 -18"><span class='ocrx_word' id='word_1_193' title='bbox 411 3707 740 3781; x_wconf 80' lang='lat' dir='ltr'>rationem,</span> <span class='ocrx_word' id='word_1_194' title='bbox 770 3706 1016 3788; x_wconf 87' lang='lat' dir='ltr'>supple,</span> <span class='ocrx_word' id='word_1_195' title='bbox 1044 3723 1190 3786; x_wconf 84' lang='lat' dir='ltr'>quae</span> <span class='ocrx_word' id='word_1_196' title='bbox 1207 3706 1388 3769; x_wconf 82' lang='lat' dir='ltr'>finiat</span> <span class='ocrx_word' id='word_1_197' title='bbox 1404 3705 1780 3787; x_wconf 89' lang='lat' dir='ltr'>appetitum,</span> <span class='ocrx_word' id='word_1_198' title='bbox 1810 3706 1943 3769; x_wconf 89' lang='lat' dir='ltr'>sive</span> 
     </span>
     <span class='ocr_line' id='line_1_34' title="bbox 411 3811 1944 3895; baseline 0.001 -20"><span class='ocrx_word' id='word_1_199' title='bbox 411 3812 910 3894; x_wconf 83' lang='lat' dir='ltr'>inquisitionem:</span> <span class='ocrx_word' id='word_1_200' title='bbox 943 3811 1074 3875; x_wconf 91' lang='lat' dir='ltr'>imo</span> <span class='ocrx_word' id='word_1_201' title='bbox 1115 3817 1378 3892; x_wconf 83' lang='lat' dir='ltr'>generat</span> <span class='ocrx_word' id='word_1_202' title='bbox 1413 3813 1605 3876; x_wconf 86' lang='lat' dir='ltr'>aliam</span> <span class='ocrx_word' id='word_1_203' title='bbox 1640 3815 1944 3895; x_wconf 71' lang='lat' dir='ltr'>quaestio-</span> 
     </span>
     <span class='ocr_line' id='line_1_35' title="bbox 412 3919 1943 4003; baseline 0.001 -21"><span class='ocrx_word' id='word_1_204' title='bbox 412 3938 578 3998; x_wconf 90' lang='lat' dir='ltr'>nem,</span> <span class='ocrx_word' id='word_1_205' title='bbox 609 3927 673 3984; x_wconf 88' lang='lat' dir='ltr'>et</span> <span class='ocrx_word' id='word_1_206' title='bbox 707 3920 872 4003; x_wconf 86' lang='lat' dir='ltr'>parit</span> <span class='ocrx_word' id='word_1_207' title='bbox 897 3937 1133 3983; x_wconf 90' lang='lat' dir='ltr'>novam</span> <span class='ocrx_word' id='word_1_208' title='bbox 1165 3919 1631 3983; x_wconf 84' lang='lat' dir='ltr'>contentionem</span> <span class='ocrx_word' id='word_1_209' title='bbox 1651 3968 1667 3995; x_wconf 95' lang='lat'>,</span> <span class='ocrx_word' id='word_1_210' title='bbox 1711 3927 1775 3984; x_wconf 92' lang='lat' dir='ltr'>et</span> <span class='ocrx_word' id='word_1_211' title='bbox 1815 3921 1943 3983; x_wconf 90' lang='lat' dir='ltr'>im-</span> 
     </span>
     <span class='ocr_line' id='line_1_36' title="bbox 411 4026 1945 4110; baseline 0.001 -20"><span class='ocrx_word' id='word_1_212' title='bbox 411 4029 629 4091; x_wconf 84' lang='lat' dir='ltr'>miscet</span> <span class='ocrx_word' id='word_1_213' title='bbox 654 4027 1156 4091; x_wconf 81' lang='lat' dir='ltr'>inextricabilem</span> <span class='ocrx_word' id='word_1_214' title='bbox 1174 4026 1661 4090; x_wconf 83' lang='lat' dir='ltr'>dubitationem:</span> <span class='ocrx_word' id='word_1_215' title='bbox 1688 4033 1945 4110; x_wconf 88' lang='lat' dir='ltr'>propter</span> 
     </span>
     <span class='ocr_line' id='line_1_37' title="bbox 410 4135 1945 4218; baseline 0.001 -18"><span class='ocrx_word' id='word_1_216' title='bbox 410 4136 573 4218; x_wconf 87' lang='lat' dir='ltr'>quod</span> <span class='ocrx_word' id='word_1_217' title='bbox 597 4136 833 4200; x_wconf 88' lang='lat' dir='ltr'>dicitur</span> <span class='ocrx_word' id='word_1_218' title='bbox 850 4141 872 4176; x_wconf 78' lang='lat'><strong>³</strong></span> <span class='ocrx_word' id='word_1_219' title='bbox 897 4159 910 4199; x_wconf 90' lang='lat'>:</span> <span class='ocrx_word' id='word_1_220' title='bbox 936 4136 1154 4201; x_wconf 84' lang='lat' dir='ltr'>Honor</span> <span class='ocrx_word' id='word_1_221' title='bbox 1167 4140 1259 4201; x_wconf 87' lang='lat' dir='ltr'>est</span> <span class='ocrx_word' id='word_1_222' title='bbox 1278 4135 1523 4200; x_wconf 80' lang='lat' dir='ltr'>homini</span> <span class='ocrx_word' id='word_1_223' title='bbox 1548 4136 1663 4217; x_wconf 82' lang='lat' dir='ltr'>qui</span> <span class='ocrx_word' id='word_1_224' title='bbox 1688 4142 1945 4217; x_wconf 87' lang='lat' dir='ltr'>separat</span> 
     </span>
     <span class='ocr_line' id='line_1_38' title="bbox 410 4244 1943 4311; baseline 0.002 -3"><span class='ocrx_word' id='word_1_225' title='bbox 410 4259 472 4309; x_wconf 85' lang='lat' dir='ltr'>se</span> <span class='ocrx_word' id='word_1_226' title='bbox 492 4261 533 4308; x_wconf 92' lang='lat' dir='ltr'>a</span> <span class='ocrx_word' id='word_1_227' title='bbox 558 4246 1096 4311; x_wconf 87' lang='lat' dir='ltr'>contentionibus.-</span> <span class='ocrx_word' id='word_1_228' title='bbox 1120 4259 1328 4310; x_wconf 87' lang='lat' dir='ltr'>omnes</span> <span class='ocrx_word' id='word_1_229' title='bbox 1355 4249 1562 4310; x_wconf 86' lang='lat' dir='ltr'>autem</span> <span class='ocrx_word' id='word_1_230' title='bbox 1583 4244 1769 4310; x_wconf 89' lang='lat' dir='ltr'>stulti</span> <span class='ocrx_word' id='word_1_231' title='bbox 1793 4248 1943 4311; x_wconf 84' lang='lat' dir='ltr'>mis-</span> 
     </span>
     <span class='ocr_line' id='line_1_39' title="bbox 410 4349 1943 4417; baseline 0.001 -4"><span class='ocrx_word' id='word_1_232' title='bbox 410 4357 623 4416; x_wconf 81' lang='lat' dir='ltr'>centur</span> <span class='ocrx_word' id='word_1_233' title='bbox 648 4352 1067 4417; x_wconf 81' lang='lat' dir='ltr'>contumeliis.</span> <span class='ocrx_word' id='word_1_234' title='bbox 1101 4349 1282 4415; x_wconf 88' lang='lat' dir='ltr'>Tales</span> <span class='ocrx_word' id='word_1_235' title='bbox 1308 4355 1460 4414; x_wconf 88' lang='lat' dir='ltr'>sunt</span> <span class='ocrx_word' id='word_1_236' title='bbox 1486 4353 1700 4415; x_wconf 91' lang='lat' dir='ltr'>miseri</span> <span class='ocrx_word' id='word_1_237' title='bbox 1728 4353 1943 4416; x_wconf 90' lang='lat' dir='ltr'>homi-</span> 
     </span>
     <span class='ocr_line' id='line_1_40' title="bbox 410 4462 1938 4545; baseline 0.003 -22"><span class='ocrx_word' id='word_1_238' title='bbox 410 4480 521 4524; x_wconf 83' lang='lat' dir='ltr'>nes</span> <span class='ocrx_word' id='word_1_239' title='bbox 544 4464 659 4545; x_wconf 92' lang='lat' dir='ltr'>qui</span> <span class='ocrx_word' id='word_1_240' title='bbox 678 4463 1018 4527; x_wconf 90' lang='lat' dir='ltr'>intendunt</span> <span class='ocrx_word' id='word_1_241' title='bbox 1031 4462 1268 4526; x_wconf 86' lang='lat' dir='ltr'>fabulis</span> <span class='ocrx_word' id='word_1_242' title='bbox 1288 4467 1350 4526; x_wconf 91' lang='lat' dir='ltr'>et</span> <span class='ocrx_word' id='word_1_243' title='bbox 1373 4462 1767 4543; x_wconf 83' lang='lat' dir='ltr'>genealogiis</span> <span class='ocrx_word' id='word_1_244' title='bbox 1794 4465 1938 4527; x_wconf 89' lang='lat' dir='ltr'>inss-</span> 
     </span>
     <span class='ocr_line' id='line_1_41' title="bbox 410 4569 1946 4652; baseline 0.005 -21"><span class='ocrx_word' id='word_1_245' title='bbox 410 4569 593 4646; x_wconf 87' lang='lat' dir='ltr'>nitis;</span> <span class='ocrx_word' id='word_1_246' title='bbox 641 4570 822 4652; x_wconf 89' lang='lat' dir='ltr'>quia,</span> <span class='ocrx_word' id='word_1_247' title='bbox 861 4570 1025 4633; x_wconf 90' lang='lat' dir='ltr'>sicut</span> <span class='ocrx_word' id='word_1_248' title='bbox 1073 4569 1304 4633; x_wconf 88' lang='lat' dir='ltr'>dicitur</span> <span class='ocrx_word' id='word_1_249' title='bbox 1350 4574 1372 4609; x_wconf 71' lang='lat'>⁸</span> <span class='ocrx_word' id='word_1_250' title='bbox 1417 4591 1432 4633; x_wconf 89' lang='lat'>:</span> <span class='ocrx_word' id='word_1_251' title='bbox 1491 4569 1744 4652; x_wconf 84' lang='lat' dir='ltr'>Semper</span> <span class='ocrx_word' id='word_1_252' title='bbox 1792 4581 1946 4637; x_wconf 78' lang='lat' dir='ltr'>sunt</span> 
     </span>
    </p>
   </div>
   <div class='ocr_carea' id='block_1_6' title="bbox 413 4674 1951 4757">
    <p class='ocr_par' dir='ltr' id='par_1_6' title="bbox 413 4674 1951 4757">
     <span class='ocr_line' id='line_1_42' title="bbox 413 4674 1951 4757; baseline 0.001 -16"><span class='ocrx_word' id='word_1_253' title='bbox 413 4674 722 4742; x_wconf 79' lang='lat' dir='ltr'>discentes</span> <span class='ocrx_word' id='word_1_254' title='bbox 743 4724 759 4752; x_wconf 91' lang='lat'>‚</span> <span class='ocrx_word' id='word_1_255' title='bbox 798 4681 858 4742; x_wconf 88' lang='lat' dir='ltr'>et</span> <span class='ocrx_word' id='word_1_256' title='bbox 894 4693 1228 4757; x_wconf 85' lang='lat' dir='ltr'>nunquam</span> <span class='ocrx_word' id='word_1_257' title='bbox 1266 4674 1357 4741; x_wconf 88' lang='lat' dir='ltr'>ad</span> <span class='ocrx_word' id='word_1_258' title='bbox 1396 4678 1738 4742; x_wconf 87' lang='lat' dir='ltr'>scientiam</span> <span class='ocrx_word' id='word_1_259' title='bbox 1765 4681 1951 4744; x_wconf 79' lang='lat' dir='ltr'>veri-·</span> 
     </span>
    </p>
   </div>
   <div class='ocr_carea' id='block_1_7' title="bbox 415 4781 1944 4864">
    <p class='ocr_par' dir='ltr' id='par_1_7' title="bbox 415 4781 1944 4864">
     <span class='ocr_line' id='line_1_43' title="bbox 415 4781 1944 4864; baseline 0.002 -17"><span class='ocrx_word' id='word_1_260' title='bbox 415 4784 565 4847; x_wconf 83' lang='lat' dir='ltr'>tatis</span> <span class='ocrx_word' id='word_1_261' title='bbox 601 4784 1057 4864; x_wconf 78' lang='lat' dir='ltr'>pervenientes.</span> <span class='ocrx_word' id='word_1_262' title='bbox 1100 4781 1440 4863; x_wconf 76' lang='lat' dir='ltr'>Voluntas,</span> <span class='ocrx_word' id='word_1_263' title='bbox 1487 4784 1860 4850; x_wconf 87' lang='lat' dir='ltr'>discedendo</span> <span class='ocrx_word' id='word_1_264' title='bbox 1904 4806 1944 4850; x_wconf 90' lang='lat' dir='ltr'>a</span> 
     </span>
    </p>
   </div>
   <div class='ocr_carea' id='block_1_8' title="bbox 417 4943 1942 5083">
    <p class='ocr_par' dir='ltr' id='par_1_8' title="bbox 417 4943 1942 5083">
     <span class='ocr_line' id='line_1_44' title="bbox 419 4943 1938 5009; baseline 0.005 -17"><span class='ocrx_word' id='word_1_265' title='bbox 419 4943 530 4993; x_wconf 76' lang='lat' dir='ltr'>¹Ps.</span> <span class='ocrx_word' id='word_1_266' title='bbox 548 4955 782 5006; x_wconf 71' lang='lat' dir='ltr'>xxxviii,</span> <span class='ocrx_word' id='word_1_267' title='bbox 806 4946 855 4995; x_wconf 82' lang='lat'>7.</span> <span class='ocrx_word' id='word_1_268' title='bbox 876 4969 938 4979; x_wconf 91' lang='lat'>—</span> <span class='ocrx_word' id='word_1_269' title='bbox 958 4943 981 4977; x_wconf 78' lang='lat'><strong>¹</strong></span> <span class='ocrx_word' id='word_1_270' title='bbox 998 4944 1177 5004; x_wconf 70' lang='lat' dir='ltr'>Eccle„</span> <span class='ocrx_word' id='word_1_271' title='bbox 1203 4956 1328 5009; x_wconf 86' lang='lat' dir='ltr'>vm,</span> <span class='ocrx_word' id='word_1_272' title='bbox 1354 4946 1636 4996; x_wconf 78' lang='lat'>16-17.—·⁸</span> <span class='ocrx_word' id='word_1_273' title='bbox 1652 4948 1818 5007; x_wconf 77' lang='lat' dir='ltr'>Prov„</span> <span class='ocrx_word' id='word_1_274' title='bbox 1840 4959 1938 5008; x_wconf 83' lang='lat' dir='ltr'>xx,</span> 
     </span>
     <span class='ocr_line' id='line_1_45' title="bbox 417 5015 1942 5083; baseline 0.004 -19"><span class='ocrx_word' id='word_1_275' title='bbox 417 5017 463 5064; x_wconf 81' lang='grc'>3.</span> <span class='ocrx_word' id='word_1_276' title='bbox 481 5041 542 5053; x_wconf 93' lang='grc'><strong>-</strong></span> <span class='ocrx_word' id='word_1_277' title='bbox 558 5015 580 5051; x_wconf 71' lang='lat'>⁸</span> <span class='ocrx_word' id='word_1_278' title='bbox 597 5018 637 5066; x_wconf 90' lang='lat' dir='ltr'>ll</span> <span class='ocrx_word' id='word_1_279' title='bbox 669 5016 813 5077; x_wconf 72' lang='lat' dir='ltr'>Tim„</span> <span class='ocrx_word' id='word_1_280' title='bbox 843 5027 928 5078; x_wconf 85' lang='lat'>111,</span> <span class='ocrx_word' id='word_1_281' title='bbox 952 5017 999 5063; x_wconf 85' lang='grc'>7.</span> <span class='ocrx_word' id='word_1_282' title='bbox 1027 5042 1090 5054; x_wconf 89' lang='grc'>-</span> <span class='ocrx_word' id='word_1_283' title='bbox 1119 5018 1141 5053; x_wconf 81' lang='lat'>⁸</span> <span class='ocrx_word' id='word_1_284' title='bbox 1160 5018 1325 5079; x_wconf 68' lang='lat' dir='ltr'>va„</span> <span class='ocrx_word' id='word_1_285' title='bbox 1347 5028 1473 5080; x_wconf 81' lang='lat' dir='ltr'>xxx,</span> <span class='ocrx_word' id='word_1_286' title='bbox 1495 5019 1572 5067; x_wconf 83' lang='lat'>16.</span> <span class='ocrx_word' id='word_1_287' title='bbox 1607 5044 1670 5056; x_wconf 90' lang='lat'>-</span> <span class='ocrx_word' id='word_1_288' title='bbox 1690 5019 1713 5055; x_wconf 77' lang='lat'>⁸</span> <span class='ocrx_word' id='word_1_289' title='bbox 1732 5019 1942 5083; x_wconf 70' lang='lat' dir='ltr'>Eccles„</span> 
     </span>
    </p>
   </div>
   <div class='ocr_carea' id='block_1_9' title="bbox 480 5121 1053 5187">
    <p class='ocr_par' dir='ltr' id='par_1_9' title="bbox 480 5121 1053 5187">
     <span class='ocr_line' id='line_1_46' title="bbox 480 5121 1053 5187; baseline 0.002 -14"><span class='ocrx_word' id='word_1_290' title='bbox 480 5121 550 5187; x_wconf 87' lang='lat' dir='ltr'>(a)</span> <span class='ocrx_word' id='word_1_291' title='bbox 578 5123 697 5174; x_wconf 83' lang='lat' dir='ltr'>Coet.</span> <span class='ocrx_word' id='word_1_292' title='bbox 721 5123 847 5173; x_wconf 82' lang='lat' dir='ltr'>edit.</span> <span class='ocrx_word' id='word_1_293' title='bbox 874 5122 1053 5186; x_wconf 81' lang='lat' dir='ltr'>gratia.</span> 
     </span>
    </p>
   </div>
   <div class='ocr_carea' id='block_1_10' title="bbox 3469 459 3588 518">
    <p class='ocr_par' dir='ltr' id='par_1_10' title="bbox 3469 459 3588 518">
     <span class='ocr_line' id='line_1_47' title="bbox 3469 459 3588 518; baseline 0 0"><span class='ocrx_word' id='word_1_294' title='bbox 3469 459 3588 518; x_wconf 75' lang='lat'>233</span> 
     </span>
    </p>
   </div>
   <div class='ocr_carea' id='block_1_11' title="bbox 2042 589 3587 4955">
    <p class='ocr_par' dir='ltr' id='par_1_11' title="bbox 2042 589 3587 4955">
     <span class='ocr_line' id='line_1_48' title="bbox 2053 589 3587 674; baseline -0.005 -14"><span class='ocrx_word' id='word_1_295' title='bbox 2053 614 2309 660; x_wconf 89' lang='lat' dir='ltr'>summa</span> <span class='ocrx_word' id='word_1_296' title='bbox 2331 594 2630 671; x_wconf 90' lang='lat' dir='ltr'>bonitate,</span> <span class='ocrx_word' id='word_1_297' title='bbox 2661 611 2867 674; x_wconf 83' lang='lat' dir='ltr'>egena</span> <span class='ocrx_word' id='word_1_298' title='bbox 2889 593 3131 671; x_wconf 80' lang='lat' dir='ltr'>effecta,</span> <span class='ocrx_word' id='word_1_299' title='bbox 3157 589 3505 654; x_wconf 91' lang='lat' dir='ltr'>immiscuit</span> <span class='ocrx_word' id='word_1_300' title='bbox 3520 607 3587 653; x_wconf 91' lang='lat' dir='ltr'>se</span> 
     </span>
     <span class='ocr_line' id='line_1_49' title="bbox 2050 696 3586 783; baseline -0.005 -18"><span class='ocrx_word' id='word_1_301' title='bbox 2050 702 2316 765; x_wconf 83' lang='lat' dir='ltr'>infinitis</span> <span class='ocrx_word' id='word_1_302' title='bbox 2356 700 2819 783; x_wconf 85' lang='lat' dir='ltr'>quaestionibus</span> <span class='ocrx_word' id='word_1_303' title='bbox 2855 718 2968 782; x_wconf 86' lang='lat' dir='ltr'>per</span> <span class='ocrx_word' id='word_1_304' title='bbox 3011 696 3586 779; x_wconf 87' lang='lat' dir='ltr'>concupiscentiam</span> 
     </span>
     <span class='ocr_line' id='line_1_50' title="bbox 2051 803 3586 889; baseline -0.003 -18"><span class='ocrx_word' id='word_1_305' title='bbox 2051 812 2113 871; x_wconf 89' lang='lat' dir='ltr'>et</span> <span class='ocrx_word' id='word_1_306' title='bbox 2144 807 2582 889; x_wconf 73' lang='lat' dir='ltr'>cupiditatem:</span> <span class='ocrx_word' id='word_1_307' title='bbox 2618 807 2799 888; x_wconf 90' lang='lat' dir='ltr'>quia,</span> <span class='ocrx_word' id='word_1_308' title='bbox 2837 808 3000 870; x_wconf 88' lang='lat' dir='ltr'>sicut</span> <span class='ocrx_word' id='word_1_309' title='bbox 3043 806 3275 869; x_wconf 88' lang='lat' dir='ltr'>dicitur</span> <span class='ocrx_word' id='word_1_310' title='bbox 3303 803 3368 866; x_wconf 77' lang='lat'>⁵:</span> <span class='ocrx_word' id='word_1_311' title='bbox 3407 804 3586 884; x_wconf 64' lang='lat' dir='ltr'>Ignis</span> 
     </span>
     <span class='ocr_line' id='line_1_51' title="bbox 2050 912 3584 997; baseline -0.003 -18"><span class='ocrx_word' id='word_1_312' title='bbox 2050 931 2381 997; x_wconf 82' lang='lat' dir='ltr'>nunquam</span> <span class='ocrx_word' id='word_1_313' title='bbox 2424 914 2590 981; x_wconf 86' lang='lat' dir='ltr'>dicit</span> <span class='ocrx_word' id='word_1_314' title='bbox 2614 937 2638 978; x_wconf 95' lang='grc'>.·</span> <span class='ocrx_word' id='word_1_315' title='bbox 2681 913 2959 995; x_wconf 73' lang='lat' dir='ltr'>Sufficit.</span> <span class='ocrx_word' id='word_1_316' title='bbox 3012 912 3188 977; x_wconf 86' lang='lat' dir='ltr'>Unde</span> <span class='ocrx_word' id='word_1_317' title='bbox 3246 916 3308 975; x_wconf 90' lang='lat' dir='ltr'>et</span> <span class='ocrx_word' id='word_1_318' title='bbox 3346 926 3584 976; x_wconf 84' lang='lat' dir='ltr'>avarus</span> 
     </span>
     <span class='ocr_line' id='line_1_52' title="bbox 2049 1016 3584 1106; baseline -0.004 -20"><span class='ocrx_word' id='word_1_319' title='bbox 2049 1040 2181 1088; x_wconf 89' lang='lat' dir='ltr'>non</span> <span class='ocrx_word' id='word_1_320' title='bbox 2207 1023 2568 1106; x_wconf 76' lang='lat' dir='ltr'>implebitur</span> <span class='ocrx_word' id='word_1_321' title='bbox 2588 1023 2885 1103; x_wconf 89' lang='lat' dir='ltr'>pecunia,</span> <span class='ocrx_word' id='word_1_322' title='bbox 2916 1022 3077 1085; x_wconf 90' lang='lat' dir='ltr'>sicut</span> <span class='ocrx_word' id='word_1_323' title='bbox 3105 1019 3336 1083; x_wconf 87' lang='lat' dir='ltr'>dicitur</span> <span class='ocrx_word' id='word_1_324' title='bbox 3355 1024 3412 1081; x_wconf 76' lang='lat'>⁸:</span> <span class='ocrx_word' id='word_1_325' title='bbox 3443 1016 3584 1080; x_wconf 89' lang='lat' dir='ltr'>ideo</span> 
     </span>
     <span class='ocr_line' id='line_1_53' title="bbox 2050 1125 3583 1218; baseline -0.005 -25"><span class='ocrx_word' id='word_1_326' title='bbox 2050 1148 2298 1212; x_wconf 89' lang='lat' dir='ltr'>semper</span> <span class='ocrx_word' id='word_1_327' title='bbox 2329 1130 2580 1218; x_wconf 71' lang='lat' dir='ltr'>quaerit,</span> <span class='ocrx_word' id='word_1_328' title='bbox 2612 1134 2676 1191; x_wconf 87' lang='lat' dir='ltr'>et</span> <span class='ocrx_word' id='word_1_329' title='bbox 2716 1127 3051 1191; x_wconf 88' lang='lat' dir='ltr'>mendicat.</span> <span class='ocrx_word' id='word_1_330' title='bbox 3092 1125 3395 1190; x_wconf 87' lang='lat' dir='ltr'>Similiter</span> <span class='ocrx_word' id='word_1_331' title='bbox 3429 1141 3583 1187; x_wconf 89' lang='lat' dir='ltr'>con-</span> 
     </span>
     <span class='ocr_line' id='line_1_54' title="bbox 2050 1230 3587 1321; baseline -0.007 -19"><span class='ocrx_word' id='word_1_332' title='bbox 2050 1238 2433 1321; x_wconf 89' lang='lat' dir='ltr'>cupiscentia</span> <span class='ocrx_word' id='word_1_333' title='bbox 2459 1255 2590 1300; x_wconf 90' lang='lat' dir='ltr'>non</span> <span class='ocrx_word' id='word_1_334' title='bbox 2607 1236 2900 1312; x_wconf 89' lang='lat' dir='ltr'>satiatur;</span> <span class='ocrx_word' id='word_1_335' title='bbox 2925 1234 3055 1296; x_wconf 89' lang='lat' dir='ltr'>imo</span> <span class='ocrx_word' id='word_1_336' title='bbox 3076 1231 3339 1295; x_wconf 86' lang='lat' dir='ltr'>infinitis</span> <span class='ocrx_word' id='word_1_337' title='bbox 3364 1230 3587 1310; x_wconf 90' lang='lat' dir='ltr'>volup-</span> 
     </span>
     <span class='ocr_line' id='line_1_55' title="bbox 2049 1339 3586 1427; baseline -0.005 -18"><span class='ocrx_word' id='word_1_338' title='bbox 2049 1351 2252 1410; x_wconf 86' lang='lat' dir='ltr'>tatum</span> <span class='ocrx_word' id='word_1_339' title='bbox 2297 1344 2753 1427; x_wconf 84' lang='lat' dir='ltr'>quaestionibus</span> <span class='ocrx_word' id='word_1_340' title='bbox 2813 1341 3172 1424; x_wconf 85' lang='lat' dir='ltr'>implicatur</span> <span class='ocrx_word' id='word_1_341' title='bbox 3209 1339 3232 1373; x_wconf 79' lang='lat'>⁷</span> <span class='ocrx_word' id='word_1_342' title='bbox 3271 1361 3285 1402; x_wconf 90' lang='lat'>:</span> <span class='ocrx_word' id='word_1_343' title='bbox 3352 1339 3586 1403; x_wconf 87' lang='lat' dir='ltr'>Omnia</span> 
     </span>
     <span class='ocr_line' id='line_1_56' title="bbox 2049 1446 3583 1533; baseline -0.007 -13"><span class='ocrx_word' id='word_1_344' title='bbox 2049 1455 2400 1520; x_wconf 72' lang='lat' dir='ltr'>commixta</span> <span class='ocrx_word' id='word_1_345' title='bbox 2439 1460 2611 1525; x_wconf 87' lang='lat' dir='ltr'>sunt,</span> <span class='ocrx_word' id='word_1_346' title='bbox 2643 1453 2938 1533; x_wconf 73' lang='lat' dir='ltr'>sanquis,</span> <span class='ocrx_word' id='word_1_347' title='bbox 2968 1446 3410 1523; x_wconf 77' lang='lat' dir='ltr'>homicidium,</span> <span class='ocrx_word' id='word_1_348' title='bbox 3441 1448 3583 1526; x_wconf 73' lang='lat' dir='ltr'>fur-</span> 
     </span>
     <span class='ocr_line' id='line_1_57' title="bbox 2050 1556 3580 1642; baseline -0.006 -13"><span class='ocrx_word' id='word_1_349' title='bbox 2050 1569 2207 1639; x_wconf 88' lang='lat' dir='ltr'>tum,</span> <span class='ocrx_word' id='word_1_350' title='bbox 2225 1562 2422 1641; x_wconf 80' lang='lat' dir='ltr'>fictio,</span> <span class='ocrx_word' id='word_1_351' title='bbox 2441 1562 2784 1642; x_wconf 77' lang='lat' dir='ltr'>corruptio,</span> <span class='ocrx_word' id='word_1_352' title='bbox 2802 1565 2859 1625; x_wconf 90' lang='lat' dir='ltr'>et</span> <span class='ocrx_word' id='word_1_353' title='bbox 2874 1558 3257 1637; x_wconf 78' lang='lat' dir='ltr'>infidelitas,</span> <span class='ocrx_word' id='word_1_354' title='bbox 3277 1556 3580 1630; x_wconf 82' lang='lat' dir='ltr'>turbatio,</span> 
     </span>
     <span class='ocr_line' id='line_1_58' title="bbox 2044 1662 3582 1751; baseline -0.005 -16"><span class='ocrx_word' id='word_1_355' title='bbox 2044 1670 2439 1751; x_wconf 76' lang='lat' dir='ltr'>perjurium,</span> <span class='ocrx_word' id='word_1_356' title='bbox 2481 1669 2827 1745; x_wconf 85' lang='lat' dir='ltr'>tumultus,</span> <span class='ocrx_word' id='word_1_357' title='bbox 2872 1662 3332 1732; x_wconf 79' lang='lat' dir='ltr'>bonorum&#39;Dei</span> <span class='ocrx_word' id='word_1_358' title='bbox 3361 1666 3582 1728; x_wconf 89' lang='lat' dir='ltr'>imme-</span> 
     </span>
     <span class='ocr_line' id='line_1_59' title="bbox 2048 1771 3581 1857; baseline -0.006 -14"><span class='ocrx_word' id='word_1_359' title='bbox 2048 1780 2343 1857; x_wconf 87' lang='lat' dir='ltr'>moratio,</span> <span class='ocrx_word' id='word_1_360' title='bbox 2371 1779 2738 1843; x_wconf 87' lang='lat' dir='ltr'>animarum</span> <span class='ocrx_word' id='word_1_361' title='bbox 2772 1775 3144 1857; x_wconf 84' lang='lat' dir='ltr'>inquinatio</span> <span class='ocrx_word' id='word_1_362' title='bbox 3163 1821 3180 1851; x_wconf 91' lang='lat'>,</span> <span class='ocrx_word' id='word_1_363' title='bbox 3211 1771 3581 1838; x_wconf 87' lang='lat' dir='ltr'>nativitatis</span> 
     </span>
     <span class='ocr_line' id='line_1_60' title="bbox 2049 1880 3584 1964; baseline -0.007 -14"><span class='ocrx_word' id='word_1_364' title='bbox 2049 1887 2433 1953; x_wconf 83' lang='lat' dir='ltr'>immutatio.</span> <span class='ocrx_word' id='word_1_365' title='bbox 2478 1885 2856 1964; x_wconf 85' lang='lat' dir='ltr'>nuptiarum</span> <span class='ocrx_word' id='word_1_366' title='bbox 2899 1882 3360 1954; x_wconf 85' lang='lat' dir='ltr'>inconstantia,</span> <span class='ocrx_word' id='word_1_367' title='bbox 3402 1880 3584 1944; x_wconf 86' lang='lat' dir='ltr'>inor-</span> 
     </span>
     <span class='ocr_line' id='line_1_61' title="bbox 2048 1986 3585 2072; baseline -0.008 -12"><span class='ocrx_word' id='word_1_368' title='bbox 2048 1994 2306 2060; x_wconf 90' lang='lat' dir='ltr'>dinatio</span> <span class='ocrx_word' id='word_1_369' title='bbox 2345 1993 2627 2059; x_wconf 83' lang='lat' dir='ltr'>moechiae</span> <span class='ocrx_word' id='word_1_370' title='bbox 2667 1997 2728 2058; x_wconf 89' lang='lat' dir='ltr'>et</span> <span class='ocrx_word' id='word_1_371' title='bbox 2778 1987 3229 2072; x_wconf 70' lang='lat' dir='ltr'>impudicitia.</span> <span class='ocrx_word' id='word_1_372' title='bbox 3277 1986 3394 2050; x_wconf 80' lang='lat' dir='ltr'>11ae</span> <span class='ocrx_word' id='word_1_373' title='bbox 3433 1990 3585 2049; x_wconf 83' lang='lat' dir='ltr'>sunt</span> 
     </span>
     <span class='ocr_line' id='line_1_62' title="bbox 2049 2093 3580 2185; baseline -0.008 -19"><span class='ocrx_word' id='word_1_374' title='bbox 2049 2102 2433 2185; x_wconf 64' lang='lat' dir='ltr'>quaestiones</span> <span class='ocrx_word' id='word_1_375' title='bbox 2470 2099 2760 2176; x_wconf 83' lang='lat' dir='ltr'>infinitae,</span> <span class='ocrx_word' id='word_1_376' title='bbox 2811 2114 2957 2178; x_wconf 84' lang='lat' dir='ltr'>quae</span> <span class='ocrx_word' id='word_1_377' title='bbox 3000 2093 3363 2158; x_wconf 67' lang='lat' dir='ltr'>commixtae</span> <span class='ocrx_word' id='word_1_378' title='bbox 3407 2099 3580 2170; x_wconf 90' lang='lat' dir='ltr'>sunt,</span> 
     </span>
     <span class='ocr_line' id='line_1_63' title="bbox 2050 2202 3584 2295; baseline -0.007 -20"><span class='ocrx_word' id='word_1_379' title='bbox 2050 2213 2283 2295; x_wconf 90' lang='lat' dir='ltr'>quibus</span> <span class='ocrx_word' id='word_1_380' title='bbox 2307 2208 2652 2273; x_wconf 88' lang='lat' dir='ltr'>immiscuit</span> <span class='ocrx_word' id='word_1_381' title='bbox 2677 2226 2743 2270; x_wconf 87' lang='lat' dir='ltr'>se</span> <span class='ocrx_word' id='word_1_382' title='bbox 2777 2206 2972 2270; x_wconf 91' lang='lat' dir='ltr'>homo</span> <span class='ocrx_word' id='word_1_383' title='bbox 3011 2205 3167 2268; x_wconf 89' lang='lat' dir='ltr'>dum</span> <span class='ocrx_word' id='word_1_384' title='bbox 3195 2202 3584 2267; x_wconf 86' lang='lat' dir='ltr'>voluntatem</span> 
     </span>
     <span class='ocr_line' id='line_1_64' title="bbox 2048 2310 3580 2387; baseline -0.008 -4"><span class='ocrx_word' id='word_1_385' title='bbox 2048 2318 2426 2383; x_wconf 85' lang='lat' dir='ltr'>deformavit</span> <span class='ocrx_word' id='word_1_386' title='bbox 2447 2336 2487 2381; x_wconf 92' lang='lat' dir='ltr'>a</span> <span class='ocrx_word' id='word_1_387' title='bbox 2505 2333 2760 2379; x_wconf 89' lang='lat' dir='ltr'>summa</span> <span class='ocrx_word' id='word_1_388' title='bbox 2783 2313 3082 2377; x_wconf 88' lang='lat' dir='ltr'>bonitate.</span> <span class='ocrx_word' id='word_1_389' title='bbox 3104 2310 3320 2375; x_wconf 83' lang='lat' dir='ltr'>Virtus</span> <span class='ocrx_word' id='word_1_390' title='bbox 3340 2312 3580 2387; x_wconf 89' lang='lat' dir='ltr'>autem,</span> 
     </span>
     <span class='ocr_line' id='line_1_65' title="bbox 2049 2418 3585 2500; baseline -0.008 -10"><span class='ocrx_word' id='word_1_391' title='bbox 2049 2424 2573 2490; x_wconf 89' lang='lat' dir='ltr'>discontinuando</span> <span class='ocrx_word' id='word_1_392' title='bbox 2609 2442 2674 2485; x_wconf 90' lang='lat' dir='ltr'>se</span> <span class='ocrx_word' id='word_1_393' title='bbox 2708 2441 2747 2485; x_wconf 89' lang='lat' dir='ltr'>a</span> <span class='ocrx_word' id='word_1_394' title='bbox 2780 2439 3034 2484; x_wconf 89' lang='lat' dir='ltr'>summa</span> <span class='ocrx_word' id='word_1_395' title='bbox 3064 2422 3386 2500; x_wconf 83' lang='lat' dir='ltr'>potestate,</span> <span class='ocrx_word' id='word_1_396' title='bbox 3423 2418 3585 2479; x_wconf 84' lang='lat' dir='ltr'>facta</span> 
     </span>
     <span class='ocr_line' id='line_1_66' title="bbox 2050 2523 3585 2610; baseline -0.007 -15"><span class='ocrx_word' id='word_1_397' title='bbox 2050 2533 2332 2610; x_wconf 85' lang='lat' dir='ltr'>infirma,</span> <span class='ocrx_word' id='word_1_398' title='bbox 2358 2530 2706 2594; x_wconf 87' lang='lat' dir='ltr'>immiscuit</span> <span class='ocrx_word' id='word_1_399' title='bbox 2729 2547 2796 2593; x_wconf 92' lang='lat' dir='ltr'>se</span> <span class='ocrx_word' id='word_1_400' title='bbox 2827 2527 3094 2591; x_wconf 87' lang='lat' dir='ltr'>infinitis</span> <span class='ocrx_word' id='word_1_401' title='bbox 3122 2523 3585 2608; x_wconf 85' lang='lat' dir='ltr'>quaestionibus</span> 
     </span>
     <span class='ocr_line' id='line_1_67' title="bbox 2047 2629 3584 2721; baseline -0.008 -18"><span class='ocrx_word' id='word_1_402' title='bbox 2047 2658 2163 2721; x_wconf 91' lang='lat' dir='ltr'>per</span> <span class='ocrx_word' id='word_1_403' title='bbox 2184 2638 2677 2715; x_wconf 86' lang='lat' dir='ltr'>instabilitatem,</span> <span class='ocrx_word' id='word_1_404' title='bbox 2701 2635 2872 2699; x_wconf 90' lang='lat' dir='ltr'>unde</span> <span class='ocrx_word' id='word_1_405' title='bbox 2891 2651 3140 2715; x_wconf 86' lang='lat' dir='ltr'>semper</span> <span class='ocrx_word' id='word_1_406' title='bbox 3158 2632 3391 2713; x_wconf 85' lang='lat' dir='ltr'>quaerit</span> <span class='ocrx_word' id='word_1_407' title='bbox 3407 2629 3584 2712; x_wconf 88' lang='lat' dir='ltr'>quie-</span> 
     </span>
     <span class='ocr_line' id='line_1_68' title="bbox 2049 2739 3582 2822; baseline -0.004 -14"><span class='ocrx_word' id='word_1_408' title='bbox 2049 2753 2202 2822; x_wconf 90' lang='lat' dir='ltr'>tem,</span> <span class='ocrx_word' id='word_1_409' title='bbox 2225 2749 2287 2808; x_wconf 88' lang='lat' dir='ltr'>et</span> <span class='ocrx_word' id='word_1_410' title='bbox 2317 2763 2445 2808; x_wconf 90' lang='lat' dir='ltr'>non</span> <span class='ocrx_word' id='word_1_411' title='bbox 2472 2743 2734 2807; x_wconf 79' lang='lat' dir='ltr'>invenit.</span> <span class='ocrx_word' id='word_1_412' title='bbox 2765 2741 2940 2805; x_wconf 88' lang='lat' dir='ltr'>Unde</span> <span class='ocrx_word' id='word_1_413' title='bbox 2966 2740 3158 2804; x_wconf 89' lang='lat' dir='ltr'>Isaias</span> <span class='ocrx_word' id='word_1_414' title='bbox 3183 2739 3205 2773; x_wconf 78' lang='lat'>⁸</span> <span class='ocrx_word' id='word_1_415' title='bbox 3235 2760 3248 2801; x_wconf 74' lang='grc' dir='ltr'>ε</span> <span class='ocrx_word' id='word_1_416' title='bbox 3274 2740 3582 2803; x_wconf 81' lang='lat' dir='ltr'>Dominus</span> 
     </span>
     <span class='ocr_line' id='line_1_69' title="bbox 2047 2846 3583 2938; baseline -0.004 -23"><span class='ocrx_word' id='word_1_417' title='bbox 2047 2853 2403 2938; x_wconf 63' lang='lat' dir='ltr'>immiscuit</span> <span class='ocrx_word' id='word_1_418' title='bbox 2434 2853 2506 2916; x_wconf 85' lang='lat' dir='ltr'>in</span> <span class='ocrx_word' id='word_1_419' title='bbox 2533 2849 2740 2915; x_wconf 87' lang='lat' dir='ltr'>medio</span> <span class='ocrx_word' id='word_1_420' title='bbox 2766 2847 3026 2930; x_wconf 80' lang='lat' dir='ltr'>AEgypti</span> <span class='ocrx_word' id='word_1_421' title='bbox 3054 2847 3359 2927; x_wconf 85' lang='lat' dir='ltr'>spiritum</span> <span class='ocrx_word' id='word_1_422' title='bbox 3381 2846 3583 2910; x_wconf 84' lang='lat' dir='ltr'>verti-</span> 
     </span>
     <span class='ocr_line' id='line_1_70' title="bbox 2047 2953 3581 3041; baseline -0.007 -17"><span class='ocrx_word' id='word_1_423' title='bbox 2047 2962 2226 3041; x_wconf 81' lang='lat' dir='ltr'>9inis</span> <span class='ocrx_word' id='word_1_424' title='bbox 2255 2980 2278 3019; x_wconf 91' lang='lat'>.·</span> <span class='ocrx_word' id='word_1_425' title='bbox 2309 2960 2426 3022; x_wconf 90' lang='lat' dir='ltr'>iste</span> <span class='ocrx_word' id='word_1_426' title='bbox 2467 2962 2562 3021; x_wconf 88' lang='lat' dir='ltr'>est</span> <span class='ocrx_word' id='word_1_427' title='bbox 2594 2957 2850 3040; x_wconf 87' lang='lat' dir='ltr'>spiritus</span> <span class='ocrx_word' id='word_1_428' title='bbox 2893 2953 3333 3030; x_wconf 86' lang='lat' dir='ltr'>instabilitatis,</span> <span class='ocrx_word' id='word_1_429' title='bbox 3361 2970 3477 3033; x_wconf 91' lang='lat' dir='ltr'>pro</span> <span class='ocrx_word' id='word_1_430' title='bbox 3506 2971 3581 3013; x_wconf 85' lang='lat' dir='ltr'>eo</span> 
     </span>
     <span class='ocr_line' id='line_1_71' title="bbox 2047 3060 3582 3151; baseline -0.01 -17"><span class='ocrx_word' id='word_1_431' title='bbox 2047 3068 2220 3151; x_wconf 91' lang='lat' dir='ltr'>quod</span> <span class='ocrx_word' id='word_1_432' title='bbox 2246 3066 2405 3131; x_wconf 89' lang='lat' dir='ltr'>nihil</span> <span class='ocrx_word' id='word_1_433' title='bbox 2435 3070 2635 3147; x_wconf 89' lang='lat' dir='ltr'>potest</span> <span class='ocrx_word' id='word_1_434' title='bbox 2660 3063 2961 3128; x_wconf 90' lang='lat' dir='ltr'>stabilire.</span> <span class='ocrx_word' id='word_1_435' title='bbox 3004 3060 3183 3126; x_wconf 89' lang='lat' dir='ltr'>Unde</span> <span class='ocrx_word' id='word_1_436' title='bbox 3207 3060 3403 3123; x_wconf 90' lang='lat' dir='ltr'>homo</span> <span class='ocrx_word' id='word_1_437' title='bbox 3432 3077 3582 3141; x_wconf 82' lang='lat' dir='ltr'>pec-</span> 
     </span>
     <span class='ocr_line' id='line_1_72' title="bbox 2048 3169 3582 3255; baseline -0.007 -14"><span class='ocrx_word' id='word_1_438' title='bbox 2048 3183 2222 3241; x_wconf 86' lang='lat' dir='ltr'>cator</span> <span class='ocrx_word' id='word_1_439' title='bbox 2249 3176 2379 3238; x_wconf 80' lang='lat' dir='ltr'>cst⁹</span> <span class='ocrx_word' id='word_1_440' title='bbox 2397 3178 2562 3239; x_wconf 87' lang='lat' dir='ltr'>sicut</span> <span class='ocrx_word' id='word_1_441' title='bbox 2591 3174 2829 3255; x_wconf 86' lang='lat' dir='ltr'>pulvis,</span> <span class='ocrx_word' id='word_1_442' title='bbox 2859 3187 3044 3254; x_wconf 79' lang='lat' dir='ltr'>quem</span> <span class='ocrx_word' id='word_1_443' title='bbox 3067 3169 3329 3250; x_wconf 76' lang='lat' dir='ltr'>projicit</span> <span class='ocrx_word' id='word_1_444' title='bbox 3355 3174 3582 3233; x_wconf 82' lang='lat' dir='ltr'>ventus</span> 
     </span>
     <span class='ocr_line' id='line_1_73' title="bbox 2048 3278 3582 3364; baseline -0.005 -16"><span class='ocrx_word' id='word_1_445' title='bbox 2048 3302 2092 3348; x_wconf 91' lang='lat' dir='ltr'>a</span> <span class='ocrx_word' id='word_1_446' title='bbox 2119 3285 2283 3364; x_wconf 77' lang='lat' dir='ltr'>facie</span> <span class='ocrx_word' id='word_1_447' title='bbox 2313 3290 2516 3349; x_wconf 84' lang='lat' dir='ltr'>terroe.</span> <span class='ocrx_word' id='word_1_448' title='bbox 2546 3281 2724 3345; x_wconf 88' lang='lat' dir='ltr'>Unde</span> <span class='ocrx_word' id='word_1_449' title='bbox 2752 3281 2820 3343; x_wconf 90' lang='lat' dir='ltr'>in</span> <span class='ocrx_word' id='word_1_450' title='bbox 2851 3279 3099 3343; x_wconf 85' lang='lat' dir='ltr'>Psalmo</span> <span class='ocrx_word' id='word_1_451' title='bbox 3123 3278 3168 3313; x_wconf 84' lang='lat'>¹⁰</span> <span class='ocrx_word' id='word_1_452' title='bbox 3204 3299 3220 3340; x_wconf 94' lang='lat'>:</span> <span class='ocrx_word' id='word_1_453' title='bbox 3249 3278 3582 3341; x_wconf 86' lang='lat' dir='ltr'>Avertente</span> 
     </span>
     <span class='ocr_line' id='line_1_74' title="bbox 2048 3385 3580 3471; baseline -0.007 -13"><span class='ocrx_word' id='word_1_454' title='bbox 2048 3398 2110 3458; x_wconf 87' lang='lat' dir='ltr'>te</span> <span class='ocrx_word' id='word_1_455' title='bbox 2183 3393 2415 3471; x_wconf 73' lang='lat' dir='ltr'>faciem</span> <span class='ocrx_word' id='word_1_456' title='bbox 2433 3439 2452 3469; x_wconf 93' lang='lat'>,</span> <span class='ocrx_word' id='word_1_457' title='bbox 2528 3389 2948 3455; x_wconf 84' lang='lat' dir='ltr'>turbabuntur</span> <span class='ocrx_word' id='word_1_458' title='bbox 2967 3407 2993 3465; x_wconf 92' lang='lat'>‚·</span> <span class='ocrx_word' id='word_1_459' title='bbox 3056 3385 3309 3463; x_wconf 73' lang='lat' dir='ltr'>auferes</span> <span class='ocrx_word' id='word_1_460' title='bbox 3376 3386 3580 3465; x_wconf 86' lang='lat' dir='ltr'>spiri-</span> 
     </span>
     <span class='ocr_line' id='line_1_75' title="bbox 2049 3492 3584 3575; baseline -0.008 -9"><span class='ocrx_word' id='word_1_461' title='bbox 2049 3506 2207 3573; x_wconf 85' lang='lat' dir='ltr'>tum,</span> <span class='ocrx_word' id='word_1_462' title='bbox 2254 3504 2373 3563; x_wconf 91' lang='lat' dir='ltr'>etc.</span> <span class='ocrx_word' id='word_1_463' title='bbox 2412 3499 2554 3561; x_wconf 82' lang='lat' dir='ltr'>ideo</span> <span class='ocrx_word' id='word_1_464' title='bbox 2586 3497 2705 3560; x_wconf 89' lang='lat' dir='ltr'>erit</span> <span class='ocrx_word' id='word_1_465' title='bbox 2731 3496 2770 3531; x_wconf 87' lang='lat'>¹¹</span> <span class='ocrx_word' id='word_1_466' title='bbox 2811 3501 3118 3575; x_wconf 84' lang='lat' dir='ltr'>tanquam</span> <span class='ocrx_word' id='word_1_467' title='bbox 3140 3492 3358 3573; x_wconf 83' lang='lat' dir='ltr'>pulvis</span> <span class='ocrx_word' id='word_1_468' title='bbox 3400 3507 3584 3573; x_wconf 85' lang='lat' dir='ltr'>quem</span> 
     </span>
     <span class='ocr_line' id='line_1_76' title="bbox 2042 3598 3587 3689; baseline -0.01 -16"><span class='ocrx_word' id='word_1_469' title='bbox 2042 3607 2314 3689; x_wconf 72' lang='lat' dir='ltr'>projicit</span> <span class='ocrx_word' id='word_1_470' title='bbox 2356 3611 2585 3671; x_wconf 88' lang='lat' dir='ltr'>ventus</span> <span class='ocrx_word' id='word_1_471' title='bbox 2627 3620 2669 3668; x_wconf 88' lang='lat' dir='ltr'>a</span> <span class='ocrx_word' id='word_1_472' title='bbox 2714 3604 2881 3683; x_wconf 75' lang='lat' dir='ltr'>facie</span> <span class='ocrx_word' id='word_1_473' title='bbox 2921 3607 3125 3668; x_wconf 84' lang='lat' dir='ltr'>terroe.</span> <span class='ocrx_word' id='word_1_474' title='bbox 3165 3598 3341 3662; x_wconf 85' lang='lat' dir='ltr'>Sicut</span> <span class='ocrx_word' id='word_1_475' title='bbox 3384 3598 3587 3678; x_wconf 77' lang='lat' dir='ltr'>igitur</span> 
     </span>
     <span class='ocr_line' id='line_1_77' title="bbox 2050 3706 3587 3798; baseline -0.008 -19"><span class='ocrx_word' id='word_1_476' title='bbox 2050 3716 2262 3798; x_wconf 91' lang='lat' dir='ltr'>pulvis</span> <span class='ocrx_word' id='word_1_477' title='bbox 2307 3732 2442 3778; x_wconf 89' lang='lat' dir='ltr'>non</span> <span class='ocrx_word' id='word_1_478' title='bbox 2494 3715 2698 3794; x_wconf 88' lang='lat' dir='ltr'>potest</span> <span class='ocrx_word' id='word_1_479' title='bbox 2748 3710 3101 3792; x_wconf 89' lang='lat' dir='ltr'>quiescere,</span> <span class='ocrx_word' id='word_1_480' title='bbox 3155 3706 3441 3788; x_wconf 89' lang='lat' dir='ltr'>quandiu</span> <span class='ocrx_word' id='word_1_481' title='bbox 3492 3710 3587 3767; x_wconf 82' lang='lat' dir='ltr'>est</span> 
     </span>
     <span class='ocr_line' id='line_1_78' title="bbox 2047 3814 3585 3899; baseline -0.008 -13"><span class='ocrx_word' id='word_1_482' title='bbox 2047 3829 2278 3887; x_wconf 89' lang='lat' dir='ltr'>ventus</span> <span class='ocrx_word' id='word_1_483' title='bbox 2308 3817 2673 3899; x_wconf 78' lang='lat' dir='ltr'>vertiginis,</span> <span class='ocrx_word' id='word_1_484' title='bbox 2703 3817 2795 3880; x_wconf 91' lang='lat' dir='ltr'>sic</span> <span class='ocrx_word' id='word_1_485' title='bbox 2826 3834 2946 3879; x_wconf 91' lang='lat' dir='ltr'>nec</span> <span class='ocrx_word' id='word_1_486' title='bbox 2973 3818 3190 3878; x_wconf 88' lang='lat' dir='ltr'>nostra</span> <span class='ocrx_word' id='word_1_487' title='bbox 3220 3814 3425 3877; x_wconf 89' lang='lat' dir='ltr'>virtus</span> <span class='ocrx_word' id='word_1_488' title='bbox 3452 3816 3548 3875; x_wconf 83' lang='lat' dir='ltr'>sta</span> <span class='ocrx_word' id='word_1_489' title='bbox 3567 3847 3585 3857; x_wconf 86' lang='lat'><em>-</em></span> 
     </span>
     <span class='ocr_line' id='line_1_79' title="bbox 2047 3920 3585 4008; baseline -0.008 -15"><span class='ocrx_word' id='word_1_490' title='bbox 2047 3927 2191 3994; x_wconf 87' lang='lat' dir='ltr'>bilis</span> <span class='ocrx_word' id='word_1_491' title='bbox 2220 3943 2625 4008; x_wconf 88' lang='lat' dir='ltr'>permanere:</span> <span class='ocrx_word' id='word_1_492' title='bbox 2658 3927 2720 3986; x_wconf 89' lang='lat' dir='ltr'>et</span> <span class='ocrx_word' id='word_1_493' title='bbox 2745 3923 2885 3987; x_wconf 91' lang='lat' dir='ltr'>ideo</span> <span class='ocrx_word' id='word_1_494' title='bbox 2914 3920 3166 3984; x_wconf 84' lang='lat' dir='ltr'>infinita</span> <span class='ocrx_word' id='word_1_495' title='bbox 3189 3920 3328 3984; x_wconf 89' lang='lat' dir='ltr'>loca</span> <span class='ocrx_word' id='word_1_496' title='bbox 3356 3920 3585 4001; x_wconf 72' lang='lat' dir='ltr'>quaerit</span> 
     </span>
     <span class='ocr_line' id='line_1_80' title="bbox 2048 4025 3587 4112; baseline -0.008 -13"><span class='ocrx_word' id='word_1_497' title='bbox 2048 4040 2113 4099; x_wconf 89' lang='lat' dir='ltr'>et</span> <span class='ocrx_word' id='word_1_498' title='bbox 2148 4038 2379 4112; x_wconf 88' lang='lat' dir='ltr'>mutat,</span> <span class='ocrx_word' id='word_1_499' title='bbox 2411 4038 2473 4096; x_wconf 91' lang='lat' dir='ltr'>et</span> <span class='ocrx_word' id='word_1_500' title='bbox 2510 4030 2823 4094; x_wconf 82' lang='lat' dir='ltr'>mendicat</span> <span class='ocrx_word' id='word_1_501' title='bbox 2856 4027 3188 4107; x_wconf 79' lang='lat' dir='ltr'>suffragia.</span> <span class='ocrx_word' id='word_1_502' title='bbox 3235 4025 3587 4090; x_wconf 90' lang='lat' dir='ltr'>Immiscuit</span> 
     </span>
     <span class='ocr_line' id='line_1_81' title="bbox 2047 4134 3585 4223; baseline -0.007 -18"><span class='ocrx_word' id='word_1_503' title='bbox 2047 4142 2249 4223; x_wconf 83' lang='lat' dir='ltr'>igitur</span> <span class='ocrx_word' id='word_1_504' title='bbox 2292 4159 2360 4203; x_wconf 89' lang='lat' dir='ltr'>se</span> <span class='ocrx_word' id='word_1_505' title='bbox 2409 4139 2603 4203; x_wconf 88' lang='lat' dir='ltr'>homo</span> <span class='ocrx_word' id='word_1_506' title='bbox 2648 4137 2915 4201; x_wconf 83' lang='lat' dir='ltr'>infinitis</span> <span class='ocrx_word' id='word_1_507' title='bbox 2957 4134 3420 4218; x_wconf 70' lang='lat' dir='ltr'>quaestionibus</span> <span class='ocrx_word' id='word_1_508' title='bbox 3472 4150 3585 4215; x_wconf 91' lang='lat' dir='ltr'>per</span> 
     </span>
     <span class='ocr_line' id='line_1_82' title="bbox 2049 4240 3584 4325; baseline -0.008 -13"><span class='ocrx_word' id='word_1_509' title='bbox 2049 4247 2501 4325; x_wconf 87' lang='lat' dir='ltr'>curiositatem,</span> <span class='ocrx_word' id='word_1_510' title='bbox 2522 4246 2679 4309; x_wconf 90' lang='lat' dir='ltr'>dum</span> <span class='ocrx_word' id='word_1_511' title='bbox 2698 4243 2924 4307; x_wconf 89' lang='lat' dir='ltr'>cecidit</span> <span class='ocrx_word' id='word_1_512' title='bbox 2946 4261 2987 4306; x_wconf 94' lang='lat' dir='ltr'>a</span> <span class='ocrx_word' id='word_1_513' title='bbox 3012 4242 3275 4313; x_wconf 87' lang='lat' dir='ltr'>veritate</span> <span class='ocrx_word' id='word_1_514' title='bbox 3301 4241 3371 4302; x_wconf 92' lang='lat' dir='ltr'>in</span> <span class='ocrx_word' id='word_1_515' title='bbox 3395 4240 3584 4319; x_wconf 84' lang='lat' dir='ltr'>igno-</span> 
     </span>
     <span class='ocr_line' id='line_1_83' title="bbox 2048 4347 3585 4436; baseline -0.008 -16"><span class='ocrx_word' id='word_1_516' title='bbox 2048 4358 2362 4420; x_wconf 89' lang='lat' dir='ltr'>rantiam:</span> <span class='ocrx_word' id='word_1_517' title='bbox 2410 4374 2524 4436; x_wconf 90' lang='lat' dir='ltr'>per</span> <span class='ocrx_word' id='word_1_518' title='bbox 2575 4352 3013 4434; x_wconf 88' lang='lat' dir='ltr'>cupiditatem,</span> <span class='ocrx_word' id='word_1_519' title='bbox 3071 4350 3227 4413; x_wconf 87' lang='lat' dir='ltr'>dum</span> <span class='ocrx_word' id='word_1_520' title='bbox 3280 4347 3502 4410; x_wconf 89' lang='lat' dir='ltr'>cecidit</span> <span class='ocrx_word' id='word_1_521' title='bbox 3546 4363 3585 4407; x_wconf 87' lang='lat' dir='ltr'>a</span> 
     </span>
     <span class='ocr_line' id='line_1_84' title="bbox 2048 4454 3582 4541; baseline -0.008 -13"><span class='ocrx_word' id='word_1_522' title='bbox 2048 4466 2328 4528; x_wconf 86' lang='lat' dir='ltr'>bonitate</span> <span class='ocrx_word' id='word_1_523' title='bbox 2342 4465 2409 4525; x_wconf 92' lang='lat' dir='ltr'>in</span> <span class='ocrx_word' id='word_1_524' title='bbox 2430 4461 2736 4524; x_wconf 89' lang='lat' dir='ltr'>malitiam</span> <span class='ocrx_word' id='word_1_525' title='bbox 2757 4483 2770 4523; x_wconf 95' lang='lat'>:</span> <span class='ocrx_word' id='word_1_526' title='bbox 2791 4477 2903 4541; x_wconf 88' lang='lat' dir='ltr'>per</span> <span class='ocrx_word' id='word_1_527' title='bbox 2917 4457 3407 4530; x_wconf 88' lang='lat' dir='ltr'>instabilitatem,</span> <span class='ocrx_word' id='word_1_528' title='bbox 3424 4454 3582 4517; x_wconf 90' lang='lat' dir='ltr'>dum</span> 
     </span>
     <span class='ocr_line' id='line_1_85' title="bbox 2049 4561 3583 4651; baseline -0.007 -16"><span class='ocrx_word' id='word_1_529' title='bbox 2049 4571 2267 4635; x_wconf 91' lang='lat' dir='ltr'>cecidit</span> <span class='ocrx_word' id='word_1_530' title='bbox 2293 4589 2331 4632; x_wconf 90' lang='lat' dir='ltr'>a</span> <span class='ocrx_word' id='word_1_531' title='bbox 2366 4572 2667 4651; x_wconf 86' lang='lat' dir='ltr'>potestate</span> <span class='ocrx_word' id='word_1_532' title='bbox 2694 4567 2762 4629; x_wconf 91' lang='lat' dir='ltr'>in</span> <span class='ocrx_word' id='word_1_533' title='bbox 2799 4564 3263 4646; x_wconf 88' lang='lat' dir='ltr'>impotentiam.</span> <span class='ocrx_word' id='word_1_534' title='bbox 3300 4561 3403 4625; x_wconf 86' lang='lat' dir='ltr'>Sic</span> <span class='ocrx_word' id='word_1_535' title='bbox 3425 4579 3583 4641; x_wconf 84' lang='lat' dir='ltr'>ergo</span> 
     </span>
     <span class='ocr_line' id='line_1_86' title="bbox 2047 4669 3579 4757; baseline -0.006 -16"><span class='ocrx_word' id='word_1_536' title='bbox 2047 4679 2118 4741; x_wconf 91' lang='lat' dir='ltr'>in</span> <span class='ocrx_word' id='word_1_537' title='bbox 2145 4676 2339 4741; x_wconf 91' lang='lat' dir='ltr'>verbo</span> <span class='ocrx_word' id='word_1_538' title='bbox 2359 4674 2679 4757; x_wconf 87' lang='lat' dir='ltr'>proposito</span> <span class='ocrx_word' id='word_1_539' title='bbox 2702 4676 2958 4736; x_wconf 90' lang='lat' dir='ltr'>notatur</span> <span class='ocrx_word' id='word_1_540' title='bbox 2978 4671 3255 4735; x_wconf 89' lang='lat' dir='ltr'>hominis</span> <span class='ocrx_word' id='word_1_541' title='bbox 3280 4669 3579 4746; x_wconf 80' lang='lat' dir='ltr'>conditiO,</span> 
     </span>
     <span class='ocr_line' id='line_1_87' title="bbox 2049 4775 3587 4865; baseline -0.006 -17"><span class='ocrx_word' id='word_1_542' title='bbox 2049 4789 2114 4848; x_wconf 87' lang='lat' dir='ltr'>et</span> <span class='ocrx_word' id='word_1_543' title='bbox 2136 4786 2278 4865; x_wconf 88' lang='lat' dir='ltr'>ejus</span> <span class='ocrx_word' id='word_1_544' title='bbox 2301 4780 2574 4846; x_wconf 90' lang='lat' dir='ltr'>deviatio</span> <span class='ocrx_word' id='word_1_545' title='bbox 2596 4802 2613 4858; x_wconf 88' lang='lat'>;</span> <span class='ocrx_word' id='word_1_546' title='bbox 2646 4783 2710 4844; x_wconf 95' lang='lat' dir='ltr'>et</span> <span class='ocrx_word' id='word_1_547' title='bbox 2731 4780 2852 4843; x_wconf 89' lang='lat' dir='ltr'>hoc</span> <span class='ocrx_word' id='word_1_548' title='bbox 2873 4778 3081 4842; x_wconf 90' lang='lat' dir='ltr'>solum</span> <span class='ocrx_word' id='word_1_549' title='bbox 3103 4776 3360 4841; x_wconf 91' lang='lat' dir='ltr'>invenio</span> <span class='ocrx_word' id='word_1_550' title='bbox 3388 4775 3587 4840; x_wconf 88' lang='lat' dir='ltr'>deter-</span> 
     </span>
     <span class='ocr_line' id='line_1_88' title="bbox 2049 4886 2944 4955; baseline -0.008 0"><span class='ocrx_word' id='word_1_551' title='bbox 2049 4893 2367 4955; x_wconf 86' lang='lat' dir='ltr'>minatum</span> <span class='ocrx_word' id='word_1_552' title='bbox 2395 4888 2463 4951; x_wconf 89' lang='lat' dir='ltr'>in</span> <span class='ocrx_word' id='word_1_553' title='bbox 2500 4888 2621 4952; x_wconf 92' lang='lat' dir='ltr'>hoc</span> <span class='ocrx_word' id='word_1_554' title='bbox 2644 4886 2830 4950; x_wconf 84' lang='lat' dir='ltr'>libro.</span> <span class='ocrx_word' id='word_1_555' title='bbox 2941 4912 2944 4915; x_wconf 41' lang='lat'><em>¹</em></span> 
     </span>
    </p>
   </div>
   <div class='ocr_carea' id='block_1_12' title="bbox 2046 5040 3580 5190">
    <p class='ocr_par' dir='ltr' id='par_1_12' title="bbox 2046 5040 3580 5190">
     <span class='ocr_line' id='line_1_89' title="bbox 2048 5040 3580 5118; baseline -0.005 -16"><span class='ocrx_word' id='word_1_556' title='bbox 2048 5065 2100 5118; x_wconf 78' lang='lat' dir='ltr'>v,</span> <span class='ocrx_word' id='word_1_557' title='bbox 2125 5056 2170 5104; x_wconf 87' lang='lat'>9.</span> <span class='ocrx_word' id='word_1_558' title='bbox 2213 5052 2315 5090; x_wconf 71' lang='grc' dir='ltr'>-τ</span> <span class='ocrx_word' id='word_1_559' title='bbox 2335 5051 2478 5115; x_wconf 72' lang='lat' dir='ltr'>sap„</span> <span class='ocrx_word' id='word_1_560' title='bbox 2502 5040 2610 5112; x_wconf 70' lang='lat' dir='ltr'>xxv,</span> <span class='ocrx_word' id='word_1_561' title='bbox 2655 5049 2816 5098; x_wconf 83' lang='lat'>25-26.</span> <span class='ocrx_word' id='word_1_562' title='bbox 2837 5073 2899 5083; x_wconf 89' lang='lat'>—</span> <span class='ocrx_word' id='word_1_563' title='bbox 2926 5045 2949 5080; x_wconf 81' lang='lat'><strong>⁸</strong></span> <span class='ocrx_word' id='word_1_564' title='bbox 2979 5047 3096 5107; x_wconf 67' lang='lat' dir='ltr'>tm„</span> <span class='ocrx_word' id='word_1_565' title='bbox 3125 5055 3232 5105; x_wconf 79' lang='lat' dir='ltr'>nx,</span> <span class='ocrx_word' id='word_1_566' title='bbox 3263 5047 3338 5095; x_wconf 70' lang='lat'>1⁴.</span> <span class='ocrx_word' id='word_1_567' title='bbox 3360 5069 3419 5081; x_wconf 90' lang='lat'>-</span> <span class='ocrx_word' id='word_1_568' title='bbox 3446 5045 3467 5079; x_wconf 78' lang='lat'><strong>⁹</strong></span> <span class='ocrx_word' id='word_1_569' title='bbox 3500 5046 3580 5095; x_wconf 71' lang='lat' dir='ltr'>ps.</span> 
     </span>
     <span class='ocr_line' id='line_1_90' title="bbox 2046 5118 2969 5190; baseline -0.012 -8"><span class='ocrx_word' id='word_1_570' title='bbox 2046 5139 2090 5190; x_wconf 84' lang='lat'>1,</span> <span class='ocrx_word' id='word_1_571' title='bbox 2111 5129 2157 5179; x_wconf 71' lang='lat'>4.</span> <span class='ocrx_word' id='word_1_572' title='bbox 2174 5150 2239 5163; x_wconf 94' lang='lat'>—</span> <span class='ocrx_word' id='word_1_573' title='bbox 2255 5124 2299 5161; x_wconf 84' lang='lat'>¹⁰</span> <span class='ocrx_word' id='word_1_574' title='bbox 2312 5126 2396 5176; x_wconf 78' lang='lat' dir='ltr'>Ps.</span> <span class='ocrx_word' id='word_1_575' title='bbox 2413 5133 2523 5186; x_wconf 84' lang='lat' dir='ltr'>cm,</span> <span class='ocrx_word' id='word_1_576' title='bbox 2544 5124 2624 5172; x_wconf 77' lang='lat'>29.</span> <span class='ocrx_word' id='word_1_577' title='bbox 2644 5146 2706 5159; x_wconf 93' lang='lat'>—</span> <span class='ocrx_word' id='word_1_578' title='bbox 2731 5118 2770 5159; x_wconf 84' lang='lat'>¹¹</span> <span class='ocrx_word' id='word_1_579' title='bbox 2787 5120 2969 5183; x_wconf 82' lang='lat' dir='ltr'>Supra.</span> 
     </span>
    </p>
   </div>
  </div>
 </body>
</html>
