4125 6225
109 3370 180 3414 Ad
213 3384 322 3428 opp.

1125 415 1319 482 DIST.
1361 415 1524 484 XIV.
1563 414 1797 484 PART.
1835 414 1914 482 11.
1957 414 2141 482 ΛΒΤ.
2185 414 2264 481 11.
2308 415 2606 495 QUAEST.
2649 416 2760 482 ΙΙΙ.

330 551 505 634 ignis
530 550 676 634 plus
701 550 1008 616 convenit
1026 567 1177 616 cum
1202 557 1438 617 natura
1462 552 1734 633 ooelesti3
1767 553 1869 618 di-

331 660 605 724 cendum
631 659 804 741 quod
832 659 910 723 de
942 659 1299 725 coelestibus
1321 659 1749 725 luminaribus
1778 667 1871 725 est

331 767 512 850 loqui
537 766 892 849 dupliciter,
923 767 1156 832 scilicet
1186 789 1202 831 :
1234 771 1550 851 quantum
1579 768 1660 833 ad
1688 771 1872 832 natu-

332 893 474 939 ram
508 875 579 938 in
616 893 745 957 qua
778 874 1201 953 conveniunt,
1231 874 1524 940 videlicet
1556 879 1872 958 quantum

334 983 413 1047 ad
453 986 750 1046 naturam
778 981 938 1045 lucis
969 1003 985 1046 z
1016 986 1079 1046 et
1112 985 1426 1065 quantum
1453 982 1533 1046 ad
1567 982 1735 1046 hanc
1759 1000 1873 1047 ve-

333 1106 485 1154 rum
529 1094 624 1153 est
669 1089 875 1153 dicere
893 1137 911 1169 ,
959 1089 1131 1172 quod
1176 1089 1618 1153 universaliter
1663 1090 1875 1170 magis

335 1197 814 1261 eontormantur
840 1197 1010 1278 igni,
1041 1215 1237 1279 quam
1264 1197 1371 1260 alii
1397 1196 1734 1261 elemento.
1765 1196 1876 1260 Est

337 1303 533 1371 etiam
557 1304 733 1386 loqui
759 1307 1074 1386 quantum
1101 1303 1181 1367 ad
1204 1304 1473 1369 virtutes
1495 1303 1615 1367 sibi
1641 1303 1875 1386 specia-

336 1414 481 1478 liter
514 1413 690 1477 datas
707 1461 725 1490 ‚
768 1414 1120 1478 secundum
1160 1414 1330 1496 quod
1367 1415 1752 1497 deputantur
1795 1416 1873 1480 ad

338 1523 633 1605 regimen
674 1523 1052 1587 inferiorum
1085 1544 1101 1586 ι
1133 1527 1193 1587 et
1228 1523 1384 1605 quia
1421 1541 1551 1586 non
1585 1525 1876 1587 tantum-

341 1634 530 1699 modo
562 1633 799 1697 habent
835 1649 1061 1715 regere
1097 1632 1318 1713 ignem
1336 1681 1353 1711 ,
1387 1631 1496 1696 sed
1529 1631 1721 1695 etiam
1753 1632 1878 1696 alia

342 1758 634 1822 corpora,
679 1739 831 1804 hinc
861 1745 956 1804 est
994 1740 1165 1823 quod
1202 1757 1284 1803 ex
1327 1759 1447 1805 sua
1483 1739 1878 1803 institutione

342 1848 645 1932 primaria
667 1848 882 1930 aliqua
906 1866 988 1911 ex
1015 1848 1106 1911 eis
1132 1847 1370 1928 magiS‚
1401 1864 1597 1929 quam
1623 1846 1874 1928 ignem,

343 1957 686 2039 inspiciunt
707 1956 1021 2020 elementa
1039 1955 1165 2019 alia
1186 1978 1201 2018 ε
1226 1959 1289 2018 et
1309 1953 1464 2036 quia
1484 1954 1694 2017 omnis
1719 1954 1879 2018 actio

343 2064 689 2129 attenditur
703 2062 1055 2126 secundum
1074 2066 1400 2144 aspectum
1418 2061 1671 2125 virtutis
1688 2079 1883 2142 agen-

344 2171 424 2235 tis
460 2170 541 2234 ad
570 2169 849 2253 patienS,
883 2168 1048 2233 sicut
1076 2168 1298 2233 dicunt
1330 2165 1562 2231 medici
1593 2171 1656 2231 et
1687 2171 1884 2231 astro·

345 2277 560 2358 nomi,
613 2278 763 2341 hinc
819 2280 914 2340 est
963 2278 1133 2359 quod
1188 2276 1486 2358 quaedam
1541 2275 1885 2340 luminaria

345 2385 554 2466 magis
597 2403 748 2448 cum
790 2385 945 2466 igne
987 2384 1057 2448 in
1104 2384 1332 2447 effectu
1373 2382 1880 2461 communicant,

345 2493 642 2576 quaedam
669 2510 825 2558 vero
853 2491 1237 2568 discordant,
1272 2491 1429 2555 dum
1456 2490 1887 2574 principaliter

347 2600 660 2684 aspiciunt
685 2600 999 2664 elementa
1024 2599 1169 2663 alia.
1198 2599 1509 2681 Aspectus
1536 2601 1754 2661 autem
1780 2599 1887 2680 ip-

347 2725 568 2773 sorum
593 2707 1017 2773 determinare
1040 2707 1302 2771 alterius
1328 2709 1423 2769 est
1457 2704 1761 2770 scientiae.

827 2946 1234 3026 QUAEs'rlo
1276 2897 1407 3012 i11.

388 3105 482 3162 An
526 3122 593 3162 ex
628 3103 1067 3178 impressionibus
1106 3103 1459 3159 luminarium
1504 3103 1746 3159 causetur
1789 3104 1853 3157 in

678 3176 935 3250 'omnibus
961 3193 1246 3250 diversitas
1267 3207 1474 3249 morum
1491 3190 1531 3245 ¹.

431 3353 660 3418 Utrum
703 3371 786 3417 ex
824 3351 1345 3435 impressionibus
1385 3350 1647 3416 illorum
1685 3332 1889 3415 Iumi-

351 3460 606 3525 narium
666 3463 961 3525 causetur
1009 3460 1078 3523 in
1122 3458 1494 3524 hominibus
1559 3459 1891 3523 diversitas

353 3586 643 3645 morum3
689 3571 753 3633 et
790 3568 961 3651 quod
999 3567 1088 3630 sic
1105 3614 1123 3644 ,
1156 3567 1410 3632 videtur
1451 3585 1563 3649 per
1597 3565 1891 3631 Boetium

353 3676 425 3740 in
446 3678 608 3742 libro
630 3676 709 3742 de
736 3676 1180 3742 Consolatione
1194 3678 1218 3713 ¹
1240 3697 1255 3738 z
1279 3698 1310 3735 α
1332 3673 1564 3739 Fatum
1586 3678 1681 3739 est
1699 3675 1892 3739 rebus

355 3785 697 3849 mobilibus
722 3783 1045 3847 inhaerens
1068 3781 1415 3864 dispositio,
1440 3800 1556 3864 per
1579 3800 1776 3864 quam
1801 3781 1893 3845 di-

354 3894 507 3959 vina
534 3891 937 3957 Providentia
970 3891 1104 3955 suis
1130 3908 1403 3973 quaeque
1439 3889 1634 3954 nectit
1658 3888 1894 3953 ordini-

355 4001 498 4065 buS.
523 4024 554 4060 n
582 4000 885 4065 Similiter
909 4000 1100 4063 etiam
1119 3997 1545 4079 AugustinuS,
1566 3998 1638 4060 in
1659 3997 1822 4061 libro
1839 3997 1893 4063 V

357 4106 434 4174 de
481 4108 754 4175 Ciuitate
795 4107 945 4186 Dei,
990 4106 1180 4170 dicit⁸
1209 4105 1381 4189 quod
1418 4105 1622 4169 fatum
1661 4108 1755 4168 est
1794 4106 1894 4170 vis

354 4216 680 4300 positionis
720 4215 1002 4279 siderum
1022 4262 1040 4292 ‚
1079 4231 1209 4295 qua
1250 4211 1592 4290 existente,
1635 4211 1893 4293 quando

355 4323 502 4406 quis
556 4322 913 4404 concipitur
961 4320 1065 4386 vel
1120 4319 1434 4399 nascitur,
1487 4319 1897 4400 cognoscitur

356 4433 560 4517 qualis
591 4434 850 4497 futurus
872 4431 974 4494 sit.
1007 4429 1106 4494 Ex
1133 4429 1342 4512 prima
1367 4428 1741 4493 auctoritate
1771 4428 1893 4492 ha-

355 4540 565 4618 betur,
595 4540 764 4622 quod
794 4541 998 4603 fatum
1022 4556 1174 4602 vere
1199 4541 1328 4617 est;
1358 4555 1439 4601 ex
1466 4536 1744 4601 secunda
1771 4537 1896 4601 ha-

355 4648 565 4727 betur,
603 4647 774 4731 quod
811 4647 1018 4711 fatum
1056 4648 1150 4709 est
1190 4645 1289 4708 vis
1327 4645 1655 4710 stellarum
1687 4667 1702 4709 :
1736 4663 1894 4727 ergo

356 4756 408 4819 si
434 4760 642 4820 totum
664 4755 955 4836 regimen
979 4755 1131 4818 vitae
1154 4752 1435 4817 consistit
1460 4753 1532 4816 in
1558 4754 1708 4833 fat0,
1733 4753 1898 4817 sicut

358 4862 508 4927 dicit
534 4861 823 4938 BoetiuS,
855 4864 918 4926 et
944 4862 1149 4925 fatum
1186 4863 1281 4924 est
1306 4859 1407 4924 vis
1444 4860 1773 4943 positionis
1805 4860 1898 4924 si-

359 4969 585 5034 derum
605 5018 622 5048 ,
664 4970 830 5033 sicut
869 4969 1021 5033 dicit
1046 4968 1453 5050 Augustinus
1470 5016 1488 5047 ,
1526 4972 1683 5033 tunc
1719 4967 1896 5050 regi-

425 5132 440 5163 ¹
468 5131 549 5195 Cf.
575 5132 630 5182 S.
650 5131 855 5192 Thom.,
877 5144 928 5195 p.
958 5130 1005 5193 1,
1028 5144 1078 5193 q.
1101 5140 1228 5188 ειν,
1263 5134 1357 5179 art.
1383 5132 1438 5194 ἅς
1470 5134 1523 5180 et
1550 5130 1747 5193 Quolib.
1777 5131 1895 5193 XII,

362 5205 456 5252 art.
478 5205 540 5266 5;
571 5202 804 5265 AEgidius
825 5202 995 5265 Rom„
1028 5202 1067 5250 ll
1097 5202 1256 5263 Sent„
1279 5200 1396 5251 dist.
1412 5212 1525 5265 xw,
1547 5217 1599 5266 q.
1624 5214 1703 5266 111,
1724 5206 1819 5253 art.
1837 5206 1894 5265 33

364 5273 546 5324 Thom.
572 5277 716 5337 Arg„
748 5274 787 5323 ll
821 5273 979 5332 Sent„
1008 5271 1124 5323 dist.
1144 5283 1261 5336 xiv,
1287 5286 1338 5335 q.
1365 5284 1412 5337 1,
1439 5278 1537 5324 art.
1556 5276 1618 5337 33
1652 5275 1898 5336 Durand.‚

367 5346 407 5397 ll
439 5345 597 5410 Seni„
622 5346 764 5405 dist„
782 5357 890 5410 xiv,
916 5360 966 5409 q.
986 5357 1058 5408 113
1090 5345 1267 5408 Stepb.
1289 5345 1498 5408 Brulet„
1528 5348 1573 5398 11
1597 5347 1753 5407 Sem„
1779 5347 1897 5398 dIst.

368 5427 474 5481 xw,
501 5428 726 5482 q.·11.·-
741 5416 765 5451 ¹
786 5419 948 5480 Boet„
972 5416 1033 5466 de
1053 5416 1334 5481 Con-solat„
1362 5418 1449 5469 lib.
1474 5419 1560 5482 lv,
1587 5432 1724 5481 pros.
1750 5430 1820 5469 v1.
1841 5444 1901 5459 -

3409 419 3531 482 599

1978 569 2131 617 men
2175 551 2328 617 vitae
2376 555 2438 616 et
2482 551 2818 618 diversitas
2859 568 3121 616 morum
3170 552 3403 635 pendet
3446 571 3528 622 ex

1979 661 2219 726 virtute
2246 659 2553 724 siderum.

2059 773 2122 831 2.
2145 767 2303 832 Item
2319 765 2744 849 Philosophus
2766 772 2814 845 ⁸,
2841 768 2913 831 in
2936 766 3101 832 libro
3128 766 3207 832 de
3236 766 3529 833 Elemen-

1980 880 2191 943 torum
2223 875 2753 957 Prop‘n'etalibuS,
2785 875 2937 940 dicit
2972 876 3143 957 quod
3180 892 3385 956 regua
3412 893 3527 942 va-

1981 1002 2102 1048 cua
2125 984 2289 1047 facta
2312 988 2493 1064 sunt,
2522 987 2585 1049 et
2609 989 2799 1049 terrae
2828 983 3229 1067 depopulatae
3267 986 3422 1048 sunt
3448 983 3529 1048 ad

1983 1095 2123 1175 conj
2134 1094 2500 1158 unctionem
2547 1094 2824 1158 duarum
2874 1111 3266 1174 magnarum
3318 1092 3530 1158 stella-

1981 1219 2133 1267 rum
2152 1249 2168 1278 ,
2206 1200 2440 1265 scilicet
2463 1199 2497 1265 J
2500 1200 2638 1266 ovis
2672 1202 2736 1264 et
2765 1198 3068 1264 Saturni:
3096 1198 3204 1262 sed
3234 1198 3359 1264 hoc
3397 1216 3531 1264 non

1983 1313 2179 1388 esset,
2211 1309 2336 1372 nisi
2372 1308 2536 1373 bella
2567 1312 2632 1373 et
2670 1308 2810 1372 lites
2843 1307 3184 1372 hominum
3219 1324 3302 1371 ex
3343 1306 3534 1372 astris

1982 1417 2331 1502 penderent
2356 1438 2373 1478 t
2400 1399 2591 1497 ergo,¹
2611 1421 2732 1481 etc.

2063 1529 2125 1588 3.
2183 1523 2342 1588 Item
2391 1524 2513 1588 hoc
2556 1524 2773 1607 ipsum
2819 1522 3072 1588 videtur
3117 1539 3235 1604 per
3284 1539 3529 1588 sacram

1985 1631 2402 1715 Scripturam.
2431 1631 2602 1712 Magi
2628 1633 3073 1713 cognoverunt
3095 1632 3312 1693 ortum
3334 1628 3535 1711 Regis

1984 1757 2101 1822 per
2130 1740 2591 1822 apparitionem
2617 1739 2814 1803 stellae
2834 1737 2878 1800 ⁸.
2908 1737 2988 1802 Et
3012 1736 3081 1800 in
3107 1737 3351 1803 Joanne
3380 1737 3536 1803 dicit

1988 1845 2332 1911 Dominus⁰
2361 1845 2704 1913 :Nondum
2738 1846 2915 1911 venit
2948 1844 3108 1910 hora
3140 1860 3302 1909 mea.
3340 1843 3420 1908 Et
3445 1845 3535 1908 si-

1989 1954 2223 2019 militer
2241 1960 2265 1995 ⁷
2293 1975 2307 2018 ε
2335 1953 2524 2020 Nemo
2550 1951 2966 2035 apprehendit
2992 1967 3155 2029 eum,
3181 1954 3343 2034 quia
3366 1968 3533 2018 non-

1990 2062 2147 2126 dum
2173 2063 2351 2128 venit
2376 2061 2533 2128 hora
2558 2060 2718 2142 effus.
2753 2060 2822 2124 Si
2844 2077 3004 2141 ergo
3027 2057 3311 2123 Christus
3337 2059 3535 2124 homo

1989 2174 2180 2234 natus
2205 2170 2328 2233 fuit
2353 2169 2474 2234 sub
2500 2168 2991 2247 constellatione,
3020 2168 3335 2232 ethoram
3366 2170 3535 2231 tem-

1991 2278 2163 2361 poris
2215 2277 2574 2361 expectavit
2624 2277 2698 2340 in
2745 2295 2865 2340 sua
2916 2275 3208 2359 passione
3226 2324 3245 2355 ,
3280 2274 3536 2339 videtur

1991 2385 2164 2468 quod
2195 2385 2399 2450 multo
2431 2384 2657 2449 fortius
2681 2401 2904 2447 omnes
2931 2382 3038 2446 alii
3067 2381 3361 2447 homines
3390 2381 3535 2463 regi

1993 2497 2055 2556 et
2080 2492 2431 2574 gubernari
2456 2491 2734 2556 habeant
2747 2539 2765 2571 ,
2792 2494 2855 2556 et
2881 2488 3161 2573 disponi,
3186 2489 3539 2554 secundum

1992 2602 2320 2666 stellarum
2345 2601 2671 2666 virtutem.

2073 2713 2134 2771 4.
2182 2708 2340 2772 Item
2384 2707 2508 2772 hoc
2543 2708 2762 2790 ipsum
2802 2705 3059 2774 videtur
3094 2703 3486 2787 experientia
3515 2726 3533 2770 t

1993 2815 2066 2879 in
2104 2814 2418 2878 mortibus
2449 2814 2624 2878 enim
2661 2831 2896 2894 regum
2914 2861 2933 2892 ,
2972 2815 3047 2877 ut
3073 2811 3296 2876 dicunt
3330 2815 3537 2877 astro-

1994 2922 2202 3001 nomi,
2228 2927 2489 3006 apparet
2512 2922 2691 2987 stella
2713 2922 2988 2999 cometa,
3014 2923 3079 2984 et
3100 2921 3450 2985 astronomi
3476 2925 3541 2986 et

1995 3030 2455 3109 mathematici,
2483 3031 2560 3094 de
2588 3029 2808 3093 multis
2830 3026 3117 3111 requisiti
3130 3076 3148 3107 ,
3181 3028 3539 3092 secundum

1994 3141 2355 3224 astrologiae
2375 3140 2692 3224 judicium
2719 3138 2923 3203 multa
2955 3137 3312 3221 praedicunt
3335 3156 3535 3203 vera:

1994 3249 2118 3314 hoc
2142 3253 2361 3313 autem
2397 3265 2534 3312 non
2565 3250 2761 3326 esset,
2792 3246 2917 3309 nisi
2942 3262 3153 3309 mores
3176 3249 3240 3309 et
3276 3244 3540 3310 affectus

1997 3358 2339 3423 hominum
2358 3356 2844 3439 disponerentur
2861 3352 3216 3418 secundum
3232 3352 3540 3418 virtutem

1995 3463 2322 3529 stellarum
2347 3483 2366 3527 ε
2391 3482 2571 3545 ergo,
2601 3466 2720 3527 etc.

2078 3575 2138 3636 5.
2181 3572 2338 3636 Item
2376 3571 2501 3636 hoc
2533 3570 2747 3654 ipsum
2772 3569 3030 3635 videtur
3062 3569 3307 3635 ratione
3344 3569 3538 3634 certa.

1996 3680 2096 3744 Ad
2124 3678 2555 3745 universitatis
2579 3678 2872 3743 ordinem
2900 3679 3167 3760 spectat,
3196 3680 3261 3741 et
3284 3676 3366 3741 ad
3394 3693 3542 3760 per-

1996 3788 2336 3853 fectionem
2362 3785 2734 3868 regiminiS,
2770 3788 2846 3850 ut
2878 3784 3044 3848 nihil
3072 3803 3227 3849 casu
3259 3785 3372 3847 fiat
3404 3801 3542 3849 res-

1997 3899 2187 3979 pectu
2213 3896 2447 3962 divinae
2475 3894 2899 3960 Providentiae
2931 3916 2946 3958 ε
2977 3911 3135 3975 ergo
3164 3893 3217 3956 si
3247 3891 3411 3957 Deus
3435 3911 3543 3957 re-

1999 4004 2098 4086 git
2121 4004 2435 4085 ignobilia
2459 4020 2574 4085 per
2593 4000 2856 4081 nobilia,
2881 4004 2947 4065 et
2972 3998 3404 4083 corruptibilia
3427 4017 3543 4082 per

1997 4109 2533 4193 incorruptibilia,
2575 4109 2640 4171 et
2677 4106 2980 4172 inferiora
3020 4124 3133 4189 per
3171 4106 3502 4189 superiora
3518 4153 3537 4184 ‚

1998 4218 2250 4284 videtur
2289 4217 2458 4300 quod
2496 4215 2661 4282 nihil
2700 4216 2770 4279 in
2810 4215 2913 4280 his
2949 4214 3354 4279 inferioribus
3390 4214 3504 4279 flat
3518 4262 3537 4293 ,

2000 4324 2173 4408 quod
2205 4344 2246 4388 a
2281 4324 2609 4388 stellarum
2648 4321 2886 4387 virtute
2928 4326 2993 4386 et
3033 4321 3369 4387 influentia
3410 4339 3543 4386 non

1999 4432 2297 4516 procedat
2326 4454 2342 4496 ε
2374 4433 2437 4495 et
2464 4430 2519 4494 si
2558 4429 2681 4494 hoc
2707 4447 2940 4496 verum
2974 4432 3102 4511 est,
3133 4447 3291 4510 ergo
3329 4428 3542 4495 diver-

2001 4540 2153 4604 sitas
2196 4557 2454 4604 morum
2497 4539 2799 4602 causatur
2836 4537 3074 4604 virtute
3116 4536 3546 4602 constellatio-

2000 4666 2186 4713 num.

2085 4755 2314 4822 Contra
2340 4778 2355 4820 ε
2384 4755 2625 4836 Solem,
2652 4758 2717 4820 et
2741 4755 3019 4833 Lunam,
3046 4758 3110 4819 et
3135 4754 3353 4819 omnia
3377 4757 3547 4821 astra
3573 4781 3785 4829 rmum.

2004 4864 2150 4929 coeli
2188 4864 2423 4930 creavit
2460 4863 2767 4929 Dominus
2800 4862 2969 4928 Deus
3011 4862 3081 4951 in·
3118 4861 3547 4928 ministerium

2004 4972 2250 5038 cunctis
2287 4971 2619 5054 gentibus,
2659 4988 2808 5053 quae
2851 4970 2971 5034 sub
3009 4969 3168 5034 coelo
3208 4974 3361 5033 sunt
3388 4988 3405 5032 ε
3435 4970 3546 5035 sed

2004 5081 2180 5165 quod
2211 5084 2309 5145 est
2343 5082 2627 5144 creatum
2659 5077 2730 5141 in
2760 5077 3193 5142 ministerium
3229 5077 3543 5159 hominiS,

2006 5281 2029 5316 ⁸
2048 5282 2201 5344 Aug„
2229 5279 2290 5330 de
2318 5279 2469 5330 civit.
2496 5277 2622 5341 Dei,
2647 5277 2738 5329 lib.
2764 5278 2837 5339 V,
2867 5291 2913 5326 c.
2933 5290 2952 5327 1
2981 5279 3162 5341 etseq.
3186 5300 3249 5312 —
3274 5275 3299 5310 ⁸
3316 5276 3546 5343 Ariston,

2005 5352 2068 5402 de
2096 5352 2341 5403 Element.
2363 5351 2561 5415 Propn,
2588 5352 2640 5399 et
2664 5348 2815 5399 Petit.
2838 5347 2930 5398 lib.
2954 5350 3018 5409 V,
3045 5363 3092 5398 c.
3112 5360 3284 5399 vn.—
3301 5349 3322 5384 ⁸
3342 5350 3545 5417 Mami„

2011 5436 2068 5487 11,
2092 5426 2138 5474 2.
2164 5450 2219 5462 -
2239 5424 2261 5459 θ
2278 5424 2440 5484 Ιοαη.,
2469 5433 2529 5483 ιι,
2550 5423 2598 5470 4.
2619 5445 2675 5456 -
2695 5420 2718 5456 ⁷
2735 5421 2898 5482 Joan„
2924 5426 3037 5481 vm,
3061 5421 3140 5470 20.
