4125 6225
685 438 809 500 554

685 571 915 652 dentis,
945 573 1070 637 nisi
1091 575 1379 640 accidens
1403 577 1462 639 ¹:
1494 578 1604 642 sed
1627 577 1746 642 lux
1763 581 1859 643 est
1886 579 1966 643 de
1992 580 2224 644 consti·

684 680 933 744 tutione
952 682 1202 761 coloris,
1219 702 1373 748 cum
1390 685 1561 749 color
1578 703 1711 751 non
1733 688 1815 751 sit
1831 686 2002 752 aliud
2025 705 2225 771 quam

681 786 802 851 lux
847 788 1250 872 incorporata
1280 814 1296 856 ε
1340 811 1499 875 ergo
1534 812 1686 858 cum
1731 795 1904 860 color
1941 796 2024 859 sit
2059 796 2228 860 acci-

686 893 867 975 dens,
892 896 1013 960 lux
1037 901 1131 961 est
1156 900 1362 963 forma
1379 901 1795 966 accidentalis.

765 1005 827 1066 2.
859 1000 1020 1067 Item
1055 1004 1217 1069 nihil
1242 1011 1337 1071 est
1379 1025 1495 1090 per
1529 1026 1599 1072 55
1626 1009 1947 1091 objectum
1975 1028 2221 1090 sensus,

684 1108 810 1172 nisi
849 1109 1161 1189 accidens,
1207 1114 1362 1196 quia
1404 1133 1598 1181 omne
1638 1115 1962 1198 objectum
1999 1135 2226 1182 sensus

687 1221 947 1303 ponitur
986 1223 1056 1288 111
1091 1226 1278 1291 tertia
1314 1228 1522 1310 specie
1557 1229 1879 1311 qualitatis
1908 1252 1923 1293 :
1956 1230 2066 1295 sed
2107 1229 2225 1293 lux

686 1328 893 1410 seipsa
915 1330 1189 1412 videtur,
1220 1336 1285 1398 et
1327 1335 1675 1418 percipitur
1714 1353 1907 1400 5511511
1931 1336 2137 1413 visus,
2163 1339 2226 1401 et

686 1436 782 1496 est
805 1432 964 1497 illud
1006 1452 1137 1516 quo
1204 1438 1520 1503 mediante
1563 1443 1794 1505 caetera
1832 1441 2221 1517 sentiuntur,

685 1540 852 1605 sicut
878 1543 1028 1608 dicit
1048 1545 1454 1627 Augustinus
1477 1565 1666 1631 super
1694 1550 1985 1616 Genesim
2004 1549 2094 1617 ad
2118 1550 2225 1618 lit·

687 1656 891 1717 teram
913 1672 937 1715 .·
958 1670 1115 1734 ergo
1133 1653 1247 1718 lux
1271 1659 1365 1719 est
1384 1656 1672 1720 accidens
1688 1663 1733 1720 ¹.
1760 1658 1868 1720 Ait
1886 1659 2060 1722 enim
2089 1659 2224 1722 Au-

686 1757 987 1837 gustinus
1011 1760 1099 1823 sic
1121 1761 1178 1824 ⁸:
1218 1760 1449 1826 «Visus
1471 1764 1608 1844 agit
1629 1782 1792 1846 pura
1812 1764 1974 1842 luce,
1996 1766 2225 1831 deinde

685 1864 1085 1948 incorporata
1110 1869 1180 1932 in
1220 1870 1637 1935 subtilissimo
1659 1890 1827 1952 aere,
1860 1874 2086 1939 deinde
2109 1874 2226 1939 lux

687 1971 891 2035 mixta
908 1972 976 2050 in
992 1992 1138 2039 aere
1158 1976 1528 2058 caliginose,
1556 1978 1783 2044 deinde
1809 1998 1960 2044 cum
1985 1998 2224 2063 corpu-

685 2078 859 2144 lento
884 2081 1179 2163 humore,
1210 2085 1438 2150 deinde
1464 2105 1613 2151 cum
1644 2090 1897 2152 terrena
1923 2090 2225 2154 crassitu-

687 2186 858 2264 dine,
888 2192 951 2252 et
980 2190 1069 2253 sic
1087 2192 1373 2274 quinque
1400 2211 1625 2258 sensus
1645 2195 1857 2259 efficit.
1882 2217 1914 2257 ι

768 2298 826 2357 3.
878 2294 1071 2376 Item,
1106 2299 1278 2381 quod
1315 2304 1595 2381 augetur
1632 2302 1702 2366 in
1746 2303 1998 2386 aliqu0,
2049 2304 2228 2368 salva

685 2401 830 2482 ejus
852 2402 1204 2469 substantia
1230 2411 1294 2470 et
1316 2411 1567 2485 natura,
1597 2408 1810 2492 ipsum
1837 2414 1934 2475 est
1966 2412 2087 2476 sibi
2118 2431 2226 2475 ac-

685 2507 938 2573 cidens:
968 2513 1077 2576 sed
1103 2513 1219 2577 lux
1254 2520 1533 2596 augetur
1557 2516 1628 2579 in
1653 2519 2024 2601 corporibus
2050 2537 2225 2601 prae-

685 2615 873 2698 cipue
915 2617 1276 2698 luminosiS,
1317 2623 1480 2687 sicut
1515 2624 1748 2688 dicitur
1789 2625 1857 2689 ¹⁰:
1913 2629 2069 2693 Erit
2108 2629 2227 2694 lux

683 2723 855 2790 lunae
878 2727 1048 2792 sicut
1073 2728 1194 2794 lux
1218 2727 1398 2808 soliS,
1424 2736 1487 2797 et
1527 2731 1647 2796 lux
1675 2733 1831 2799 solis
1869 2735 2228 2818 septempli-

682 2835 863 2912 citer,
898 2838 1013 2899 etc.
1056 2834 1230 2918 Ergo
1258 2837 1374 2902 lux
1409 2857 1539 2904 non
1572 2846 1668 2904 est
1703 2842 2078 2918 substantia,
2117 2843 2226 2907 sed

682 2941 991 3021 accidens,
1017 2960 1167 3008 cum
1193 2946 1545 3011 substantia
1570 2966 1702 3012 non
1721 2949 1990 3033 recipiat
2015 2949 2226 3031 magis

682 3053 748 3111 et
775 3052 1010 3117 minus.

764 3161 826 3221 4.
860 3158 1041 3240 Item,
1072 3163 1236 3226 sicut
1270 3163 1442 3244 ignis
1477 3164 1853 3230 naturaliter
1900 3167 2091 3244 lucet,
2138 3169 2228 3232 ita

682 3268 749 3328 et
782 3268 1157 3333 naturaliter
1177 3269 1356 3349 calet,
1387 3289 1506 3334 nec
1532 3275 1738 3354 major
1766 3277 1861 3337 est
1901 3274 2109 3338 virtus
2154 3274 2225 3338 in

681 3371 820 3452 ipso
859 3373 1072 3438 lucere
1090 3423 1109 3454 ,
1153 3395 1351 3459 quam
1389 3377 1626 3459 calere,
1673 3380 1808 3445 sive
1851 3381 2220 3447 calefacere:

682 3479 792 3543 sed
819 3480 1103 3545 caliditas
1134 3487 1228 3547 est
1270 3484 1539 3566 qualitas
1580 3487 1980 3552 accidentalis
2026 3490 2225 3572 ipsius

680 3585 893 3668 ignis:
923 3606 1082 3670 ergo
1105 3593 1168 3653 et
1197 3591 1622 3683 luminositas.

764 3697 825 3757 5.
856 3692 1037 3771 Item,
1069 3696 1123 3759 si
1150 3698 1263 3761 lux
1291 3697 1361 3762 in
1392 3700 1473 3783 (α)
1505 3702 1658 3781 igne
1695 3706 1790 3766 est
1813 3703 2021 3767 forma
2068 3705 2226 3769 sub-

683 3800 1013 3880 51511115115,
1036 3807 1148 3867 aut
1168 3821 1327 3885 ergo
1340 3806 1568 3871 ultima
1599 3810 1664 3871 et
1688 3808 2090 3891 completiva,
2111 3815 2225 3875 aut

683 3906 843 3971 citra
855 3908 1151 3973 ultimam
1174 3930 1191 3974 ε
1218 3912 1271 3975 51
1286 3917 1382 3976 est
1396 3914 1602 3977 forma
1620 3914 1846 3979 ultima
1857 3920 1922 3980 et
1938 3919 2223 4001 comple-

680 4016 839 4096 tiva,
851 4034 1009 4098 ergo
1018 4036 1149 4081 non
1164 4018 1418 4084 videtur
1429 4022 1600 4104 quod
1610 4022 1780 4104 ignis
1789 4024 2040 4090 differat
2053 4045 2093 4090 a
2107 4045 2224 4091 coe-

680 4122 824 4188 lesti
841 4129 1095 4201 natura,
1119 4144 1237 4191 nec
1262 4128 1436 4210 quod
1457 4129 1675 4212 aliqua
1698 4129 2018 4197 luminosa
2040 4133 2223 4200 difle-

680 4234 826 4294 rant
864 4232 1156 4314 specifica
1183 4233 1568 4315 differentia3
1612 4237 1667 4300 si
1696 4242 1792 4303 est
1827 4240 2034 4306 forma
2066 4243 2225 4306 citra

681 4337 2222 4430 ultimam,ergominusestformaperiecta,quam

678 4443 886 4509 forma
934 4446 1108 4527 ignis
1153 4448 1442 4530 specifica
1464 4497 1481 4525 ,
1534 4468 1686 4515 cum
1735 4452 1942 4517 forma
1995 4455 2222 4521 ultimo

679 4552 1062 4635 completiva
1087 4555 1263 4619 sitin
1285 4574 1356 4619 re
1379 4557 1867 4638 perfectissima:
1898 4580 2056 4643 ergo
2087 4582 2224 4629 non

677 4658 932 4725 videtur
976 4662 1148 4744 quod
1192 4662 1262 4725 in
1309 4663 1464 4744 igne
1524 4664 1642 4729 lux
1694 4666 1776 4730 sit
1827 4668 2223 4737 nobilissima

678 4766 928 4831 forma:
974 4767 1028 4831 si
1067 4786 1226 4850 ergo
1270 4769 1341 4833 in
1386 4771 1546 4836 coelo
1579 4776 1677 4837 est
1717 4774 1924 4840 forma
1968 4778 2218 4861 ultima,

679 4873 935 4940 videtur
958 4876 1131 4958 quod
1170 4877 1486 4959 digniora,
1533 4879 1668 4945 sive
1709 4883 2047 4967 nobiliora,
2094 4889 2223 4952 sint

679 4999 944 5065 corpora
981 4982 1413 5065 elementaria,
1449 5004 1645 5068 quam
1682 4990 1998 5056 coelestia:
2048 4997 2222 5077 quod

677 5087 733 5151 51
757 5088 990 5154 falsum
1018 5094 1135 5171 est,
1163 5096 1378 5171 restat,
1404 5097 1523 5157 etc.

751 5285 957 5349 ιΑι·151.,
995 5287 1235 5340 Natural.
1276 5289 1366 5339 lib.
1391 5291 1494 5353 111,
1522 5293 1664 5342 cont.
1685 5294 1734 5342 3.
1771 5319 1827 5330 -
1853 5294 2036 5346 ’Hanc
2056 5299 2217 5349 ratio-

683 5365 800 5403 nem
829 5359 1004 5421 magni
1031 5358 1150 5408 facit
1177 5363 1378 5425 Scotus,
1409 5362 1512 5412 ibi:
1542 5364 1635 5412 Hic
1663 5365 1766 5413 tria
1790 5369 1925 5427 sunt,
1947 5367 2062 5418 dist.
2087 5381 2182 5421 1111
2207 5409 2219 5431 ,

682 5436 736 5493 q.
753 5429 955 5478 1111.---8
972 5436 1124 5495 Aug„
1151 5431 1215 5482 de
1236 5432 1358 5484 Gen.
1378 5433 1448 5484 ad
1463 5434 1591 5496 litt„
1614 5435 1703 5488 lib.
1724 5437 1835 5501 xli,
1859 5452 1906 5489 c.
1930 5449 2041 5504 ΧΠ,
2064 5454 2118 5491 11.
2140 5445 2219 5506 32,

1798 442 2420 510 SENTENTIARUM
2460 443 2610 510 Lm.
2650 445 2733 509 11.

2413 583 2477 645 6.
2508 578 2668 644 Item
2695 580 2768 642 in
2790 579 3098 645 creaturis
3123 578 3401 662 qualitas
3422 582 3519 644 est
3536 577 3877 643 immedia-

2332 691 2474 751 tum
2506 687 2894 771 principium
2935 687 3235 766 actionis;
3280 686 3455 752 unde
3492 686 3699 751 forma
3723 685 3881 750 sub-

2332 794 2639 859 stantialis
2653 795 2792 877 agit
2807 798 3115 878 tanquam
3141 794 3574 860 mediantibus
3599 792 3881 877 proprie-

2332 900 2570 966 tatibus
2593 902 3081 968 accidentaIiBus
3105 926 3121 966 :
3153 902 3263 966 sed
3284 904 3401 966 lux
3425 906 3520 966 551
3540 901 3879 998 immedia-

2332 1012 2476 1072 tum
2499 1009 2886 1094 principium
2911 1010 3175 1075 actionis
3200 1031 3216 1074 t
3245 1026 3403 1091 ergo
3425 1009 3684 1075 videtur
3705 1008 3878 1092 quod

2332 1111 2452 1178 lux
2474 1115 2555 1178 sit
2580 1115 2892 1180 accidens.

2849 1369 3362 1438 GONCLUSIO.

2332 1528 2452 1583 Luoe
2487 1541 2605 1599 quae
2630 1524 2729 1582 dat
2768 1540 2877 1581 esse
2914 1527 3129 1597 corpori
3166 1524 3370 1591 lucide,
3408 1527 3589 1596 forma
3633 1526 3884 1584 substan-

2408 1621 2563 1676 tialis
2605 1624 2715 1684 est‚·
2744 1635 2779 1675 a
2806 1635 2916 1691 qua
2951 1621 3139 1690 tulqor
3181 1635 3449 1693 apparens
3487 1623 3640 1689 erit,
3670 1626 3771 1692 qui
3810 1626 3884 1678 est

2402 1711 2581 1778 torma
2607 1710 2985 1778 accidentalis5
3008 1713 3059 1764 et
3081 1709 3366 1765 secundum
3388 1710 3483 1766 hoc
3511 1714 3590 1766 est
3613 1712 3878 1768 accidens.

2414 1870 2599 1954 Resp.
2637 1869 2719 1935 ad
2752 1871 2912 1951 Arg.
2946 1867 3442 1934 Praenotandum
3471 1874 3565 1935 est
3604 1872 3787 1953 quod
3817 1872 3884 1936 in

2332 1978 2454 2043 hac
2471 1978 2824 2061 quaestione
2845 1977 3158 2061 sapientes
3174 1977 3530 2059 opinantur
3558 1981 3884 2045 contraria

2331 2085 2741 2169 sapientibus.
2765 2085 3035 2161 Quidam
3067 2085 3246 2149 5111111
3266 2084 3477 2150 dicere
3508 2086 3876 2165 voluerunt,

2333 2193 2504 2275 quod
2537 2193 2653 2257 lux
2694 2195 2790 2256 est
2813 2191 3103 2256 accidens
3142 2192 3395 2274 corpori
3420 2192 3767 2274 luminoso,
3796 2195 3880 2259 si-
3902 2224 4012 2281 opin-
4040 2229 4068 2264 ι,

2334 2304 2444 2364 cut
2468 2299 2777 2383 sapientia
2802 2299 2937 2364 sive
2973 2299 3256 2377 scientia,
3283 2317 3434 2382 quae
3477 2304 3572 2364 est
3601 2300 3721 2364 lux
3746 2303 3875 2386 spi-

2331 2407 2602 2486 ritualis,
2632 2409 2727 2470 est
2743 2404 3183 2489 accidens‘ipsi
3208 2407 3467 2487 animae,
3503 2412 3565 2471 et
3590 2408 3771 2474 color
3790 2415 3878 2474 aet

2332 2514 2621 2578 accidens
2658 2513 2908 2596 corpori
2942 2513 3307 2592 terminato,
3342 2517 3407 2577 et
3434 2514 3606 2578 calor
3644 2521 3745 2579 aet
3777 2535 3877 2580 ac-

2333 2621 2547 2686 cidens
2588 2621 2837 2704 corpori
2881 2620 3106 2684 calido.
3149 2619 3461 2684 DiXerunt
3498 2622 3673 2685 enim
3710 2625 3871 2705 quod

2333 2729 2422 2793 sic
2458 2748 2525 2793 se
2563 2729 2759 2794 habet
2793 2746 3027 2811 corpus
3068 2727 3467 2792 luminosum
3512 2729 3595 2792 ad
3640 2729 3872 2807 lucem,

2332 2837 2494 2902 sicut
2513 2837 2733 2901 anima
2754 2836 2835 2900 ad
2860 2834 3314 2916 cognitionem,
3351 2837 3416 2899 et
3440 2835 3606 2899 sicut
3646 2855 3875 2919 corpus

2334 2944 2608 3009 calidum
2644 2944 2726 3008 ad
2765 2943 3042 3007 calorem
3085 2964 3100 3007 :
3158 2942 3464 3025 quoniam
3510 2961 3627 3025 per
3674 2944 3875 3026 ipsam

2331 3053 2688 3128 decoratur,
2718 3069 2832 3135 per
2860 3051 3067 3135 ipsam
3092 3050 3387 3130 sentitur,
3415 3055 3480 3115 et
3520 3069 3637 3134 per
3670 3052 3872 3135 ipsam

2332 3166 2631 3243 operatur
2646 3183 2660 3225 ε
2685 3166 2748 3225 et
2763 3161 2907 3226 ideo
2923 3160 2979 3224 si
2994 3159 3244 3224 dicatur
3257 3159 3465 3224 forma
3478 3159 3736 3240 nobiliS,
3760 3160 3876 3224 hoc

2331 3287 2465 3333 non
2492 3269 2873 3351 intelligitur
2910 3272 3227 3351 quantum
3270 3268 3351 3332 ad
3377 3285 3515 3333 esse
3554 3268 3870 3351 primum,

2332 3377 2441 3441 sed
2456 3381 2776 3459 quantum
2800 3377 2879 3441 ad
2900 3394 3037 3440 5555
3064 3375 3453 3453 secundum3
3490 3376 3656 3440 sicut
3675 3379 3875 3440 scien-

2332 3485 2423 3548 tia
2448 3488 2511 3547 et
2542 3484 2753 3565 gratia
2794 3482 3204 3547 nobilissimae
3246 3481 3470 3546 formae
3525 3488 3873 3564 ponuntur,

2331 3593 2634 3676 quamvis
2667 3590 3014 3655 accidentia
3038 3608 3174 3655 esse
3195 3589 3508 3655 dicantur.
3549 3589 3629 3655 Et
3652 3591 3742 3654 sic
3766 3609 3877 3674 pro

2332 3719 2573 3781 magna
2600 3704 2778 3783 parte
2806 3698 3082 3762 rationes
3100 3697 3403 3762 evadunt.
3432 3696 3553 3761 Sed
3572 3699 3877 3780 quoniam
3896 3711 4049 3770 12:9³¹·-

2330 3826 2510 3872 sacra
2546 3806 2875 3889 Scriptura
2905 3805 3120 3869 lucem
3146 3805 3316 3868 inter
3342 3807 3605 3869 caeteras
3645 3805 3878 3869 formas

2331 3933 2492 3999 pure
2512 3912 2866 3996 corporales
2887 3910 3314 3989 commendat,
3332 3915 3395 3975 et
3409 3911 3701 3975 catholici
3720 3917 3877 3976 trac-

2330 4025 2565 4086 tatores
2586 4070 2602 4099 ‚
2652 4020 2817 4084 sicut
2853 4018 3197 4101 Dionysius
3241 4017 3315 4082 in
3365 4016 3445 4085 IV
3491 4017 3570 4085 de
3604 4019 3866 4085 Divinis

2331 4128 2709 4198 Nominibus
2731 4176 2750 4207 ,
2788 4131 2851 4191 et
2890 4126 3298 4207 Augustinus
3332 4125 3403 4189 in
3430 4126 3653 4191 multis
3695 4127 3876 4207 locis,

2329 4242 2394 4302 et
2437 4233 2803 4321 philosophi
2850 4234 3045 4298 etiam
3091 4232 3535 4317 principatum
3576 4235 3877 4317 operandi

2331 4348 2401 4410 in
2445 4346 2818 4430 corporibus
2861 4344 2992 4409 luci
3036 4343 3431 4422 attribuunt3
3482 4344 3627 4409 ideo
3671 4345 3875 4410 lucem

2331 4457 2539 4538 magis
2582 4473 2718 4520 esse
2763 4452 3186 4516 substantiam
3214 4498 3232 4529 ,
3292 4469 3490 4533 quam
3540 4453 3832 4518 accidens
3854 4501 3871 4532 ,

2328 4565 2564 4630 sentire
2609 4561 2931 4627 videntur.
2976 4558 3056 4623 Et
3096 4559 3240 4624 ideo
3290 4563 3385 4624 est
3432 4559 3557 4625 alia
3604 4563 3835 4644 positio
3852 4610 3869 4640 ,
3892 4583 3998 4641 ops..
4022 4583 4051 4621 2.

2329 4673 2499 4756 quod
2527 4672 2644 4736 lux
2681 4672 2777 4734 est
2808 4669 3016 4732 forma
3052 4665 3484 4731 substantialis
3509 4685 3871 4751 corporum,

2328 4779 2684 4845 secundum
2717 4776 2819 4857 cuj
2830 4792 2907 4839 us
2930 4775 3245 4855 majorem
3284 4777 3349 4837 et
3382 4773 3700 4839 minorem
3727 4794 3872 4858 par-

2327 4887 2759 4971 ticipationem
2817 4899 3084 4964 corpora
3128 4880 3368 4945 habent
3410 4883 3629 4947 verius
3671 4887 3737 4949 et
3771 4885 3872 4950 di-

2329 4996 2525 5079 gnius
2576 5011 2710 5058 5555
2755 4993 2825 5055 111
2870 5007 3108 5073 genere
3164 4989 3436 5090 entium.
3484 4989 3664 5056 Unde
3715 4993 3873 5057 sicut

2329 5103 2794 5170 nobilissimum
2818 5117 3185 5183 corporum,
3206 5099 3443 5164 scilicet
3462 5118 3865 5184 empyreum,

2327 5215 2423 5276 est
2456 5209 2775 5292 praecipue
2816 5206 3238 5286 luminosum,
3282 5205 3371 5269 ita
3397 5205 3722 5285 infimum,
3751 5206 3869 5270 sci-

2329 5370 2499 5437 quoad
2520 5383 2746 5420 sensum.
2775 5366 2978 5432 Aliquid
3009 5364 3175 5415 simile
3200 5364 3358 5415 habet
3392 5365 3484 5415 lib.
3514 5368 3606 5417 vn
3623 5406 3636 5423 .
3666 5381 3713 5417 c.
3737 5379 3865 5429 1111,

2327 5458 2380 5496 n.
2399 5447 2477 5495 20.
2498 5470 2562 5482 —
2579 5441 2738 5506 ⁸1³0„
2764 5452 2894 5504 xxx,
2917 5442 2998 5490 26.
3029 5463 3095 5476 —
3119 5436 3186 5501 (α)
3206 5435 3348 5488 Edit.
3387 5436 3500 5489 Ven.
3526 5438 3662 5488 deest
3686 5439 3760 5490 in.
