4125 6225
104 3504 166 3548 Ad
197 3518 294 3562 opp.

1096 431 1293 505 DIST.
1333 435 1488 504 ΧΠ.
1533 433 1768 504 PART.
1811 435 1892 502 11.
1935 431 2118 501 ΛΒΤ.
2165 436 2216 504 1.
2260 435 2560 518 QUAEST.
2607 443 2716 507 111.

305 585 497 656 cum3
542 594 662 641 nec
701 576 972 659 alicujus
1011 576 1290 659 corporis
1317 575 1544 641 divisio
1578 598 1594 641 z
1627 576 1692 640 et
1718 576 1840 641 hoc

306 688 513 750 totum
539 684 837 769 perfectio
861 687 928 749 et
951 683 1509 768 incorruptibilitas
1532 684 1674 748 coeli
1699 685 1841 749 exi-

308 792 520 874 gebat.

389 905 450 964 3.
481 899 579 964 Ad
609 899 766 964 illud
796 899 965 981 quod
992 899 1312 981 oincitur,
1343 900 1513 982 quod
1540 900 1597 963 si
1623 918 1849 965 move-

310 1011 487 1072 retur
514 1012 698 1072 motu
741 1007 995 1071 orbium
1013 1054 1030 1082 ,
1058 1006 1313 1072 videtur
1340 1008 1511 1090 quod
1537 1008 1617 1071 sit
1641 1012 1850 1073 retar-

309 1115 478 1180 datio
506 1121 567 1180 et
608 1115 921 1193 obviatio;
971 1114 1311 1179 dicendum
1361 1115 1535 1197 quod
1578 1134 1712 1179 non
1754 1119 1851 1180 est

310 1222 589 1287 obviatio
607 1271 626 1302 ‚
669 1223 795 1287 nisi
824 1223 1080 1305 quando
1110 1223 1344 1287 directe
1385 1223 1737 1286 secundum
1768 1222 1849 1286 li-

310 1348 500 1394 neam
545 1330 836 1394 eamdem
881 1348 1146 1413 corpora
1188 1329 1515 1395 moventia
1557 1329 1678 1393 sibi
1727 1330 1848 1394 ob-

311 1439 512 1503 viant.
542 1436 658 1502 Hic
682 1443 900 1503 autem
928 1457 1060 1504 non
1084 1443 1180 1503 est
1206 1439 1339 1518 sic;
1372 1439 1524 1522 quia
1545 1440 1730 1503 orbes
1753 1437 1850 1502 in-

310 1546 571 1611 feriores
610 1548 761 1610 sunt
797 1546 919 1610 sub
951 1546 1385 1629 superioribus
1415 1566 1433 1609 :
1469 1545 1611 1611 ideo
1640 1549 1852 1611 motus

312 1672 538 1718 eorum
556 1653 651 1717 eis
671 1672 804 1718 non
830 1657 1170 1736 repugnat,
1196 1672 1314 1718 nec
1334 1654 1527 1718 etiam
1549 1654 1846 1735 retardat,

311 1763 569 1841 propter
592 1760 944 1824 maximam
970 1760 1225 1824 mobilis
1250 1760 1330 1826 ad
1353 1765 1666 1827 motorem
1692 1762 1851 1828 obe-

313 1866 640 1932 dientiam.

392 1981 453 2040 4.
480 1975 580 2040 Ad
602 1976 762 2040 illud
779 1981 998 2041 autem
1018 1976 1190 2058 quod
1210 1976 1507 2058 oincitur
1524 1976 1601 2042 de
1613 1975 1739 2039 illis
1755 1994 1850 2040 re-

313 2086 893 2167 trogradationibus
917 2091 981 2158 et
1007 2073 1587 2168 progressionibus,
1629 2086 1853 2150 dicen-

314 2194 473 2259 dum
499 2194 670 2277 quod
688 2243 706 2273 ,
736 2194 900 2258 sicut
935 2198 1174 2259 tactum
1202 2199 1328 2274 est,
1358 2194 1476 2258 etsi
1513 2193 1855 2258 videantur

315 2302 452 2364 fleri
480 2301 562 2365 ad
586 2320 867 2380 sensum,
899 2301 1023 2366 hoc
1051 2306 1264 2366 tamen
1299 2320 1433 2367 non
1462 2307 1555 2368 est
1589 2302 1714 2366 nisi
1741 2320 1855 2384 per

315 2410 627 2490 majorem
667 2414 731 2473 et
760 2410 1079 2474 minorem
1123 2409 1520 2474 velocitatem
1564 2410 1854 2491 ipsorum

317 2516 611 2581 orbium:
635 2535 833 2600 quam
856 2516 912 2580 si
941 2517 1085 2598 quis
1116 2519 1278 2582 bene
1305 2518 1494 2581 sciret
1514 2517 1852 2601 explicare,

314 2626 433 2692 hac
459 2629 568 2693 via
596 2629 789 2694 unica
825 2633 1034 2712 posset
1070 2631 1316 2695 salvare
1343 2631 1527 2710 illud,
1560 2631 1639 2695 ad
1682 2631 1854 2713 quod

313 2734 691 2801 salvandum
715 2738 1149 2802 mathematici
1182 2742 1435 2821 ponunt
1465 2737 1855 2802 circulorum

313 2845 377 2906 et
425 2849 793 2910 centrorum
855 2846 1363 2911 multitudinem.
1410 2844 1533 2910 Sed
1600 2845 1724 2909 boc
1776 2843 1856 2909 ad

314 2949 505 3017 aliam
527 2952 855 3018 scientiam
881 2957 1141 3038 spectat.

818 3184 1229 3264 QUAESTIO
1272 3186 1405 3252 111.

353 3338 446 3392 An
467 3337 750 3392 conveniat
775 3336 950 3393 aliem·
975 3336 1097 3392 orbi
1124 3338 1328 3393 moveri
1354 3336 1552 3408 absque
1577 3336 1753 3393 stellis
1775 3340 1819 3392 ¹.

400 3490 630 3556 Utrum
657 3492 995 3557 conveniat
1019 3491 1213 3556 alicui
1256 3492 1395 3555 orbi
1437 3492 1685 3557 moveri
1714 3491 1861 3556 abs-

321 3616 447 3681 que
467 3599 699 3677 stellis;
733 3604 798 3664 et
821 3600 994 3683 quod
1022 3618 1177 3680 non,
1218 3598 1475 3664 videtur
1506 3622 1521 3664 t
1553 3600 1707 3682 quia
1730 3617 1863 3665 οω-

319 3704 457 3770 lum
489 3723 868 3789 empyreum
904 3706 1165 3789 ponitur
1192 3725 1233 3769 a
1259 3704 1504 3770 Sanctis
1534 3705 1862 3772 immobile

320 3815 578 3895 propter
603 3813 706 3877 sui
734 3813 1239 3879 uniformitatem
1263 3833 1280 3878 ε
1301 3812 1410 3878 sed
1433 3813 1667 3907 coelum
1690 3814 1863 3897 quod

321 3920 765 3986 universaliter
814 3925 983 3987 caret
1033 3922 1228 3986 stellis
1245 3970 1264 4002 ‚
1319 3926 1415 3986 est
1475 3922 1798 3986 uniforme
1841 3940 1861 3984 ι

322 4045 477 4110 ergo
524 4029 782 4095 nullum
824 4030 1060 4095 coelum
1106 4029 1279 4114 quod
1319 4034 1491 4095 caret
1530 4029 1724 4094 stellis
1770 4032 1864 4093 est

321 4136 581 4201 mobile.

400 4248 461 4309 2.
495 4242 653 4309 Item
677 4244 1067 4327 ubicumque
1098 4247 1193 4309 est
1218 4247 1456 4321 mutue,
1485 4242 1573 4307 ibi
1603 4246 1697 4306 est
1720 4260 1867 4306 con-

321 4350 586 4415 tinuitas
611 4355 675 4416 et
699 4352 968 4418 variatio
993 4352 1143 4416 :sed
1171 4343 1555 4417 continuitas
1587 4367 1735 4432 quae
1772 4351 1867 4414 est

323 4459 392 4522 in
434 4462 638 4536 motu,
681 4463 776 4523 est
812 4479 854 4524 a
905 4459 1317 4524 continuitate
1347 4457 1806 4540 magnitudinis
1844 4476 1862 4523 t

323 4583 482 4647 ergo
521 4566 662 4648 pari
706 4566 953 4631 ratione
995 4566 1263 4632 variatio
1304 4571 1518 4630 motus
1561 4568 1652 4629 est
1690 4583 1731 4628 a
1757 4583 1869 4628 va·

323 4672 545 4741 rietatc
588 4673 844 4739 mobilis
896 4692 915 4737 ε
959 4673 1068 4739 sed
1115 4692 1345 4755 corpus
1399 4673 1649 4737 coeleste
1694 4672 1869 4754 quod

325 4785 496 4845 caret
520 4780 716 4845 stellis
740 4799 874 4845 non
900 4780 1094 4845 habet
1121 4780 1337 4844 insuis
1362 4780 1641 4845 motibus
1665 4780 1869 4848 varie-

325 4892 517 4953 tatem
550 4911 565 4953 :
600 4907 758 4970 ergo
785 4907 904 4953 nec
932 4888 1443 4954 mutabilitatem.

406 5001 467 5063 3.
521 4996 680 5062 Item
725 5019 743 5061 z
790 4997 999 5063 omnis
1046 5000 1259 5061 motus
1304 4998 1398 5060 ent
1446 4998 1704 5079 propter
1750 4994 1869 5059 ali-

328 5124 522 5188 quam
545 5105 968 5188 indigentiam
999 5103 1417 5188 supplendam
1444 5152 1462 5183 ,
1493 5104 1599 5169 vel
1623 5104 1694 5168 in
1729 5103 1870 5186 ipso

333 5214 549 5279 mobili
563 5263 582 5291 ,
626 5214 730 5280 vel
764 5214 834 5278 in
873 5213 1093 5296 aliquo
1126 5210 1408 5275 inferiori
1441 5232 1458 5277 ε
1488 5213 1597 5276 sed
1631 5212 1869 5277 coelum

334 5320 505 5399 quod
528 5326 699 5388 caret
722 5321 918 5389 stellis
942 5339 1075 5387 non
1101 5323 1307 5402 potest
1333 5321 1584 5387 moveri
1609 5324 1870 5403 propter

404 5445 420 5478 ¹
442 5445 525 5507 Gt.
551 5448 606 5499 S.
633 5446 840 5508 Thom„
869 5448 1009 5511 p.1,
1045 5458 1100 5510 q.
1124 5454 1290 5510 um,
1324 5451 1421 5498 art.
1447 5449 1511 5509 ⁴3
1553 5445 1868 5510 Richardue,

3380 433 3495 510 591'

1956 577 2059 641 sui
2077 577 2519 658 indigentiam,
2539 597 2691 643 cum
2715 578 2898 644 nulla
2921 579 2991 641 in
3015 579 3197 642 motu
3222 577 3332 643 illo
3356 580 3501 660 ejus

1956 685 2312 767 indigentia
2328 687 2753 769 compleatur;
2776 706 2896 751 nec
2919 690 3176 770 propter
3202 684 3503 767 supplen-

1956 794 2107 857 dam
2152 795 2576 877 indigentiam
2618 795 2686 858 in
2737 794 3173 872 inferioribuS,
3222 792 3377 875 quia
3413 791 3505 856 ita

1958 901 2120 965 bene
2158 901 2371 965 influit
2402 903 2805 985 quiescendO,
2837 902 3004 965 sicut
3034 900 3350 965 movendo
3372 947 3390 979 ‚
3440 903 3506 964 et

1958 1010 2362 1074 uniformiter
2386 1033 2401 1075 :
2424 1029 2580 1092 ergo
2609 1011 2862 1075 videtur
2887 1010 3059 1093 quod
3080 1008 3259 1073 nullo
3285 1006 3498 1085 modo,
3622 1063 3630 1072 .

1959 1117 2198 1199 absque
2225 1118 2452 1199 stelliS,
2483 1118 2718 1183 coelesti
2744 1119 2994 1202 corpori
3035 1115 3280 1184 moveri
3322 1133 3501 1180 com-

1959 1229 2151 1308 petat.

2039 1339 2101 1398 4.
2134 1334 2293 1398 Item
2318 1338 2534 1399 motus
2557 1333 2701 1422 eceli
2728 1338 2822 1399 est
2847 1332 3344 1416 perfectissimus
3365 1347 3503 1393 om·

1960 1443 2149 1507 nium
2172 1446 2491 1518 motuum,
2513 1446 2580 1508 et
2604 1442 2744 1507 ideo
2769 1444 2864 1506 est
2888 1440 3184 1504 omnium
3204 1443 3502 1503 motuum

1960 1550 2188 1632 regula
2219 1572 2235 1614 ε
2267 1568 2426 1631 ergo
2455 1549 2509 1613 si
2548 1568 2663 1632 per
2696 1548 3165 1631 regulationem
3204 1550 3501 1610 motuum

1960 1663 2419 1722 mensurantur
2471 1657 2690 1722 omnia
2750 1675 2898 1739 quae
2942 1660 3095 1720 sunt
3138 1656 3210 1718 in
3265 1672 3504 1736 genere

1962 1764 2103 1844 illo,
2129 1764 2345 1828 anima
2371 1767 2697 1828 mensurat
2722 1781 2945 1827 omnes
2980 1767 3194 1827 motus
3221 1780 3335 1844 per
3359 1779 3503 1827 mo-

1961 1875 2102 1935 tum
2123 1872 2313 1953 primi
2340 1871 2591 1936 mobilis
2621 1889 2817 1952 :ergo
2845 1874 3058 1936 motus
3080 1869 3273 1953 primi
3301 1869 3506 1933 mobi-

1961 1979 2041 2043 lis
2069 1979 2352 2043 maxime
2377 1983 2569 2043 notus
2598 1983 2693 2043 est
2737 1978 2858 2061 ipsi
2897 1978 3152 2044 animae.
3191 1976 3314 2042 Sed
3353 1976 3507 2040 nul-

1961 2085 2087 2150 lius
2127 2087 2409 2170 corporis
2446 2090 2661 2151 motus
2704 2090 2800 2150 est
2840 2090 3032 2150 notus
3075 2086 3193 2169 ipsi
3238 2087 3499 2165 animae,

1962 2194 2088 2257 nisi
2114 2193 2433 2258 habeatin
2458 2212 2525 2258 se
2553 2193 2806 2276 aliquod
2831 2193 3174 2272 luminare,
3194 2194 3348 2274 quia
3374 2210 3507 2257 non

1964 2299 2462 2382 deprehenditur
2500 2305 2715 2366 motus
2740 2302 2913 2365 orbis
2947 2300 3068 2364 nisi
3096 2318 3209 2383 per
3255 2303 3507 2364 motum

1963 2407 2299 2472 luminaris
2328 2433 2343 2473 :
2371 2427 2531 2491 ergo
2558 2410 2813 2474 videtur
2840 2408 3010 2490 quod
3041 2426 3174 2472 non
3201 2408 3281 2471 sit
3312 2407 3503 2491 possi·

1964 2514 2093 2579 bile
2116 2516 2397 2598 aliquem
2424 2518 2645 2581 orbem
2674 2517 2955 2595 moveri,
2991 2515 3104 2599 qui
3130 2519 3302 2580 caret
3328 2516 3504 2579 omni

1964 2624 2291 2703 luminari,
2334 2625 2655 2707 praecipue
2693 2643 2838 2689 cum
2890 2631 3104 2689 motus
3142 2627 3281 2706 ejus
3317 2623 3508 2687 lateat

1963 2748 2227 2794 sensum
2255 2736 2567 2806 nostrum,
2604 2735 2667 2793 et
2690 2749 2869 2794 sacra
2897 2729 3224 2812 Scriptura
3253 2729 3508 2793 unifor-

1965 2839 2090 2904 mis
2131 2839 2302 2904 orbis
2343 2840 2601 2903 reticeat
2641 2842 2892 2903 motum
2947 2861 2963 2902 ι
3011 2843 3075 2901 et
3122 2839 3213 2901 sic
3253 2837 3509 2902 videtur

1964 2948 2138 3030 quod
2164 2965 2402 3030 ponere
2446 2947 2727 3029 aliquem
2768 2946 2992 3011 orbem
3035 2945 3283 3010 moveri
3316 2962 3510 3027 supra

1965 3056 2449 3121 firmamentum
2475 3054 2647 3137 quod
2677 3057 2772 3119 est
2800 3053 3005 3120 oculis
3047 3052 3279 3118 nostris
3319 3069 3507 3117 cons-

1966 3164 2253 3247 picuum,
2283 3164 2366 3227 sit
2390 3162 2831 3228 temerarium.

2048 3270 2280 3335 Contra
2323 3289 2340 3334 2
2387 3270 2609 3337 Omnis
2664 3270 3009 3335 multitudo
3053 3269 3384 3334 reducitur
3429 3269 3510 3333 ad
3541 3275 3750 3322 Fundan-

1967 3379 2281 3444 unitatem
2311 3400 2326 3443 ι
2369 3396 2527 3461 ergo
2554 3384 2768 3444 motus
2794 3376 3075 3461 corporis
3102 3376 3514 3441 multiformis

1966 3486 2295 3552 reducitur
2320 3487 2399 3552 ad
2419 3491 2673 3553 motum
2697 3487 2983 3571 corporis
3003 3485 3347 3551 uniformis
3371 3484 3516 3550 :sed

1971 3595 2289 3660 uniforme
2337 3614 2568 3678 corpus
2613 3613 2745 3659 non
2788 3598 2905 3671 est,
2954 3595 3080 3658 nisi
3123 3594 3295 3677 quod
3346 3595 3517 3656 caret

1969 3702 2148 3765 omni
2193 3701 2506 3766 luminari
2555 3721 2573 3765 :
2625 3719 2784 3784 ergo
2826 3702 3081 3766 videtur
3125 3700 3295 3783 quod
3346 3699 3518 3763 ultra

1968 3808 2123 3873 istos
2164 3810 2371 3889 orbeS,
2429 3809 2499 3872 in
2538 3809 2776 3893 quibus
2815 3813 2966 3874 sunt
3010 3807 3352 3873 luminaria
3372 3854 3390 3884 ,
3438 3804 3519 3870 sit

1970 3914 2226 3997 aliquod
2254 3916 2490 3981 mobile
2521 3915 2778 3981 coelum.

2051 4020 2213 4086 Item
2238 4027 2452 4088 motus
2476 4023 2602 4103 ille,
2633 4023 2745 4107 qui
2768 4026 2867 4087 est
2888 4038 3190 4086 mensura
3218 4018 3514 4084 omnium

1972 4138 2295 4214 motuum,
2328 4138 2423 4200 est
2446 4136 2553 4200 ille
2585 4136 2699 4218 qui
2726 4140 2820 4201 est
2837 4138 2919 4201 ab
2942 4138 3183 4202 oriente
3204 4137 3275 4200 in
3302 4137 3518 4202 orien-

1971 4247 2105 4308 tem
2130 4263 2244 4328 per
2272 4245 2664 4309 occidentem
2685 4294 2703 4325 ‚
2735 4245 2851 4328 qui
2879 4250 2975 4310 est
3003 4250 3218 4311 motus
3248 4246 3373 4311 diei
3398 4265 3519 4311 na-

1973 4352 2198 4415 turalis
2239 4352 2589 4430 effectivae,
2618 4356 2683 4417 et
2708 4354 3064 4436 completur
3092 4355 3326 4435 viginti
3354 4373 3520 4437 qua-

1973 4460 2124 4522 tuor
2166 4459 2344 4523 horis
2387 4482 2402 4524 :
2447 4459 2556 4524 sed
2601 4459 2736 4525 dies
2779 4460 3094 4525 naturalis
3132 4461 3310 4525 omni
3350 4465 3522 4525 tem-

1974 4585 2130 4648 pore
2182 4571 2278 4632 est
2317 4567 2656 4632 uniformis
2694 4587 2713 4633 ι
2760 4587 2917 4650 ergo
2965 4572 3028 4634 et
3074 4567 3191 4632 iste
3234 4572 3450 4633 motus
3500 4592 3515 4635 ε

1975 4691 2156 4755 ergo,
2188 4678 2307 4738 etc.

2058 4780 2241 4861 Item,
2272 4782 2325 4845 si
2352 4784 2448 4846 est
2481 4784 2654 4846 recta
2692 4782 3007 4847 ordinatio
3047 4782 3241 4846 medii
3282 4783 3363 4847 ad
3405 4802 3523 4848 ex-

1973 4893 2202 4969 trema,
2233 4896 2486 4953 necesse
2508 4894 2604 4954 est
2631 4889 2920 4954 medium
2955 4889 3328 4972 participare
3355 4908 3525 4973 quo-

1976 4997 2125 5061 dam
2146 4996 2344 5079 Jnodo
2369 5002 2664 5062 naturam
2692 4997 3029 5078 utriusque
3053 4998 3330 5061 extremi
3367 5019 3381 5061 :
3413 4997 3524 5062 sed

1978 5104 2215 5169 coelum
2256 5105 2692 5188 crystallinum
2724 5108 2817 5167 est
2847 5103 3133 5168 medium
3169 5105 3338 5169 inter
3375 5122 3523 5169 em·-

1976 5230 2254 5295 pyreum
2280 5216 2345 5277 et
2364 5214 2842 5276 firmamentum
2875 5230 2893 5275 ι
2924 5230 3071 5276 cum
3107 5230 3265 5294 ergo
3291 5230 3521 5296 empy-

1979 5374 2022 5423 ΙΙ
2047 5373 2209 5435 Seni„
2227 5373 2343 5423 dist.
2361 5385 2471 5435 xlv,
2487 5374 2582 5424 art.
2599 5374 2647 5433 3,
2669 5387 2722 5436 q.
2740 5384 2841 5436 1113
2863 5372 3041 5437 Steph.
3064 5373 3274 5439 Brulef„
3296 5376 3335 5424 ll
3358 5376 3522 5441 Seni„

1978 5445 2098 5496 dist.
2113 5456 2226 5509 xlv,
2249 5458 2300 5509 q.
2324 5455 2439 5497 vm.
