4125 6225
446 4033 516 4079 Ad
534 4047 638 4092 opp.

678 457 798 518 282

675 588 808 655 sive
852 585 1307 652 conformitatis
1323 635 1342 666 ‚
1372 587 1536 651 sicut
1560 590 1624 650 et
1665 586 1788 650 alia
1834 585 2201 650 accidentia.

753 700 814 758 2.
861 692 1039 770 Quod
1065 693 1363 774 arguitur
1397 711 1437 757 a
1476 692 1730 772 minori,
1759 693 1932 774 quod
1958 696 2203 774 tempo-

673 801 830 865 ralia
874 800 1108 864 habent
1153 818 1352 863 unam
1402 817 1801 877 mensuram;
1843 802 1984 881 jam
2036 803 2209 882 patet

674 908 845 990 quod
872 925 1004 971 non
1028 909 1123 971 est
1144 906 1322 971 locus
1347 926 1387 970 a
1413 897 1666 985 minori,
1698 907 1850 988 quia
1871 907 1980 970 illa
2002 905 2208 971 varia-

672 1015 787 1092 tio,
817 1014 1062 1079 ratione
1087 1033 1217 1095 qua
1242 1014 1475 1079 dicitur
1490 1031 1623 1078 esse
1647 1013 1717 1076 in
1738 1014 2040 1096 potentia,
2071 1032 2210 1078 ιω-

672 1124 824 1207 picit
866 1124 1080 1206 ipsum
1120 1122 1444 1187 materiale
1492 1120 1879 1204 principium
1898 1166 1920 1198 ,
1964 1125 2028 1186 et
2066 1120 2208 1185 ideo

670 1231 821 1295 facit
851 1231 1142 1296 recedere
1173 1248 1213 1294 a
1246 1228 1677 1295 distinctione:
1716 1246 1849 1292 non
1885 1232 1980 1292 est
2018 1227 2111 1292 sic
2137 1228 2209 1292 in

675 1357 841 1404 aevo.

755 1452 812 1510 3.
836 1444 1017 1522 Quod
1037 1443 1359 1527 objicitur,
1388 1442 1559 1526 quod
1586 1447 1840 1524 tempus
1854 1446 1948 1506 est
1974 1460 2205 1522 unum,

673 1555 826 1636 quia
837 1562 931 1618 est
948 1554 1234 1618 accidens
1254 1553 1706 1629 extrinsecum,
1724 1569 1856 1615 non
1874 1551 2205 1631 situatum,

673 1662 779 1726 vel
809 1661 1032 1725 situale
1050 1709 1066 1738 ,
1100 1660 1437 1724 dicendum
1473 1659 1644 1740 quod
1669 1658 1900 1722 falsum
1931 1663 2061 1722 est:
2092 1659 2210 1723 ista

672 1770 846 1834 enim
870 1787 1000 1833 non
1021 1771 1115 1833 est
1139 1785 1350 1845 causa,
1379 1766 1488 1830 sed
1514 1764 1720 1847 magis
1743 1765 1849 1829 illa
1866 1783 2014 1846 quae
2042 1782 2208 1847 prae-

673 1876 841 1939 dieta
869 1880 982 1939 est.

754 1988 813 2047 4.
860 1982 1038 2060 Quod
1079 1981 1406 2063 objicitur:
1452 2003 1483 2041 α
1520 1979 1588 2044 Si
1633 1982 1783 2043 sunt
1818 1979 2005 2061 plura
2043 1997 2205 2058 aeva,

672 2090 1023 2169 autsimul,
1045 2091 1159 2152 aut
1186 2107 1318 2152 non
1344 2087 1576 2164 simul;
1605 2108 1637 2146 n
1669 2086 2010 2151 dicendum
2037 2087 2208 2169 quod

672 2198 888 2262 simul.
913 2196 1092 2273 Quod
1111 2213 1268 2276 ergo
1286 2194 1584 2277 objicitur
1603 2215 1619 2257 ι
1651 2215 1682 2254 α
1704 2192 1876 2274 Ergo
1897 2193 1968 2256 in
1985 2193 2209 2256 eodem

672 2324 884 2386 nune;
913 2326 945 2364 n
974 2305 1315 2369 dicendum
1347 2303 1520 2385 quod
1546 2321 1681 2367 esse
1708 2303 1901 2366 simul
1923 2303 1993 2366 in
2021 2302 2209 2366 dura-

670 2415 843 2479 tione
881 2418 976 2477 est
1010 2413 1374 2496 dupliciter:
1410 2416 1524 2476 aut
1559 2430 1672 2494 per
1711 2428 2030 2475 mensurae
2054 2429 2209 2475 con-

673 2521 1124 2599 comitantiam,
1146 2522 1273 2598 ‚aut
1300 2538 1415 2602 per
1450 2537 1768 2583 mensurae
1799 2519 2113 2582 unitatem
2144 2521 2211 2582 et

671 2628 1183 2693 indifferentiam.
1237 2626 1398 2692 Cum
1450 2630 1665 2690 autem
1716 2625 1945 2689 dicitur
1997 2625 2165 2689 Deus
2187 2674 2204 2705 ‚

671 2738 889 2817 homo,
912 2740 975 2802 et
994 2736 1263 2818 augelus
1276 2753 1411 2799 esse
1430 2735 1644 2815 simul,
1677 2734 2016 2798 dicendum
2035 2734 2208 2816 quod

672 2846 794 2909 hoc
832 2845 1060 2908 dicitur
1090 2861 1202 2926 per
1248 2860 1570 2906 mensurae
1612 2840 2203 2920 concomitantiam3

672 2970 820 3015 cum
838 2955 1054 3016 autem
1078 2951 1340 3014 dicitur:
1376 2972 1407 3010 α
1427 2948 1652 3013 Petrus
1674 2953 1736 3012 et
1761 2946 1996 3012 Paulus
2014 2947 2209 3011 simul

671 3064 840 3139 sunt,
864 3058 967 3124 vel
985 3061 1275 3137 currunt,
1308 3080 1337 3117 »
1362 3057 1484 3122 hoc
1512 3060 1715 3140 potest
1733 3055 1853 3120 dici
1882 3072 1999 3138 per
2021 3072 2206 3118 men-

669 3184 839 3231 surae
860 3166 1167 3230 unitatem
1190 3169 1253 3228 et
1277 3164 1801 3229 indifferentiam:
1825 3167 1888 3227 et
1908 3163 2050 3226 ideo
2075 3179 2207 3226 non

669 3274 959 3356 sequitur
990 3272 1160 3355 quod
1186 3272 1240 3335 si
1282 3289 1425 3335 aeva
1458 3270 1914 3336 aeviternorum
1935 3274 2086 3334 sunt
2115 3270 2206 3333 si-

672 3380 832 3458 mul,
853 3380 1025 3462 quod
1052 3379 1180 3443 sint
1205 3396 1435 3442 unum.

1176 3608 1532 3689 QUAESTIO
1577 3608 1685 3673 III.

670 3776 761 3833 An
793 3775 1119 3847 spiritualia
1152 3773 1388 3830 habeant
1416 3775 1854 3846 permanentem,
1891 3772 1977 3828 vel
2002 3786 2203 3829 mieces-

1151 3866 1327 3919 sivam
1351 3878 1652 3919 mensuram
1673 3862 1715 3916 ¹.

747 4022 974 4088 Utrum
1001 4021 1352 4105 spiritualia
1372 4022 1649 4085 habeant
1675 4038 2046 4085 mensuram
2064 4039 2204 4104 per·

664 4134 1052 4209 manentem,
1096 4132 1208 4193 aut
1249 4129 1709 4209 successivam3
1752 4132 1816 4193 et
1850 4130 2020 4211 quod
2057 4148 2206 4212 per-

665 4241 1030 4303 manentem
1046 4285 1063 4314 ,
1114 4240 1431 4300 carentem
1476 4236 1673 4318 priori
1718 4238 1784 4300 et
1830 4236 2200 4318 posteriori,

663 4348 916 4412 videtur
955 4346 1161 4428 primo
1206 4345 1579 4409 auctoritate
1592 4393 1609 4423 ,
1661 4344 1883 4408 deinde
1928 4346 2200 4409 ratione.

664 4455 743 4519 Et
786 4454 1156 4518 auctoritate
1183 4452 1275 4516 sie
1294 4460 1317 4493 ²
1344 4471 1360 4515 τ
1395 4474 1427 4512 α
1464 4450 1911 4516 Immortalitas
1934 4452 2204 4533 angelo-

665 4580 813 4627 rum
840 4564 972 4626 non
1000 4560 1226 4624 transit
1250 4560 1321 4622 in
1358 4562 1666 4641 tempore,
1692 4577 1810 4623 nec
1843 4564 1939 4623 est
1971 4563 2205 4642 praete-

664 4669 808 4747 rita,
855 4667 1036 4750 quasi
1057 4669 1194 4748 jam
1235 4683 1367 4730 non
1394 4666 1508 4744 sit;
1560 4684 1677 4729 nec
1719 4667 1967 4744 futura,
2020 4666 2204 4748 quasi

665 4776 952 4841 nondum
978 4775 1057 4837 sit
1095 4795 1112 4838 ε
1154 4795 1186 4833 1>
1220 4791 1378 4855 ergo
1405 4777 1535 4838 tota
1561 4775 1658 4837 est
1683 4791 1963 4856 praesens
1994 4791 2010 4836 ε
2041 4791 2204 4855 ergo

665 4900 1066 4967 permanens,
1100 4899 1234 4946 non
1260 4880 1625 4945 succedens».

730 5083 749 5117 ¹
771 5081 854 5145 Cf.
879 5082 934 5133 S.
953 5080 1157 5143 Thom.,
1181 5093 1234 5143 p.
1258 5080 1296 5143 1,
1321 5093 1371 5143 q.
1391 5089 1445 5143 x,
1468 5080 1566 5127 art.
1586 5080 1646 5141 53
1681 5080 1733 5128 et
1752 5078 1797 5126 ll
1820 5078 1979 5137 Sent„
2005 5077 2122 5129 dist.
2144 5090 2205 5141 11,

666 5168 717 5218 q.
742 5165 779 5216 1,
810 5157 906 5203 art.
928 5157 986 5216 13
1018 5154 1179 5215 Scot.,
1212 5151 1250 5200 11
1277 5151 1436 5212 sent„
1462 5149 1581 5199 dist.
1604 5161 1661 5212 11,
1686 5164 1738 5213 q.
1758 5162 1805 5211 13
1837 5149 2004 5213 AEgid.
2030 5150 2202 5214 Rom„

668 5228 711 5275 n
729 5225 884 5285 Sene„
909 5224 1026 5274 dist.
1044 5235 1102 5287 11,
1121 5238 1175 5288 q.
1195 5236 1255 5285 11,
1274 5226 1370 5273 art.
1391 5224 1448 5282 33
1477 5220 1733 5283 Richard.,
1760 5221 1802 5269 ΙΙ
1828 5219 1985 5280 Sent„
2007 5220 2122 5270 dist.
2141 5232 2200 5284 11,

667 5310 719 5358 q.
751 5307 841 5356 ¹¹13
880 5294 1156 5356 Heminae,
1196 5292 1392 5355 Quolib.
1430 5294 1496 5357 V,
1533 5307 1585 5357 q.
1610 5304 1740 5354 κως
1780 5291 1926 5342 Ioan.
1957 5293 2199 5356 Baccon.‚

667 5368 709 5415 Il
735 5366 893 5428 sent„
914 5366 1032 5416 dist.
1054 5377 1116 5426 11,
1140 5380 1191 5429 q.
1213 5377 1272 5428 11,
1295 5368 1390 5415 art.
1413 5367 1461 5429 2,
1488 5366 1516 5415 4
1538 5368 1591 5415 et
1607 5368 1667 5428 53
1700 5363 1947 5427 Durand.,
1971 5365 2013 5413 ll
2040 5364 2200 5427 Sent„

668 5436 785 5493 dist.
807 5446 880 5501 11,
913 5451 966 5502 q.
986 5447 1079 5500 1¹13
1107 5437 1289 5488 Thom.
1319 5438 1549 5503 argent„
1578 5436 1623 5486 ιι
1650 5436 1811 5499 sont„
1837 5434 1952 5486 dist.
1979 5447 2045 5500 11,
2075 5449 2127 5499 q.
2148 5446 2165 5486 ι
2187 5472 2202 5498 ,

1786 445 2404 516 SENTENTIARUM
2444 444 2592 510 LIB.
2640 444 2719 508 ΙΙ.

2397 586 2458 646 2.
2481 580 2640 645 Item
2654 585 2677 621 ⁸
2699 579 2837 645 :aSi
2851 597 3130 664 praesens
3138 583 3392 664 tempus
3409 584 3622 661 staret,
3638 586 3704 646 et
3717 599 3861 646 non

2311 689 2608 753 transiret
2629 689 2699 751 in
2724 687 3139 771 praeteritum,
3175 694 3336 752 esset
3369 690 3689 753 aeternitas
3706 689 3730 724 ⁸
3757 711 3773 752 z
3815 710 3848 748 n

2312 795 2419 859 sed
2438 814 2567 858 non
2591 801 2846 878 propter
2871 795 2992 859 hoc
3012 799 3174 860 esset
3192 797 3513 860 aeternitas
3537 797 3855 859 increata:

2313 920 2471 983 ergo
2484 906 2646 966 esset
2662 903 2979 967 aeternitas
2996 908 3204 968 ereata
3221 925 3236 968 :
3262 908 3326 968 et
3341 905 3463 969 hoc
3479 909 3575 968 est
3592 922 3810 968 aevum
3836 923 3854 967 ε

2313 1025 2469 1090 ergo
2497 1027 2716 1072 aevum
2752 1009 2945 1074 habet
2977 1027 3153 1074 nunc
3189 996 3326 1074 non
3359 1009 3718 1073 transiens:
3745 1026 3857 1073 er-

2313 1134 2400 1197 go
2417 1164 2436 1195 ‚
2461 1120 2581 1180 etc.

2396 1229 2455 1288 3.
2495 1223 2653 1288 Item
2677 1221 3135 1307 Philosophus*
3161 1243 3177 1288 z
3218 1247 3249 1285 α
3271 1224 3348 1288 In
3374 1225 3694 1309 perpetuis
3717 1244 3858 1290 non

2312 1330 2523 1395 differt
2548 1350 2711 1410 esse,
2742 1334 2806 1395 et
2845 1349 3058 1414 posse:
3094 1354 3125 1392 n
3172 1350 3329 1413 ergo
3359 1334 3639 1416 potentia
3663 1334 3858 1398 estin

2313 1441 2446 1503 toto
2481 1457 2598 1503 suo
2643 1443 2815 1503 actu:
2856 1457 3015 1521 ergo
3053 1440 3216 1503 nihil
3253 1445 3657 1524 expectatur:
3692 1459 3855 1522 ergo

2313 1547 2519 1610 totum
2557 1546 2788 1610 simul:
2835 1564 2991 1628 ergo
3030 1547 3210 1611 nulla
3244 1553 3340 1612 est
3383 1549 3470 1612 ibi
3518 1548 3852 1629 successi0,

2314 1653 2418 1720 vel
2443 1655 2755 1737 prioritas,
2785 1658 2849 1718 et
2873 1656 3322 1737 posterioritas.

2393 1766 2454 1824 4.
2490 1761 2647 1826 Item
2675 1761 2919 1826 ratione
2952 1760 3348 1845 :Proprietas
3376 1763 3560 1827 debet
3582 1782 3850 1847 respon-

2314 1869 2463 1933 dere
2497 1870 2867 1934 substantiae
2897 1894 2911 1934 ι
2944 1887 3102 1951 ergo
3134 1870 3505 1934 substantiae
3548 1871 3856 1955 simplicis

2315 1993 2620 2039 mensura
2636 1975 2821 2039 debet
2846 1991 2981 2038 esse
3007 1974 3281 2057 simplex
3312 1997 3327 2039 ε
3359 1976 3469 2039 sed
3498 1976 3854 2040 substantia

2315 2079 2657 2164 spiritualis
2690 2086 2784 2145 est
2812 2082 3086 2164 simplex
3131 2104 3146 2145 ε
3188 2100 3346 2163 ergo
3372 2086 3436 2146 et
3472 2085 3615 2165 ejus
3658 2103 3853 2148 men-

2314 2207 2509 2253 sura:
2554 2190 2662 2253 sed
2709 2191 2849 2271 ejus
2885 2207 3188 2252 mensura
3228 2192 3322 2253 est
3360 2208 3579 2254 aevum
3630 2210 3647 2255 ε
3691 2210 3854 2273 ergo

2313 2296 2590 2379 simplex
2613 2299 2708 2359 est
2737 2318 2752 2360 ε
2784 2313 2942 2377 ergo
2971 2313 3105 2361 non
3146 2295 3340 2362 habet
3363 2298 3543 2381 prius
3558 2347 3577 2379 ,
3607 2302 3672 2363 et
3698 2318 3853 2382 pos-

2315 2403 2536 2467 teriuS.

2395 2514 2455 2573 5.
2500 2509 2659 2573 Item
2705 2528 2897 2575 omne
2934 2510 3368 2575 successivum
3409 2512 3736 2576 reducitur
3769 2512 3847 2576 ad

2314 2636 2732 2700 permaneus:
2765 2636 2923 2699 ergo
2950 2618 3128 2700 prius
3154 2620 3219 2681 et
3251 2619 3563 2701 posterius
3603 2637 3854 2684 succes·

2314 2725 2550 2803 sivum,
2572 2725 2653 2790 ad
2669 2726 2851 2808 prius
2866 2729 2929 2789 et
2951 2725 3265 2808 posterius
3285 2744 3667 2808 permanens
3696 2751 3712 2792 ι
3742 2728 3852 2792 sed

2315 2832 2491 2914 prius
2539 2836 2603 2895 et
2655 2833 2973 2915 posterius
3024 2850 3411 2914 permanens
3463 2837 3556 2896 est
3600 2834 3669 2895 in
3718 2834 3852 2898 sola

2314 2940 2760 3021 magnitudine
2800 2940 2822 2975 ⁸
2858 2962 2872 3003 :
2917 2959 3074 3022 ergo
3119 2941 3290 3023 quod
3334 2946 3504 3006 caret
3549 2942 3747 3024 priori
3787 2947 3852 3007 et

2315 3047 2647 3129 posteriori
2682 3050 3117 3130 permanente,
3149 3050 3320 3111 caret
3352 3052 3416 3111 et
3441 3050 3840 3116 successivo:

2313 3154 2424 3218 sed
2447 3155 2589 3219 talis
2620 3159 2714 3218 est
2740 3154 3011 3235 angelus
3048 3174 3065 3217 :
3098 3173 3287 3236 ergo,
3318 3159 3437 3218 etc.

2394 3265 2456 3326 6.
2499 3261 2689 3338 ltem,
2738 3262 2855 3326 ubi
2899 3264 2993 3326 est
3030 3262 3208 3345 prius
3254 3264 3319 3325 et
3370 3264 3715 3345 posterius,
3760 3264 3849 3328 ihi

2313 3370 2664 3434 necessario
2715 3370 2881 3434 cadit
2933 3370 3175 3452 aliquid
3223 3388 3504 3450 novum,
3553 3373 3723 3455 quod
3773 3373 3850 3437 de

2313 3478 2644 3560 posteriori
2680 3478 2754 3541 fit
2780 3477 2958 3559 prius
2972 3526 2991 3557 ‚
3020 3482 3084 3541 et
3111 3481 3368 3561 propter
3392 3479 3515 3542 hoc
3541 3479 3756 3562 lapsus
3779 3480 3847 3544 in

2314 3589 2742 3668 praeteritum,
2777 3589 2841 3650 et
2865 3587 3105 3668 aliquid
3137 3586 3205 3650 in
3233 3592 3447 3666 vetus;
3474 3589 3584 3653 sed
3611 3590 3682 3652 in
3704 3607 3848 3672 per-

2314 3694 2521 3776 petuis
2558 3712 2689 3758 non
2722 3696 2818 3757 est
2856 3693 3070 3776 aliqua
3099 3695 3367 3759 mutatio
3383 3742 3402 3774 ,
3439 3713 3558 3759 nec
3581 3695 3843 3760 innova-

2312 3799 2402 3864 tio
2431 3823 2444 3864 :
2478 3819 2636 3882 ergo
2665 3818 2781 3864 nec
2812 3799 3146 3864 successio.

2393 3913 2453 3971 7.
2499 3907 2686 3987 Item,
2726 3908 2839 3972 uhi
2868 3912 2962 3972 est
2988 3908 3168 3990 prius
3198 3956 3217 3987 ‚
3247 3907 3335 3972 ibi
3376 3910 3473 3973 est
3498 3908 3712 3992 aliqua
3734 3927 3844 3974 ex-

2312 4015 2581 4097 pectatio
2609 4020 2897 4097 respectu
2924 4017 3064 4097 ejus
3091 4015 3267 4097 quod
3290 4017 3607 4098 posterius
3627 4021 3755 4096 est,
3785 4020 3846 4081 et

2311 4123 2600 4186 nondum
2629 4123 2922 4187 habitum
2945 4126 3039 4186 est
3068 4144 3083 4186 :
3122 4122 3321 4186 sedin
3351 4123 3550 4187 beatis
3581 4125 3844 4207 perfecte

2313 4231 2489 4294 nulla
2498 4231 2661 4295 eadit
2673 4230 3049 4313 expectatio,
3064 4231 3219 4313 quia
3226 4235 3578 4295 evacuatur
3587 4231 3843 4296 omnino

2311 4341 2469 4404 fides
2494 4344 2558 4404 et
2578 4358 2749 4422 spes,
2781 4345 2844 4404 et
2872 4341 3109 4404 habent
3133 4356 3326 4403 omne
3354 4341 3528 4421 quod
3563 4338 3842 4403 habituri

2311 4452 2463 4512 sunt
2489 4466 2505 4511 τ
2527 4466 2685 4530 ergo
2708 4448 2888 4512 nullo
2915 4447 3103 4511 modo
3125 4452 3220 4511 est
3244 4447 3335 4511 ibi
3359 4448 3538 4531 prius
3561 4451 3624 4511 et
3647 4450 3839 4530 poste-

2312 4558 2470 4622 riuS.

2402 4664 2632 4730 Contra
2666 4682 2779 4747 per
2805 4662 3274 4747 Hieronymum
3310 4663 3401 4729 ad
3434 4663 3798 4729 Marcellam
3826 4682 3841 4726 :
3872 4675 4073 4721 runam-

2321 4795 2352 4832 α
2375 4770 2650 4836 Tantum
2673 4771 2839 4835 Deus
2862 4773 2979 4848 est,
3009 4770 3120 4853 qui
3151 4790 3283 4836 non
3307 4772 3489 4836 novit
3510 4773 3723 4851 fuisse,
3749 4772 3845 4836 vel

2311 4880 2607 4943 futurum
2638 4896 2813 4943 esse:
2842 4898 2874 4936 n
2909 4879 3121 4943 omnis
3145 4897 3304 4960 ergo
3340 4882 3630 4942 creatura
3655 4879 3725 4941 in
3749 4877 3845 4942 sui

2312 5006 2447 5052 esse
2473 4988 2668 5052 habet
2683 4986 3204 5081 praeteritionem,
3227 4986 3364 5052 sive
3381 4986 3573 5049 tuisse
3592 4990 3656 5049 et
3670 4986 3802 5049 fore
3825 5003 3842 5048 z

2311 5152 2405 5199 art.
2429 5150 2457 5200 3
2466 5163 2483 5211 ;
2502 5148 2678 5212 Steph.
2699 5146 2905 5210 Brulef„
2926 5147 2964 5196 11
2980 5148 3138 5210 sent„
3158 5146 3275 5196 dist.
3296 5157 3355 5209 11,
3373 5160 3424 5210 q.
3443 5157 3504 5196 111
3514 5162 3531 5210 ;
3551 5146 3703 5197 Gabr.
3723 5145 3845 5208 niel,

2311 5222 2356 5271 ΙΙ
2382 5221 2545 5283 Sent.,
2573 5220 2687 5270 dist.
2712 5231 2787 5283 11,
2816 5233 2867 5283 q.
2890 5230 2937 5282 1,
2965 5222 3060 5269 art.
3082 5221 3129 5267 1.
3150 5243 3208 5254 -
3231 5218 3420 5283 ’Aug.,
3447 5218 3508 5267 de
3537 5217 3690 5267 Civit.
3725 5217 3846 5280 Dei,

2311 5292 2400 5343 lib.
2428 5293 2550 5355 xil,
2580 5305 2626 5341 c.
2647 5303 2741 5355 ιν,
2769 5305 2821 5341 n.
2842 5292 2889 5340 2.
2913 5317 2977 5327 —
2999 5291 3022 5326 ⁸
3047 5290 3143 5353 ld.,
3182 5290 3401 5353 Consors.
3440 5289 3532 5340 lib.
3557 5290 3707 5349 Xl‚c.
3739 5299 3849 5351 XIV,

2311 5367 2464 5414 n.17.
2491 5389 2556 5400 -
2576 5362 2785 5423 *Ar-ist„
2812 5360 3017 5426 physic.
3044 5361 3137 5411 lib.
3161 5361 3250 5425 111,
3279 5364 3417 5412 cont.
3435 5362 3516 5411 32.
3545 5388 3609 5398 —
3630 5361 3652 5396 ⁸
3669 5359 3842 5419 Arist„

2310 5434 2508 5499 Physic.
2529 5433 2620 5486 lib.
2651 5434 2765 5485 vul
2781 5470 2802 5499 ,
2830 5436 2972 5484 cont.
3002 5436 3077 5484 10.
