4125 6225
1799 406 2177 474 DISTINCT.
2223 407 2326 473 IV.

399 537 518 613 est,
548 552 695 598 cum
724 533 979 599 nullum
1009 535 1091 600 sit
1115 537 1451 603 vinculum
1478 542 1935 624 consanguini-

396 640 568 720 tatis,
596 659 718 706 nec
742 660 961 742 supra,
989 660 1107 707 nec
1128 645 1336 726 Juxta.

943 923 1388 992 CONCLUSIO.

390 1082 654 1152 Anqelus,
679 1082 894 1137 ratione
920 1083 1102 1152 optati
1126 1084 1352 1155 majoris
1374 1083 1519 1148 boni,
1542 1086 1718 1154 maqis
1744 1083 1935 1154 diliqit

466 1173 788 1243 super-§omn
810 1172 1092 1242 anqelum;
1122 1174 1336 1228 ratione
1360 1188 1482 1229 vero
1509 1176 1819 1231 intensior-is
1841 1177 1933 1243 af-

466 1264 667 1330 fectus,
708 1261 835 1332 plus
878 1260 1066 1332 diliyit
1106 1264 1401 1333 oeqwmtem:
1436 1267 1652 1320 ratione
1675 1281 1799 1322 vero
1827 1267 1934 1321 im-

462 1353 619 1423 pensi
647 1350 921 1420 beneficii,
943 1350 1073 1422 plus
1098 1350 1291 1421 diliqit
1317 1355 1648 1422 inferiorem.

479 1510 659 1593 Resp.
698 1511 780 1575 ad
817 1510 1093 1592 Argum.
1133 1511 1479 1577 Dicendum
1520 1515 1692 1597 quod
1728 1516 1937 1598 magis

388 1620 662 1701 diligere
689 1619 1002 1702 aliquem,
1033 1620 1157 1684 hoc
1184 1625 1389 1703 potest
1414 1641 1547 1687 esse
1572 1624 1928 1707 tripliciter:

386 1733 507 1793 aut
527 1728 769 1792 ratione
795 1727 947 1791 boni
964 1728 1164 1810 optati
1189 1751 1206 1807 ;
1238 1734 1351 1792 aut
1375 1730 1636 1795 effectus
1664 1732 1927 1814 intensi3

386 1841 507 1901 aut
545 1836 791 1899 ratione
835 1834 1097 1900 effectus
1140 1836 1435 1919 impensi.
1476 1837 1738 1904 Ratione
1780 1841 1931 1905 boni

385 1943 620 2027 optati,
650 1942 881 2006 dicitur
917 1942 1061 2024 quis
1091 1943 1372 2026 aliquem
1404 1945 1612 2027 magis
1639 1946 1927 2029 diligere,

385 2049 647 2133 quando
664 2049 724 2113 ei
747 2052 958 2131 majus
982 2036 1227 2115 bonum
1254 2056 1428 2134 optat
1449 2075 1465 2131 ;
1496 2057 1558 2118 et
1583 2053 1675 2118 sic
1701 2054 1931 2121 dicitur

385 2158 654 2240 diligere
685 2157 917 2238 magis,
965 2157 1119 2239 quia
1156 2160 1237 2224 ad
1282 2161 1513 2242 majus.
1556 2159 1689 2225 Hoc
1714 2162 1926 2245 modo,

386 2265 670 2330 naturali
734 2264 1063 2329 dilectione
1123 2266 1497 2348 procedente
1553 2285 1635 2332 ex
1685 2269 1928 2349 judicio

386 2373 654 2437 rationis
683 2374 894 2450 rectae,
938 2372 1149 2454 magis
1174 2373 1475 2455 diligebat
1513 2374 1783 2456 angelus
1806 2395 1926 2441 an-

386 2480 616 2562 gelum
671 2480 1063 2563 superiorem
1084 2504 1101 2561 ;
1160 2482 1409 2548 volebat
1474 2484 1647 2548 enim
1715 2484 1928 2567 ipsum

387 2589 719 2669 excellere,
751 2592 816 2653 et
847 2590 994 2673 plus
1019 2591 1172 2655 boni
1199 2591 1459 2671 habere,
1494 2593 1659 2656 sicut
1681 2597 1746 2656 et
1766 2593 1930 2658 Deus

388 2696 680 2763 conditor
702 2695 909 2762 voluit
930 2697 1021 2762 sic
1045 2698 1357 2763 ordinare.
1388 2698 1650 2763 Ratione
1667 2700 1930 2766 affectus

388 2804 663 2884 intensi,
718 2804 950 2869 dicitur
1013 2806 1223 2888 magis
1279 2806 1553 2870 alterum
1619 2806 1883 2887 diligere
1907 2856 1925 2886 ,

389 2912 649 2995 quando
688 2911 937 2992 affectio
969 2915 1107 2995 eJus
1138 2914 1282 2996 plus
1316 2913 1511 2977 trahit
1541 2913 1838 2992 alterum,
1868 2916 1931 2977 et

391 3019 605 3100 magis
649 3020 1011 3084 consolatur
1049 3020 1128 3084 de
1174 3021 1315 3103 ejus
1360 3020 1690 3097 societate;
1737 3024 1799 3082 et
1842 3020 1931 3083 sic

393 3128 630 3192 dicitur
646 3127 872 3211 aliquis
897 3128 1106 3209 magis
1122 3127 1307 3192 illum
1323 3127 1608 3209 diligere,
1632 3145 1782 3191 cum
1801 3112 1928 3209 qu'o

394 3235 699 3299 libentius
744 3235 1081 3298 cohabitat.
1139 3234 1216 3298 Et
1268 3236 1362 3298 sic
1404 3235 1672 3316 angelus
1724 3236 1931 3316 magis

397 3342 701 3423 diligebat
727 3360 840 3425 per
859 3346 1155 3406 naturam
1180 3341 1485 3423 angelum
1511 3342 1797 3423 ejusdem
1824 3360 1930 3406 or-

400 3451 598 3529 dinis;
615 3450 766 3533 quia
784 3450 946 3513 sicut
966 3448 1239 3527 naturali
1257 3449 1483 3513 affectu
1502 3450 1707 3531 magis
1726 3449 1933 3530 diligit

402 3558 547 3639 quis
565 3557 1007 3639 compatriotas
1027 3574 1194 3636 suoS,
1214 3557 1491 3620 maxime
1509 3557 1763 3639 quando
1779 3574 1932 3619 con-

402 3665 757 3730 formantur
779 3664 858 3747 (a)
880 3664 998 3728 sibi
1011 3664 1078 3727 in
1106 3664 1391 3728 moribus
1412 3684 1430 3744 ;
1459 3669 1523 3728 et
1543 3665 1708 3728 sicut
1724 3665 1933 3746 magis

401 3771 609 3854 diligit
633 3772 827 3836 homo
854 3780 1005 3836 eum
1029 3774 1141 3854 qui
1168 3775 1261 3837 est
1282 3773 1567 3854 ejusdem
1595 3772 1931 3854 professio-

400 3880 498 3943 nis
515 3882 579 3944 et
598 3880 811 3958 officii,
829 3879 942 3943 uhi
960 3878 1201 3944 invidia
1216 3898 1350 3951 non
1362 3878 1709 3962 interponit
1725 3884 1933 3961 partes

2043 562 2224 608 suas:
2254 543 2344 608 sic
2369 545 2639 626 angelus
2661 545 2934 611 alterum
2959 548 3267 630 angelum
3290 547 3579 630 ejusdem

2043 650 2282 715 ordinis
2339 652 2548 734 magis
2591 652 2922 720 dilectione
2972 655 3247 719 naturali
3288 654 3580 736 amplecti

2042 756 2533 838 intelligendum
2551 764 2671 840 est,
2701 779 2852 826 cum
2874 779 2942 826 se
2961 762 3203 827 videret
3237 762 3309 845 (b)
3347 779 3387 825 a
3413 761 3580 826 Con-

2044 862 2247 927 ditore
2270 863 2340 927 in
2361 865 2554 929 officii
2574 868 2931 960 aequalitate
2947 916 2964 946 ‚
2990 874 3054 933 et
3075 874 3323 933 naturae
3354 868 3581 932 simili-

2043 970 2287 1047 tudine,
2318 970 2411 1033 illi
2438 973 2768 1052 sociatum,
2798 993 2917 1038 nec
2948 979 3111 1039 esset
3137 981 3289 1039 tunc
3323 994 3579 1040 morum

2044 1076 2396 1154 diversitas,
2436 1098 2552 1144 nec
2591 1080 2851 1145 invidiae
2883 1083 3270 1162 malignitas.
3318 1081 3580 1145 Ratione

2044 1183 2324 1264 eflectUS,
2362 1186 2495 1251 sive
2529 1188 2820 1252 beneficii
2859 1190 3149 1272 impensi,
3181 1189 3410 1253 dicitur
3436 1189 3582 1271 quis

2045 1292 2253 1373 magis
2267 1311 2416 1356 eum
2433 1294 2716 1375 diligere,
2736 1296 2839 1359 cui
2857 1297 3043 1379 plura
3059 1297 3227 1360 bona
3246 1297 3575 1378 impendit,

2044 1403 2109 1462 et
2129 1400 2296 1464 circa
2314 1420 2505 1483 quem
2527 1404 2736 1484 magis
2759 1404 3150 1483 sollicitatur,
3180 1405 3346 1468 sicut
3371 1405 3580 1486 magis

2044 1494 2668 1588 magister‘confovet
2694 1510 2901 1575 filium
2937 1512 3244 1578 tenellum
3263 1561 3280 1591 ,
3315 1516 3377 1576 et
3402 1513 3577 1577 solli-

2042 1617 2224 1681 citior
2247 1622 2339 1682 est
2357 1620 2520 1684 circa
2540 1620 2745 1699 illum,
2767 1639 2963 1703 quam
2985 1622 3149 1685 circa
3166 1609 3488 1701 adultum3
3516 1627 3580 1685 et

2041 1725 2251 1806 magis
2283 1727 2451 1790 circa
2477 1729 2840 1806 infirmum,
2870 1747 3067 1811 quam
3099 1730 3265 1792 circa
3307 1748 3573 1793 sanum:

2042 1837 2107 1897 et
2125 1833 2247 1898 hoc
2268 1835 2419 1899 facit
2446 1837 2859 1901 consideratio
2884 1837 3147 1919 majoris
3174 1837 3574 1917 indigentiae.

2042 1939 2120 2003 Et
2142 1941 2265 2006 hoc
2292 1942 2480 2006 modo
2506 1942 2628 2006 dici
2658 1947 2862 2025 potest
2884 1944 3057 2026 quod
3086 1944 3353 2026 angelus
3379 1963 3576 2027 supe-

2038 2049 2226 2113 rioris
2274 2049 2512 2114 ordinis
2561 2051 2769 2132 magis
2812 2051 3019 2132 diligit
3065 2052 3371 2133 angelum
3418 2053 3580 2116 infe‘-

2038 2156 2251 2236 rioriS,
2275 2157 2429 2239 quia
2462 2157 2730 2239 angelus
2760 2159 2931 2241 paris
2956 2160 3062 2224 vel
3101 2160 3446 2242 superioris
3472 2178 3580 2224 or-

2036 2263 2203 2328 dinis
2239 2282 2372 2328 non
2405 2264 2651 2346 indiget
2688 2266 2779 2329 sic
2812 2285 2928 2329 sua
2963 2266 3378 2331 instructione
3393 2314 3411 2342 ,
3443 2267 3579 2332 sive

2036 2375 2418 2457 purgatione
2436 2423 2453 2452 ,
2498 2377 2850 2440 secundum
2889 2377 3061 2459 quod
3102 2377 3373 2458 angelus
3415 2376 3579 2441 infe-

2037 2481 2224 2545 rioris
2274 2481 2532 2545 ordinis·
2586 2481 2664 2545 Et
2716 2482 2806 2545 sic
2823 2529 2841 2561 ,
2893 2483 3241 2547 secundum
3298 2473 3580 2549 diversas

2042 2588 2176 2653 vias
2189 2636 2205 2664 ‚
2247 2589 2535 2653 membra
2578 2589 2916 2672 propositae
2951 2590 3317 2673 quaestionis
3355 2610 3422 2655 se
3461 2592 3580 2655 ha-

2036 2696 2191 2759 bent
2237 2696 2399 2760 sicut
2444 2696 2809 2761 excedentia
2839 2703 2926 2762 et
2973 2716 3273 2762 excessa:
3320 2705 3383 2762 et
3433 2699 3577 2763 ideo

2037 2803 2313 2866 rationes
2358 2801 2440 2867 ad
2489 2802 2614 2866 tria
2662 2802 2962 2885 praedicta
3016 2806 3305 2869 membra
3348 2805 3577 2870 decur-

2036 2914 2249 2973 rentes
2274 2909 2395 2972 sihi
2420 2926 2554 2973 non
2580 2909 2871 2989 obviant,
2902 2914 2967 2974 et
2993 2912 3249 2976 concedi
3285 2918 3575 2994 possunt,

2037 3016 2335 3100 quamvis
2365 3035 2497 3081 non
2538 3016 2665 3081 sint
2690 3017 2970 3081 multum
3005 3021 3324 3098 cogentes·
3360 3017 3424 3083 Si
3454 3037 3572 3083 au-

2037 3128 2172 3189 tem
2207 3126 2355 3207 quis
2395 3143 2475 3189 ex
2512 3125 2824 3208 praedictis
2867 3125 3169 3189 omnibus
3212 3126 3580 3209 simpliciter

2040 3233 2193 3298 velit
2228 3234 2463 3297 inferre
2499 3233 2922 3315 majoritatem
2961 3234 3309 3299 dilectionis
3327 3284 3343 3312 ‚
3390 3237 3581 3302 unica

2040 3342 2450 3423 responsione
2484 3345 2689 3422 potest
2714 3343 3013 3407 omnibus
3040 3342 3307 3421 obviari,
3342 3342 3581 3408 scilicet

2041 3448 2213 3531 quod
2253 3466 2475 3513 omnes
2517 3449 2866 3531 procedunt
2911 3450 2990 3513 ah
3034 3449 3470 3528 insufficienti3
3526 3451 3581 3514 si

2041 3574 2197 3619 vero
2233 3556 2627 3619 concluditur
2655 3574 2947 3621 excessus
2989 3556 3342 3621 dilectionis
3373 3557 3581 3621 deter-

2041 3664 2331 3741 minatae,
2372 3664 2475 3728 vel
2510 3664 2579 3727 in
2617 3665 2786 3729 bono
2820 3667 3064 3747 optato,
3100 3665 3203 3727 vel
3239 3664 3308 3727 in
3346 3664 3581 3728 affectu

2042 3771 2314 3848 inten50,
2331 3770 2435 3835 vel
2449 3771 2520 3834 in
2536 3772 2765 3837 effectu
2783 3773 3093 3855 impense,
3114 3772 3265 3836 satis
3282 3772 3358 3837 de
3386 3773 3576 3854 plano

2045 3896 2268 3944 omnes
2296 3886 2564 3962 possunt
2580 3881 2861 3945 concedi.

1453 4166 2293 4263 DISTINCTIO
2373 4169 2517 4264 IV

1102 4397 1181 4443 DE
1224 4396 1546 4444 mrrlnus
1590 4396 2012 4444 BEATrrunmIs
2054 4398 2134 4443 ET
2178 4398 2439 4445 misnam
2479 4396 2865 4447 ANGELORUM.

487 4557 645 4625 Post
668 4556 806 4626 haec
833 4554 1192 4624 videndum
1210 4562 1330 4639 est,
1362 4562 1588 4623 utrum
1615 4553 1929 4645 perfectos
1955 4561 2020 4622 et
2046 4554 2269 4623 beatos
2295 4554 2625 4622 creavitc
2573 4554 2625 4646 (c
2626 4553 2645 4645 )
2677 4553 2850 4621 Deus
2875 4553 3165 4642 angeloS,
3196 4576 3281 4621 an
3309 4554 3579 4622 miseros

400 4681 465 4741 et
489 4671 920 4775 imperfectos.
953 4670 1059 4738 Ad
1087 4670 1265 4761 quod
1292 4669 1418 4737 dici
1445 4678 1654 4762 potest
1680 4671 1859 4762 quod
1887 4693 2005 4738 nec
2031 4670 2104 4738 in
2129 4670 2569 4756 beatitudine,
2611 4693 2730 4738 nec
2756 4670 2829 4737 in
2859 4670 3117 4739 miseria
3159 4670 3356 4737 creati
3393 4679 3570 4738 sunt.
3607 4718 3676 4762 A„
3703 4719 3817 4763 Deus

401 4788 627 4857 Miseri
654 4788 831 4855 enim
858 4793 1008 4856 ante
1036 4793 1371 4878 peccatum
1399 4809 1534 4855 esse
1560 4809 1695 4855 non
1722 4794 2108 4877 potuerunt,
2139 4786 2299 4877 quia
2328 4808 2410 4854 ex
2436 4794 2691 4877 peccato
2716 4786 2978 4855 miseria
3005 4794 3144 4855 est.
3176 4809 3331 4854 nam
3358 4786 3413 4853 si
3440 4808 3572 4853 non
3606 4784 3817 4901 Ἱιξζξζέῑ

403 4904 633 4972 fuisset
659 4911 1032 4994 peccatum,
1077 4902 1266 4971 nulla
1292 4910 1457 4970 esset
1498 4902 1782 4970 miseria.
1814 4902 2001 4971 Beati
2039 4924 2303 4994 quoque
2339 4926 2681 4995 nunquam
2729 4903 2999 4972 fuerunt
3041 4902 3144 4970 illi
3181 4903 3297 4994 qui
3333 4901 3574 4970 cecide·
3602 4908 3816 5015 pegam?

403 5027 594 5106 runt3
623 5020 781 5111 quia
808 5018 912 5087 sui
940 5027 1213 5087 eventus
1237 5018 1451 5108 ignari
1490 5019 1796 5105 fuerunt,
1829 5019 1896 5087 id
1927 5025 2023 5087 est
2046 5019 2292 5109 peccati
2320 5026 2384 5086 et
2411 5019 2715 5111 supplicii
2741 5019 2973 5087 futuri.
3008 5017 3079 5086 Si
3109 5017 3286 5086 enim
3313 5018 3568 5109 lapsum
3603 5033 3747 5136 ammi
3745 5006 3818 5137 {1³³

400 5158 598 5204 suum
631 5134 1145 5226 praesciverunt,
1195 5143 1312 5203 aut
1336 5134 1542 5202 vitare
1568 5135 1961 5221 voluerunt,
2011 5134 2124 5202 sed
2153 5157 2286 5202 non
2315 5144 2709 5226 potuerunt,
2748 5143 2811 5202 et
2840 5136 2930 5201 ita
2955 5144 3142 5202 erant
3168 5133 3425 5220 miseri3
3459 5144 3643 5201 aut
3629 5170 3792 5265 ‘mag-

320 5342 325 5346 ι
402 5258 803 5343 potuerunt,
852 5250 965 5319 sed
990 5251 1394 5337 noluerunt,
1446 5259 1509 5319 et
1547 5250 1639 5319 ita
1664 5236 1851 5320 erant
1879 5250 2067 5319 stulti
2105 5260 2170 5319 et
2213 5250 2510 5341 maligni.
2558 5250 2842 5343 Ideoque
2877 5249 3197 5338 dicimus,
3245 5249 3405 5343 quia
3438 5273 3573 5320 non

471 5421 543 5488 (α)
563 5421 650 5473 ΔΙ.
674 5421 1042 5472 conformatur.
1072 5447 1134 5458 —
1156 5421 1218 5487 (ὁ)
1250 5423 1374 5473 Item
1400 5422 1602 5473 viderit.
1626 5448 1688 5459 —
1707 5423 1765 5486 (c)
1789 5423 1905 5486 Leq.
1935 5421 2201 5474 creaverit.

3457 417 3662 490 345,
