4125 6225
446 4713 592 4758 mpro-

432 4764 548 4838 batio

408 4839 589 4872 nimum.

584 443 705 509 558

583 585 698 659 em,
719 578 893 662 quod
914 578 1514 659 lumenestcorpus,
1543 571 1916 637 etsimiliter
1930 569 2119 653 radii,

585 690 650 752 et
691 703 1020 770 processus
1066 685 1357 766 ipsorum
1397 680 1726 746 radiorum
1770 697 1811 741 a
1854 677 1986 742 sole
2034 677 2133 740 est

586 795 749 859 sicut
767 811 1100 857 ramorum
1117 812 1158 856 a
1175 790 1387 856 radice
1408 810 1425 852 ι
1458 787 1742 853 maxime
1761 785 1818 848 si
1835 785 1927 848 ita
1942 788 2126 860 esset,

585 903 758 986 quod
795 901 1005 966 statim
1054 898 1239 963 radix
1284 899 1495 980 posset
1545 912 1627 959 ex
1671 912 1740 958 se
1781 891 2130 976 producere

586 1011 882 1075 arborem
904 1055 922 1084 ‚
955 1007 1056 1088 adj
1064 1009 1178 1070 uta
1219 1004 1440 1070 divina
1472 1002 1744 1080 virtute,
1785 1000 1949 1063 sicut
1970 999 2132 1064 forte

587 1115 708 1179 fuit
732 1115 803 1178 in
826 1113 1035 1196 prima
1059 1129 1280 1176 rerum
1304 1108 1664 1175 conditione
1694 1129 1710 1171 ε
1744 1109 1808 1171 et
1827 1106 1992 1169 sicut
2019 1122 2133 1169 ra-

589 1222 702 1287 dix
728 1240 861 1286 non
885 1219 1379 1297 diminueretur,
1413 1217 1468 1280 si
1495 1216 1584 1279 ita
1622 1214 1999 1297 produceret
2020 1230 2133 1274 ar-

589 1331 833 1408 borem,
863 1331 929 1392 et
946 1331 1163 1392 tamen
1184 1326 1548 1391 dicerentur
1573 1339 1824 1405 semper
1861 1319 2026 1384 rami
2051 1319 2132 1381 ab

589 1437 698 1501 illa
724 1436 934 1501 radice
975 1435 1155 1499 exire
1175 1483 1193 1511 ,
1223 1450 1355 1497 non
1403 1432 1558 1514 quia
1598 1429 1677 1494 de
1720 1446 1892 1494 novo
1940 1442 2130 1507 egre-

591 1546 882 1624 diantur,
918 1543 1026 1608 sed
1072 1541 1228 1625 quia
1271 1556 1422 1604 cum
1473 1556 1593 1603 sna
1642 1536 1893 1618 origine
1937 1533 2137 1599 conti*

591 1656 900 1731 nuantur,
939 1652 1033 1714 sic
1059 1650 1279 1715 dicunt
1306 1650 1372 1711 et
1394 1647 1464 1709 in
1506 1644 1669 1710 Solis
1699 1642 1893 1707 radiis
1918 1660 1986 1705 se
2011 1642 2139 1704 ha-

594 1761 765 1824 bere.
783 1759 943 1825 Cum
974 1756 1149 1821 enim
1173 1755 1341 1819 Deus
1367 1752 1583 1818 Solem
1599 1757 1910 1833 tanquam
1936 1747 2137 1829 origi-

595 1885 744 1930 nem
773 1870 837 1931 et
847 1863 1234 1948 principium
1254 1861 1417 1925 lucis
1439 1860 1605 1939 fecit,
1625 1858 1818 1922 simul
1839 1874 1991 1920 cum
2015 1853 2139 1918 hoc

596 1972 1123 2039 ramificationem
1148 1970 1477 2034 radiorum
1518 1967 1638 2031 sibi
1680 1964 1852 2030 dedit
1883 1986 1898 2028 z
1943 1967 2008 2027 et
2048 1963 2143 2026 ita

599 2079 707 2145 Sol
750 2079 1049 2146 continue
1100 2077 1332 2142 dicitur
1365 2075 1510 2138 illos
1546 2073 1757 2137 radios
1808 2071 2098 2136 emittere
2119 2116 2138 2146 ,

598 2186 752 2269 quia
773 2187 865 2250 illi
891 2185 1046 2250 radii
1073 2199 1410 2264 nunquam
1428 2183 1805 2263 separantur
1822 2197 1864 2242 a
1879 2195 2000 2241 sua
2016 2176 2144 2241 ori-

600 2296 785 2375 gine3
817 2293 926 2358 sed
969 2293 1132 2356 sicut
1176 2289 1285 2354 Sol
1329 2291 1648 2366 movetur,
1687 2286 1779 2349 sic
1821 2284 1986 2349 radii
2024 2284 2144 2348 cir-

602 2403 1067 2477 cumferuntur,
1087 2416 1223 2463 non
1240 2396 1396 2461 novi
1421 2398 1812 2477 generantur
1840 2415 1854 2456 ε
1888 2392 2144 2456 eosdem

603 2509 778 2574 enim
803 2507 1013 2572 radios
1053 2523 1215 2588 quos
1260 2503 1471 2568 emisit
1517 2521 1556 2566 a
1595 2500 1906 2585 principio
1950 2515 2145 2582 super

601 2620 863 2696 terram,
892 2613 1121 2679 emittit
1137 2615 1200 2676 et
1225 2611 1419 2676 etiam
1438 2627 1635 2673 nunc.
1664 2607 1787 2672 Sed
1813 2609 1945 2671 esto
1971 2607 2147 2689 quod

608 2724 716 2789 Sol
747 2725 1215 2799 obscuraretur,
1262 2720 1429 2783 sicut
1461 2718 1530 2782 in
1575 2717 1867 2800 passione
1913 2714 2146 2780 Christi

612 2832 890 2898 creditur
929 2848 1065 2896 esse
1109 2830 1387 2907 factum3
1443 2832 1599 2892 tunc
1645 2825 1901 2890 videtur
1972 2825 2147 2907 quod

613 2942 932 3022 oporteret
964 2939 1228 3002 extunc
1256 2935 1467 3000 radios
1493 2933 1789 2999 renovari
1811 2980 1829 3011 ,
1862 2932 2041 2996 etita
2070 2933 2153 2998 de

463 3067 520 3110 ·n.
569 3095 582 3109 .
612 3066 784 3114 novo
813 3045 1050 3123 creari,
1077 3045 1134 3108 si
1160 3060 1428 3127 corpora
1457 3046 1686 3106 essent.
1720 3039 1931 3105 Tertia
1977 3039 2152 3124 posi-

613 3156 699 3220 tio
738 3160 832 3220 est
874 3153 1044 3236 quod
1080 3157 1212 3216 tam
1255 3151 1508 3228 lumen,
1551 3165 1752 3230 quam
1783 3148 2005 3213 radius
2026 3195 2044 3225 ,
2080 3147 2151 3211 in

612 3266 821 3332 medio
867 3280 1099 3346 corpus
1128 3266 1258 3339 est,
1298 3265 1363 3325 et
1396 3259 1725 3342 productio
1764 3261 1819 3341 ej
1829 3277 1908 3322 us
1939 3276 2153 3341 quan-

615 3379 754 3441 tum
778 3374 859 3439 ad
885 3373 1158 3437 formam
1184 3387 1225 3433 a
1249 3368 1380 3432 sole
1403 3370 1527 3445 est3
1554 3370 1868 3448 quantum
1892 3384 2046 3430 vero
2072 3366 2153 3430 ad

614 3481 948 3547 materiam
975 3482 1071 3542 cst
1099 3495 1141 3540 a
1166 3476 1490 3552 Creatore;
1525 3473 1748 3538 dicunt
1783 3474 1956 3538 enim
1980 3457 2156 3555 quod

614 3590 737 3654 hoc
762 3589 1002 3672 spectat
1025 3585 1105 3650 ad
1127 3583 1575 3668 perfectionem
1593 3579 2046 3658 universitatis,
2082 3582 2156 3644 ut

617 3698 782 3763 sicut
807 3698 902 3759 est
938 3693 1157 3775 aliqua
1198 3694 1489 3755 creatura
1526 3706 1674 3770 quae
1715 3691 2030 3770 quantum
2075 3686 2155 3750 ad

618 3802 951 3868 materiam
974 3804 1038 3864 et
1056 3799 1331 3864 formam
1346 3796 1710 3861 immediate
1728 3799 1825 3859 est
1847 3813 1887 3858 a
1901 3794 2052 3889 Deo,
2084 3797 2159 3859 ut

617 3912 933 3994 angelus3
975 3907 1274 3991 quaedam
1302 3910 1521 3970 autem
1558 3908 1877 3987 quantum
1905 3902 1987 3966 ad
2024 3901 2151 3965 for-

618 4038 796 4084 mam
820 4022 916 4082 est
953 4036 994 4081 a
1022 4016 1148 4080 Deo
1189 4013 1556 4079 immediate
1577 4058 1595 4089 ‚
1631 4016 1696 4076 ct
1734 4014 2050 4093 quantum
2077 4008 2179 4095 ad·

617 4126 953 4192 materiam
979 4126 1075 4188 est
1099 4141 1142 4187 a
1166 4126 1395 4186 natura
1410 4169 1428 4200 ,
1460 4122 1531 4185 ut
1552 4119 1780 4196 hom03
1812 4117 1905 4181 sic
1937 4123 2001 4181 et
2026 4121 2159 4181 ter-

616 4235 782 4300 tium
809 4250 1020 4316 genus
1062 4234 1156 4295 est
1188 4228 1361 4311 quod
1394 4230 1710 4310 quantum
1761 4225 1843 4289 ad
1886 4225 2158 4288 formam

618 4345 711 4406 est
737 4361 778 4405 a
814 4343 1134 4416 creatura,
1166 4340 1231 4400 et
1268 4341 1585 4419 quantum
1619 4333 1701 4398 ad
1736 4332 2074 4397 materiam
2119 4350 2160 4394 a

619 4447 769 4512 Deo.
802 4445 925 4511 Sed
949 4445 1110 4509 illud
1145 4460 1282 4509 non
1325 4442 1584 4507 videtur
1621 4440 1969 4523 probabile,
2008 4456 2160 4504 cum

623 4554 786 4619 Deus
808 4570 1145 4635 nunquam
1172 4553 1343 4615 creet
1382 4548 1720 4614 materiam
1756 4551 1989 4631 praeter
2026 4547 2161 4611 for-

622 4680 796 4726 mam
827 4661 1131 4744 aliquam.
1161 4657 1332 4723 Licet
1355 4662 1573 4723 autem
1595 4657 1897 4739 quaelibet
1923 4655 2162 4720 harum

621 4770 822 4834 trium
869 4767 1260 4852 positionum
1314 4765 1666 4849 specialiter
1702 4764 1870 4829 dicat
1921 4762 2162 4846 aliquid

620 4875 943 4959 probabile
984 4874 1065 4958 (α)
1099 4874 1268 4938 circa
1303 4872 1621 4954 originem
1646 4869 1911 4934 luminis
1933 4888 2017 4934 ex
2058 4870 2163 4935 lu-

622 4984 797 5049 mine
819 5030 847 5064 ,
892 5000 1116 5048 omnes
1163 4985 1383 5046 tamen
1432 4979 1863 5044 communiter
1911 4978 2163 5061 impro-

622 5090 857 5157 bantur
881 5109 996 5174 per
1011 5090 1159 5169 hoc,
1188 5088 1360 5171 quod
1377 5087 1603 5153 dicunt
1617 5085 1840 5150 lumen
1859 5086 1931 5148 in
1953 5085 2164 5151 medio

625 5217 759 5263 esse
775 5216 1008 5280 corpus
1033 5219 1049 5263 z
1072 5202 1215 5262 tum
1232 5198 1490 5278 propter
1506 5193 1710 5277 ipsius
1725 5191 2161 5274 diffusionem,

625 5324 773 5388 quae
799 5307 1011 5371 subita
1035 5308 1160 5386 est;
1187 5309 1332 5371 tum
1364 5305 1560 5372 etiam
1587 5307 1848 5388 propter
1879 5304 2167 5371 existen-

626 5410 787 5477 tiam
822 5431 973 5479 cum
1001 5430 1131 5481 aare
1151 5459 1172 5493 ,
1199 5430 1348 5495 quae
1387 5411 1798 5496 impermixta
1844 5416 1978 5495 cst3
2024 5417 2167 5479 tum

1706 424 2331 503 SENTENTIARUM
2370 427 2522 499 tm.
2567 424 2648 500 n.

2242 569 2434 634 etiam
2458 571 2719 652 propter
2740 567 2940 652 ipsius
2954 562 3462 652 productionem,
3486 579 3637 648 quae
3656 573 3780 628 nec

2238 679 2333 740 est
2377 694 2463 740 ex
2491 676 2760 740 materia
2778 723 2797 756 ‚
2828 693 2947 740 nec
2981 691 3275 758 unquam
3321 676 3653 756 separatur
3697 671 3782 735 ab

2239 798 2380 878 eJus
2408 794 2741 860 existentia
2773 816 2789 859 τ
2839 795 3074 874 imm0,
3113 794 3282 858 sicut
3319 793 3622 858 continue
3663 795 3780 866 est,

2239 905 2329 967 ita
2354 903 2656 967 continue
2677 908 3048 985 generatur,
3078 905 3155 966 ut
3173 902 3325 966 dicit
3351 900 3779 983 Augustinus,

2239 1009 2411 1092 quod
2428 1010 2650 1074 lumen
2668 1010 2862 1075 habet
2887 1009 3399 1092 permanentiam
3426 1027 3541 1092 per
3581 1007 3785 1072 conti·

2239 1134 2439 1181 nuam
2481 1116 2644 1181 Solis
2666 1116 3095 1181 influentiam.
3126 1115 3203 1181 Et
3245 1115 3390 1181 ideo
3422 1118 3518 1179 est
3562 1118 3791 1197 quarta
3815 1149 3921 1205 οὓς,
3998 1187 4004 1193 ,

2240 1223 2468 1305 positio
2494 1241 2757 1288 concors
2780 1222 3020 1288 rationi
3047 1226 3112 1287 et
3141 1222 3586 1306 philosophiae,
3614 1221 3789 1303 quod

2239 1329 2462 1395 lumen
2488 1335 2552 1395 et
2577 1330 2827 1410 radiuS,
2856 1331 2912 1394 si
2941 1330 3309 1394 nominetur
3332 1329 3496 1393 illud
3525 1328 3793 1412 praecise

2241 1437 2410 1520 quod
2454 1456 2493 1501 a
2534 1438 2678 1501 luce
2712 1438 2906 1502 habet
2946 1440 3160 1501 ortum
3184 1484 3201 1514 ,
3228 1454 3347 1500 nec
3392 1439 3490 1499 est
3531 1453 3789 1518 corpus,

2241 1564 2363 1610 nec
2387 1545 2673 1628 corporis
2696 1546 2993 1610 defluxus
3012 1594 3030 1624 ,
3061 1546 3228 1609 sicut
3253 1544 3528 1608 rationes
3559 1543 3640 1608 ad
3668 1543 3794 1607 hoc

2242 1652 2523 1717 inductae
2548 1653 2912 1716 ostendunt.
2938 1651 3005 1717 Si
3038 1656 3256 1716 autem
3284 1650 3533 1715 dicatur
3573 1650 3795 1715 radius

2244 1777 2354 1823 aer
2397 1758 2800 1823 illuminatus
2842 1759 3197 1824 secundum
3244 1756 3683 1842 diametrum,
3735 1760 3799 1821 et

2244 1865 2466 1930 lumen
2520 1883 2631 1929 aer
2674 1865 3078 1930 illuminatus
3122 1866 3476 1929 secundum
3519 1866 3799 1947 profun-

2246 1973 2404 2037 dum
2424 1994 2441 2051 ;
2465 1972 2555 2036 sic
2584 1972 2706 2036 isto
2734 1972 2924 2037 modo
2958 1972 3178 2036 radius
3204 1975 3269 2036 et
3305 1972 3530 2036 lumen
3565 1969 3801 2053 poterit

2247 2080 2371 2145 dici
2394 2097 2626 2162 corpus
2666 2102 2682 2144 :
2724 2083 2918 2162 prout
2941 2083 3159 2143 tamen
3194 2079 3449 2163 proprie
3487 2077 3802 2160 accipitur

2248 2188 2469 2252 lumen
2487 2235 2506 2260 ,
2534 2191 2599 2251 et
2621 2186 2840 2250 radius
2866 2187 2940 2249 in
2967 2186 3178 2250 medio
3198 2233 3218 2265 ,
3253 2204 3485 2268 corpus
3510 2203 3644 2248 non
3676 2186 3796 2247 est.

2333 2300 2361 2358 1
2377 2343 2394 2358 .
2440 2295 2539 2359 Ad
2581 2293 2741 2359 illud
2775 2311 2935 2375 ergo
2979 2292 3153 2375 quod
3206 2292 3417 2374 primo
3475 2291 3796 2375 objicitur,

2251 2402 2424 2484 quod
2481 2406 2779 2467 movetur
2821 2400 3104 2466 localiter
3128 2419 3145 2480 3
3193 2399 3536 2464 dicendum
3593 2399 3796 2482 quod,

2253 2509 2418 2573 sicut
2441 2509 2739 2574 videmus
2780 2509 2853 2572 in
2888 2508 3097 2591 specie
3128 2511 3435 2590 generata
3478 2525 3519 2571 a
3565 2506 3798 2585 calore,

2253 2616 2437 2699 quod»
2452 2615 2791 2698 dupliciter
2818 2619 3138 2692 movetur,
3169 2620 3231 2678 et
3261 2633 3438 2680 unus
3463 2618 3677 2678 motus
3706 2617 3805 2678 est

2252 2741 2368 2806 per
2408 2724 2821 2789 diffusionem
2860 2722 3259 2806 procedendo
3302 2741 3344 2786 a
3382 2739 3649 2805 corpore
3684 2722 3806 2784 ob-

2250 2834 2417 2915 jecto
2433 2850 2643 2915 usque
2669 2833 2751 2897 ad
2768 2831 3122 2915 speculum,
3144 2829 3311 2894 alius
3338 2832 3555 2893 autem
3590 2831 3808 2892 motus

2256 2939 2607 3004 secundum
2649 2941 2817 3023 quod
2856 2939 3112 3004 videtur
3149 2937 3399 3003 moveri
3436 2938 3506 3000 in
3548 2936 3808 3019 speculo

2257 3048 2338 3112 ad
2361 3050 2611 3112 motum
2638 3046 2920 3132 corporis
2954 3045 3225 3129 objecti3
3259 3049 3321 3109 et
3346 3045 3527 3128 prIus
3551 3062 3687 3107 non
3715 3045 3810 3106 est

2258 3161 2473 3220 motus
2518 3156 2734 3221 localis
2758 3204 2778 3236 ,
2832 3156 2942 3221 sed
2996 3153 3469 3237 generationis3
3527 3152 3808 3217 secundo

2258 3283 2414 3330 vero
2437 3269 2618 3329 motu
2644 3282 2775 3328 non
2802 3268 3099 3331 movetur
3123 3280 3238 3346 per
3259 3280 3350 3341 se,
3380 3262 3493 3326 sed
3510 3281 3624 3344 per
3651 3260 3811 3325 acci-

2259 3372 2416 3436 dens
2468 3395 2485 3437 :
2528 3372 2618 3436 sic
2657 3370 3148 3453 intelligendum
3192 3373 3287 3433 est
3331 3369 3403 3432 in
3446 3369 3806 3452 propositO,

2261 3480 2436 3562 quod
2463 3484 2681 3545 motus
2710 3480 2996 3561 luminis»,
3026 3482 3143 3563 qui
3185 3486 3279 3545 est
3316 3498 3434 3563 per
3474 3496 3809 3561 egressum

2260 3587 2461 3670 ipsius
2483 3606 2522 3651 a
2546 3605 2810 3670 corpore
2838 3587 3072 3667 lucid0,
3104 3606 3238 3652 non
3272 3591 3367 3651 est
3392 3586 3649 3669 proprie
3688 3585 3811 3650 loci

2264 3695 2554 3775 mutatio,
2580 3695 2690 3759 sed
2720 3694 2929 3775 magis
2952 3693 3217 3759 luminis
3239 3693 3568 3774 generatio
3593 3695 3660 3756 et
3684 3692 3813 3756 dif-

2263 3802 2473 3867 fusio:
2502 3806 2567 3867 et
2591 3804 2715 3867 hoc
2741 3806 2914 3886 patet
2939 3821 3021 3867 ex
3054 3821 3155 3879 co,
3186 3802 3362 3885 quod
3399 3802 3474 3864 fit
3502 3801 3715 3865 subito
3744 3801 3814 3864 in

2265 3911 2466 3992 spatio
2495 3914 3069 3994 quantuncumque
3100 3926 3368 3990 magn0.
3419 3907 3628 3972 Motus
3654 3926 3813 3973 vero

2265 4018 2453 4096 alius,
2485 4017 2599 4100 qui
2619 4020 2716 4081 est
2739 4034 2854 4100 per
2877 4017 3257 4081 delationem
3278 4017 3571 4098 ipsorum
3601 4015 3814 4079 radio-

2265 4143 2415 4190 rum
2443 4132 2899 4208 superterram
2922 4142 3070 4188 cum
3097 4124 3236 4207 ipso
3259 4122 3426 4201 Sole,
3454 4124 3575 4187 iste
3598 4127 3693 4187 est
3716 4141 3814 4188 so-

2266 4232 2408 4298 lum
2433 4250 2548 4316 per
2573 4232 2882 4313 accidens,
2914 4232 3079 4296 sicut
3110 4235 3409 4298 movetur
3434 4231 3641 4298 virtus
3674 4229 3815 4313 ipsa

2268 4339 2350 4404 ad
2371 4343 2622 4404 motum
2647 4338 2750 4403 sui
2776 4339 3074 4422 principii
3102 4338 3430 4403 influentis
3456 4386 3475 4418 ,
3507 4341 3571 4402 ct
3595 4342 3816 4401 tamen

2267 4445 2476 4509 virtus
2500 4462 2733 4528 corpus
2762 4462 2896 4508 non
2922 4449 3039 4509 est.
3073 4442 3177 4509 Sic
3204 4442 3693 4526 intelligendum
3720 4446 3817 4506 est

2269 4550 2350 4615 de
2371 4551 2620 4616 lumine
2642 4598 2660 4629 ‚
2685 4551 2857 4634 quod
2900 4570 2968 4615 se
3002 4551 3196 4616 habet
3228 4550 3309 4615 ad
3334 4568 3567 4633 corpus
3615 4550 3818 4614 lumi-

2269 4676 2504 4723 nosum
2526 4676 2642 4742 per
2683 4658 2949 4723 modum
2996 4657 3253 4724 virtutis
3296 4658 3585 4722 influxae.
3632 4656 3814 4723 Unde

2270 4765 2695 4858 Damascenus
2726 4768 2743 4827 l
2785 4784 2803 4830 ε
2861 4789 2893 4828 <1
2920 4766 3196 4831 Dicimus
3223 4814 3241 4845 ‚
3293 4770 3551 4850 propter
3586 4766 3812 4831 lumen

2270 4874 2445 4958 quod
2500 4893 2585 4939 ex
2632 4874 2771 4957 ipso
2799 4875 3121 4958 provenit,
3162 4874 3376 4939 lucere
3426 4873 3683 4955 ignem,
3747 4878 3813 4939 et

2244 4998 2404 5049 -non
2450 4983 2751 5066 ponimus
2807 4982 3221 5047 ministeriale
3260 5000 3582 5064 organum
3634 4982 3810 5065 ignis

2273 5109 2430 5170 esse,
2456 5090 2630 5173 quod
2648 5108 2729 5155 ex
2750 5090 2889 5173 ipso
2920 5096 3037 5172 est,
3061 5090 3311 5173 lumen,
3330 5090 3637 5159 virtutem
3652 5110 3811 5159 vero

2273 5198 2483 5280 magis
2508 5198 2888 5264 naturalem.
2913 5221 2947 5261 n

2338 5339 2358 5375 ¹
2377 5340 2631 5401 Damaso„
2658 5338 2719 5389 de
2744 5339 2870 5390 Fide
2893 5338 3111 5405 orthod„
3140 5338 3231 5392 lib.
3256 5340 3299 5391 ΙΙ
3321 5374 3336 5403 ,
3362 5354 3410 5390 c.
3430 5351 3505 5391 vn
3534 5344 3589 5391 et
3612 5352 3686 5392 11.

2340 5434 2408 5499 (a)
2427 5431 2515 5486 Al.
2538 5433 2897 5501 improbabile.
