4125 6225
1036 469 1236 539 DIST.
1279 468 1439 539 xlv,
1480 467 1712 537 PART.
1756 468 1837 536 11.
1880 468 2064 536 ΛΒΤ.
2111 468 2162 535 1.
2205 468 2509 549 QUAEST.
2554 469 2665 536 111.

257 607 651 689 inferiorem,
679 610 744 672 et
769 606 861 671 sic
888 610 985 670 est
1009 624 1271 671 aereum
1302 625 1320 671 z
1352 605 1510 670 etin
1534 605 1656 670 hac
1674 605 1795 670 dis-

247 717 551 781 tinctione
596 713 1226 798 comprehenduntur
1270 712 1491 777 omnia
1531 730 1798 795 corpora

250 823 502 900 mundi,
520 826 755 906 praeter
777 825 1018 885 terram
1043 825 1106 885 et
1128 838 1387 903 aquam.
1408 818 1604 885 Terra
1621 819 1797 883 enim

249 949 383 995 non
413 934 618 1014 potest
644 928 1098 1013 comprehendi
1125 927 1387 992 nomine
1428 927 1599 1006 coeli,
1647 926 1798 1009 quia

251 1044 422 1103 caret
446 1043 578 1101 tam
607 1036 1075 1121 perspicuitate,
1108 1054 1305 1118 quam
1335 1033 1660 1099 ambiendi
1689 1051 1799 1097 ca-

249 1146 542 1229 pacitate.
594 1146 782 1226 Aqua
824 1144 1017 1207 etiam
1058 1143 1350 1207 similiter
1389 1146 1597 1219 caret,
1646 1139 1800 1223 quia

251 1259 550 1343 quamvis
575 1258 808 1322 habeat
837 1256 1353 1340 perspicuitatem
1370 1305 1388 1336 ,
1419 1274 1553 1320 non
1579 1258 1800 1318 tamen

254 1365 456 1430 ambit
493 1364 783 1446 undique
833 1384 849 1427 z
892 1366 956 1427 et
1000 1363 1089 1426 sic
1128 1380 1212 1427 ex
1261 1363 1381 1426 ista
1421 1361 1800 1426 sufficientia

255 1472 566 1538 coelorum
592 1471 666 1534 in
692 1488 823 1553 qua
848 1468 1202 1533 ostenditur
1228 1468 1547 1550 sapientia
1576 1466 1801 1532 Condi-

255 1580 412 1645 toris
431 1627 448 1658 ,
498 1583 562 1643 et
600 1577 901 1661 perfectio
948 1574 1382 1641 universitatis
1398 1622 1416 1654 ,
1466 1572 1801 1637 manifeste

260 1687 524 1769 apparet
550 1685 719 1767 quod
745 1686 993 1767 oportet
1010 1699 1246 1765 ponere
1270 1680 1555 1763 aliquem
1578 1679 1801 1743 orbem

262 1796 400 1858 sine
423 1792 846 1857 luminarium
872 1788 1381 1855 multiformitate
1411 1785 1656 1852 moveri
1691 1808 1706 1850 ε
1738 1787 1804 1849 et

256 1899 415 1964 illud
458 1899 710 1982 proprie
737 1898 1080 1964 dicendum
1106 1901 1201 1961 est
1226 1895 1511 1978 primum
1539 1893 1798 1958 mobile.

257 2004 474 2071 Prima
491 2013 709 2071 autem
730 2005 1048 2071 distinctio
1065 2005 1132 2068 et
1155 2002 1535 2067 sufficientia
1549 2002 1806 2083 sumpta

258 2117 356 2177 est
395 2112 750 2176 secundum
789 2109 1337 2176 enumerationem
1377 2107 1643 2186 Rabani,
1688 2106 1805 2189 qui

259 2219 449 2283 coelos
499 2222 800 2282 numerat
844 2215 1201 2282 secundum
1249 2232 1662 2280 communem
1702 2232 1807 2277 ac-

260 2325 618 2408 ceptionem
681 2323 819 2388 coeli
840 2371 857 2402 ,
910 2326 1102 2406 prout
1152 2322 1445 2387 nominat
1502 2325 1806 2385 naturam

259 2431 663 2515 perspicuam
700 2436 763 2496 et
790 2430 1219 2495 contentivam
1252 2447 1271 2492 2
1298 2428 1390 2492 sic
1416 2426 1593 2492 enim
1629 2444 1807 2491 com-

264 2539 606 2622 prehendit
647 2543 947 2602 naturam
992 2537 1307 2601 coelestem
1363 2534 1623 2618 proprie
1665 2532 1808 2597 dic-

263 2652 396 2712 tam
411 2696 428 2725 ,
460 2651 524 2713 et
563 2649 1016 2714 elementarem
1035 2695 1053 2726 ,
1095 2646 1241 2710 licet
1264 2662 1397 2709 non
1424 2660 1707 2708 omnem.
1739 2640 1807 2705 Si

262 2761 482 2821 autem
503 2756 756 2840 proprie
783 2755 1030 2821 dicatur
1057 2757 1289 2817 natura
1316 2751 1606 2830 coelestiS,
1637 2748 1808 2812 scili-

263 2865 363 2927 cet
388 2866 620 2927 natura
649 2860 982 2944 perspicua
1008 2859 1295 2942 undique
1321 2857 1711 2933 contentiva,
1741 2858 1806 2918 et

262 2969 427 3034 nulli
446 2969 784 3046 contraria,
807 2969 895 3032 sic
914 2966 1336 3048 distinguitur
1361 2984 1400 3029 a
1419 2962 1806 3048 quibusdam

219 3116 223 3121 ·
262 3077 654 3163 philosophis
677 3094 790 3162 per
815 3080 958 3141 octo
984 3076 1193 3156 orbeS,
1220 3074 1334 3158 qui
1366 3072 1670 3138 dixerunt
1696 3088 1802 3135 oc-

261 3190 480 3250 tavam
511 3186 834 3269 sphaeram
864 3183 1183 3249 ultimam.
1213 3181 1343 3247 Alii
1363 3184 1583 3245 autem
1600 3227 1620 3259 ,
1657 3194 1808 3243 am-

261 3293 433 3376 plius
464 3291 808 3357 illuminati
847 3291 918 3355 in
956 3289 1077 3354 hac
1103 3288 1400 3368 materia,
1434 3287 1604 3351 ultra
1628 3289 1807 3350 octa-

261 3417 415 3466 vam
442 3399 761 3482 sphaeram
784 3401 1136 3481 posuerunt
1162 3412 1424 3460 nonam.
1448 3392 1644 3457 Tertii
1668 3409 1810 3474 per·

263 3506 422 3571 fecte
445 3506 527 3589 (a)
546 3505 888 3570 illuminati
919 3507 1238 3570 venerunt
1263 3503 1344 3568 ad
1371 3501 1808 3585 perfectiorem

265 3613 519 3678 orbium
547 3612 1038 3688 distinctionem,
1056 3612 1131 3675 ut
1152 3612 1469 3693 ponerent
1493 3607 1808 3672 decimam

269 3719 614 3802 sphaeram,
645 3721 713 3782 in
754 3737 885 3802 qua
925 3720 1020 3782 est
1058 3717 1243 3800 quies
1285 3720 1348 3780 et
1386 3715 1521 3780 vita
1569 3713 1810 3796 sempi-

263 3830 471 3905 terna,
515 3825 809 3889 videlicet
837 3823 1073 3888 coelum
1101 3839 1482 3906 empyreum
1522 3837 1540 3884 ε
1570 3820 1649 3884 de
1678 3837 1808 3903 quo

264 3933 382 3997 etsi
406 3932 812 4014 Augustinus
837 3932 952 3997 vix
977 3934 1091 3996 aut
1115 3947 1454 4012 nunquam
1479 3928 1804 4010 loquatur,

264 4037 434 4105 Beda
456 4044 676 4103 tamen
698 4043 762 4103 et
783 4037 1084 4104 Rabanus
1108 4037 1324 4120 ipsum
1349 4054 1486 4100 esse
1508 4051 1809 4117 expresse

262 4150 602 4212 testantur.
631 4144 880 4210 Horum
906 4149 1125 4210 autem
1151 4160 1499 4208 numerum
1522 4146 1586 4206 et
1619 4142 1807 4205 suffi-

264 4253 564 4319 cientiam
620 4270 974 4336 possumus
1011 4269 1264 4316 sumere
1309 4250 1400 4314 sic
1431 4271 1448 4313 t
1490 4248 1808 4313 dictinctio

265 4360 439 4425 enim
468 4359 776 4425 coelorum
800 4363 914 4424 aut
938 4362 1034 4423 est
1060 4376 1173 4441 per
1195 4356 1627 4423 diversitatem
1657 4373 1811 4438 pro-

263 4468 553 4550 priarum
588 4467 968 4544 formarum,
1016 4470 1133 4530 aut
1178 4483 1294 4549 per
1344 4463 1809 4530 distinctionem

267 4577 568 4637 motuum
591 4577 655 4637 et
670 4572 1089 4636 luminarium
1111 4574 1557 4637 contentorum
1580 4569 1673 4634 :si
1693 4588 1810 4653 per

266 4678 699 4744 diversitatem
760 4681 1111 4744 formarum
1136 4727 1154 4759 ,
1216 4678 1307 4741 sic
1353 4677 1811 4758 distinguimus

266 4789 396 4851 tres
416 4787 607 4851 coelos
635 4792 787 4852 :aut
818 4788 991 4852 enim
1018 4788 1197 4869 viget
1219 4786 1291 4850 in
1317 4803 1393 4850 eo
1419 4789 1651 4850 natura
1672 4804 1812 4869 per-

265 4893 447 4959 fectae
477 4894 959 4974 luminositatis,
993 4898 1057 4959 et
1084 4894 1175 4959 sic
1197 4898 1292 4959 est
1325 4892 1533 4958 habile
1572 4893 1653 4956 ad
1679 4897 1810 4959 sta-

267 5002 410 5066 tum
436 5002 686 5084 gloriae,
718 5007 782 5066 et
806 5001 948 5067 ideo
971 5001 1265 5085 quietum
1296 5022 1312 5065 ε
1352 5000 1445 5064 sic
1465 5002 1562 5064 est
1590 5017 1812 5083 empy-

267 5126 487 5190 reum3
519 5114 633 5174 aut
653 5110 832 5190 viget
857 5109 925 5172 in
953 5126 1029 5172 eo
1059 5112 1289 5172 natura
1310 5107 1605 5190 perfectae
1631 5127 1811 5191 pers-

267 5216 620 5300 picuitatis,
650 5220 713 5281 et
749 5216 1057 5281 effectivae
1096 5214 1480 5296 frigiditatis,
1516 5220 1579 5280 et
1603 5215 1693 5280 sic
1718 5221 1818 5281 est

253 5332 509 5411 ‚coelum
531 5327 969 5412 crystallinum
996 5327 1132 5395 sive
1160 5344 1464 5409 aqueum,
1480 5328 1652 5410 quod
1673 5330 1812 5413 qui-

337 5458 406 5525 (a)
437 5460 561 5509 coet.
583 5453 705 5505 edit.
735 5453 962 5519 perfecti.

599 5561 747 5609 ron.
789 5561 861 5608 11.

3328 475 3449 541 39³

1905 604 2053 670 dem
2097 604 2243 669 facit
2272 605 2354 671 ad
2388 605 2938 700 conservationem
2973 624 3195 673 rerum
3221 626 3447 692 corpo-

1904 712 2163 790 ralium,
2208 717 2272 778 et
2315 713 2456 779 ideo
2498 713 2711 778 habile
2758 718 2853 779 est
2890 714 2971 779 ad
3011 717 3303 794 motum;
3337 720 3452 781 aut

1905 820 2089 903 viget
2123 821 2192 884 in
2233 839 2309 885 eo
2350 826 2581 886 natura
2620 821 3106 905 perspicuitatis,
3154 823 3347 887 simul
3387 828 3452 889 et

1905 928 2378 1009 luminositatiS,
2415 934 2480 995 et
2518 930 2829 996 effectivae
2872 930 3225 1011 caliditatiS,
3255 933 3320 995 et
3359 932 3450 996 sic

1908 1041 2004 1101 est
2029 1037 2262 1101 coelum
2290 1036 2608 1101 sidereum
2628 1085 2646 1116 ,
2677 1038 2847 1120 quod
2876 1038 3139 1121 quidem
3181 1038 3329 1102 facit
3368 1038 3451 1103 ad

1907 1143 2508 1207 transmutationem
2553 1161 2775 1207 rerum
2821 1143 3199 1209 inferiorum
3247 1163 3264 1208 ε
3307 1144 3451 1209 ideo

1910 1259 2004 1318 est
2042 1253 2454 1331 multiforme,
2502 1257 2565 1317 et
2589 1252 2846 1318 mobile.
2879 1252 2949 1318 Si
2972 1272 3127 1319 vero
3160 1255 3275 1319 flat
3318 1255 3452 1319 dis-

1907 1360 2132 1425 tinctio
2173 1361 2484 1425 coelorum
2525 1379 2722 1444 penes
2757 1362 3224 1427 distinctionem
3251 1362 3454 1429 lumi-

1907 1470 2190 1548 narium,
2221 1469 2312 1534 sic
2334 1474 2429 1534 est
2450 1469 2767 1534 distinctio
2799 1470 3055 1534 orbium
3087 1492 3102 1535 :
3137 1474 3253 1535 aut
3278 1472 3455 1535 enim

1910 1576 2085 1640 orbis
2128 1575 2410 1640 continet
2448 1575 2927 1640 multitudinem
2976 1576 3261 1641 siderum
3279 1626 3297 1657 ,
3342 1580 3456 1641 aut

1909 1684 2224 1748 unitatem
2258 1705 2272 1747 :
2314 1683 2368 1746 si
2415 1681 2917 1764 multitudinem,
2955 1683 3050 1747 sic
3090 1687 3185 1749 est
3221 1684 3456 1749 coelum

1910 1790 2268 1868 stellatum;
2305 1789 2358 1852 si
2386 1790 2722 1868 unitatem,
2762 1792 2852 1855 sic
2880 1809 3033 1855 cum
3059 1794 3302 1874 septem
3329 1791 3459 1855 sint

1910 1896 2184 1980 planetae
2212 1897 2571 1961 secundum
2597 1896 2770 1979 quod
2798 1898 3048 1979 regitur
3071 1897 3458 1963 universitas

1882 2005 2278 2086 ‚temporum
2299 2051 2316 2079 ,
2350 2021 2499 2085 quae
2541 2002 2897 2086 septenario
2922 2003 3172 2068 dierum
3215 2003 3461 2069 claudi-

1913 2113 2043 2187 tur,
2067 2114 2308 2193 septem
2333 2113 2482 2173 sunt
2500 2109 2687 2173 orbes
2707 2130 2723 2173 ε
2747 2112 2809 2172 et
2826 2108 2917 2173 sic
2941 2110 3204 2174 tertium
3225 2110 3463 2175 coelum

1913 2234 2033 2281 sua
2084 2215 2591 2281 multiformitate
2649 2215 2932 2280 continet
2986 2220 3127 2281 octo
3180 2217 3464 2299 sphaeras

1914 2323 2051 2389 sive
2086 2324 2276 2388 orbes
2305 2345 2321 2386 :
2352 2326 2417 2386 et
2440 2323 2571 2388 duo
2593 2326 2745 2387 sunt
2771 2321 3203 2405 praecedentes
3236 2346 3251 2389 ε
3284 2331 3349 2389 et
3373 2324 3466 2390 ita

1915 2432 2068 2496 sunt
2093 2429 2337 2507 decem,
2368 2432 2444 2492 ut
2469 2428 2560 2492 sic
2602 2427 2973 2510 perfectioni
3003 2429 3288 2511 partium
3314 2430 3463 2495 uni·

1912 2537 2086 2605 versi
2148 2537 2523 2619 respondeat
2571 2536 2763 2600 etiam
2820 2537 3121 2619 perfectio
3172 2539 3429 2604 numeri
3443 2586 3464 2619 ,

1916 2645 2158 2709 scilicet
2218 2642 2483 2710 denarii.
2540 2642 2639 2707 Ex
2695 2644 3014 2727 praedictis
3054 2644 3255 2727 igitur
3299 2650 3471 2730 patet

1914 2753 2087 2837 quod
2137 2752 2690 2836 qualitercumque
2738 2756 3035 2817 sumatur
3082 2753 3469 2818 sufficientia

1914 2860 2248 2939 coelorum,
2274 2860 2411 2925 sive
2427 2859 2549 2924 sub
2567 2859 2826 2943 propria
2847 2859 3273 2943 appellatione
3295 2860 3462 2941 coeli,

1914 2968 2052 3034 sive
2078 2968 2531 3047 communiter,
2551 2985 2791 3050 ponere
2817 2972 2913 3031 est
2938 2967 3174 3033 coelum
3200 2969 3463 3052 crystal-

1912 3073 2126 3140 linum
2170 3076 2440 3154 moveri,
2488 3075 2662 3160 quod
2692 3074 2956 3158 quidem
2998 3080 3170 3141 caret
3213 3076 3458 3142 stellis:

1916 3185 1983 3247 et
2007 3183 2150 3248 ideo
2177 3182 2252 3246 ad
2294 3182 2719 3264 quaestionem
2759 3182 3150 3266 propositam
3196 3201 3459 3268 respon·

1915 3289 2199 3355 dendum
2213 3338 2231 3368 ,
2265 3290 2440 3372 quod
2474 3290 2717 3373 absque
2756 3290 2952 3356 stellis
2989 3296 3195 3375 potest
3232 3293 3462 3377 aliquis

1915 3398 2089 3462 orbis
2114 3399 2385 3477 moveri,
2411 3398 2646 3463 scilicet
2670 3399 2904 3464 coelum
2938 3420 3220 3484 aqueum
3239 3450 3257 3480 ,
3288 3402 3462 3486 quod

1915 3509 2011 3568 est
2033 3504 2318 3587 primum
2341 3505 2598 3585 mobile,
2621 3511 2685 3570 et
2706 3507 2879 3590 quod
2907 3508 3309 3574 uniformiter
3326 3527 3460 3575 mo-

1913 3614 2105 3677 vetur
2144 3613 2226 3675 ab
2266 3612 2511 3677 oriente
2556 3612 2625 3676 in
2660 3614 2972 3678 orientem
3019 3635 3135 3698 per
3170 3605 3458 3682 occiden-

1914 3722 2070 3796 tem,
2100 3724 2166 3783 et
2190 3719 2364 3784 illius
2387 3720 2625 3785 virtute
2651 3722 2929 3787 trahitur
2952 3724 3457 3805 firmamentum,

1913 3831 1979 3890 et
2000 3844 2224 3892 omnes
2249 3828 2437 3892 orbes
2462 3828 2791 3894 inferiores
2819 3852 2835 3894 ε
2868 3834 2945 3896 ut
2970 3849 3105 3897 uno
3131 3832 3232 3897 die
3268 3838 3460 3898 natu-

1913 3934 2055 4013 rali,
2078 3935 2313 4000 scilicet
2336 3935 2538 4019 spatio
2561 3936 2797 4018 viginti
2822 3940 3101 4020 quatuor
3123 3938 3455 4019 horarum,

1913 4041 1996 4105 ab
2024 4041 2270 4106 oriente
2296 4042 2368 4105 in
2398 4041 2710 4107 orientem
2738 4044 3132 4123 revolvatur,
3162 4048 3460 4130 quamvis

1912 4154 2132 4214 nostro
2158 4150 2374 4214 sensui
2402 4167 2535 4214 non
2560 4155 2862 4234 appareat
2888 4156 2994 4217 :et
3019 4154 3315 4237 quamvis
3340 4155 3457 4220 ali-

1914 4256 2028 4339 qui
2072 4255 2438 4340 philosophi
2481 4258 2602 4322 hoc
2637 4259 2976 4340 senserint,
3016 4261 3191 4344 quod
3234 4262 3456 4327 firma-

1913 4366 2206 4427 mentum
2249 4364 2331 4428 sit
2365 4364 2651 4447 primum
2695 4366 2970 4445 mobile;
3002 4368 3202 4450 aliqui
3239 4373 3459 4434 tamen

1914 4467 2277 4552 philosophi
2315 4470 2871 4553 deprehenderunt
2899 4474 3072 4558 quod
3099 4474 3314 4558 ipsum
3343 4476 3459 4540 fir-

1916 4580 2316 4639 mamentum
2343 4580 2641 4641 movetur
2666 4584 2849 4643 motu
2867 4580 3150 4663 proprio,
3180 4581 3271 4646 ita
3283 4583 3457 4666 quod

1914 4682 1985 4746 in
2018 4687 2280 4746 centum
2325 4683 2515 4747 annis
2540 4685 2820 4766 procedit
2858 4704 2994 4750 uno
3034 4689 3264 4769 gradu.
3305 4690 3456 4756 Sive

1914 4794 2136 4855 autem
2160 4789 2284 4854 hoc
2322 4790 2404 4855 sit
2430 4808 2660 4855 verum
2674 4839 2693 4872 ,
2723 4792 2858 4857 sive
2885 4793 3115 4858 falsum
3130 4843 3149 4875 ,
3195 4795 3321 4861 hoc
3353 4802 3456 4862 te-

1914 4898 2203 4962 nendum
2263 4901 2380 4978 est,
2447 4898 2620 4981 quod
2678 4902 3104 4967 communiter
3169 4905 3457 4970 doctores

1914 5002 2256 5088 theologiae
2292 5010 2574 5087 ponunt,
2611 5006 2783 5088 quod
2817 5012 2913 5071 est
2936 5009 3169 5073 coelum
3199 5012 3456 5094 aliquod

1915 5112 2151 5178 mobile
2196 5112 2366 5177 ultra
2404 5112 2911 5193 firmamentum,
2950 5134 3172 5180 carens
3215 5120 3450 5200 stellis;

1915 5225 1982 5286 et
2003 5220 2423 5287 concedendae
2464 5224 2617 5285 sunt
2641 5221 2920 5288 rationes
2955 5225 3076 5290 hoc
3103 5228 3454 5296 ostenden-

1913 5333 2031 5396 tes.

2002 5443 2032 5500 1
2062 5440 2127 5501 et
2151 5440 2211 5500 2.
2243 5436 2340 5501 Ad
2367 5437 2525 5503 illud
2543 5454 2696 5503 vero
2715 5441 2888 5521 quod
2904 5443 3204 5523 objicitur
3218 5447 3288 5511 in
3305 5467 3459 5517 con-

3141 5558 3221 5622 38
