4125 6225
60 1828 117 1875 Ad
146 1843 246 1889 opp.

42 5167 243 5217 Fundam.

1319 392 1513 469 msT.
1554 394 1631 461 Χ.
1675 393 1856 459 ART.
1902 393 1981 457 11.
2022 392 2324 471 QUAEST.
2367 392 2417 458 Ι.

740 631 1224 704 ARTICULUS
1267 636 1354 705 Π.

361 844 831 930 Consequenter
868 849 1184 932 quaeritur
1223 851 1302 916 de
1338 853 1616 919 secundo
1664 855 1824 918 arti-

281 952 448 1031 culo,
477 953 715 1019 scilicet
735 956 811 1020 ad
830 958 985 1039 quid
1008 959 1352 1026 mittuntur
1375 982 1394 1027 ε
1416 967 1479 1027 et
1503 967 1597 1027 est
1617 964 1824 1046 prima

280 1059 551 1141 quaestio
568 1109 584 1137 ,
614 1066 841 1127 utrum
878 1065 1216 1130 mittantur
1242 1068 1323 1133 ad
1348 1069 1822 1134 accendendum

282 1177 622 1259 affectum3
653 1183 962 1261 secunda,
992 1188 1218 1249 utrum
1262 1188 1600 1254 mittantur
1625 1190 1707 1255 ad
1740 1190 1823 1255 il-

281 1283 736 1353 luminandum
768 1290 1183 1356 intellectum.

827 1505 1188 1585 QUAESTIO
1230 1508 1280 1573 l.

280 1668 376 1738 An
400 1668 588 1738 anqeli
604 1669 904 1725 mittantur
924 1668 1000 1725 ad
1019 1670 1467 1740 inflammandum
1491 1674 1740 1745 affectum
1761 1677 1804 1733 ¹.

358 1820 539 1900 Quod
575 1823 915 1888 mittantur
940 1823 1022 1887 ad
1050 1823 1590 1892 inflammandum
1630 1829 1824 1895 affec-

276 1933 419 1997 tum
455 1933 749 1995 nostrum
773 1977 791 2007 ,
824 1930 1102 1996 videtur.
1132 1930 1423 2013 Angelus
1450 1934 1562 2017 qui
1588 1935 1822 2002 missus

274 2039 368 2101 est
395 2035 476 2101 ad
506 2035 767 2117 isaiam,
805 2037 969 2102 sicut
998 2037 1147 2102 dicit
1172 2038 1550 2129 Dionysius,
1589 2043 1821 2110 dicitur

274 2163 409 2211 esse
435 2164 610 2210 unus
645 2147 725 2211 de
756 2145 1126 2229 Seraphim,
1160 2148 1316 2230 quia
1357 2150 1590 2214 missus
1613 2151 1693 2215 ad
1718 2152 1822 2215 in-

272 2253 673 2317 cendendum
701 2256 766 2317 et
798 2252 1335 2319 inflammandum
1366 2272 1383 2319 t
1414 2256 1524 2321 sed
1564 2257 1823 2323 inflam-

273 2360 472 2425 matio
498 2361 750 2443 respicit
775 2361 1074 2425 affectum
1102 2385 1118 2427 2
1156 2376 1315 2444 ergo
1330 2411 1348 2442 ,
1379 2367 1497 2427 etc.

354 2472 416 2531 2.
467 2467 625 2532 Item
673 2470 852 2532 actus
893 2467 1397 2533 hierarchiarum
1416 2519 1434 2547 ,
1475 2470 1639 2536 sicut
1679 2473 1823 2538 vult

272 2575 641 2659 DionysiuS,
670 2576 751 2643 de
777 2576 1083 2659 Anqelica
1105 2577 1493 2644 Hierarchz'a
1511 2585 1557 2657 ²,
1578 2583 1729 2644 sunt
1744 2580 1823 2644 il-

271 2683 622 2763 luminare,
653 2702 933 2766 purgare
951 2732 970 2764 ,
1012 2684 1314 2767 perficere
1346 2702 1363 2747 :
1394 2701 1552 2765 ergo
1579 2685 1633 2748 si
1662 2703 1822 2768 pur-

271 2790 449 2872 gatio
477 2790 733 2873 respicit
760 2791 1183 2855 remotionem
1219 2790 1505 2855 sordium
1526 2838 1544 2868 ,
1584 2796 1649 2856 et
1681 2810 1820 2856 sor-

275 2896 518 2962 didatio
559 2895 814 2979 respicit
853 2897 1154 2962 affectum
1194 2901 1508 2980 quantum
1547 2899 1630 2964 ad
1665 2884 1819 2964 con-

271 3003 681 3087 cupiscentiae
698 3003 955 3081 vitium,
977 3004 1231 3069 videtur
1248 3022 1284 3068 c
1303 3005 1619 3071 contrario
1645 3008 1821 3090 quod

271 3110 545 3194 angelus
598 3110 889 3175 mittatur
928 3109 1009 3174 ad
1054 3110 1590 3178 inflammandum
1628 3114 1823 3179 affec-

270 3220 413 3282 tum
439 3235 555 3300 per
575 3234 863 3282 amorem
888 3221 1185 3282 sanctum
1213 3221 1278 3282 et
1299 3220 1641 3285 mundum.

353 3330 414 3389 3.
446 3325 606 3389 Item
632 3324 756 3390 hoc
783 3324 1045 3392 videtur
1080 3325 1326 3390 ratione
1366 3344 1381 3386 ε
1415 3324 1695 3407 Bonum,
1727 3345 1822 3393 se·

272 3435 560 3500 cundum
590 3434 762 3516 quod
794 3434 1074 3514 bonum,
1109 3439 1206 3500 est
1240 3434 1620 3500 diffusivum
1658 3437 1761 3500 sui
1799 3459 1816 3502 ε

270 3544 383 3609 sed
418 3541 689 3624 angelus
711 3542 934 3606 beatus
958 3547 1053 3607 est
1078 3544 1351 3626 perfecte
1386 3544 1589 3607 bonus
1621 3561 1822 3627 :ergo

271 3655 479 3736 potest
512 3651 860 3715 bonitatem
905 3669 1087 3715 suam
1126 3650 1508 3715 diffundere.
1539 3650 1662 3716 Sed
1703 3653 1822 3716 bo-

270 3777 465 3836 num,
514 3761 587 3821 ut
635 3757 913 3837 honum,
966 3758 1224 3840 respicit
1268 3760 1571 3824 affectum
1614 3778 1631 3820 ι
1661 3778 1821 3843 ergo

270 3866 528 3931 videtur
566 3863 737 3946 quod
757 3913 776 3944 ,
821 3882 972 3928 cum
1013 3864 1280 3929 affectus
1325 3870 1543 3931 noster
1589 3886 1819 3932 secun-

272 3975 430 4040 dum
463 3974 934 4057 susceptionem
982 3975 1287 4040 bonitatis
1331 3977 1563 4043 haheat
1601 3980 1821 4061 perfici

273 4085 336 4146 et
361 4080 781 4160 inflammari,
812 4081 986 4164 quod
1024 4081 1103 4146 ad
1133 4081 1255 4147 hoc
1285 4083 1482 4165 possit
1504 4085 1570 4147 et
1595 4084 1821 4151 debeat

269 4187 543 4277 angelus
571 4188 778 4267 mitti,
808 4192 885 4253 ut
908 4192 1204 4253 nostrum
1237 4190 1540 4260 affectum
1571 4191 1819 4258 inflam-

272 4299 408 4361 met
431 4300 497 4361 et
523 4296 833 4378 perficiat.

350 4407 415 4468 4.
442 4401 601 4466 Item
628 4420 748 4466 nos
770 4400 1068 4465 videmus
1091 4401 1164 4464 in
1190 4402 1616 4484 naturalibus„
1646 4408 1820 4488 quod

269 4509 430 4575 illud
453 4508 624 4592 quod
664 4512 760 4573 est
785 4508 1261 4572 inflammatum
1278 4556 1297 4588 ,
1328 4508 1484 4573 dum
1512 4510 1694 4575 alteri
1723 4513 1820 4577 rei

270 4617 716 4683 inflammabili
754 4616 1272 4701 approximatur,
1314 4616 1520 4700 ipsam
1559 4619 1822 4685 inflam-

272 4728 409 4787 mat
439 4747 454 4787 z
489 4742 647 4807 ergo
672 4724 729 4788 si
755 4723 1017 4788 affectus
1050 4724 1380 4806 angelicus
1422 4730 1518 4790 est
1542 4726 1695 4808 igne
1722 4727 1819 4792 di-

270 4833 409 4895 vini
438 4833 677 4896 amoris
722 4832 1160 4897 inflammatus
1217 4837 1283 4898 et
1309 4833 1589 4916 repletus
1613 4881 1631 4911 ,
1661 4840 1726 4899 et
1749 4836 1817 4900 in

270 4957 390 5004 sua
421 4938 719 5003 missione
745 4939 1373 5022 nobisapproximat
1393 4988 1411 5021 ,
1438 4958 1596 5023 ergo
1621 4943 1819 5007 affec-

271 5048 377 5110 tus
403 5050 652 5110 nostros
680 5046 1060 5111 inflammat.

350 5152 452 5216 Ad
505 5153 871 5235 oppositum
926 5154 1227 5236 arguitur
1274 5154 1388 5219 ita.
1446 5154 1818 5221 Secundum

271 5257 572 5324 affectum
590 5262 883 5324 nostrum
909 5260 1232 5344 potissime
1257 5262 1540 5327 consistit
1561 5263 1819 5329 libertas

339 5383 358 5417 ¹
375 5383 458 5448 Cf.
491 5382 671 5447 steph.
699 5383 911 5450 Brulet„
935 5386 954 5436 1
982 5384 1141 5448 Seni„
1157 5386 1275 5440 dist.
1296 5399 1349 5452 x,
1365 5402 1418 5455 q.
1439 5398 1583 5440 111.—
1600 5390 1623 5425 ¹
1641 5389 1817 5454 Dion„

3351 392 3465 455 ⁴91

1927 528 2173 594 arbitrii
2246 545 2265 591 t
2319 527 2430 593 sed
2457 527 2620 592 nihil
2660 526 2792 592 nisi
2835 526 3008 592 solus
3049 525 3215 591 Deus
3268 528 3475 609 potest

1929 655 2124 721 super
2158 636 2442 702 liberum
2478 635 2821 701 arbitrium
2839 683 2856 711 ,
2899 652 3050 699 cum
3082 634 3164 698 sit
3189 634 3310 698 sub
3344 633 3472 699 Deo

1927 744 2440 826 potentissimum
2473 766 2488 808 ε
2520 761 2679 826 ergo
2705 741 2888 806 nulla
2906 743 3198 806 creatura
3212 789 3231 820 ,
3262 758 3474 824 quan—

1928 856 2350 935 tumcumque
2385 851 2615 915 nobilis
2659 854 2723 914 et
2748 850 3022 933 perfecta
3038 897 3056 928 ,
3115 853 3319 931 potoet
3370 848 3471 912 in-

1927 959 2260 1024 flammare
2283 961 2384 1024 vel
2410 960 2716 1042 perficere
2741 958 3043 1022 affectum
3072 961 3388 1020 nostrum.

2009 1064 2168 1130 Item
2184 1067 2538 1131 secundum
2557 1065 2858 1130 affectum
2877 1071 3170 1128 nostrum
3192 1062 3472 1127 maxime

1928 1173 2210 1237 consistit
2250 1173 2496 1257 justitia
2541 1178 2605 1237 et
2653 1173 2922 1255 aequitas
2954 1170 3247 1253 :justitia
3294 1170 3472 1234 enim
3522 1223 3531 1233 .

1926 1284 2021 1345 est
2051 1262 2360 1346 rectitudo
2402 1279 2752 1345 voluntatis
2790 1283 3046 1362 propter
3076 1295 3144 1342 se
3176 1281 3428 1341 servata
3448 1324 3467 1356 ,

1926 1391 2002 1453 ut
2031 1387 2188 1452 dicit
2212 1386 2553 1452 Anselmus
2580 1392 2603 1427 ⁸
2635 1405 2652 1450 t
2679 1386 2788 1450 sed
2819 1385 3019 1449 solius
3041 1401 3317 1449 summae
3336 1385 3473 1465 jus-

1925 1494 2088 1560 titiae
2130 1498 2227 1560 est
2278 1496 2673 1559 voluntatem
2724 1499 3010 1559 nostram
3053 1493 3401 1557 rectificare
3448 1515 3465 1557 z

1926 1617 2086 1684 ergo
2131 1601 2333 1685 ipsius
2358 1601 2556 1666 solius
2581 1604 2677 1666 est
2707 1600 3007 1665 affectum
3043 1599 3467 1664 inflammare.

2007 1710 2167 1776 Item
2218 1713 2572 1791 secundum
2611 1714 2850 1776 rectam
2896 1710 3469 1775 inflammationem

1925 1818 2190 1884 affectus
2225 1820 2506 1884 consistit
2545 1820 2818 1885 charitas
2850 1837 2868 1882 τ
2896 1836 3055 1900 ergo
3098 1819 3152 1881 si
3197 1818 3472 1883 charitas

1925 1927 2032 1992 vel
2078 1930 2172 1991 est
2216 1925 2494 2010 Spiritus
2537 1930 2792 1991 sanctus
2814 1973 2831 2003 ‚
2878 1926 2984 1991 vel
3023 1925 3390 1991 immediate
3430 1943 3471 1989 a

1926 2034 2169 2119 Spiritu
2194 2041 2411 2101 sancto
2434 2084 2452 2114 ,
2489 2034 2910 2100 inflammatio
2936 2034 3202 2098 affectus
3226 2032 3425 2098 nostri
3448 2080 3467 2112 ,

1926 2149 2002 2208 ut
2029 2145 2288 2209 videtur
2303 2193 2321 2224 ,
2343 2145 2427 2209 ab
2449 2143 2666 2227 aliquo
2696 2143 2820 2208 alio
2842 2160 2975 2206 non
2996 2145 3201 2224 potest
3227 2160 3383 2207 esse.

2009 2252 2200 2332 Item,
2231 2252 2585 2317 secundum
2616 2252 2918 2316 affectum
2943 2255 3235 2315 nostrum
3266 2252 3471 2315 maxi-

1924 2377 2030 2423 me
2075 2361 2359 2425 consistit
2398 2361 2634 2425 animae
2675 2364 2909 2424 nostrae
2941 2358 3328 2425 deiformitas
3361 2380 3377 2423 ε
3411 2357 3467 2422 si

1924 2484 2084 2549 ergo
2127 2469 2327 2533 solius
2367 2467 2478 2533 Dei
2521 2469 2898 2533 deiformem
2943 2468 3222 2544 efficere,
3270 2467 3470 2531 solius

1923 2573 2033 2640 Dei
2057 2579 2152 2640 est
2177 2576 2479 2640 affectum
2506 2578 2799 2639 nostrum
2829 2573 3232 2638 inflammare
3260 2594 3277 2637 t
3306 2592 3467 2656 ergo

1924 2680 2083 2746 illud
2108 2699 2242 2746 non
2264 2686 2503 2766 spectat
2531 2682 2611 2746 ad
2642 2680 3071 2746 ministerium
3094 2680 3333 2761 angeli.

2468 2940 2917 3009 CONCLUSIO.

1925 3096 2132 3168 Anqeli
2177 3096 2304 3154 boni
2350 3100 2645 3156 mitmntur
2684 3096 2759 3154 ad
2797 3097 3049 3169 affectum
3085 3100 3334 3154 nostrum
3373 3098 3465 3154 in-

1993 3191 2380 3263 flammandum
2394 3232 2410 3260 ,
2440 3207 2546 3248 non
2575 3197 2837 3264 tanquam
2877 3206 3048 3248 causoe
3087 3195 3300 3265 ayentes
3311 3232 3333 3262 ‚
3376 3191 3470 3249 sed

1999 3285 2214 3338 tantum
2235 3284 2530 3339 excitantes
2557 3286 2718 3354 atque
2742 3281 3081 3354 adjuvantes.

2003 3441 2193 3525 Resp.
2218 3443 2301 3508 ad
2318 3443 2476 3525 Arg.
2504 3442 2599 3506 Ad
2620 3442 3074 3525 praedictorum
3100 3442 3294 3507 intelli
3301 3460 3487 3524 gen--

1922 3552 2111 3632 tiam,
2137 3558 2230 3617 est
2249 3553 2638 3632 notandum,
2663 3552 2834 3635 quod
2851 3552 3149 3616 affectum
3173 3557 3466 3617 nostrum

1925 3659 2313 3723 inflammari
2338 3660 2420 3723 ab
2443 3659 2657 3741 aliquo
2679 3659 3012 3741 dupliciter
3040 3662 3242 3741 potest
3269 3659 3464 3724 intel-

1922 3767 2041 3849 ligi
2069 3789 2086 3831 :
2109 3771 2222 3832 aut
2239 3767 2327 3830 ita
2343 3767 2512 3849 quod
2526 3767 2963 3830 inflammetur
2973 3767 3052 3831 ah
3071 3766 3284 3849 aliquo
3302 3767 3466 3832 sicut

1925 3893 1964 3938 a
1988 3875 2318 3958 principali
2339 3878 2571 3957 agente
2600 3878 2664 3938 et
2683 3873 3031 3953 efficiente3
3056 3879 3171 3938 aut
3194 3875 3359 3940 sicut
3383 3876 3465 3939 ab

1924 3983 2239 4047 excitante
2267 3987 2332 4046 et
2368 3982 2735 4065 adjuvante.
2766 3980 2847 4044 Et
2871 3981 3225 4045 secundum
3265 3981 3463 4047 istum

1922 4090 2245 4174 duplicem
2272 4090 2537 4155 modum
2574 4088 2970 4170 intelligendi
2996 4088 3331 4172 dupliciter
3358 4089 3462 4153 in·-

1921 4198 2306 4264 tellexerunt
2338 4197 2535 4281 aliqui
2562 4197 2862 4262 affectum
2889 4201 3182 4261 nostrum
3219 4197 3301 4261 ab
3346 4216 3465 4261 an-

1923 4305 2087 4388 gelis
2104 4305 2490 4370 inflammari
2514 4309 2578 4369 et
2599 4304 2816 4387 perfici
2836 4323 2853 4383 3
2876 4303 2986 4368 sed
3007 4303 3253 4386 primus
3270 4304 3465 4369 intel-

1922 4413 2124 4477 lectus
2168 4418 2264 4479 est
2308 4412 2646 4478 haereticus
2662 4460 2681 4492 ,
2727 4412 3043 4477 secundus
3093 4412 3461 4477 catholicus

1925 4517 2217 4583 Primum
2245 4538 2402 4584 vero
2441 4518 2836 4584 intellectum
2863 4519 3229 4585 habuerunt
3264 4519 3468 4602 aliqui
3549 4559 3706 4615 opinio

1923 4625 2472 4710 philosophorum.
2491 4623 2852 4691 Posuerunt
2866 4626 3040 4690 enim
3059 4626 3229 4710 quod
3249 4627 3467 4691 anima
3494 4622 3644 4667 ”mt-

1924 4740 2088 4798 esset
2122 4734 2623 4799 instrumentum
2667 4733 3146 4817 intelligentiae,
3190 4739 3254 4800 et
3292 4735 3462 4818 quod

1924 4839 2345 4922 intelligentia
2368 4840 2663 4904 influeret
2708 4859 2901 4924 super
2935 4841 3222 4905 animam
3240 4889 3257 4920 ,
3302 4842 3468 4905 sicut

1922 4944 2136 5010 influit
2179 4964 2378 5029 agens
2427 4965 2621 5029 super
2673 4947 3173 5033 instrumentum
3223 4971 3242 5013 ι
3298 4948 3466 5014 unde

1924 5052 2227 5118 dixerunt
2265 5053 2437 5135 quod
2474 5054 2693 5118 anima
2732 5053 3046 5137 triplicem
3080 5055 3270 5121 habet
3305 5075 3467 5140 ope-

1922 5161 2240 5225 rationem
2272 5183 2287 5226 :
2318 5160 2690 5242 animalem,
2723 5161 3218 5229 intellectualem
3233 5213 3252 5246 ,
3283 5170 3348 5230 et
3373 5164 3465 5230 di·

1921 5318 2010 5370 lib.
2041 5320 2148 5385 cit„
2192 5335 2239 5372 c.
2268 5333 2328 5375 111
2355 5321 2411 5372 in
2441 5323 2580 5373 med.
2601 5349 2664 5361 —
2695 5321 2717 5357 ⁸
2757 5324 3008 5390 Anselm„
3040 5324 3101 5376 de
3131 5325 3239 5378 Lib.
3264 5326 3461 5394 Arhia,

1920 5405 1968 5444 c.
1991 5403 2064 5443 ιι.
