4125 6225
1657 287 2035 360 msTlNc'r.
2080 288 2246 359 xm.

445 427 631 520 Resp.
661 427 1010 500 Dicendum
1038 427 1213 517 quod
1238 446 1389 496 cum
1409 428 1726 515 quaeritur
1744 427 1902 509 quid

361 542 440 609 de
465 542 578 607 illa
594 541 738 607 luce
763 541 1002 605 factum
1019 539 1124 616 sit,
1142 540 1418 622 quatuor
1441 535 1647 601 modis
1677 533 1758 598 ad
1777 533 1899 598 hoc

360 648 694 715 consuevit
726 646 1091 730 responderi
1111 692 1129 723 ,
1171 661 1451 727 quorum
1486 643 1649 708 duos
1691 640 1902 722 tangit

359 755 662 838 Magister
686 755 758 820 in
793 754 1023 818 littera.
1063 750 1319 818 Primus
1359 753 1491 826 est,
1520 750 1674 832 quia
1698 747 1901 811 lumi-

357 863 624 927 naribus
648 862 789 927 coeli
816 860 994 925 factis
1007 907 1025 938 ,
1048 859 1166 924 lux
1191 859 1303 923 illa
1328 857 1514 922 rediit
1553 857 1633 921 ad
1666 857 1821 939 praej
1829 874 1901 918 a-

356 973 602 1033 centem
627 967 985 1041 materiam,
1009 966 1161 1049 quia
1177 983 1311 1030 non
1328 967 1466 1028 erat
1484 964 1649 1026 facta
1674 960 1797 1025 nisi
1821 959 1901 1024 ad

354 1075 707 1142 taciendam
741 1074 1087 1158 quamdam
1130 1072 1600 1139 distinctionem
1643 1068 1899 1133 dierum

355 1184 794 1268 semiplenam,
817 1203 950 1267 qua
962 1182 1256 1267 perfecta,
1268 1180 1415 1246 inde
1428 1181 1508 1263 (α)
1525 1178 1714 1243 rediit
1728 1176 1900 1242 unde

355 1296 611 1375 sumpta
630 1295 744 1357 est.
775 1290 899 1356 Sed
923 1291 1064 1355 haec
1087 1289 1315 1372 positio
1337 1291 1432 1352 est
1456 1291 1676 1352 contra
1708 1285 1900 1349 ratio-

354 1417 526 1480 nem,
555 1403 620 1463 et
642 1403 865 1464 contra
890 1397 1192 1474 litteram,
1220 1395 1393 1478 quod
1413 1395 1579 1459 Deus
1607 1394 1891 1458 destrue-

354 1511 453 1572 ret
476 1524 672 1589 opera
700 1525 815 1572 sex
853 1506 1104 1571 dierum
1137 1502 1511 1587 principalia
1530 1550 1548 1579 ,
1578 1499 1683 1566 vel
1723 1498 1899 1584 quod

352 1613 589 1678 sineret
621 1613 850 1696 perire.
887 1610 1217 1678 Secundus
1242 1610 1471 1674 modus
1503 1608 1751 1674 dicendi
1778 1611 1895 1687 est,

352 1721 525 1804 quod
551 1721 659 1786 illa
682 1720 801 1786 lux
821 1719 1190 1804 simpliciter
1213 1722 1429 1782 manet
1449 1717 1518 1780 in
1545 1717 1753 1780 forma
1777 1732 1896 1778 sua

352 1845 487 1893 non
537 1832 784 1893 mutata
801 1875 821 1907 ‚
867 1846 985 1893 nec
1027 1826 1407 1891 discernitur
1449 1827 1766 1908 quantum
1818 1820 1900 1885 ad

356 1954 616 2002 sensum
658 1938 917 2020 propter
955 1936 1097 2017 conj
1105 1932 1473 1999 unctionem
1516 1931 1621 1995 sui
1662 1929 1741 1994 ad
1773 1928 1890 1995 So-

354 2043 480 2109 lem
500 2064 517 2124 ;
545 2062 666 2109 nec
686 2047 905 2109 tamen
930 2046 1025 2107 est
1043 2043 1303 2122 trustra,
1335 2040 1492 2124 quia
1513 2035 1715 2122 ipsius
1739 2036 1901 2103 Solis

355 2154 553 2233 auget
591 2151 912 2215 effectum.
962 2149 1086 2215 Sed
1122 2148 1277 2233 quia
1314 2146 1565 2212 difficile
1604 2148 1699 2210 est
1741 2144 1901 2209 assi-

356 2277 559 2341 gnare
581 2277 779 2342 quem
803 2258 1106 2323 effectum
1124 2257 1354 2322 habeat
1368 2272 1517 2319 cum
1545 2251 1689 2318 Sole
1712 2274 1729 2332 ;
1754 2252 1895 2318 ideo

354 2369 449 2430 est
474 2365 698 2429 tertius
732 2363 961 2429 modus
984 2362 1232 2428 dicendi
1248 2411 1267 2441 ‚
1293 2360 1466 2444 quod
1488 2379 1574 2425 ex
1600 2360 1740 2443 ipsa
1762 2360 1901 2424 fac-

354 2474 458 2536 tus
484 2471 565 2535 sit
590 2471 718 2548 Sol,
744 2472 901 2536 etin
938 2489 1015 2535 ea
1051 2469 1337 2536 salvatur
1371 2474 1681 2551 tanquam
1717 2468 1785 2532 in
1827 2485 1899 2531 re

354 2579 639 2661 ejusdem
667 2579 947 2662 generis·
980 2574 1104 2643 Sed
1130 2576 1442 2661 quoniam
1476 2594 1610 2639 non
1648 2575 1902 2640 videtur

354 2683 687 2768 Scriptura
726 2685 1086 2769 exprimere
1100 2732 1120 2765 ‚
1149 2683 1324 2767 quod
1360 2681 1529 2747 Deus
1570 2686 1712 2765 post
1755 2682 1895 2766 pri-

355 2808 539 2857 mum
592 2793 761 2858 diem
809 2791 1183 2875 produxerit
1223 2808 1460 2856 novam
1496 2790 1710 2854 lucem
1741 2836 1759 2866 ,
1789 2789 1902 2854 sed

356 2899 758 2964 solummodo
804 2897 1153 2963 luminaria
1212 2897 1500 2962 distinxit
1528 2919 1545 2976 ;
1602 2896 1742 2961 ideo
1806 2900 1901 2961 est

357 3010 586 3088 quarta
624 3005 872 3089 opinio,
903 3004 1078 3088 quod
1123 3022 1207 3069 ex
1238 3004 1348 3068 illa
1376 3003 1521 3068 luce
1559 3003 1723 3066 facta
1750 3004 1902 3065 sunt

358 3131 624 3197 corpora
667 3112 989 3179 luminosa
1007 3161 1027 3193 ,
1069 3112 1238 3177 inter
1278 3130 1426 3196 quae
1462 3110 1894 3196 principatum

356 3222 529 3284 tenet
557 3219 665 3284 Sol
694 3242 710 3283 :
741 3237 860 3284 nec
884 3220 1005 3284 t'uit
1031 3219 1120 3282 ibi
1158 3218 1373 3301 aliqua
1396 3216 1720 3297 violentia,
1748 3217 1900 3298 quia

357 3344 764 3409 unaquaeque
787 3331 1079 3391 creatura
1103 3344 1256 3391 eum
1279 3326 1495 3391 locum
1520 3324 1893 3408 accipiebat,

354 3450 551 3516 quem
571 3433 694 3496 sibi
717 3431 1027 3497 Dominus
1051 3450 1163 3516 per
1188 3435 1494 3497 naturam
1517 3430 1898 3515 deputabat:

355 3542 418 3603 et
439 3539 530 3604 sic
554 3544 769 3623 patent
789 3540 1057 3623 objecta,
1075 3539 1230 3623 quia
1251 3557 1372 3604 nec
1395 3540 1518 3605 fuit
1537 3539 1711 3604 illius
1737 3539 1899 3605 lucis

355 3646 676 3729 corruptio
695 3695 715 3727 ,
752 3664 874 3712 nec
906 3646 1103 3711 etiam
1145 3646 1483 3724 violentia3
1527 3647 1639 3711 sed
1689 3650 1899 3732 major

354 3753 655 3836 quaedam
679 3757 744 3818 et
773 3754 1070 3837 perfectio
1100 3757 1164 3818 et
1190 3752 1530 3818 distinctio.
1561 3751 1743 3831 Quod
1775 3773 1895 3820 au-

354 3861 486 3925 tem
546 3860 698 3925 dicit
765 3858 1189 3925 Damascenus
1250 3879 1415 3945 opus
1483 3861 1708 3944 primae
1772 3863 1899 3928 diei

354 3966 547 4033 fuisse
587 3969 1142 4051 perfectissimum,
1180 3970 1303 4033 hoc
1327 3969 1480 4034 dicit
1502 3988 1617 4053 per
1642 3988 1899 4054 compa-

353 4075 667 4140 rationem
693 4076 774 4140 ad
795 4076 921 4141 alia
947 4094 1234 4159 corpora,
1255 4094 1405 4160 quae
1429 4095 1471 4141 a
1491 4078 1633 4142 luce
1660 4079 1897 4144 habent

354 4182 634 4265 recipere
671 4182 1099 4264 influentiam,
1139 4201 1274 4247 non
1310 4202 1426 4268 per
1471 4186 1892 4267 comparatio-

355 4307 509 4354 nem
549 4290 631 4355 ad
678 4290 1064 4369 luminaria,
1092 4307 1241 4374 quae
1285 4308 1368 4354 ex
1397 4290 1533 4374 ipsa
1573 4290 1720 4356 luce
1745 4296 1899 4358 sunt

355 4395 649 4462 formata.

989 4530 1128 4578 DUB.
1172 4530 1266 4577 111.

359 4636 495 4690 Dixit
511 4650 637 4703 ergo
657 4638 796 4689 Deus
811 4652 824 4691 z
838 4638 980 4704 Fiat,
996 4642 1116 4704 etc„
1135 4652 1244 4689 non
1258 4639 1625 4705 temporaliter,
1639 4653 1749 4695 non
1763 4656 1895 4696 sono

631 4711 792 4776 vocis,
821 4710 913 4762 sed
937 4710 992 4761 in
1019 4710 1192 4762 Verbo
1215 4709 1314 4761 sibi
1339 4716 1617 4763 coaeterno.

433 4824 699 4892 Videtur
721 4826 845 4891 hoc
882 4845 1018 4892 esse
1044 4826 1276 4891 falsum
1320 4847 1338 4891 ι
1374 4828 1588 4892 statim
1619 4830 1796 4894 enim
1822 4832 1900 4895 ut

357 4928 516 4999 dixit
551 4931 718 4999 Deus
739 4980 757 5011 ,
790 4952 894 4998 res
920 4934 1099 4998 factae
1130 4937 1319 5012 sunt,
1348 4933 1511 4998 sicut
1548 4934 1779 5001 dicitur
1825 4937 1896 5002 in

358 5035 611 5106 Psalmo
640 5060 660 5107 ε
689 5043 884 5109 Discit
901 5089 924 5122 ,
949 5048 1012 5109 et
1036 5043 1210 5122 tacta
1257 5048 1413 5110 sunt
1440 5047 1460 5084 ¹
1485 5064 1512 5108 .·
1536 5061 1718 5126 ergo,
1740 5062 1892 5109 cum

357 5148 688 5230 productio
721 5136 942 5215 rerum
967 5149 1050 5213 sit
1092 5149 1489 5234 temporalia,
1531 5150 1723 5217 dictio
1760 5169 1895 5218 non

424 5274 443 5308 ¹
462 5274 543 5324 Ρε.
564 5286 736 5337 xxxn,
753 5277 800 5325 9.
820 5299 883 5315 —
903 5275 1027 5322 ⁸1²⁸.
1050 5284 1167 5336 nn,
1198 5278 1276 5325 ¹2.

3432 300 3551 363 543

2012 427 2137 491 fuit
2180 430 2443 492 aeterna.
2491 427 2651 492 Item
2694 428 2762 492 in
2815 427 3091 494 dictione
3136 431 3379 494 aeterna
3420 448 3553 497 non

2011 530 2163 597 dicit
2174 532 2340 599 Deus
2352 534 2482 599 nisi
2496 535 2716 616 semel,
2729 536 2892 601 sicut
2905 535 3137 601 dicitur
3153 537 3223 601 in
3236 535 3488 603 Psalmo
3504 540 3552 605 ’τ

2014 639 2225 707 Semel
2252 640 2497 708 locutus
2539 648 2635 709 eat
2672 643 2865 709 Deus.
2914 642 3037 708 Sed
3064 662 3218 710 cum
3253 644 3556 727 produxit

2011 765 2205 830 opera
2230 767 2343 813 sex
2369 750 2645 830 dierum,
2675 750 2747 813 in
2769 751 3183 833 productione
3213 753 3555 835 cujuslibet
3644 830 3665 842 κ

2011 855 2223 937 operis
2249 856 2411 920 dixit
2439 875 2457 920 :
2489 874 2647 938 ergo
2674 856 2831 921 illud
2861 857 3072 924 dicere
3096 877 3228 924 non
3252 863 3347 924 est
3373 862 3554 926 aeter-

2010 981 2196 1043 num,
2217 963 2351 1028 sive
2373 982 2685 1045 generare
2703 963 2961 1029 Filium.
2992 965 3058 1030 Si
3081 970 3158 1031 tu
3186 966 3356 1031 dicas
3382 968 3552 1052 quod

2008 1068 2170 1133 illud
2199 1068 2410 1136 dicere
2435 1089 2567 1136 non
2592 1071 2716 1135 fuit
2752 1070 2876 1134 nisi
2913 1089 3125 1136 unum
3150 1073 3361 1139 solum
3381 1120 3400 1152 ‚
3431 1073 3553 1138 ite-

2009 1181 2191 1241 ratur
2226 1182 2440 1242 tamen
2485 1182 2745 1261 propter
2785 1180 3022 1244 multos
3064 1180 3362 1262 effectus;
3400 1188 3555 1249 tunc

2010 1283 2266 1348 videtur
2311 1285 2482 1368 quod
2521 1286 2603 1351 ad
2637 1285 2849 1352 dicere
2876 1289 3172 1371 sequitur
3210 1290 3415 1356 facere
3445 1311 3463 1355 ε
3491 1295 3555 1356 et

2010 1389 2205 1454 simul
2231 1391 2433 1456 dixit:
2462 1410 2620 1475 ergo
2646 1393 2838 1457 simul
2864 1394 3084 1458 omnia
3110 1395 3254 1458 fecit
3285 1420 3299 1460 ι
3331 1399 3393 1461 et
3421 1415 3555 1461 non

2009 1496 2204 1562 simul
2249 1498 2417 1580 fecit,
2452 1499 2616 1564 sicut
2655 1499 2809 1564 dicit
2852 1498 3203 1584 Scriptura,
3248 1506 3313 1566 et
3356 1522 3556 1588 supra

2009 1604 2351 1688 probatum
2370 1609 2503 1671 est:
2531 1624 2687 1689 ergo
2711 1625 2843 1671 non
2868 1607 3063 1672 simul
3081 1607 3260 1673 dixit.
3294 1609 3556 1694 Propter

2008 1715 2135 1778 hoc
2173 1715 2487 1798 quaeritur
2531 1720 2756 1780 utrum
2798 1714 3011 1782 dicere
3061 1717 3408 1801 accipiatur
3450 1720 3555 1785 hic

2008 1823 2460 1905 temporaliter,
2489 1822 2594 1889 vel
2625 1823 3014 1888 aeternaliter
3046 1824 3238 1889 :etsi
3272 1830 3552 1893 aeterna-

2007 1927 2153 1993 liter
2173 1978 2192 2009 ,
2225 1930 2546 2012 quomodo
2582 1930 2824 1996 dictum
2871 1932 3070 2015 possit
3128 1951 3265 1998 esse
3303 1938 3557 2018 tempo-

2007 2035 2176 2115 rale3
2222 2041 2287 2101 et
2336 2038 2393 2101 si
2435 2038 2868 2122 temporaliter
2886 2087 2904 2120 ,
2965 2041 3287 2121 quomodo
3339 2040 3550 2109 dicere

2006 2143 2356 2225 temporale
2395 2144 2604 2228 potuit
2633 2162 2893 2210 omnem
2931 2150 3289 2211 creaturam
3310 2165 3554 2231 praece-

2008 2249 2179 2314 dere.
2202 2249 2360 2316 Item
2386 2252 2655 2335 quaestio
2678 2257 2792 2332 est,
2817 2257 3040 2317 utrum
3066 2252 3409 2336 accipiatur
3431 2274 3554 2320 no-

2007 2353 2346 2435 tionaliter,
2401 2359 2518 2420 aut
2555 2355 2974 2420 essentialiter
3031 2378 3046 2422 :
3101 2356 3156 2419 si
3205 2358 3553 2442 accipiatur

2007 2465 2434 2544 notionaliter‚
2466 2467 2785 2550 quomodo
2812 2470 3077 2549 poneret
3090 2469 3412 2552 effectum,
3441 2476 3554 2536 aut

2007 2574 2328 2655 quomodo
2351 2575 2612 2640 effectus
2643 2574 2999 2653 creationis,
3035 2593 3231 2658 quem
3271 2575 3439 2643 Deus
3459 2579 3554 2643 di·

2007 2679 2207 2744 cendo
2240 2681 2574 2762 produxit,
2606 2685 2924 2763 competat
2961 2682 3077 2746 toti
3119 2681 3449 2766 Trinitati;
3495 2686 3552 2750 si

2005 2805 2164 2852 vero
2185 2790 2618 2866 essentialiter,
2665 2790 2987 2874 quomodo
3006 2792 3236 2873 poterit
3261 2792 3420 2858 illud
3447 2813 3551 2860 re-

2006 2895 2158 2960 ferri
2182 2896 2263 2960 ad
2291 2899 2589 2960 naturam
2627 2895 2818 2961 Verbi
2856 2915 2970 2980 per
3003 2898 3176 2980 quod
3204 2899 3367 2963 facta
3401 2906 3552 2968 sunt

2006 3001 2250 3082 omnia,
2272 3001 2713 3067 cumVerbum
2731 3002 2980 3068 dicatur
3003 3006 3438 3088 personaliter,
3468 3009 3550 3074 si·

2006 3116 2116 3176 cut
2142 3110 2210 3175 in
2238 3110 2448 3194 primo
2476 3110 2641 3175 libro
2666 3115 2994 3176 ostensum
3020 3115 3137 3176 est.

2086 3217 2272 3302 Resp.
2324 3217 2672 3284 Dicendum
2712 3218 2885 3301 quod
2931 3218 3144 3285 dicere
3184 3238 3319 3284 uno
3358 3223 3548 3291 modo

2005 3329 2304 3390 connotat
2332 3324 2634 3390 effectum
2671 3324 2742 3388 in
2779 3330 2957 3404 actu;
2997 3325 3126 3390 alio
3170 3326 3360 3391 modo
3390 3346 3546 3394 con-

2006 3435 2184 3495 notat
2200 3433 2500 3497 effectum
2512 3433 2584 3497 in
2599 3432 2849 3512 habitu,
2865 3449 2999 3496 non
3017 3432 3085 3496 in
3103 3436 3274 3498 actu.
3292 3433 3452 3499 Dicit
3467 3436 3541 3521 (b)

2005 3540 2184 3603 enim
2209 3558 2342 3604 uno
2366 3540 2556 3605 modo
2581 3539 2766 3625 quasi
2792 3544 3009 3604 actum
3037 3540 3343 3622 exterius,
3373 3548 3437 3607 et
3458 3544 3549 3609 sic

2006 3646 2216 3713 dicere
2244 3651 2339 3712 est
2377 3647 2658 3730 aliquem
2698 3647 2999 3712 effectum
3042 3648 3291 3713 efficere
3316 3649 3389 3714 in
3415 3668 3546 3733 quo

2005 3754 2222 3820 dicens
2238 3755 2539 3838 exprimit
2555 3773 2623 3819 se
2651 3777 2666 3820 ε
2698 3759 2762 3819 et
2780 3754 2903 3820 hoc
2917 3755 3107 3821 modo
3124 3756 3361 3820 dicitur
3378 3756 3547 3822 Deus

2004 3859 2213 3926 dicere
2227 3908 2246 3940 ,
2275 3862 2411 3927 sive
2453 3865 2810 3933 creaturam
2849 3860 3255 3942 producendo
3275 3910 3293 3943 ‚
3325 3862 3394 3926 in
3418 3882 3548 3946 qua

2004 3985 2075 4031 se
2101 3965 2411 4048 declarat,
2440 3968 2576 4034 sive
2615 3967 2855 4050 aliquid
2888 3967 3259 4051 inspirando
3285 3969 3543 4051 animae,

2005 4074 2078 4139 in
2099 4094 2229 4159 quo
2254 4077 2651 4142 voluntatem
2685 4095 2871 4140 suam
2902 4075 3330 4157 demonstrat3
3363 4081 3427 4142 et
3457 4078 3549 4144 sic

2004 4183 2244 4267 pluries
2264 4185 2572 4268 accipitur
2598 4185 2669 4247 in
2684 4182 3032 4266 Scriptura,
3052 4188 3117 4248 et
3134 4188 3438 4248 connotat
3463 4184 3551 4249 ef-

2004 4290 2244 4356 fectum
2290 4290 2644 4355 actualiter.
2691 4290 2838 4355 Alio
2892 4291 3084 4355 modo
3141 4291 3354 4358 dicere
3400 4292 3549 4357 dicit

2004 4402 2222 4463 actum
2261 4398 2446 4480 quasi
2489 4396 2755 4463 interius
2779 4445 2797 4478 ‚
2853 4397 3281 4463 nihilominus
3327 4402 3544 4464 tamen

2004 4505 2279 4571 relatum
2308 4527 2327 4570 ς
2361 4508 2423 4570 et
2459 4505 2582 4570 hoc
2612 4504 2803 4569 modo
2831 4503 2983 4569 dicit
3009 4504 3547 4587 comparationem

2004 4613 2087 4678 ad
2124 4613 2410 4679 Verbum
2452 4615 2825 4696 conceptum
2849 4660 2867 4689 ,
2896 4629 3013 4694 per
3037 4611 3211 4694 quod
3236 4610 3451 4676 dicens
3476 4630 3546 4678 se

2005 4724 2070 4785 et
2094 4720 2312 4785 omnia
2337 4720 2622 4803 loquitur
2653 4740 2669 4780 ι
2701 4738 2817 4803 per
2841 4736 3036 4802 quem
3080 4717 3348 4784 modum
3372 4719 3545 4782 acci-

2004 4827 2180 4910 pitur
2214 4830 2284 4893 in
2321 4828 2571 4894 Psalmo
2611 4834 2635 4868 ²
2678 4827 2883 4895 Semel
2927 4828 3171 4895 loctctus
3210 4834 3303 4895 est
3343 4828 3541 4895 Deus.

2005 4934 2224 5000 Glossa
2251 4935 2341 5001 ibi
2372 4958 2389 5001 ι
2428 4960 2460 4999 οι
2498 4934 2737 5001 Filium
2766 4935 3034 5018 genuit,
3066 4936 3136 5000 in
3166 4953 3298 5019 quo
3325 4935 3546 5001 omnia

2003 5042 2349 5128 disposuit;
2378 5066 2411 5106 n
2444 5050 2510 5110 et
2533 5045 2624 5109 sic
2649 5043 2863 5111 dicere
2908 5050 3211 5111 connotat
3244 5046 3545 5115 effectum

2003 5151 2075 5216 in
2113 5151 2341 5219 habitu
2360 5201 2380 5235 ,
2412 5153 2566 5238 quia
2600 5151 2806 5221 dicere
2845 5152 3146 5237 importat
3183 5152 3547 5238 dispositio-

2072 5281 2136 5342 (α)
2165 5277 2281 5343 Leq.
2303 5279 2441 5329 illuc.
2462 5303 2526 5315 —
2548 5276 2620 5342 (ὁ)
2651 5278 2773 5329 Coet.
2792 5276 2915 5327 edit.
2945 5276 3090 5330 dixit.
