4125 6225
757 453 877 514 298

753 584 860 648 hic
899 589 963 649 et
1001 604 1213 665 nunc;
1245 589 1311 651 et
1346 588 1501 670 quia
1543 604 1675 652 non
1714 588 1904 651 habet
1940 589 2188 670 partem
2222 587 2287 647 et

753 695 998 775 partem
1022 739 1039 773 ,
1089 693 1231 758 ideo
1283 695 1634 760 secundum
1687 700 1893 759 totum
1944 700 2037 758 est
2078 693 2181 756 hic
2223 697 2287 757 et

752 816 926 862 nunc
959 822 973 863 :
1010 803 1074 863 et
1120 801 1259 865 ideo
1301 821 1432 867 non
1459 806 1663 886 potest
1687 803 1923 867 habere
1946 802 2285 866 universa-

751 906 879 970 lem
907 909 1315 989 capacitatem
1341 929 1584 975 rerum.
1604 911 1844 993 Corpus
1871 914 2110 987 autem,
2132 910 2286 991 quia

752 1014 1173 1094 compositum
1200 1021 1295 1081 est
1316 1066 1332 1093 ,
1360 1022 1422 1081 et
1459 1018 1651 1082 habet
1676 1022 1884 1101 partes
1905 1016 2284 1080 innumera-

751 1119 936 1196 biles,
961 1140 1090 1186 non
1136 1126 1343 1206 potuit
1370 1125 1740 1207 participare
1767 1125 2236 1208 simplicitatem
2264 1143 2281 1202 3

752 1228 860 1291 sed
890 1234 1148 1312 propter
1180 1232 1453 1313 partium
1481 1233 1914 1297 extensionem
1944 1232 2151 1314 potuit
2177 1249 2284 1295 re-

752 1336 960 1418 cipere
1001 1339 1408 1421 capacitatem
1443 1364 1456 1404 :
1509 1341 1650 1405 ideo
1690 1340 1855 1405 Deus
1897 1340 2045 1404 fecit
2074 1359 2285 1405 unum

752 1461 982 1524 corpus
1034 1445 1504 1511 nobilissimum
1528 1497 1546 1525 ,
1600 1448 1770 1530 quod
1829 1452 1992 1511 esset
2059 1454 2284 1512 natum

753 1555 971 1618 omnia
1011 1556 1286 1635 ambire,
1318 1562 1382 1621 et
1419 1564 1600 1622 extra
1638 1557 1809 1641 quod
1834 1559 2097 1622 omnino
2125 1558 2287 1622 nihil

752 1667 961 1726 esset:
1004 1666 1066 1726 et
1108 1663 1231 1727 hoc
1276 1669 1369 1728 est
1413 1684 1789 1748 empyreum
1822 1687 1837 1729 t
1873 1671 1935 1729 et
1986 1667 2127 1730 ideo
2171 1686 2287 1732 ne-

751 1787 918 1833 cesse
945 1773 1039 1833 est
1076 1772 1379 1863 angelum
1398 1791 1531 1837 esse
1559 1773 1726 1836 intra
1749 1773 1984 1855 ipsum.
2018 1774 2162 1839 Alia
2189 1793 2287 1840 ra-

748 1875 838 1938 tio
866 1881 980 1947 est,
1008 1877 1162 1959 quia
1191 1878 1257 1941 in
1283 1878 1416 1943 solo
1436 1897 1696 1961 corpore
1725 1884 1819 1943 est
1843 1880 2157 1945 distinctio
2188 1901 2288 1946 se-

751 1984 1034 2048 cundum
1070 1985 1173 2049 hic
1198 1990 1261 2050 et
1288 1987 1377 2050 ibi
1410 2009 1425 2049 ι
1456 1987 1606 2068 quia
1638 1988 1809 2051 enim
1838 1992 2083 2052 caeterae
2113 2008 2289 2054 crea-

749 2093 916 2154 turae
944 2091 1230 2155 ordinem
1260 2093 1496 2157 habent
1519 2094 1587 2156 in
1621 2094 1897 2173 mund0,
1934 2095 2288 2160 distinctio-

749 2212 900 2261 nem
929 2200 991 2261 et
1011 2200 1384 2280 positionem
1407 2201 1640 2265 habent
1671 2202 2021 2266 secundum
2044 2206 2287 2285 gradus

752 2306 1209 2388 perfectionum
1243 2331 1256 2372 ε
1290 2314 1351 2372 et
1373 2310 1465 2372 ita
1491 2328 1623 2373 una
1649 2314 1745 2374 est
1771 2311 1899 2390 hic,
1931 2314 1994 2375 et
2021 2312 2146 2377 alia
2167 2314 2279 2393 ibi3

751 2430 884 2475 una
918 2431 1217 2494 sursum,
1257 2420 1318 2479 et
1358 2417 1484 2480 alia
1529 2417 1824 2482 deorsum
1862 2438 1881 2482 ε
1928 2424 1991 2483 et
2030 2423 2184 2503 quia
2216 2422 2286 2487 in

751 2521 885 2585 solo
917 2540 1179 2604 corpore
1217 2526 1309 2586 est
1338 2525 1691 2605 potentialis
1718 2526 2030 2592 distinctio
2055 2547 2286 2593 secun-

752 2629 909 2692 dum
938 2628 1041 2692 hic
1067 2635 1129 2693 et
1158 2630 1265 2709 ibi,
1295 2631 1433 2695 ideo
1459 2632 1626 2696 inter
1654 2639 1973 2698 creaturas
2004 2636 2118 2699 soli
2143 2658 2282 2703 cor-

747 2737 887 2819 pori
912 2736 1094 2802 debet
1117 2739 1252 2803 dari
1280 2740 1654 2806 universalis
1689 2745 1969 2826 potentia
1994 2745 2281 2830 locandi,

749 2848 812 2907 et
857 2848 1144 2926 respectu
1188 2846 1575 2926 visibilium,
1620 2852 1683 2912 et
1728 2849 2182 2933 invisibilium3
2213 2860 2286 2921 ut

748 2950 838 3014 sic
863 2951 1243 3016 universum
1280 2959 1442 3017 esset
1474 2974 1685 3018 unum
1722 2956 1791 3020 in
1828 2960 2129 3024 omnibus
2154 2963 2286 3026 suis

746 3058 1035 3141 partibus
1074 3059 1460 3126 ordinatum.
1506 3061 1584 3126 Et
1627 3064 1715 3126 sic
1751 3069 1919 3147 patet
1952 3067 2114 3132 ratio
2162 3069 2283 3133 du-

747 3166 917 3247 pleX,
946 3183 1146 3246 quare
1171 3167 1314 3231 data
1334 3174 1429 3232 est
1452 3171 1701 3252 corpori
1736 3176 2009 3255 potentia
2037 3176 2286 3243 locandi

750 3273 1048 3355 spiritum
1073 3324 1090 3352 ,
1122 3279 1184 3338 et
1220 3277 1517 3358 spiritum
1564 3281 1868 3345 contineri
1912 3302 1951 3346 a
1994 3303 2277 3367 corpore.

750 3379 882 3442 Hoc
904 3380 1075 3443 enim
1107 3381 1408 3463 exigebat
1429 3386 1582 3449 ordo
1609 3388 1913 3465 universi,
1931 3395 2073 3454 tum
2097 3412 2284 3476 prop-

748 3490 845 3549 ter
868 3486 1310 3550 limitationem
1331 3490 1590 3570 spiritus
1624 3496 1835 3570 creati,
1866 3499 2006 3559 tum
2036 3500 2189 3579 quia
2217 3501 2284 3564 in

751 3594 884 3657 solo
909 3612 1169 3677 corpore
1209 3596 1523 3663 distinctio
1567 3605 1660 3664 est
1692 3604 2040 3667 secundum
2083 3606 2189 3669 hic
2221 3612 2285 3671 et

747 3699 857 3763 ibi.
892 3699 1316 3767 Concedendae
1347 3712 1497 3770 sunt
1530 3706 1732 3787 igitur
1759 3710 2034 3774 rationes
2066 3730 2282 3776 mons-

746 3811 984 3871 trantes
1012 3810 1185 3891 quod
1212 3811 1351 3875 coeli
1379 3814 1663 3897 empyrei
1709 3822 1801 3879 est
1836 3817 2042 3881 locare
2081 3838 2283 3902 ange-

745 3914 863 3980 los.

828 4028 886 4084 1.
941 4021 1118 4099 Quod
1174 4044 1331 4107 ergo
1383 4028 1679 4108 objicitur
1727 4031 1795 4094 in
1856 4036 2279 4118 contrarium,

745 4129 958 4211 primo
1005 4132 1175 4213 quod
1213 4134 1658 4217 incorporeum
1693 4158 1824 4202 non
1860 4146 1954 4204 est
1990 4143 2059 4205 in
2102 4144 2237 4210 loco
2259 4196 2277 4225 ,

746 4236 1086 4302 dicendum
1116 4240 1285 4322 quod
1322 4241 1697 4324 intelligitur
1730 4247 1807 4310 de
1834 4266 1969 4312 esse
1998 4251 2067 4314 in
2101 4252 2240 4318 loco
2260 4303 2282 4335 ,

746 4348 909 4412 sicut
935 4356 1376 4415 mensuratum
1405 4354 1472 4415 in
1494 4371 1813 4419 mensura.

825 4461 885 4520 2.
926 4455 1106 4533 Quod
1162 4458 1490 4539 objicitur,
1534 4462 1705 4541 quod
1746 4462 1921 4528 locus
1966 4468 2181 4547 angeli
2222 4473 2304 4533 et·

746 4563 1011 4644 animae,
1044 4563 1207 4628 Deus
1233 4570 1357 4643 est;
1388 4566 1723 4631 dicendum
1767 4573 1934 4653 quod
1978 4574 2283 4656 intelligi-

747 4676 859 4736 tur
897 4672 974 4735 de
1013 4672 1153 4736 loco
1187 4679 1636 4754 conservante,
1668 4695 1797 4741 non
1837 4679 1913 4743 de
1955 4680 2094 4747 loco
2126 4683 2282 4748 disfi-

748 4779 983 4843 niente.
1022 4779 1099 4843 Et
1141 4781 1375 4844 iterum
1422 4782 1543 4845 hoc
1585 4802 1714 4847 non
1756 4788 1962 4868 cogit,
2011 4791 2184 4872 qnod
2229 4793 2284 4855 si

748 4885 915 4949 Deus
940 4892 1035 4950 est
1073 4888 1250 4951 locus
1289 4891 1555 4971 animae,
1597 4893 1769 4973 quod
1794 4894 1955 4959 nihil
1997 4903 2283 4963 creatum

746 4990 908 5055 locet
936 4992 1254 5075 spiritum.

815 5151 935 5211 ¹Cs.
965 5153 1211 5204 Alexand.
1242 5155 1468 5218 AlensiS‚
1509 5172 1561 5221 p.
1591 5160 1669 5222 11,
1707 5173 1758 5223 q.
1786 5171 1933 5210 xxxn
1955 5196 1966 5218 ‚
2006 5162 2197 5211 memb.
2223 5165 2281 5227 23

749 5223 805 5273 S.
833 5223 1035 5286 Thom.,
1072 5240 1123 5289 p.
1154 5227 1206 5289 l,
1238 5243 1289 5292 q.
1316 5241 1420 5292 ιιι,
1450 5235 1546 5280 art.
1568 5234 1627 5293 23
1672 5235 1724 5281 et
1755 5232 1814 5280 de
1854 5233 2067 5295 Poterit„
2110 5249 2161 5298 q.
2187 5246 2282 5299 111,

746 5297 843 5343 art.
893 5299 979 5358 19,
1006 5297 1070 5346 ad
1100 5302 1119 5346 l
1147 5314 1163 5361 ;
1195 5301 1355 5363 Scot.‚
1389 5302 1425 5350 11
1458 5303 1616 5364 Seni„
1651 5303 1767 5352 dist.
1794 5314 1863 5366 ιι,
1893 5318 1943 5368 q.
1976 5318 2080 5369 vn3
2113 5306 2281 5371 AEgid.

748 5368 918 5430 Rom„
948 5369 967 5418 l
1003 5370 1162 5433 Seni„
1205 5372 1561 5439 dist.xxxv1¹,
1600 5390 1651 5440 p.
1681 5377 1756 5440 ll,
1785 5391 1819 5442 q
1874 5389 1915 5428 11
1932 5392 1949 5440 ς
1983 5379 2282 5442 Richardus,

750 5437 770 5487 1
810 5437 970 5502 Seni„
1004 5440 1121 5492 dist.
1147 5454 1364 5510 xxxvn,
1407 5452 1502 5498 art.
1528 5451 1590 5512 2,
1621 5462 1673 5512 q.
1702 5459 1754 5513 ις
1801 5450 2015 5514 Gregor.
2043 5450 2282 5514 Arimin„

1840 442 2459 517 SENTENTIARUM
2498 446 2647 513 LlB.
2691 448 2772 514 ΙΙ.

2470 587 2529 647 3.
2564 582 2744 662 Quod
2785 582 3117 665 objicitur,
3142 582 3313 664 quod
3355 583 3478 647 loci
3515 586 3596 649 ad
3637 584 3892 650 locatum

2389 694 2482 755 est
2507 696 2737 755 mutua
2779 691 3157 771 indigentia3
3210 690 3547 755 dicendum
3590 693 3760 774 quod
3798 711 3895 758 ve-

2388 818 2538 863 rum
2577 806 2671 864 est
2696 801 2772 865 de
2812 800 2914 864 his
2935 817 3083 880 quae
3116 800 3407 863 locantur
3434 805 3691 882 propter
3713 801 3897 866 desec-

2388 910 2529 971 tum
2554 909 2693 987 sui3
2725 908 2834 972 sed
2867 924 3000 971 non
3030 912 3125 970 est
3157 925 3382 969 verum
3419 908 3495 971 de
3516 908 3619 971 his
3649 927 3794 990 quae
3817 910 3898 974 lo-

2390 1021 2617 1080 cantur
2676 1019 2931 1099 propter
2983 1015 3367 1078 servandum
3423 1016 3712 1080 ordinem
3770 1018 3900 1081 uili-

2390 1125 2579 1188 versi.
2614 1123 2814 1204 Unde,
2848 1123 2899 1187 si
2933 1127 3257 1205 quaeratur
3282 1127 3501 1187 utrum
3541 1123 3702 1206 lapis
3728 1125 3902 1206 possit

2390 1250 2525 1296 esse
2576 1236 2756 1297 extra
2807 1231 3042 1295 coelum
3067 1279 3084 1307 ‚
3124 1232 3464 1296 dicendum
3517 1234 3690 1315 quod
3729 1252 3851 1297 non
3883 1254 3898 1299 ε

2389 1345 2531 1405 tum
2571 1346 2830 1424 propter
2865 1360 3049 1404 suam
3084 1340 3508 1422 indigentiam
3526 1389 3544 1418 ,
3583 1341 3735 1423 quia
3789 1360 3902 1406 non

2389 1449 2652 1514 haberet
2666 1451 2879 1514 locum
2906 1452 3383 1513 conservantem
3404 1469 3421 1528 ;
3450 1453 3592 1512 tum
3614 1449 3773 1530 quia
3790 1467 3904 1513 non

2391 1557 2626 1640 patitur
2662 1558 2783 1621 hoc
2829 1557 2984 1621 ordo
3023 1556 3328 1620 universi.
3377 1556 3500 1620 Sed
3548 1556 3627 1619 de
3656 1556 3900 1636 angelo,

2392 1664 2560 1745 quod
2597 1664 2831 1728 coelum
2881 1682 3013 1727 non
3050 1666 3263 1742 exeat,
3295 1681 3428 1726 non
3467 1667 3561 1725 est
3598 1663 3766 1726 ratio
3801 1663 3905 1727 loci

2392 1773 2732 1854 corporalis
2785 1774 3140 1855 indigentia
3164 1822 3182 1852 ,
3220 1773 3328 1837 sed
3387 1772 3667 1855 corporis
3711 1772 3902 1835 ultimi

2392 1881 2770 1945 universalis
2789 1882 3192 1961 continentia,
3214 1881 3567 1945 seeundum
3590 1880 3768 1961 quod
3786 1879 3908 1944 uni-

2393 2003 2654 2051 versum
2684 1994 2777 2053 est
2798 1990 3144 2072 perfectum
3167 1993 3229 2052 et
3255 1988 3639 2052 ordinatum.

2470 2093 2510 2151 4
2554 2096 2616 2154 et
2657 2094 2715 2154 5.
2757 2092 2851 2155 Ad
2888 2092 3044 2155 alias
3079 2091 3238 2155 duas
3264 2090 3538 2153 rationes
3577 2093 3751 2171 patet
3789 2107 3910 2152 res-

2393 2198 2617 2278 ponsio
2658 2220 2673 2263 :
2722 2200 2893 2281 quod
2950 2199 3315 2281 proceditur
3358 2199 3436 2262 de
3484 2217 3620 2262 esse
3670 2198 3743 2261 in
3786 2197 3909 2262 loco

2390 2309 2695 2388 tanquam
2724 2307 2791 2370 in
2823 2310 3266 2383 conservante,
3300 2306 3544 2369 ratione
3585 2306 3774 2387 cujus
3807 2322 3907 2386 po-

2392 2413 2568 2477 nitur
2594 2414 2924 2478 inssuentia
2941 2415 3006 2477 in
3030 2413 3297 2492 locante,
3329 2413 3588 2496 ponitur
3605 2412 3798 2475 etiam
3823 2412 3907 2475 in·

2391 2520 2644 2586 clinatio
2671 2523 2739 2585 in
2758 2522 2960 2586 locato
2992 2544 3006 2585 :
3035 2522 3152 2585 iste
3177 2527 3394 2585 autem
3423 2522 3652 2586 modus
3676 2521 3908 2585 essendi

2389 2628 2458 2692 in
2485 2629 2622 2694 loco
2646 2648 2774 2693 non
2796 2629 3094 2695 convenit
3117 2630 3367 2711 angelo.

2911 2860 3266 2940 QUAESTIO
3310 2861 3389 2926 ΙΙ.

2425 3015 2518 3071 An
2545 3015 2766 3087 anqelus
2789 3016 2951 3072 simul
2978 3020 3030 3072 et
3053 3016 3210 3072 semel
3232 3018 3304 3071 sit
3333 3018 3396 3070 in
3417 3015 3671 3089 pluribus
3694 3017 3824 3072 locis
3845 3015 3879 3069 ¹.

2472 3167 2701 3231 Utrum
2729 3185 2899 3231 unus
2926 3167 3195 3248 angelus
3221 3167 3413 3230 simul
3443 3171 3506 3230 et
3526 3167 3721 3231 semel
3751 3168 3910 3230 sitin
3935 3194 3987 3236 u
4008 3203 4071 3245 :a

2389 3276 2683 3358 pluribus
2720 3276 2908 3352 lociS,
2939 3294 3024 3338 an
3056 3280 3308 3339 tantum
3343 3275 3412 3338 in
3442 3294 3607 3353 uno;
3646 3281 3710 3340 et
3754 3275 3912 3358 quod

2388 3384 2455 3447 in
2507 3384 2832 3465 pluribu5‚
2865 3383 3122 3448 videtur
3154 3402 3173 3446 ε
3217 3384 3425 3465 primo
3461 3401 3576 3464 per
3621 3382 3914 3464 Augusti·

2388 3510 2548 3555 num
2591 3492 2703 3573 qui
2744 3491 2896 3555 dicit
2930 3490 3103 3572 quod
3151 3513 3180 3550 α
3221 3491 3490 3570 angelus
3524 3490 3615 3552 ibi
3655 3495 3770 3566 est,
3815 3490 3914 3552 ubi

2387 3599 2552 3674 vult,
2588 3622 2617 3654 >n
2651 3597 2718 3660 in
2745 3598 2907 3660 libro
2935 3596 3013 3661 de
3047 3597 3185 3661 Giv.
3218 3597 3335 3660 Dei
3353 3619 3380 3670 ;
3409 3581 3519 3659 sed
3557 3597 3832 3659 existens
3854 3595 3916 3657 in

2388 3706 2586 3785 coelo,
2620 3705 2761 3769 vult
2801 3723 2936 3767 esse
2977 3704 3045 3767 in
3089 3709 3258 3766 terra
3292 3726 3307 3767 z
3353 3721 3511 3783 ergo
3556 3704 3832 3766 existens
3856 3703 3914 3765 in

2389 3814 2582 3891 coelo,-
2608 3816 2705 3875 est
2727 3812 2794 3874 in
2822 3815 2991 3874 terra
3021 3832 3038 3874 t
3074 3828 3231 3891 ergo
3265 3811 3458 3874 simul
3506 3814 3600 3875 oet
3633 3811 3702 3873 in
3721 3810 3916 3892 pluri-

2387 3921 2509 3985 bus
2538 3920 2709 3983 lociS.

2468 4033 2528 4092 2.
2564 4027 2720 4091 Item
2763 4026 3183 4090 Damascenus
3229 4027 3254 4060 ²
3286 4024 3436 4089 dicit
3474 4026 3645 4107 quod
3679 4025 3769 4088 ibi
3792 4028 3908 4101 est,

2389 4137 2503 4202 ubi
2529 4139 2828 4218 operatur
2859 4157 2874 4197 :
2908 4135 3016 4198 sed
3066 4133 3334 4215 angelus
3362 4133 3469 4196 vel
3507 4138 3639 4212 est,
3670 4133 3772 4195 vel
3803 4149 3911 4212 po—

2389 4248 2509 4309 test
2538 4262 2671 4307 esse
2716 4247 2924 4306 motor
2955 4241 3091 4305 coeli
3111 4288 3131 4319 ‚
3162 4245 3223 4304 et
3253 4247 3460 4305 motor
3485 4247 3784 4323 operatur
3807 4257 3912 4302 su-

2389 4371 2503 4434 per
2547 4356 2754 4414 totum
2799 4347 3032 4412 mobile
3066 4371 3079 4411 :
3127 4365 3282 4428 ergo
3339 4365 3513 4410 unus
3552 4345 3818 4427 augelus
3849 4345 3912 4406 in

2389 4464 2661 4541 utraque
2713 4461 2891 4540 parte
2951 4455 3482 4519 circumferentiae
3532 4454 3675 4518 coeli
3720 4456 3912 4534 potest

2389 4585 2525 4632 esse
2571 4567 2765 4630 simul
2807 4570 2870 4629 et
2904 4564 3145 4628 semel:
3193 4580 3350 4643 ergo
3394 4561 3450 4624 si
3498 4561 3704 4642 magis
3732 4557 3912 4623 distat

2391 4696 2525 4740 una
2548 4695 2694 4759 pars
2717 4673 3243 4739 circumferentiae
3271 4672 3353 4735 ab
3385 4671 3513 4736 alia
3533 4719 3552 4748 ,
3571 4689 3764 4754 quarn
3785 4684 3911 4732 coe·
4018 4735 4026 4744 ,

2389 4786 2528 4850 lum
2554 4804 2594 4848 a
2618 4789 2808 4859 terra,
2839 4786 3028 4866 patet,
3059 4784 3178 4845 etc.

2472 4895 2531 4955 3.
2593 4891 2748 4954 Item
2793 4893 3031 4972 quanto
3084 4887 3328 4970 aliquid
3383 4885 3729 4969 simplicius
3779 4888 3905 4958 est,

2388 5003 2567 5063 tanto
2594 4999 2664 5060 in
2705 4997 3001 5080 pluribus
3027 4995 3366 5077 reperitur.
3411 4992 3490 5057 Et
3526 4994 3683 5058 ratio
3718 4992 3908 5072 hujus

2393 5163 2432 5211 ll
2462 5160 2619 5218 Sent„
2645 5157 2755 5207 dist.
2781 5170 2819 5208 ιι
2838 5196 2852 5218 ,
2900 5171 2951 5222 q.
2980 5168 3076 5218 111;
3118 5155 3298 5206 Thom.
3328 5155 3557 5217 Argent„
3581 5154 3593 5202 1
3621 5153 3770 5213 Sena,
3795 5148 3903 5199 dist.

2393 5243 2592 5293 xxxvii,
2621 5245 2671 5294 q.
2697 5241 2731 5293 ι,
2756 5234 2851 5280 art.
2875 5235 2893 5280 1
2917 5245 2934 5293 3
2979 5228 3277 5289 Durandus,
3312 5227 3349 5275 ll
3378 5227 3539 5290 Seni„
3565 5226 3675 5274 dist.
3697 5230 3903 5281 xxxvu,

2391 5321 2441 5370 q.
2474 5317 2524 5366 1;
2569 5305 2719 5353 Joan.
2749 5301 2965 5364 Bassol.,
3007 5302 3052 5351 ll
3093 5301 3251 5363 Seni„
3298 5299 3414 5348 dist.
3445 5310 3511 5360 11,
3553 5312 3604 5361 q.
3630 5308 3702 5358 w,
3731 5294 3900 5352 art.3;

2391 5377 2543 5428 Gabr.
2573 5373 2709 5437 Biel,
2742 5374 2780 5423 ll
2814 5377 2973 5433 sent„
3001 5372 3116 5422 dist.
3139 5382 3209 5435 11,
3228 5385 3281 5436 q.
3303 5381 3363 5420 11.
3384 5397 3446 5408 —
3467 5371 3491 5405 ¹
3511 5371 3825 5428 Damascen„
3849 5361 3906 5411 de

2389 5447 2514 5498 Fide
2538 5445 2757 5509 orthod„
2779 5444 2868 5494 lib.
2898 5444 2952 5508 1,
2979 5457 3026 5494 c.
3046 5454 3181 5494 xvn.
