4125 6225
618 452 738 513 254

615 586 854 667 aliquid
876 634 895 666 ,
937 603 1068 649 non
1108 583 1389 666 aliquem
1434 582 1504 645 in
1544 579 1866 667 operando
1902 582 2156 644 motum

615 692 1037 774 intelligimus
1059 693 1284 755 inaese.
1311 711 1341 749 n

697 801 760 864 Si
808 801 980 865 dicas
1016 800 1188 882 quod
1231 797 1462 861 creatio
1487 795 1698 860 activa
1730 794 1810 875 (a)
1841 811 1973 856 non
2009 792 2160 856 dicit

617 914 888 985 motum,
913 907 1022 971 sed
1049 906 1282 970 creatio
1307 903 1556 986 passiva
1583 901 1658 984 (b)
1682 905 1972 976 tantum;
2001 898 2157 963 Con·

617 1019 716 1078 twa
761 1038 776 1078 z
810 1014 983 1078 Idem
1029 1016 1243 1077 manet
1279 1011 1712 1092 significatum
1745 1007 1814 1071 in
1854 1006 2059 1072 activo
2096 1010 2160 1071 et

617 1123 889 1203 passivo,
920 1125 995 1186 ut
1021 1121 1171 1185 dicit
1199 1118 1680 1199 grammaticuS,
1721 1115 1884 1179 sicut
1906 1114 2060 1177 recti
2097 1118 2160 1177 et

616 1228 859 1311 obliqui
885 1250 901 1292 ε
933 1229 990 1291 si
1015 1246 1173 1309 ergo
1195 1228 1261 1290 in
1289 1227 1537 1290 actione
1556 1242 1687 1288 non
1711 1221 1861 1287 dicit
1883 1225 2155 1298 motum,

616 1353 774 1415 ergo
801 1353 917 1398 nec
944 1334 1014 1397 in
1040 1333 1351 1416 passione.

696 1446 756 1504 Ξ.
789 1440 949 1504 Item
977 1440 1215 1504 mutari
1242 1442 1336 1504 est
1362 1458 1431 1503 se
1457 1439 1641 1503 aliter
1678 1437 1912 1502 habere
1938 1452 2115 1499 nunc
2137 1483 2155 1514 ,

615 1566 811 1631 quam
834 1548 1013 1630 prius
1032 1549 1050 1583 ¹
1076 1570 1091 1611 :
1116 1547 1222 1612 sed
1243 1547 1412 1630 quod
1434 1551 1707 1621 creatur,
1730 1562 1865 1609 non
1886 1562 1952 1607 se
1967 1542 2163 1606 babet

616 1656 796 1720 aliter
819 1675 993 1719 nunc
1019 1660 1081 1720 et
1105 1656 1309 1738 priuS,
1340 1655 1492 1737 quia
1520 1670 1858 1735 nunquam
1885 1650 2067 1715 aliter
2094 1667 2161 1713 se

616 1763 879 1840 habuit,
917 1780 1114 1846 quam
1156 1780 1333 1826 nunc
1376 1780 1442 1825 se
1482 1761 1672 1825 habet
1702 1759 1770 1822 in
1799 1758 2156 1836 creatione;

615 1888 949 1952 nunquam
977 1869 1150 1935 enim
1170 1869 1292 1931 fuit
1315 1868 1530 1949 aliquo
1556 1866 1680 1930 alio
1708 1864 1920 1943 mod0,
1953 1866 2015 1926 et
2043 1879 2163 1925 nec

617 1995 685 2041 se
721 1977 946 2041 habuit
989 1975 1377 2057 aliqualiter,
1406 1992 1525 2038 nec
1548 1989 1706 2052 ergo
1749 1970 1929 2035 aliter
1965 1986 2162 2050 quam

617 2100 792 2146 nunc
816 2106 830 2146 :
856 2101 1014 2163 ergo
1040 2101 1172 2145 non
1200 2084 1487 2144 mutatur
1512 2080 1670 2144 dum
1693 2082 1943 2142 creatur
1966 2091 2162 2156 :ergo

617 2191 850 2254 creatio
891 2208 1017 2252 non
1065 2194 1160 2253 est
1212 2187 1504 2251 mutatio.
1567 2184 1859 2249 Probatio
1910 2183 2157 2266 primae.

619 2297 1023 2361 Immutabile
1049 2301 1113 2360 et
1141 2294 1447 2359 mutabile
1483 2296 1896 2376 opponuntur
1934 2291 2159 2373 priva-

615 2403 747 2467 tive
781 2426 795 2466 :
829 2403 937 2467 sed
967 2402 1361 2467 immutabile
1389 2408 1504 2479 est,
1534 2400 1707 2483 quod
1728 2418 1796 2463 se
1832 2399 2024 2463 habet
2049 2415 2162 2461 eo-

618 2510 766 2574 dem
794 2510 1023 2574 modo:
1056 2511 1255 2591 igitur
1280 2508 1586 2573 mutabile
1621 2511 1715 2572 est
1741 2506 1913 2590 quod
1941 2523 2070 2568 non
2097 2522 2164 2567 se

618 2618 812 2681 habet
856 2617 1079 2681 eodem
1125 2617 1314 2680 modo
1365 2638 1380 2679 ε
1429 2615 1536 2679 sed
1569 2614 1690 2677 hoc
1736 2615 1830 2677 est
1873 2612 2058 2675 aliter
2097 2626 2163 2672 se

618 2725 853 2789 habere
874 2742 1048 2787 nunc
1073 2741 1267 2805 quam
1296 2723 1474 2805 prius
1506 2742 1521 2785 ε
1552 2721 1774 2803 igitur,
1804 2722 1920 2783 etc.

702 2838 760 2897 3.
803 2831 961 2895 Item
992 2830 1202 2894 omnis
1231 2834 1445 2893 motus
1485 2833 1548 2892 et
1589 2825 1859 2890 mutatio
1898 2830 1990 2888 est
2017 2842 2166 2908 per-

618 2939 803 3004 fectio
825 2937 991 3002 entis
1031 2937 1101 3001 in
1129 2938 1409 3021 potentia
1442 2937 1465 2970 ²
1497 2954 1514 2998 :
1559 2935 1790 2998 creatio
1829 2937 2044 2996 autem
2073 2936 2167 2995 est

620 3046 798 3112 nullo
826 3045 1016 3110 modo
1043 3045 1205 3108 entis
1248 3067 1262 3107 ε
1295 3062 1455 3126 ergo
1480 3043 1713 3107 creatio
1738 3058 1874 3103 non
1901 3044 1995 3103 est
2023 3057 2165 3103 mo·-

621 3160 729 3220 tus
749 3205 766 3235 ,
796 3174 916 3218 nec
960 3154 1254 3218 mutatio.
1286 3151 1503 3216 Prima
1542 3154 1712 3234 patet
1739 3168 1853 3233 per
1880 3147 2166 3214 Philoso-

621 3262 852 3343 phum,
882 3260 1160 3324 secunda
1186 3279 1341 3325 vero
1366 3278 1480 3342 per
1505 3259 1905 3339 Magistrum.

703 3374 764 3432 4.
799 3368 957 3432 Item
985 3368 1195 3432 omnis
1220 3367 1488 3432 mutatio
1511 3366 1814 3430 fundatur
1838 3380 2030 3445 super
2053 3362 2167 3426 ali-

623 3474 794 3558 quod
839 3475 1072 3539 mobile
1114 3478 1137 3513 ⁸
1184 3496 1202 3538 z
1242 3474 1351 3538 sed
1388 3472 1620 3536 creatio
1664 3489 1796 3535 non
1830 3469 2169 3554 praeexigit

624 3583 881 3665 aliquod
907 3581 1163 3662 mobile,
1186 3581 1342 3664 quia
1371 3598 1561 3643 omne
1589 3579 1821 3643 mobile
1848 3596 1963 3661 per
1990 3595 2164 3642 crea-

623 3690 865 3755 tionem
901 3689 1228 3754 inducitur
1267 3689 1338 3754 in
1363 3706 1499 3753 esse
1531 3710 1546 3752 :
1576 3705 1734 3770 ergo
1761 3686 1992 3750 creatio
2034 3702 2168 3748 non

624 3802 719 3861 est
744 3798 1035 3862 mutatio.

706 3908 765 3967 ὅ.
798 3903 956 3968 Item
1002 3926 1017 3966 ε
1052 3903 1107 3967 si
1142 3904 1374 3968 creatio
1406 3908 1501 3969 est
1530 3902 1833 3982 mutati0,
1871 3907 1987 3967 aut
2008 3920 2167 3985 ergo

624 4013 857 4079 secund
866 4030 980 4077 um
1006 4011 1319 4091 accidenS,
1350 4014 1463 4076 aut
1486 4011 1840 4080 secundum
1867 4010 2170 4074 substan-

624 4123 780 4185 tiam
807 4125 830 4158 ¹·
864 4140 879 4183 :
911 4138 1041 4183 non
1077 4118 1428 4182 secundum
1467 4117 1756 4182 accidens
1776 4164 1794 4193 ‚
1823 4116 1978 4200 quia
2013 4120 2167 4181 tunc

623 4226 758 4291 sola
799 4224 1147 4290 accidentia
1187 4227 1590 4301 crearentur;
1629 4223 1738 4286 sed
1776 4241 1894 4287 nec
1932 4240 2166 4290 secun-

623 4333 777 4397 dum
807 4332 1250 4409 substantiam,
1285 4330 1437 4413 quia
1455 4335 1609 4394 tunc
1632 4332 1794 4394 esset
1812 4330 2163 4412 generatio,

623 4439 728 4505 vel
755 4439 1100 4521 corruptio.
1131 4436 1198 4502 Si
1224 4438 1431 4519 dicas,
1458 4437 1629 4520 quod
1664 4437 1786 4501 sub
1826 4437 2004 4500 nulla
2041 4436 2164 4500 ha-

622 4567 771 4614 rum
799 4546 1155 4631 specierum
1198 4546 1589 4624 continetur,
1632 4523 1961 4626 objicitur,
1992 4545 2167 4627 quod

623 4674 755 4720 non
782 4654 990 4719 solum
1027 4654 1381 4718 secundum
1407 4652 1900 4736 Philosophum,
1929 4653 2038 4718 sed
2064 4671 2168 4717 se-

623 4766 907 4830 cundum
942 4763 1381 4848 Augustinum
1423 4763 1635 4826 omnis
1668 4766 1883 4827 motus
1921 4767 2033 4827 aut
2073 4767 2167 4826 est

621 4872 700 4936 ad
730 4872 948 4950 situm,
976 4876 1089 4935 aut
1118 4871 1199 4935 ad
1216 4870 1490 4935 formam
1521 4888 1538 4933 τ
1570 4869 1680 4933 sed
1706 4868 1940 4936 creatio
1966 4874 2061 4934 est
2084 4868 2165 4933 ad

623 4981 954 5044 materiam
998 4981 1167 5043 recte
1211 4997 1284 5041 ac
1328 4977 1583 5061 proprie
1632 4999 1648 5041 ε
1704 4995 1862 5059 ergo
1913 4977 2167 5044 videtur

623 5088 795 5171 quod
822 5106 954 5151 non
984 5089 1063 5151 sit
1084 5084 1377 5150 mutatio.
1913 5075 1918 5081 ’

689 5251 894 5315 ιΑτῑει.,
929 5249 1120 5315 physic.
1159 5249 1249 5300 lib.
1284 5250 1349 5312 v,
1387 5251 1526 5298 cont.
1548 5249 1594 5298 ³.
1624 5272 1689 5285 -
1717 5247 1741 5281 ²
1776 5244 1927 5309 thid„
1955 5246 2046 5296 lib.
2087 5248 2160 5312 n,

623 5325 762 5373 cont.
782 5326 831 5373 e.
849 5348 914 5359 —
933 5321 1124 5386 uhta„
1151 5322 1236 5371 tib.
1265 5320 1409 5383 vlu,
1438 5321 1577 5370 cont.
1604 5321 1651 5369 ι.
1673 5343 1737 5354 -
1759 5316 1950 5382 ⁸1⁶2d„
1978 5317 2070 5367 lib.
2094 5319 2163 5381 v,

685 5429 748 5495 (a)
769 5429 893 5480 Goet.
909 5427 1035 5479 edit.
1063 5427 1215 5479 actim
1234 5454 1297 5466 —
1323 5426 1387 5492 (ὁ)
1419 5426 1541 5479 Cat.
1561 5425 1689 5476 edit.
1717 5424 1909 5508 passio.

1746 441 2368 510 SENTENTIARUM
2411 443 2559 511 LlB.
2610 443 2689 509 11.

2344 583 2404 643 6.
2436 579 2595 644 Item
2636 601 2652 644 ε
2691 597 2773 645 ex
2798 583 2974 643 tanta
3008 578 3288 662 potentia
3312 584 3483 645 creat
3507 578 3699 658 DeuS‚
3725 599 3814 645 ex

2263 690 2504 768 quanta
2552 689 2849 768 generat,
2891 686 3044 769 quia
3096 690 3447 769 utrumque
3498 688 3644 751 facit
3693 705 3816 770 per

2264 793 2612 875 potentiam
2653 795 2969 858 infinitam
3011 801 3033 833 ⁸
3066 813 3084 857 ε
3114 796 3223 859 sed
3259 794 3426 859 Deus
3462 800 3663 877 potest
3690 815 3814 878 ge-

2265 917 2488 964 nerare
2521 901 2659 966 sine
2688 902 3039 967 mutatione
3067 903 3190 981 sui,
3216 906 3280 966 et
3302 903 3494 967 etiam
3520 922 3811 985 personae

2266 1008 2507 1089 genitae
2536 1028 2552 1073 :
2582 1028 2738 1091 ergo
2765 1011 2909 1093 pari
2930 1010 3174 1074 ratione
3203 1015 3407 1093 potest
3433 1029 3646 1076 creare
3668 1012 3811 1074 sine

2268 1116 2617 1181 mutatione
2645 1117 2749 1181 sui
2767 1120 2831 1182 et
2847 1121 3156 1182 creaturae
3175 1138 3191 1180 :
3215 1121 3329 1181 aut
3344 1117 3396 1179 si
3411 1135 3565 1195 non,
3585 1134 3811 1200 quaero

2267 1240 2467 1303 quare
2491 1241 2644 1288 non.

2773 1374 3296 1442 CONCLUSIO.

2270 1529 2483 1586 creatio
2512 1531 2589 1585 est
2620 1531 2854 1587 mutatio
2891 1532 2953 1585 in
2980 1545 3086 1602 qua
3113 1544 3195 1585 res
3222 1530 3411 1600 aliquo
3440 1528 3592 1585 modo
3628 1544 3682 1585 se
3705 1529 3811 1585 ha-

2344 1617 2489 1687 bent,
2513 1621 2566 1673 et
2591 1618 2741 1672 nullo
2765 1616 2917 1673 modo
2939 1620 3116 1690 prim,
3137 1617 3285 1688 cnjus
3314 1620 3570 1675 terminus
3589 1622 3666 1675 ast
3693 1622 3812 1675 tota

2339 1709 2420 1763 rei
2445 1706 2775 1763 substantia.

2290 1924 2297 1931 .
2350 1863 2534 1947 Resp.
2579 1865 2658 1931 ad
2702 1865 2864 1945 Arg.
2912 1863 3262 1929 Dicendum
3302 1864 3475 1947 quod
3515 1865 3812 1947 quaedam

2270 1976 2364 2036 est
2391 1972 2721 2055 productio
2743 1974 2815 2036 in
2837 1992 2968 2056 qua
2994 1974 3372 2055 productum
3400 1992 3468 2039 se
3490 1975 3680 2038 habet
3700 1974 3813 2038 ali-

2270 2084 2366 2144 ter
2380 2100 2578 2157 nunc,
2597 2085 2659 2145 et
2676 2081 2874 2164 prim,
2897 2081 3051 2163 quia
3073 2082 3426 2146 secundum
3447 2083 3686 2164 aliquid
3704 2081 3810 2145 sui

2270 2188 2392 2251 fuit
2433 2188 2611 2270 prius
2638 2188 2761 2253 sub
2798 2207 2932 2252 una
2956 2188 3397 2271 dispositione,
3428 2194 3492 2253 et
3524 2207 3695 2252 nunc
3718 2192 3814 2252 est

2270 2296 2391 2359 sub
2431 2296 2555 2359 alia
2586 2319 2601 2360 ε
2633 2301 2695 2361 et
2732 2295 2876 2359 talis
2912 2298 3006 2358 est
3043 2296 3375 2378 productio
3414 2314 3559 2379 quae
3602 2300 3697 2359 est
3729 2313 3813 2359 ex

2272 2403 2585 2497 materiali
2624 2402 2967 2486 principio,
3008 2406 3083 2465 ut
3115 2402 3424 2467 naturalis
3461 2401 3809 2484 generatio.

2273 2510 2578 2587 Quaedam
2612 2528 2767 2575 vero
2795 2514 2890 2573 est
2923 2509 3253 2591 productio
3281 2508 3351 2575 in
3385 2527 3515 2590 qua
3540 2508 3815 2591 produc-

2271 2622 2412 2682 tum
2454 2618 2670 2700 aliquo
2710 2616 2902 2681 modo
2944 2635 3010 2679 se
3053 2616 3245 2680 habet
3283 2632 3488 2694 nunc,
3533 2620 3598 2677 et
3633 2614 3813 2679 nullo

2272 2725 2462 2790 modo
2503 2725 2725 2806 prius:
2757 2728 2821 2788 et
2855 2723 2999 2787 talis
3034 2728 3129 2787 est
3172 2721 3501 2804 productio
3536 2737 3681 2803 quae
3720 2724 3818 2784 est

2273 2852 2354 2897 ex
2383 2831 2609 2895 nihilo.
2645 2831 2854 2895 Tertia
2885 2835 2980 2895 est
3023 2829 3353 2913 productio
3387 2829 3460 2892 in
3497 2846 3626 2910 qua
3659 2845 3814 2909 pro-

2273 2941 2537 3005 ductum
2552 2958 2736 3023 aeque
2752 2937 3018 3003 omnino
3035 2954 3101 3000 se
3113 2936 3305 2999 babet
3317 2954 3512 3010 nunc,
3530 2940 3592 2998 et
3610 2933 3811 3017 prim,

2274 3049 2327 3110 si
2353 3050 2569 3111 tamen
2594 3051 2689 3110 est
2711 3045 2813 3118 ibi,
2826 3044 3034 3108 dicere
3062 3042 3242 3126 prius
3268 3064 3283 3106 ε
3306 3044 3370 3104 et
3393 3041 3537 3103 talis
3557 3046 3651 3104 est
3673 3038 3816 3103 Filii

2274 3155 2600 3238 generatio
2647 3153 2728 3217 ab
2775 3158 3065 3217 aeterno:
3097 3151 3178 3214 ab
3221 3154 3459 3214 aeterno
3508 3151 3681 3213 enim
3726 3148 3817 3212 sic

2272 3263 2610 3348 processit,
2651 3265 2726 3326 ut
2771 3279 2966 3325 nunc.
3017 3257 3232 3324 Prima
3274 3257 3468 3321 habet
3504 3257 3816 3322 rationem

2276 3376 2518 3450 motuS,
2550 3374 2615 3434 et
2644 3368 3041 3447 mutationis,
3072 3371 3135 3431 et
3164 3364 3642 3457 productionis:
3670 3379 3817 3427 mo-

2274 3483 2409 3558 tuS,
2438 3478 2685 3543 ratione
2710 3473 3191 3559 praeparationis
3218 3471 3536 3549 materiae,
3566 3488 3713 3553 quae
3744 3470 3817 3533 flt

2275 3604 2391 3668 per
2419 3583 2855 3666 dispositiones
2891 3582 3336 3656 accidentales,
3370 3585 3433 3644 et
3468 3579 3609 3645 haec
3647 3578 3814 3642 indi-

2276 3696 2387 3775 get
2413 3692 2804 3756 successione
2830 3695 2893 3754 et
2918 3693 3200 3772 tempore
3222 3711 3238 3768 ;
3270 3687 3645 3758 mutationis
3660 3733 3676 3763 ‚
3705 3704 3814 3749 ra·-

2274 3800 2448 3863 tione
2466 3800 2674 3862 exitus
2697 3799 2766 3861 in
2787 3815 2945 3876 esse,
2967 3797 3103 3861 sive
3119 3794 3497 3878 receptionis
3518 3794 3815 3858 substan-

2275 3906 2442 3970 tialis
2460 3907 2706 3985 formae,
2728 3923 2876 3988 quae
2896 3905 2967 3967 sst
2987 3904 3052 3966 in
3073 3903 3364 3981 instanti3
3389 3900 3815 3984 productionis

2275 4032 2453 4095 vem,
2485 4014 2729 4078 ratione
2756 4015 2896 4095 ejus
2922 4010 3093 4092 quod
3121 3999 3295 4074 illam
3322 4011 3595 4074 formam
3622 4027 3752 4073 non
3775 4027 3813 4072 a

2278 4140 2346 4185 se
2371 4121 2591 4197 habet,
2626 4119 2736 4184 sed
2764 4119 2844 4184 ab
2872 4118 2997 4182 alio
3022 4116 3312 4180 effectivo
3336 4116 3673 4199 principio.
3704 4113 3810 4179 Se-

2277 4228 2487 4294 cunda
2505 4232 2678 4292 caret
2697 4226 2940 4291 ratione
2965 4229 3200 4302 motus,
3219 4223 3411 4288 habet
3430 4227 3647 4287 tamen
3667 4240 3812 4306 pro-

2277 4333 2589 4400 ductionis
2637 4335 2953 4398 rationem
3004 4335 3069 4396 et
3114 4331 3504 4395 mutationis.
3555 4329 3813 4394 Ratione

2277 4446 2489 4508 motus
2532 4446 2703 4506 caret
2723 4489 2740 4518 ,
2784 4441 2938 4523 quia
2978 4457 3130 4504 cum
3169 4456 3303 4502 non
3343 4438 3574 4504 habeat
3613 4441 3813 4501 mate-

2277 4550 2442 4614 riam
2463 4598 2481 4629 ,
2508 4549 2688 4614 nulla
2710 4551 2917 4631 potest
2941 4547 3176 4630 praeire
3202 4546 3526 4628 dispositio
3557 4568 3573 4610 :
3602 4551 3814 4610 tamen

2277 4656 2470 4721 babet
2506 4656 2821 4720 rationem
2854 4654 3256 4732 mutationis,
3286 4653 3441 4736 quia
3466 4653 3560 4716 ihi
3593 4658 3688 4718 est
3716 4672 3817 4720 su·

2276 4765 2406 4829 bita
2443 4768 2505 4828 et
2542 4782 2714 4828 nova
2756 4763 2978 4826 formae
3019 4761 3342 4838 inducti03
3401 4759 3595 4825 habet
3634 4761 3815 4826 ratio-

2277 4891 2428 4936 nem
2472 4871 2903 4955 productionis
2921 4920 2938 4950 ,
2986 4868 3294 4954 quoniam
3335 4867 3458 4932 hoc
3504 4868 3698 4936 babet
3738 4867 3813 4932 ab

2277 4980 2401 5043 alio
2437 4979 2727 5044 effectivo
2764 4978 3099 5062 principio.
3130 4976 3340 5042 Tertia
3372 4980 3543 5040 caret
3574 4977 3816 5042 ratione

2278 5090 2491 5151 motus
2514 5091 2577 5150 et
2607 5087 3011 5166 mutationis,
3040 5085 3235 5148 habet
3263 5089 3479 5148 tamen
3508 5086 3814 5149 rationem

2275 5195 2708 5280 productionis
2748 5217 2763 5259 :
2803 5194 3046 5260 ratione
3092 5198 3306 5258 motus
3349 5197 3412 5258 et
3454 5192 3814 5259 mutationis

2278 5358 2415 5477 eon?
2443 5356 2506 5477 57⁰.
2543 5379 2605 5390 -
2644 5355 2667 5389 ⁸
2702 5353 2853 5417 unu„
2891 5353 2981 5404 nb.
3019 5354 3124 5416 ιιι,
3166 5355 3307 5406 cont.
3349 5357 3399 5420 e,
3442 5359 3496 5406 et
3540 5355 3630 5408 nb.
3673 5355 3811 5418 vm,

2277 5441 2378 5478 00ss
2409 5464 2422 5477 .
2509 5460 2524 5476 ·
