4125 6225
673 462 791 524 508

673 593 783 657 sed
808 594 993 674 cujus
1017 610 1244 658 servus
1272 597 1367 658 est
1400 615 1416 659 ε
1449 593 1540 657 sic
1570 592 1728 657 etin
1753 591 2075 675 proposito
2105 590 2206 654 in-

672 700 1091 781 telligendum
1112 705 1209 765 est
1233 719 1303 764 se
1323 701 1587 779 babere3
1616 701 1886 781 angelus
1903 699 2079 763 enim
2096 698 2208 762 ho-

671 807 837 872 mini
863 826 993 872 non
1028 811 1291 891 propter
1319 826 1386 872 se
1428 808 1775 883 ministrat,
1815 808 1925 871 sed
1951 810 2210 889 propter

674 914 877 980 Deum
907 918 1094 998 cujus
1118 916 1287 998 gerit
1311 915 1685 996 imaginem.
1717 913 1828 979 Vel
1866 914 2047 979 aliter
2085 914 2208 979 dici

671 1026 907 1106 potest,
954 1024 1129 1106 quod
1168 1024 1443 1089 verbum
1493 1023 1653 1088 illud
1708 1022 2092 1104 intelligitur
2131 1022 2209 1086 de

673 1131 1029 1195 ministerio
1060 1132 1469 1213 subjectionis
1487 1180 1505 1210 ,
1552 1149 1685 1195 non
1720 1130 2140 1213 praesidentiae
2189 1151 2205 1194 ι

547 1260 557 1270 ·
674 1238 988 1302 custodire
1017 1240 1234 1302 autem
1260 1238 1615 1317 hominem,
1645 1238 1762 1302 etsi
1785 1236 2211 1302 ministerium

673 1344 876 1419 dicat,
906 1345 1117 1426 magis
1144 1349 1360 1409 tamen
1385 1346 1686 1428 importat
1711 1345 2019 1426 angelum
2047 1361 2211 1426 prae-

673 1450 876 1515 sidere
899 1451 1144 1515 homini
1160 1501 1179 1532 ,
1213 1471 1410 1535 quam
1436 1470 1571 1516 esse
1597 1453 1737 1535 subi
1745 1456 1979 1516 ectum.

755 1562 816 1621 4.
849 1558 947 1622 Ad
972 1559 1131 1625 illud
1156 1559 1328 1642 quod
1353 1560 1666 1642 quaeritur
1691 1581 1707 1625 t
1734 1563 1958 1624 utrum
1982 1559 2215 1623 habeat

675 1683 716 1729 a
755 1666 965 1746 gratia
979 1715 997 1745 ,
1027 1665 1132 1730 vel
1162 1684 1202 1729 a
1231 1670 1496 1745 natura3
1538 1666 1877 1731 dicendum
1916 1664 2090 1749 quod
2132 1666 2213 1729 ab

676 1776 949 1856 utroque
971 1773 1161 1838 habet
1188 1795 1203 1838 ε
1231 1773 1384 1855 quia
1408 1774 1470 1837 ei
1495 1773 1573 1838 de
1596 1777 1829 1837 natura
1853 1791 1970 1837 sua
1992 1772 2215 1837 fortior

674 1884 773 1945 est
797 1881 1058 1946 homine
1086 1884 1151 1945 et
1179 1881 1522 1964 potentior3
1556 1884 1620 1945 et
1646 1881 1936 1944 similiter
1961 1880 2028 1944 in
2061 1898 2216 1961 gra-

674 1988 765 2052 tia
791 1992 887 2052 est
920 1988 1328 2053 excellentior
1353 1992 1416 2051 et
1440 1986 1747 2067 stabilior,
1788 1987 1946 2052 adeo
1973 1992 2045 2052 ut
2072 1988 2216 2070 plus

677 2094 940 2158 excedat
959 2093 1311 2173 hominem,
1337 2112 1531 2176 quam
1555 2094 1800 2158 excedit
1821 2095 2217 2177 paidagogus

676 2200 1022 2283 parvulum
1051 2222 1066 2264 :
1094 2201 1235 2266 ideo
1264 2202 1563 2266 convenit
1596 2201 1826 2283 angelo
1840 2249 1857 2278 ,
1889 2207 1954 2266 et
1986 2221 2070 2266 ex
2099 2221 2219 2266 na-

675 2313 824 2372 tura
839 2355 858 2385 ,
907 2313 973 2372 et
1014 2326 1097 2371 ex
1141 2308 1349 2390 gratia
1366 2355 1383 2386 ,
1428 2312 1504 2372 ut
1544 2309 1739 2372 homo
1785 2309 2219 2374 committatur

677 2418 820 2498 ejus
851 2416 1152 2480 custodiae
1179 2420 1244 2479 et
1271 2415 1509 2480 tutelae.

760 2525 821 2585 5.
869 2521 969 2587 Ad
1013 2522 1174 2588 illud
1198 2523 1371 2605 quod
1409 2522 1708 2605 objicitur
1739 2541 1822 2587 ex
1865 2526 2043 2605 parte
2069 2520 2217 2599 Dei,

681 2630 855 2713 quod
892 2629 1201 2695 Dominus
1235 2635 1330 2693 est
1365 2634 1577 2693 custos
1621 2630 1965 2712 perfectus;
2002 2629 2220 2694 dicen-

680 2735 839 2800 dum
856 2737 1028 2821 quod
1041 2736 1336 2820 perfectio
1363 2736 1600 2801 divinae
1625 2737 1927 2802 custodiae
1951 2755 2083 2802 non
2109 2755 2218 2801 ex-

683 2843 880 2907 cludit
906 2842 1243 2908 utilitatem
1277 2844 1611 2925 angelicae.
1647 2844 1825 2909 Sicut
1849 2845 2029 2908 enim
2058 2843 2224 2909 Deus

684 2955 987 3034 operatur
1022 2952 1091 3015 in
1128 2952 1430 3017 omnibus
1473 2952 1695 3031 rebus,
1726 2956 1792 3016 et
1830 2956 2047 3016 tamen
2084 2953 2226 3034 ejus

685 3058 966 3142 operatio
985 3060 1378 3143 operationes
1394 3064 1836 3125 creaturarum
1859 3077 1992 3125 non
2009 3058 2227 3124 exclu-

687 3165 813 3245 dit,
854 3166 966 3230 sed
1004 3172 1370 3247 conservat,
1413 3171 1478 3231 et
1516 3168 1814 3250 adjuvat,
1858 3186 1978 3232 nec
2017 3171 2226 3232 tamen

687 3261 851 3354 ejus'
878 3275 1162 3354 operatio
1202 3279 1296 3339 est
1336 3275 1703 3358 imperfecta
1721 3323 1739 3352 ,
1783 3279 1896 3339 aut
1940 3275 2226 3359 operatio

688 3383 997 3445 creaturae
1047 3382 1371 3466 superflua
1418 3402 1436 3447 2
1479 3384 1570 3447 sic
1606 3382 2097 3466 intelligendum
2133 3386 2229 3447 est

690 3487 770 3551 de
801 3490 1108 3554 custodia.
1140 3489 1320 3555 Sicut
1348 3490 1525 3555 enim
1565 3490 1762 3570 Deus,
1806 3494 2061 3574 propter
2091 3508 2228 3555 suae

689 3594 988 3659 bonitatis
1013 3599 1585 3682 manifestationem
1599 3647 1618 3679 ,
1640 3603 1705 3663 et
1722 3599 1963 3663 ordinis
1984 3598 2229 3681 sapien-

690 3702 798 3767 tiae
841 3705 1302 3784 ostensionem,
1364 3708 1671 3772 creaturis
1729 3707 2230 3772 communicavit

688 3827 873 3892 posse
900 3814 1151 3893 operari
1170 3862 1187 3890 ,
1222 3815 1378 3879 etin
1404 3814 1559 3879 alias
1585 3819 1904 3878 creaturas
1929 3812 2250 3897 effectum,

691 3933 885 3980 suum
905 3917 1271 4001 imprimere
1287 3970 1302 3998 ,
1320 3923 1461 4004 ipso
1478 3926 1694 3987 tamen
1719 3939 1852 3985 non
1879 3920 2225 3998 deserente,

691 4023 799 4088 sed
840 4034 1253 4108 cooperante;
1291 4030 1382 4093 sic
1420 4030 1591 4094 dedit
1622 4029 1871 4110 angelis
1897 4047 2082 4111 posse
2107 4029 2231 4093 ho-

690 4138 933 4202 minem
973 4136 1315 4213 custodire,
1361 4155 1513 4201 cum
1553 4140 1768 4201 tamen
1808 4155 1850 4201 a
1893 4155 2230 4202 servorum

690 4263 960 4311 suorum
1017 4242 1301 4308 custodia
1353 4244 1486 4326 ipse
1534 4263 1874 4327 nunquam
1933 4244 2227 4322 desistat,

691 4355 845 4437 quia
860 4353 985 4418 tale
1006 4369 1189 4435 posse
1211 4352 1604 4435 competebat
1625 4353 1929 4435 angelicae
1956 4359 2226 4433 naturae‚

692 4469 756 4528 et
773 4461 1020 4545 gratiae.
1052 4459 1129 4524 Et
1151 4479 1284 4524 una
1306 4460 1573 4524 istarum
1598 4460 2030 4525 custodiarum
2048 4459 2231 4524 alteri

691 4588 825 4635 non
862 4567 1238 4652 praejudicat
1272 4591 1287 4632 :
1322 4568 1524 4632 immo
1561 4568 1781 4634 divina
1820 4568 1970 4632 facit
2002 4568 2086 4633 ad
2110 4585 2229 4632 an-

693 4675 914 4758 gelicae
930 4675 1235 4739 custodiae
1254 4675 1701 4758 perfectionem
1719 4695 1736 4754 ;
1758 4676 2053 4757 angelica
2074 4692 2230 4739 vero

692 4785 773 4850 ad
799 4785 1203 4867 perfectionis
1237 4785 1471 4852 divinae
1515 4785 1820 4850 custodiae
1861 4786 2231 4850 manifesta-

692 4892 957 4956 tionem.

772 5003 834 5064 6.
866 4999 965 5064 Ad
990 4999 1148 5065 illud
1172 5000 1349 5083 quod
1375 4999 1697 5083 objicitur,
1726 5000 1898 5083 quod
1926 5000 2090 5065 Deus
2119 5019 2233 5084 per

692 5106 972 5188 seipsum
1001 5106 1218 5171 debuit
1238 5106 1550 5172 redimere
1570 5156 1588 5187 ,
1619 5125 1777 5190 ergo
1806 5126 1922 5191 per
1950 5109 2231 5191 seipsum

693 5212 912 5277 debuit
958 5214 1300 5294 custodire3
1351 5214 1691 5278 dicendum
1736 5215 1908 5297 quod
1963 5233 2098 5280 non
2140 5221 2234 5281 est

692 5319 921 5385 simile.
954 5319 1285 5424 Redimere
1307 5323 1478 5387 enim
1504 5340 1687 5405 aeque
1708 5341 2016 5404 magnum
2039 5327 2135 5388 est
2152 5325 2233 5388 si-

1788 446 2418 523 SENTENTIARUM
2457 455 2606 522 Ll'B.
2649 456 2730 523 11.

2315 609 2450 655 esse
2478 592 2766 658 conditor
2780 592 2906 657 nisi
2923 591 3098 658 solus
3115 592 3303 673 Deus,
3332 593 3424 658 sic
3444 593 3645 658 nullus
3664 595 3808 659 alius

2315 697 2536 764 debuit
2561 718 2698 764 esse
2724 701 3088 783 redemptor
3124 723 3139 765 :
3169 700 3482 765 custodite
3510 704 3706 766 autem
3731 702 3812 765 di·
3929 758 3938 766 .

2316 805 2400 869 cit
2427 805 2704 889 aliquem
2738 807 3036 872 effectum
3063 808 3494 873 beneficentiae
3513 856 3530 887 ,
3558 809 3663 891 qui
3689 826 3811 873 ma-

2317 911 2420 993 gis
2443 916 2537 976 est
2560 913 2872 992 exterius»,
2904 932 3102 997 quam
3129 915 3420 993 interius,
3449 918 3512 978 et
3535 914 3666 978 ideo
3700 933 3813 979 non

2316 1022 2409 1081 est
2452 1023 2688 1085 tantus».
2737 1018 2862 1086 Nec
2901 1021 3070 1086 valet
3111 1020 3270 1085 illud
3309 1021 3483 1103 quod
3530 1020 3808 1102 oincitur,

2315 1125 2486 1209 quod
2513 1145 2643 1191 non
2668 1127 2881 1192 minor
2906 1132 3003 1192 est
3020 1128 3228 1191 virtus
3249 1127 3416 1192 tueri
3443 1128 3624 1205 bona,
3645 1146 3814 1209 quam

2315 1232 2643 1315 acquirere
2650 1255 2668 1311 3
2704 1234 3044 1299 dicendum
3077 1234 3250 1299 enim
3287 1234 3461 1316 quod
3497 1237 3642 1298 tunc
3676 1233 3812 1299 illud

2317 1357 2549 1405 verum
2573 1345 2669 1404 est
2686 1388 2703 1417 ,
2733 1342 2988 1424 quando
3010 1341 3407 1405 conservatio
3429 1342 3495 1404 et
3517 1339 3810 1422 acquisitio

2319 1446 2505 1510 estin
2522 1450 2825 1529 potestate
2852 1447 3144 1531 ejusdem
3171 1446 3448 1514 virtutis.

2836 1751 3193 1832 QUAESTIO
3234 1753 3314 1818 11.

2322 1928 2416 1985 An
2460 1931 2641 1987 stante
2684 1930 2924 2001 homine,
2974 1930 3159 2000 anqezi
3184 1930 3435 2003 deputati
3487 1932 3714 2001 tuissent
3761 1928 3824 1985 ad

2780 2018 3079 2077 custodiam
3105 2020 3335 2077 hominis
3355 2018 3397 2076 ¹.

2404 2199 2630 2265 Utrum
2645 2249 2664 2281 ,
2693 2200 2748 2265 si
2773 2201 2972 2268 homo
3003 2202 3301 2282 stetisset,
3336 2201 3606 2267 fuissent
3639 2200 3823 2284 angeli
3860 2195 3912 2241 Ν
3924 2207 3995 2252 ⁰1²¹*-

2322 2308 2607 2391 deputati
2647 2310 2727 2373 ad
2771 2308 3049 2374 hominis
3093 2308 3331 2373 conditi
3365 2309 3732 2388 custodiam
3773 2314 3827 2372 et

2324 2415 2496 2498 quod
2534 2433 2701 2496 non,
2739 2416 3020 2482 videtur.
3059 2418 3355 2499 Angelus
3396 2418 3722 2502 deputatur
3758 2416 3826 2481 ad

2324 2523 2676 2588 custodiam
2708 2524 2986 2589 hominis
3012 2530 3269 2608 propter
3294 2525 3672 2609 supplendos
3703 2527 3824 2606 eJus

2325 2629 2603 2695 defectus
2633 2652 2649 2695 ε
2681 2632 2791 2696 sed
2812 2631 2882 2695 in
2908 2632 3199 2712 homine,
3236 2633 3595 2697 secundum
3618 2636 3823 2697 statum

2325 2741 2576 2802 naturae
2614 2738 2949 2818 institutae,
2984 2740 3146 2804 nulli
3171 2744 3353 2804 erant
3385 2740 3660 2805 defectus
3686 2757 3702 2801 ε
3731 2757 3821 2804 er-

2328 2862 2415 2926 go
2438 2845 2520 2910 ad
2545 2846 2687 2927 ejus
2712 2846 3065 2911 custodiam
3096 2864 3229 2911 non
3262 2847 3538 2913 debebat
3573 2848 3826 2932 deputari

2330 2950 2561 3034 aliquis
2588 2952 2879 3034 angeluS.

2410 3063 2472 3124 2.
2499 3059 2659 3125 Item
2689 3061 2885 3127 homo
2902 3110 2920 3142 ,
2963 3063 3316 3129 secundum
3351 3065 3592 3130 statum
3614 3065 3838 3128 nattuae

2329 3169 2667 3249 institutae,
2692 3189 2826 3235 non
2842 3176 2979 3235 erat
2997 3174 3206 3254 magis
3227 3191 3474 3256 pronus
3496 3174 3575 3237 ad
3593 3173 3834 3250 malum,

2333 3296 2530 3360 quam
2549 3296 2717 3341 unus
2735 3275 3091 3360 angelus'in
3112 3280 3246 3344 suis
3263 3281 3662 3345 naturalibus
3680 3296 3837 3344 cons-

2329 3386 2558 3450 titutus
2598 3409 2613 3449 :
2644 3404 2804 3467 ergo
2820 3435 2838 3464 ,
2885 3387 2940 3450 si
2983 3388 3254 3469 angelus
3293 3389 3590 3453 conditus
3627 3387 3841 3452 nullius

2333 3493 2638 3558 custodiae
2665 3499 2761 3558 est
2780 3495 3159 3559 commissus
3186 3495 3310 3559 nisi
3338 3496 3458 3560 soli
3485 3497 3741 3572 divinae,
3760 3495 3845 3556 vi-

2334 3601 2522 3665 detur
2545 3601 2832 3666 similiter
2870 3603 3039 3686 quod
3067 3621 3185 3668 nec
3216 3603 3410 3668 homo
3453 3603 3524 3667 in
3553 3607 3715 3668 statu
3749 3602 3846 3665 in-

2336 3709 2646 3775 nocentiae
2674 3710 3069 3774 constitutus,

2419 3823 2477 3882 3.
2505 3817 2662 3882 Item
2683 3816 2964 3881 custodia
2983 3816 3139 3881 dicit
3153 3817 3505 3900 quamdam
3525 3818 3850 3901 praesiden-

2337 3924 2493 3988 tiam
2528 3924 2599 3989 in
2625 3923 3017 4004 custodiente
3057 3928 3346 4007 respectu
3378 3926 3676 3991 custoditi
3703 3943 3720 3988 :
3753 3922 3849 3988 sed

2338 4032 2554 4096 anima
2587 4033 2873 4096 humana
2920 4032 3092 4095 solus
3133 4031 3300 4096 Deus
3344 4035 3552 4116 major
3576 4038 3698 4109 est,
3744 4030 3853 4095 nisi

2338 4138 2721 4223 depravetur
2759 4156 2873 4221 per
2909 4138 3163 4220 culpam
3194 4158 3212 4202 ε
3255 4158 3415 4222 ergo
3431 4188 3450 4220 ,
3486 4141 3540 4203 si
3571 4140 3755 4204 homo
3790 4137 3856 4201 in

2337 4251 2508 4311 statu
2548 4245 2927 4310 innocentiae
2952 4246 3129 4310 nulla
3161 4247 3348 4328 culpa
3384 4252 3522 4311 erat
3565 4246 3854 4329 deprava-

2337 4358 2443 4419 tus
2456 4403 2473 4433 ,
2523 4372 2656 4419 non
2709 4353 2927 4418 debuit
2977 4353 3037 4417 ei
3087 4372 3201 4436 per
3244 4353 3534 4419 officium
3575 4351 3855 4420 custodiae

2340 4462 2679 4545 praesidere
2703 4460 2931 4542 aliquis
2955 4459 3248 4542 angelus,

2419 4575 2480 4634 4.
2506 4569 2665 4633 Item
2679 4616 2693 4644 ,
2724 4568 2781 4631 si
2806 4568 2886 4632 ad
2918 4568 3266 4632 custodiam
3288 4568 3574 4633 hominis
3599 4566 3857 4633 instituti

2339 4678 2679 4760 deputatur
2703 4675 3029 4757 angelicus
3055 4676 3312 4758 spiritus
3330 4724 3348 4755 ,
3379 4695 3539 4758 ergo
3565 4694 3713 4741 cum
3736 4674 3862 4739 vir-

2338 4785 2445 4849 tus
2471 4782 2750 4848 hominis
2790 4783 2869 4846 sit
2896 4782 3087 4847 modo
3134 4799 3249 4865 per
3277 4788 3612 4865 peecatum
3656 4782 3864 4846 multi-

2339 4892 2586 4977 pliciter
2626 4891 2893 4972 dejecta,
2931 4888 3204 4968 videtur,
3246 4889 3420 4972 quod
3465 4890 3587 4953 uni
3631 4888 3864 4954 homini

2339 5019 2473 5066 non
2499 4997 2775 5064 sufficiat
2800 4996 3001 5060 unius
3027 4996 3240 5077 angeli
3269 4995 3555 5061 custodia
3601 5020 3618 5061 :
3650 5013 3799 5078 ergo
3817 4994 3866 5057 si

2341 5125 2517 5174 nunc
2537 5106 2655 5172 uni
2676 5104 2923 5170 homini
2951 5103 3126 5187 lapso
3156 5105 3385 5167 sufficit
3402 5123 3601 5182 unuS,
3623 5104 3864 5170 videtur

2342 5216 2516 5300 quod
2540 5220 2696 5279 tunc
2723 5232 2856 5278 non
2893 5212 3223 5295 indigebat
3267 5213 3555 5278 custodia
3586 5212 3861 5293 alicujus

2410 5375 2530 5439 ¹Cf.
2554 5374 2698 5425 Alex.
2726 5374 2951 5438 Mensis,
2990 5388 3044 5439 p.
3074 5375 3151 5439 Π,
3178 5388 3229 5439 q.
3258 5386 3341 5439 nr,
3376 5373 3572 5428 memb.
3601 5378 3662 5439 4,
3689 5374 3779 5424 art.
3801 5372 3861 5432 23

696 5430 805 5492 cut
842 5428 1112 5496 condere
1154 5449 1175 5495 ε
1216 5435 1286 5496 et
1326 5429 1471 5498 ideo
1484 5479 1503 5513 ,
1551 5431 1716 5499 sicut
1754 5431 1977 5499 nullus
2014 5432 2238 5500 debuit
2347 5448 2523 5516 steph.
2546 5445 2757 5513 arulas„
2784 5448 2828 5499 11
2857 5446 3017 5508 Sena,
3043 5446 3161 5498 dist.
3185 5457 3262 5511 ιι,
3284 5460 3336 5512 q.
3361 5457 3420 5498 n.
