4125 6225
584 441 705 508 806

580 579 734 640 sunt
786 567 1144 657 specierum
1194 594 1213 639 ε
1269 593 1430 657 crgo
1483 591 1636 639 cum
1689 576 1999 658 producta
2037 594 2124 641 ex

580 684 767 766 aquis
793 684 922 748 sint.
947 684 1259 761 natatilia,
1285 701 1416 747 non
1443 683 1676 749 debent
1698 683 1822 748 dici
1849 683 2120 766 reptilia.

581 792 765 872 ltem,
777 809 927 856 cum
944 792 1192 874 reptilia
1209 795 1490 875 spectent
1504 791 1584 856 ad
1595 794 1895 856 ornatum
1909 795 2121 872 terrae,

579 918 714 964 non
726 899 984 962 videtur
1001 899 1172 980 quod
1192 901 1474 981 spectent
1491 897 1570 962 ad
1588 902 1887 963 ornatum
1910 917 2120 982 aquae.

579 1006 740 1072 Item
785 1006 1038 1070 videtur
1079 1007 1186 1070 bic
1227 1024 1364 1070 esse
1417 1007 1686 1087 nugatio
1710 1055 1725 1083 ‚
1766 1025 1917 1070 cum
1977 1007 2130 1072 dicit

577 1113 802 1196 reptile
843 1113 1079 1176 animae
1107 1113 1383 1178 viventis
1415 1134 1430 1178 :
1464 1113 1675 1176 omnis
1707 1115 1880 1178 enim
1909 1114 2128 1179 anima

577 1240 653 1287 eo
686 1222 847 1304 ipso,
880 1221 1052 1303 quod
1078 1225 1174 1285 est
1193 1222 1433 1300 anima,
1465 1221 1652 1286 vivit.

660 1327 845 1411 Resp.
883 1326 1231 1392 Dicendum
1264 1328 1435 1411 quod
1469 1328 1540 1391 in
1577 1328 1964 1393 animalibus
2003 1329 2125 1392 dif-

576 1437 695 1500 fert
719 1441 932 1500 motus
954 1436 1214 1518 rependi
1244 1456 1283 1499 a
1308 1440 1490 1500 motu
1524 1436 1876 1517 gradiendi.
1916 1436 2126 1502 Motus

576 1545 753 1608 enim
779 1543 1040 1626 rependi
1071 1542 1421 1607 attenditur
1459 1543 1815 1607 secundum
1864 1544 2125 1608 tractio-

577 1670 748 1731 nem,
780 1651 1018 1716 animal
1043 1652 1216 1716 enim
1261 1651 1436 1734 quod
1459 1652 1663 1734 repit,
1690 1651 1973 1716 anterius
1999 1652 2124 1715 ali-

576 1777 774 1842 quam
818 1762 1064 1842 partem
1109 1758 1491 1841 protendens
1509 1808 1527 1835 ‚
1570 1758 1766 1823 etiam
1819 1776 1970 1823 cum
2012 1759 2125 1823 illa

575 1867 814 1949 aliquid
850 1859 1334 1949 apprehendens
1349 1913 1369 1944 ‚
1411 1865 1609 1929 trabit
1643 1870 1852 1929 totum
1891 1884 2123 1949 corpus

577 1991 767 2038 suum
790 1976 935 2056 post.
956 1992 1045 2053 se,
1075 1973 1241 2038 sicut
1264 1976 1437 2055 patet
1471 1973 1544 2036 in
1570 1973 1900 2038 vermibus
1933 1997 1948 2037 :
1980 1975 2122 2038 mo‘-

576 2086 685 2147 tus
732 2099 887 2146 vero
932 2081 1264 2163 gradiendi
1302 2085 1397 2146 est
1438 2100 1552 2163 per
1598 2081 2052 2165 impulsionem
2100 2099 2119 2145 ε

577 2189 904 2266 Quantum
934 2190 1139 2271 igitur
1177 2189 1260 2253 ad
1298 2207 1374 2252 ea
1428 2207 1577 2270 qut-‚e
1600 2192 1850 2266 natant,
1895 2210 1961 2254 se
1986 2195 2117 2256 tra-

573 2296 761 2375 hunt,
791 2301 854 2362 et
880 2297 1271 2380 protendunt.
1296 2297 1604 2374 anteriUS,
1626 2300 1690 2362 et
1722 2299 2121 2366 extendendo

574 2423 643 2468 se
665 2405 741 2469 ad
775 2404 1079 2484 anterius,
1114 2404 1297 2487 quasi
1332 2405 1604 2469 tenendo
1629 2423 1696 2468 se
1727 2406 1808 2469 ad
1837 2407 2123 2471 solidita-

574 2519 706 2578 tem
756 2514 857 2578 vel
907 2514 1270 2596 grossitiem
1315 2531 1501 2596 aquae
1521 2562 1541 2594 ,
1588 2513 1858 2578 trahunt.
1910 2519 2121 2580 totum

576 2636 807 2701 corpus
832 2639 1050 2698 suum,
1071 2621 1234 2684 sicut
1261 2625 1430 2704 patet
1456 2622 1524 2684 in
1542 2621 1927 2686 natantibus,
1958 2622 2122 2685 Hinc

577 2730 703 2802 est,
736 2726 908 2808 quod
940 2727 1158 2791 omnia
1187 2728 1477 2791 natantia
1516 2728 1817 2792 dicuntur
1846 2729 2117 2811 reptilia,

576 2833 692 2897 etsi
717 2834 1044 2915 contingat
1081 2852 1157 2899 ea
1183 2834 1526 2917 aliquando
1560 2836 1783 2917 gradi,
1832 2837 1994 2901 sicut
2029 2842 2125 2903 est

575 2940 644 3002 in
667 2941 1018 3020 crocodilis,
1049 2945 1114 3005 et
1139 2940 1478 3024 aliquibus,
1514 2961 1661 3025 quae
1685 2949 2023 3009 versantur
2049 2946 2120 3008 in

574 3048 760 3131 aquis
803 3052 869 3111 et
911 3049 981 3111 in
1028 3052 1235 3114 terra:
1281 3049 1775 3115 denominantur
1819 3056 2033 3116 tamen
2083 3070 2123 3116 a

573 3159 757 3219 motu
804 3155 917 3237 qui
960 3159 1053 3220 est
1116 3155 1207 3220 eis
1247 3158 1459 3239 magis
1502 3159 1843 3238 naturalis,
1890 3158 2124 3224 scilicet

573 3265 688 3347 qui
712 3267 1013 3348 competit
1045 3266 1137 3333 eis
1162 3268 1515 3333 secundum
1551 3268 2008 3339 habitationem
2048 3268 2121 3332 in

572 3372 776 3454 aquis.
806 3372 1097 3437 Volatilia
1124 3378 1342 3439 autem
1360 3393 1496 3439 non
1520 3375 1824 3441 dicuntur
1846 3376 2114 3460 reptilia,

573 3481 869 3563 quamvis
905 3481 1243 3546 videantur
1287 3500 1355 3547 se
1391 3483 1557 3547 ferre
1601 3483 1671 3546 in
1711 3501 1861 3547 aera
1882 3531 1899 3560 ,
1952 3483 2121 3548 sicut

572 3587 774 3669 pisces
815 3589 888 3650 in
932 3589 1138 3670 aquis,
1190 3589 1300 3654 Est
1339 3589 1513 3654 enim
1559 3589 1849 3655 diversus
1890 3590 2121 3656 modus

573 3694 908 3772 movendi,
957 3696 1111 3778 quia
1149 3696 1436 3779 impulsu
1480 3697 1693 3778 magis
1748 3701 2116 3777 moventur,

571 3820 769 3884 quam
795 3806 1025 3867 tractu.
1053 3802 1220 3868 Dum
1260 3804 1439 3869 enim
1463 3805 1605 3868 avis
1630 3804 1838 3884 volat,
1870 3804 2119 3869 claudi-

571 3911 680 3973 tur
708 3928 819 3975 aer
844 3910 913 3973 in
957 3912 1347 3977 concavitate
1372 3912 1621 3976 alarum
1654 3935 1668 3975 ε
1701 3917 1765 3976 et
1811 3912 1969 3978 dum
1995 3912 2116 3978 alae

570 4016 974 4100 applicantur
1003 4017 1083 4082 ad
1108 4037 1363 4103 corpuS,
1394 4019 1702 4085 violenter
1721 4038 1831 4084 aer
1856 4021 2117 4103 perpel-

569 4124 727 4189 litur
753 4144 836 4191 ex
859 4131 1038 4208 parte
1064 4126 1315 4192 alarum
1333 4127 1668 4210 posteriori
1693 4131 1920 4205 tractu,
1941 4133 2004 4193 et
2031 4147 2116 4194 ex

569 4232 682 4296 illo
721 4233 1006 4316 impulsu
1033 4251 1265 4316 corpus
1289 4233 1428 4299 avis
1460 4235 1739 4316 procedit
1774 4235 2060 4301 anterius
2093 4259 2109 4301 ε

569 4341 634 4402 et
671 4338 813 4403 ideo
840 4339 1124 4405 volatilia
1166 4340 1291 4404 sub
1318 4340 1644 4423 reptilium
1685 4341 1947 4407 nomine
1979 4363 2115 4409 non

567 4446 1229 4529 comprehenduntur3
1277 4465 1396 4513 nec
1454 4448 1648 4514 etiam
1696 4451 1816 4514 sub
1877 4469 2114 4531 genere

568 4554 1032 4635 gressibilium,
1086 4555 1241 4637 quia
1286 4574 1419 4619 non
1471 4559 1816 4622 moventur
1876 4558 2113 4623 virtute

565 4662 827 4745 pedum,
859 4662 970 4727 sed
1004 4662 1243 4727 virtute
1273 4662 1542 4728 alarum.
1565 4662 1760 4737 ‚Unde
1789 4670 1995 4748 potest
2021 4667 2113 4731 sic

565 4770 739 4835 sumi
758 4769 985 4834 divisio
1003 4754 1377 4835 animalium
1395 4775 1712 4854 quantum
1728 4773 1808 4837 ad
1821 4777 2074 4839 motum
2093 4796 2108 4840 ε

565 4878 718 4961 quia
743 4877 982 4942 animal
1008 4882 1122 4942 aut
1138 4882 1355 4943 movet
1374 4896 1443 4943 se
1468 4880 1751 4945 anterius
1775 4880 2109 4962 trahendO,

568 4988 632 5049 et
656 4985 745 5048 sic
782 4989 876 5049 est
923 4984 1145 5067 reptile
1169 5033 1186 5062 ,
1210 4986 1346 5050 sive
1386 4986 1468 5049 sit
1511 4986 1582 5051 in
1608 4986 1791 5069 aquis
1815 5035 1832 5064 ,
1868 4988 2010 5052 sive·
2039 4989 2112 5057 in

564 5096 769 5171 terra;
802 5096 916 5157 aut
932 5092 1022 5155 im
1028 5092 1336 5175 pellendO,
1358 5096 1422 5157 et
1434 5095 1558 5159 boc
1582 5094 1917 5178 dupliciter
1948 5117 1964 5159 ε
1994 5098 2111 5160 aut

563 5198 852 5283 pedibuS,
888 5205 951 5264 et
981 5200 1071 5264 sic
1095 5203 1190 5264 est.
1221 5200 1577 5282 gressibile3
1609 5204 1722 5266 aut
1745 5202 1864 5266 alis
1885 5251 1905 5283 ,
1932 5202 2110 5269 etsie

564 5311 660 5370 est
686 5306 942 5371 volatile
974 5326 993 5370 z
1023 5311 1087 5371 et
1132 5308 1221 5370 sic
1265 5311 1438 5390 ‘patet
1474 5327 1596 5390 pro
1627 5315 1868 5393 quanto
1908 5312 2112 5393 pisces

565 5411 864 5491 dicuntur
908 5413 1194 5497 reptilia,
1217 5417 1283 5480 et
1305 5416 1478 5499 quod
1509 5417 1742 5486 falsum
1781 5423 1875 5487 est
1913 5420 2105 5504 illud,

1699 423 2323 507 SENTEN‘rlARuM
2361 439 2512 506 nn.
2558 441 2636 506 ιι.

2229 576 2402 659 quod
2426 576 2636 658 primo
2663 577 3066 659 proponitur,
3094 576 3267 659 quod
3289 577 3511 660 reptile
3547 577 3779 642 distin-

2231 682 2456 763 guitur
2476 687 2696 747 coutra
2723 684 3023 767 aquatile,
3042 684 3246 748 immo
3271 687 3367 747 est
3393 684 3463 747 in
3488 685 3657 767 pluS.
3681 686 3783 750 Ad

2232 789 2389 853 illud
2430 790 2602 873 quod
2642 792 2966 873 objicitur,
2993 792 3166 875 quod
3207 790 3455 874 reptilia
3495 794 3783 874 spectant

2230 896 2311 960 ad
2337 902 2638 961 ornatum
2683 904 2910 980 terrae3
2951 900 3290 965 dicendum
3333 899 3506 981 quod
3555 900 3781 982 reptile

2232 1002 2462 1068 dicitur
2496 1005 2998 1089 quadrupliciter
3028 1028 3043 1069 ε
3078 1025 3211 1070 uno
3242 1007 3432 1070 modo
3453 1054 3471 1085 ,
3514 1007 3685 1089 quod
3713 1025 3783 1072 se

2231 1111 2427 1174 trahit
2452 1111 2519 1177 vi
2543 1113 2692 1192 orIS,
2721 1114 2886 1177 sicut
2904 1132 3189 1192 vermes;
3219 1113 3343 1178 alio
3366 1114 3574 1193 modo,
3606 1115 3783 1196 quod

2232 1236 2299 1281 se
2331 1219 2529 1282 trahit
2556 1220 2623 1283 vi
2647 1225 2990 1301 costarum,
3013 1221 3174 1287 sicut
3192 1225 3551 1303 serpentes;
3591 1222 3780 1286 tertio

2232 1326 2422 1392 modo
2445 1375 2464 1407 ,
2497 1327 2669 1410 quod
2712 1347 2781 1392 se
2830 1330 3030 1392 trahit
3084 1330 3154 1394 vi
3207 1329 3674 1411 pennularum,
3704 1334 3783 1394 ut

2230 1433 2431 1515 pisces
2468 1456 2483 1497 :
2513 1434 2837 1516 quomodo
2869 1434 3101 1498 dicitur
3125 1435 3350 1518 reptile
3375 1435 3577 1516 large,
3606 1436 3785 1517 quod

2228 1539 2298 1603 in
2341 1542 2661 1607 movendo
2695 1560 2761 1607 se
2781 1590 2799 1620 ,
2847 1560 3156 1623 magnam
3201 1547 3451 1625 partem
3499 1545 3787 1627 corporis

2231 1647 2505 1730 applicat
2529 1653 2740 1725 terrae,
2775 1650 3076 1732 quamvis
3102 1650 3335 1714 babeat
3370 1649 3588 1732 pedeS,
3621 1648 3788 1713 sicut

2228 1755 2480 1821 lacertae
2506 1761 2570 1821 et
2594 1757 2950 1823 stelliones:
2978 1762 3044 1823 et
3070 1758 3160 1822 sic
3187 1756 3542 1823 secundum
3568 1756 3786 1821 diver-

2228 1880 2331 1927 sas
2377 1864 2772 1946 acceptiones
2823 1865 3047 1949 reptile
3098 1870 3303 1948 potest
3343 1865 3662 1948 pertinere
3703 1864 3785 1929 ad

2228 1972 2592 2037 ornandum
2619 1971 2869 2037 diversa
2911 1973 3250 2066 elementa.
3283 1974 3381 2037 Ad
3412 1973 3571 2038 illud
3610 1971 3787 2055 quod

2225 2080 2563 2162 quaeritur‚
2590 2097 2790 2163 quare
2819 2083 3057 2147 animoe
3089 2082 3371 2148 viventis
3392 2128 3412 2160 ,
3442 2080 3785 2145 dicendum

2225 2186 2400 2270 quod
2426 2188 2559 2252 vita
2585 2188 3030 2253 manifestatur
3056 2189 3342 2253 maxime
3369 2206 3483 2271 per
3520 2205 3785 2251 sensum

2227 2300 2291 2359 et
2318 2300 2570 2359 motum
2603 2315 2621 2358 ι
2664 2295 2807 2360 ideo
2859 2296 3078 2360 anima
3122 2296 3349 2360 vivens
3400 2293 3779 2378 appellatur,

2227 2420 2375 2484 quae
2415 2402 2583 2466 vivit
2624 2403 2760 2467 vita
2804 2402 3183 2466 manifesta:
3227 2403 3293 2463 et
3328 2401 3469 2463 haec
3509 2404 3604 2462 est
3647 2399 3780 2478 illa,

2227 2527 2376 2590 quae
2415 2508 2524 2573 dat
2570 2509 2818 2591 corpori
2874 2512 3125 2572 motum
3171 2510 3234 2570 et
3279 2517 3593 2571 sensum‘:
3639 2506 3786 2570 talis

2227 2619 2443 2679 autem
2470 2633 2604 2680 non
2630 2616 2819 2681 estin
2844 2616 3095 2699 plantiS,
3125 2614 3327 2679 sedin
3360 2613 3742 2678 animalibus
3756 2633 3777 2692 ;

2229 2725 2292 2785 et
2342 2722 2485 2787 ideo
2534 2724 2615 2787 ad
2669 2724 3093 2788 differentiam
3140 2721 3509 2805 plantarum
3556 2722 3706 2785 dicit
3755 2739 3773 2786 z

2231 2831 2602 2898 Producant
2651 2848 2838 2916 aquoe
2887 2830 3113 2914 reptile
3175 2832 3411 2896 anunoe
3457 2830 3738 2896 viventis
3755 2876 3779 2908 ,

2227 2940 2411 3021 quasi
2432 2931 2506 3002 in
2545 2940 2777 3022 plantis
2800 2940 2881 3003 sit
2908 2939 3126 3003 anima
3150 2938 3365 3003 virens
3381 2986 3398 3016 ,
3430 2942 3494 3000 et
3521 2936 3594 2999 in
3630 2935 3781 3000 ani-

2227 3047 2501 3110 malibus
2523 3046 2606 3109 sit
2631 3046 2847 3110 anima
2871 3048 3138 3125 vivens;
3168 3045 3325 3128 quia
3337 3045 3478 3110 baee
3506 3061 3776 3111 moven-

2227 3159 2338 3220 tur
2363 3159 2428 3219 et
2452 3155 2759 3232 sentiunt,
2786 3154 2893 3218 illa
2918 3172 3075 3218 vero
3101 3152 3393 3218 minime.

2884 3378 3025 3425 DUB.
3069 3377 3139 3422 11.

2322 3491 2578 3544 Producat
2604 3494 2742 3543 terra
2766 3491 2991 3542 animam
3029 3491 3320 3557 viventem,
3343 3492 3607 3558 jumenta,
3632 3494 3685 3543 et

2815 3565 3048 3630 reptilia,
3085 3569 3183 3615 etc.

2304 3692 2564 3759 Videtur
2589 3694 2682 3757 ibi
2721 3712 2856 3759 esse
2894 3693 3337 3777 superfluitaS,
3382 3695 3536 3776 quia
3583 3711 3779 3760 omne

2223 3803 2462 3867 animal
2490 3804 2757 3868 brutum
2798 3802 3000 3867 bestia
3037 3807 3151 3867 est.
3183 3801 3251 3869 Si
3283 3807 3357 3868 tu
3394 3801 3568 3869 dicas
3603 3801 3777 3885 quod

2221 3908 2422 3974 bestia
2447 3914 2715 3975 vocatur
2741 3910 2984 3975 animal
3027 3909 3295 3975 brutum
3313 3957 3331 3987 ‚
3374 3911 3528 3993 quia
3552 3913 3771 3989 nocet3

2220 4022 2379 4081 tunc
2435 4017 2795 4099 {superfluit
2857 4018 3065 4082 dicere
3117 4017 3407 4100 reptilia.
3482 4017 3641 4083 Item
3704 4017 3777 4082 in

2221 4127 2498 4194 Psalmis
2538 4146 2675 4193 non
2716 4128 3121 4193 solummodo
3158 4134 3619 4201 enumerantur
3655 4130 3774 4211 ju-

2220 4239 2440 4301 menta
2459 4283 2477 4316 ,
2505 4240 2569 4300 et
2593 4236 2813 4300 bestiae
2832 4284 2851 4313 ‚
2882 4240 2949 4300 et.
2972 4235 3223 4318 reptilia
3242 4285 3259 4315 ,
3293 4237 3403 4305 sed
3430 4236 3622 4301 etiam
3654 4253 3774 4317 pe·-

2220 4363 2365 4410 cora
2400 4364 2416 4409 ε
2447 4363 2604 4426 ergo
2623 4344 2878 4411 videtur
2896 4345 3003 4409 hic
3023 4363 3158 4410 esse
3181 4344 3522 4413 diminutio
3552 4362 3778 4427 :quae-

2218 4453 2385 4517 ritur
2423 4453 2628 4535 igitur
2670 4452 2750 4518 de
2785 4453 3021 4517 horum
3063 4452 3265 4517 trium
3308 4440 3664 4517 differentia
3710 4455 3777 4517 et

2219 4560 2622 4625 sufficientia.
2678 4558 3003 4637 Quaeritur
3055 4561 3253 4627 etiam
3279 4609 3298 4640 ,
3353 4578 3503 4624 cum
3552 4558 3775 4624 omnia

2219 4671 2572 4735 animantia
2612 4689 2761 4753 quae
2806 4671 3057 4735 suntin
3116 4670 3279 4735 mari
3320 4671 3773 4735 contineantur

2218 4779 2340 4843 sub
2357 4798 2490 4843 una
2512 4779 2870 4847 diffenentia
2892 4778 3209 4858 animalis,
3232 4795 3381 4859 quae
3406 4782 3501 4841 est
3516 4776 3766 4860 reptile,

2219 4890 2282 4950 et
2310 4886 2599 4950 similiter
2640 4886 2860 4951 omnia
2901 4886 3253 4953 animantia
3285 4886 3450 4949 aeris
3487 4884 3607 4949 sub
3640 4904 3771 4951 una

2218 4993 2575 5058 differentia
2600 4993 2916 5074 animalis,
2946 5011 3093 5077 quae
3122 4997 3217 5057 est
3244 4991 3535 5071 volatile3
3567 5010 3768 5075 quare

2218 5118 2351 5165 non
2375 5100 2667 5167 similiter
2674 5102 2904 5177 omnia
2917 5100 3269 5166 animantia
3286 5104 3479 5165 terrae
3494 5100 3615 5165 sub
3629 5117 3765 5163 una

2218 5207 2574 5273 differentia
2596 5209 3063 5275 contineantur.

2297 5315 2483 5398 Resp.
2524 5315 2875 5382 Dicendum
2925 5316 3097 5400 quod
3133 5321 3305 5382 terra
3335 5316 3500 5379 inter
3532 5316 3764 5379 caetera

2217 5425 2532 5492 elementa
2556 5423 2776 5491 minus
2800 5428 2898 5490 est
2921 5425 3150 5493 decora
3178 5446 3197 5489 ι
3234 5424 3376 5491 ideo
3403 5422 3618 5504 magis
3651 5412 3761 5488 i'n-
