<?xml version="1.0" encoding="UTF-8"?>
<!DOCTYPE html PUBLIC "-//W3C//DTD XHTML 1.0 Transitional//EN"
    "http://www.w3.org/TR/xhtml1/DTD/xhtml1-transitional.dtd">
<html xmlns="http://www.w3.org/1999/xhtml" xml:lang="en" lang="en">
 <head>
  <title>
</title>
<meta http-equiv="Content-Type" content="text/html;charset=utf-8" />
  <meta name='ocr-system' content='tesseract 3.04.00' />
  <meta name='ocr-capabilities' content='ocr_page ocr_carea ocr_par ocr_line ocrx_word'/>
</head>
<body>
  <div class='ocr_page' id='page_1' title='image "./srecardinalissb01peltgoog_0106.png"; bbox 0 0 4125 6225; ppageno 0'>
   <div class='ocr_carea' id='block_1_1' title="bbox 668 379 2678 483">
    <p class='ocr_par' dir='ltr' id='par_1_1' title="bbox 668 379 2678 483">
     <span class='ocr_line' id='line_1_1' title="bbox 668 379 2678 483; baseline -0.011 -19"><span class='ocrx_word' id='word_1_1' title='bbox 668 404 747 483; x_wconf 69' lang='lat'>92</span> <span class='ocrx_word' id='word_1_2' title='bbox 1777 381 2396 455; x_wconf 86' lang='lat' dir='ltr'>SENTENTIARUM</span> <span class='ocrx_word' id='word_1_3' title='bbox 2436 379 2584 445; x_wconf 90' lang='lat' dir='ltr'><strong>LIB.</strong></span> <span class='ocrx_word' id='word_1_4' title='bbox 2630 379 2678 443; x_wconf 88' lang='grc' dir='ltr'>Ι.</span> 
     </span>
    </p>
   </div>
   <div class='ocr_carea' id='block_1_2' title="bbox 672 508 3843 722">
    <p class='ocr_par' dir='ltr' id='par_1_2' title="bbox 672 508 3843 722">
     <span class='ocr_line' id='line_1_2' title="bbox 672 508 3843 615; baseline -0.008 -17"><span class='ocrx_word' id='word_1_5' title='bbox 672 534 878 615; x_wconf 85' lang='lat' dir='ltr'>gloria</span> <span class='ocrx_word' id='word_1_6' title='bbox 935 550 1068 596; x_wconf 90' lang='lat' dir='ltr'>non</span> <span class='ocrx_word' id='word_1_7' title='bbox 1124 532 1308 596; x_wconf 90' lang='lat' dir='ltr'>debet</span> <span class='ocrx_word' id='word_1_8' title='bbox 1358 529 1482 595; x_wconf 91' lang='lat' dir='ltr'>dici</span> <span class='ocrx_word' id='word_1_9' title='bbox 1551 525 2032 611; x_wconf 80' lang='lat' dir='ltr'>praedestinata3</span> <span class='ocrx_word' id='word_1_10' title='bbox 2093 521 2201 586; x_wconf 86' lang='lat' dir='ltr'>sed</span> <span class='ocrx_word' id='word_1_11' title='bbox 2308 516 2599 582; x_wconf 83' lang='lat' dir='ltr'><strong>distrahit</strong></span> <span class='ocrx_word' id='word_1_12' title='bbox 2617 534 2656 579; x_wconf 91' lang='lat' dir='ltr'>a</span> <span class='ocrx_word' id='word_1_13' title='bbox 2677 513 2925 578; x_wconf 87' lang='lat' dir='ltr'>ratione</span> <span class='ocrx_word' id='word_1_14' title='bbox 2949 511 3252 589; x_wconf 71' lang='lat' dir='ltr'>scientiae,</span> <span class='ocrx_word' id='word_1_15' title='bbox 3286 509 3552 576; x_wconf 82' lang='lat' dir='ltr'>retinuit</span> <span class='ocrx_word' id='word_1_16' title='bbox 3576 508 3700 574; x_wconf 88' lang='lat' dir='ltr'>sibi</span> <span class='ocrx_word' id='word_1_17' title='bbox 3729 526 3843 574; x_wconf 88' lang='lat' dir='ltr'>no·</span> 
     </span>
     <span class='ocr_line' id='line_1_3' title="bbox 674 620 2920 722; baseline -0.008 -18"><span class='ocrx_word' id='word_1_18' title='bbox 674 642 867 705; x_wconf 91' lang='lat' dir='ltr'>homo</span> <span class='ocrx_word' id='word_1_19' title='bbox 892 640 1101 705; x_wconf 92' lang='lat' dir='ltr'>solum</span> <span class='ocrx_word' id='word_1_20' title='bbox 1126 640 1240 722; x_wconf 87' lang='lat' dir='ltr'>qui</span> <span class='ocrx_word' id='word_1_21' title='bbox 1268 637 1755 722; x_wconf 77' lang='lat' dir='ltr'>praedestinatur</span> <span class='ocrx_word' id='word_1_22' title='bbox 1781 633 1861 697; x_wconf 89' lang='lat' dir='ltr'>ad</span> <span class='ocrx_word' id='word_1_23' title='bbox 1902 631 2195 697; x_wconf 88' lang='lat' dir='ltr'>salutem.</span> <span class='ocrx_word' id='word_1_24' title='bbox 2307 643 2460 689; x_wconf 88' lang='lat' dir='ltr'>men</span> <span class='ocrx_word' id='word_1_25' title='bbox 2483 620 2920 707; x_wconf 83' lang='lat' dir='ltr'>praescientiae.</span> 
     </span>
    </p>
   </div>
   <div class='ocr_carea' id='block_1_3' title="bbox 1319 869 1564 917">
    <p class='ocr_par' dir='ltr' id='par_1_3' title="bbox 1319 869 1564 917">
     <span class='ocr_line' id='line_1_4' title="bbox 1319 869 1564 917; baseline -0.016 0"><span class='ocrx_word' id='word_1_26' title='bbox 1319 869 1564 917; x_wconf 78' lang='lat' dir='ltr'>DUB.1L</span> 
     </span>
    </p>
   </div>
   <div class='ocr_carea' id='block_1_4' title="bbox 1041 1013 1833 1073">
    <p class='ocr_par' dir='ltr' id='par_1_4' title="bbox 1041 1013 1833 1073">
     <span class='ocr_line' id='line_1_5' title="bbox 1041 1013 1833 1073; baseline -0.011 0"><span class='ocrx_word' id='word_1_27' title='bbox 1041 1023 1102 1073; x_wconf 87' lang='lat' dir='ltr'>Et</span> <span class='ocrx_word' id='word_1_28' title='bbox 1139 1021 1203 1071; x_wconf 88' lang='lat' dir='ltr'>de</span> <span class='ocrx_word' id='word_1_29' title='bbox 1237 1017 1532 1071; x_wconf 84' lang='lat' dir='ltr'>hominibus</span> <span class='ocrx_word' id='word_1_30' title='bbox 1562 1013 1833 1067; x_wconf 81' lang='lat' dir='ltr'>salvandis.</span> 
     </span>
    </p>
   </div>
   <div class='ocr_carea' id='block_1_5' title="bbox 646 1159 2209 2327">
    <p class='ocr_par' dir='ltr' id='par_1_5' title="bbox 670 1159 2207 1580">
     <span class='ocr_line' id='line_1_6' title="bbox 750 1159 2205 1254; baseline -0.008 -10"><span class='ocrx_word' id='word_1_31' title='bbox 750 1180 1013 1244; x_wconf 77' lang='lat' dir='ltr'>videtur</span> <span class='ocrx_word' id='word_1_32' title='bbox 1065 1159 1520 1241; x_wconf 73' lang='lat' dir='ltr'>&#39;insufficienter</span> <span class='ocrx_word' id='word_1_33' title='bbox 1563 1173 1811 1251; x_wconf 73' lang='lat' dir='ltr'>aioere3</span> <span class='ocrx_word' id='word_1_34' title='bbox 1856 1171 2010 1254; x_wconf 86' lang='lat' dir='ltr'>quia</span> <span class='ocrx_word' id='word_1_35' title='bbox 2054 1189 2205 1235; x_wconf 77' lang='lat' dir='ltr'>eum</span> 
     </span>
     <span class='ocr_line' id='line_1_7' title="bbox 671 1277 2205 1371; baseline -0.007 -20"><span class='ocrx_word' id='word_1_36' title='bbox 671 1285 1138 1371; x_wconf 77' lang='lat' dir='ltr'>praedestinatio</span> <span class='ocrx_word' id='word_1_37' title='bbox 1172 1285 1254 1347; x_wconf 91' lang='lat' dir='ltr'>sit</span> <span class='ocrx_word' id='word_1_38' title='bbox 1291 1281 1672 1366; x_wconf 87' lang='lat' dir='ltr'>praeparatio</span> <span class='ocrx_word' id='word_1_39' title='bbox 1700 1279 1925 1360; x_wconf 77' lang='lat' dir='ltr'>gratiae</span> <span class='ocrx_word' id='word_1_40' title='bbox 1965 1282 2029 1342; x_wconf 91' lang='lat' dir='ltr'>et</span> <span class='ocrx_word' id='word_1_41' title='bbox 2057 1277 2205 1359; x_wconf 92' lang='lat' dir='ltr'>glo-</span> 
     </span>
     <span class='ocr_line' id='line_1_8' title="bbox 670 1384 2207 1474; baseline -0.007 -15"><span class='ocrx_word' id='word_1_42' title='bbox 670 1396 787 1459; x_wconf 76' lang='lat' dir='ltr'>riae</span> <span class='ocrx_word' id='word_1_43' title='bbox 804 1442 822 1473; x_wconf 87' lang='lat'>‚</span> <span class='ocrx_word' id='word_1_44' title='bbox 869 1411 1028 1474; x_wconf 93' lang='lat' dir='ltr'>ergo</span> <span class='ocrx_word' id='word_1_45' title='bbox 1067 1410 1199 1455; x_wconf 92' lang='lat' dir='ltr'>non</span> <span class='ocrx_word' id='word_1_46' title='bbox 1238 1393 1488 1454; x_wconf 88' lang='lat' dir='ltr'>tantum</span> <span class='ocrx_word' id='word_1_47' title='bbox 1529 1391 1624 1452; x_wconf 85' lang='lat' dir='ltr'>est</span> <span class='ocrx_word' id='word_1_48' title='bbox 1665 1386 2006 1450; x_wconf 89' lang='lat' dir='ltr'>hominum</span> <span class='ocrx_word' id='word_1_49' title='bbox 2030 1433 2046 1462; x_wconf 87' lang='lat'><strong>‚</strong></span> <span class='ocrx_word' id='word_1_50' title='bbox 2098 1384 2207 1449; x_wconf 88' lang='lat' dir='ltr'>sed</span> 
     </span>
     <span class='ocr_line' id='line_1_9' title="bbox 671 1499 1287 1580; baseline -0.011 -14"><span class='ocrx_word' id='word_1_51' title='bbox 671 1502 863 1567; x_wconf 90' lang='lat' dir='ltr'>etiam</span> <span class='ocrx_word' id='word_1_52' title='bbox 884 1499 1287 1580; x_wconf 88' lang='lat' dir='ltr'>angelorum.</span> 
     </span>
    </p>

    <p class='ocr_par' dir='ltr' id='par_1_6' title="bbox 646 1601 2209 2327">
     <span class='ocr_line' id='line_1_10' title="bbox 753 1601 2206 1690; baseline -0.005 -19"><span class='ocrx_word' id='word_1_53' title='bbox 753 1608 934 1690; x_wconf 87' lang='lat' dir='ltr'>Resp.</span> <span class='ocrx_word' id='word_1_54' title='bbox 979 1605 1325 1670; x_wconf 83' lang='lat' dir='ltr'><strong>Dicendum</strong></span> <span class='ocrx_word' id='word_1_55' title='bbox 1359 1603 1531 1686; x_wconf 87' lang='lat' dir='ltr'>quod</span> <span class='ocrx_word' id='word_1_56' title='bbox 1566 1601 2036 1685; x_wconf 74' lang='lat' dir='ltr'>praedestinatio</span> <span class='ocrx_word' id='word_1_57' title='bbox 2073 1618 2206 1665; x_wconf 89' lang='lat' dir='ltr'>uno</span> 
     </span>
     <span class='ocr_line' id='line_1_11' title="bbox 673 1709 2207 1795; baseline -0.007 -14"><span class='ocrx_word' id='word_1_58' title='bbox 673 1716 862 1780; x_wconf 91' lang='lat' dir='ltr'>modo</span> <span class='ocrx_word' id='word_1_59' title='bbox 888 1714 1039 1779; x_wconf 90' lang='lat' dir='ltr'>dicit</span> <span class='ocrx_word' id='word_1_60' title='bbox 1063 1711 1597 1795; x_wconf 74' lang='lat' dir='ltr'>praeparationem</span> <span class='ocrx_word' id='word_1_61' title='bbox 1622 1709 1803 1788; x_wconf 83' lang='lat' dir='ltr'>boni,</span> <span class='ocrx_word' id='word_1_62' title='bbox 1829 1711 1894 1772; x_wconf 88' lang='lat' dir='ltr'>et</span> <span class='ocrx_word' id='word_1_63' title='bbox 1929 1709 2021 1771; x_wconf 89' lang='lat' dir='ltr'>sic</span> <span class='ocrx_word' id='word_1_64' title='bbox 2049 1726 2207 1772; x_wconf 90' lang='lat' dir='ltr'>con-</span> 
     </span>
     <span class='ocr_line' id='line_1_12' title="bbox 671 1813 2204 1897; baseline -0.006 -12"><span class='ocrx_word' id='word_1_65' title='bbox 671 1822 849 1887; x_wconf 82' lang='lat' dir='ltr'>venit</span> <span class='ocrx_word' id='word_1_66' title='bbox 867 1819 1240 1884; x_wconf 90' lang='lat' dir='ltr'>hominibus</span> <span class='ocrx_word' id='word_1_67' title='bbox 1264 1821 1328 1881; x_wconf 92' lang='lat' dir='ltr'>et</span> <span class='ocrx_word' id='word_1_68' title='bbox 1347 1817 1615 1897; x_wconf 85' lang='lat' dir='ltr'>angelis,</span> <span class='ocrx_word' id='word_1_69' title='bbox 1632 1820 1697 1879; x_wconf 89' lang='lat' dir='ltr'>et</span> <span class='ocrx_word' id='word_1_70' title='bbox 1717 1815 1910 1878; x_wconf 90' lang='lat' dir='ltr'>etiam</span> <span class='ocrx_word' id='word_1_71' title='bbox 1937 1813 2204 1879; x_wconf 87' lang='lat' dir='ltr'>Christo.</span> 
     </span>
     <span class='ocr_line' id='line_1_13' title="bbox 676 1921 2209 2008; baseline -0.008 -15"><span class='ocrx_word' id='word_1_72' title='bbox 676 1929 817 1993; x_wconf 81' lang='lat' dir='ltr'>Alio</span> <span class='ocrx_word' id='word_1_73' title='bbox 854 1927 1042 1991; x_wconf 88' lang='lat' dir='ltr'>modo</span> <span class='ocrx_word' id='word_1_74' title='bbox 1076 1926 1226 1990; x_wconf 86' lang='lat' dir='ltr'>dicit</span> <span class='ocrx_word' id='word_1_75' title='bbox 1261 1923 1793 2008; x_wconf 77' lang='lat' dir='ltr'>praeparationem</span> <span class='ocrx_word' id='word_1_76' title='bbox 1824 1921 2011 2000; x_wconf 85' lang='lat' dir='ltr'>boni,</span> <span class='ocrx_word' id='word_1_77' title='bbox 2039 1925 2104 1983; x_wconf 88' lang='lat' dir='ltr'>et</span> <span class='ocrx_word' id='word_1_78' title='bbox 2126 1921 2209 1982; x_wconf 91' lang='lat' dir='ltr'>li-</span> 
     </span>
     <span class='ocr_line' id='line_1_14' title="bbox 675 2027 2209 2110; baseline -0.007 -10"><span class='ocrx_word' id='word_1_79' title='bbox 675 2036 1067 2101; x_wconf 88' lang='lat' dir='ltr'>berationem</span> <span class='ocrx_word' id='word_1_80' title='bbox 1108 2052 1148 2097; x_wconf 90' lang='lat' dir='ltr'>a</span> <span class='ocrx_word' id='word_1_81' title='bbox 1177 2032 1385 2108; x_wconf 88' lang='lat' dir='ltr'>malo;</span> <span class='ocrx_word' id='word_1_82' title='bbox 1420 2030 1598 2096; x_wconf 84' lang='lat' dir='ltr'>etsie</span> <span class='ocrx_word' id='word_1_83' title='bbox 1626 2029 1861 2094; x_wconf 85' lang='lat' dir='ltr'>dicitur</span> <span class='ocrx_word' id='word_1_84' title='bbox 1883 2027 2209 2110; x_wconf 60' lang='lat' dir='ltr'>praedesti-</span> 
     </span>
     <span class='ocr_line' id='line_1_15' title="bbox 646 2133 2208 2224; baseline -0.008 -16"><span class='ocrx_word' id='word_1_85' title='bbox 646 2145 849 2224; x_wconf 83' lang='lat' dir='ltr'>natio</span> <span class='ocrx_word' id='word_1_86' title='bbox 873 2141 1268 2224; x_wconf 88' lang='lat' dir='ltr'>propositum</span> <span class='ocrx_word' id='word_1_87' title='bbox 1307 2137 1649 2202; x_wconf 88' lang='lat' dir='ltr'>miserendi</span> <span class='ocrx_word' id='word_1_88' title='bbox 1682 2158 1697 2199; x_wconf 73' lang='grc' dir='ltr'><strong>ι</strong></span> <span class='ocrx_word' id='word_1_89' title='bbox 1735 2140 1799 2199; x_wconf 90' lang='lat' dir='ltr'>et</span> <span class='ocrx_word' id='word_1_90' title='bbox 1831 2134 1921 2198; x_wconf 88' lang='lat' dir='ltr'>sic</span> <span class='ocrx_word' id='word_1_91' title='bbox 1955 2133 2208 2217; x_wconf 85' lang='lat' dir='ltr'>proprie</span> 
     </span>
     <span class='ocr_line' id='line_1_16' title="bbox 675 2240 2107 2327; baseline -0.008 -12"><span class='ocrx_word' id='word_1_92' title='bbox 675 2254 770 2315; x_wconf 90' lang='lat' dir='ltr'>est</span> <span class='ocrx_word' id='word_1_93' title='bbox 793 2249 1130 2314; x_wconf 88' lang='lat' dir='ltr'>hominum</span> <span class='ocrx_word' id='word_1_94' title='bbox 1163 2269 1177 2311; x_wconf 92' lang='lat'>:</span> <span class='ocrx_word' id='word_1_95' title='bbox 1208 2246 1383 2311; x_wconf 86' lang='lat' dir='ltr'>etsie</span> <span class='ocrx_word' id='word_1_96' title='bbox 1405 2245 1631 2327; x_wconf 89' lang='lat' dir='ltr'>accipit</span> <span class='ocrx_word' id='word_1_97' title='bbox 1656 2243 1956 2324; x_wconf 79' lang='lat' dir='ltr'>Magister</span> <span class='ocrx_word' id='word_1_98' title='bbox 1981 2240 2107 2304; x_wconf 91' lang='lat' dir='ltr'>hic.</span> 
     </span>
    </p>
   </div>
   <div class='ocr_carea' id='block_1_6' title="bbox 1297 2459 1572 2505">
    <p class='ocr_par' dir='ltr' id='par_1_7' title="bbox 1297 2459 1572 2505">
     <span class='ocr_line' id='line_1_17' title="bbox 1297 2459 1572 2505; baseline -0.004 0"><span class='ocrx_word' id='word_1_99' title='bbox 1297 2459 1572 2505; x_wconf 82' lang='lat' dir='ltr'>DUB.1u.</span> 
     </span>
    </p>
   </div>
   <div class='ocr_carea' id='block_1_7' title="bbox 673 2576 2215 5436">
    <p class='ocr_par' dir='ltr' id='par_1_8' title="bbox 677 2576 2209 2716">
     <span class='ocr_line' id='line_1_18' title="bbox 677 2576 2209 2649; baseline -0.007 -13"><span class='ocrx_word' id='word_1_100' title='bbox 677 2583 1058 2636; x_wconf 83' lang='lat' dir='ltr'>Praedestinatio</span> <span class='ocrx_word' id='word_1_101' title='bbox 1095 2586 1172 2633; x_wconf 86' lang='lat' dir='ltr'>est</span> <span class='ocrx_word' id='word_1_102' title='bbox 1216 2581 1389 2646; x_wconf 79' lang='lat' dir='ltr'>gratiae</span> <span class='ocrx_word' id='word_1_103' title='bbox 1422 2579 1726 2649; x_wconf 78' lang='lat' dir='ltr'>praeparatio</span> <span class='ocrx_word' id='word_1_104' title='bbox 1740 2615 1756 2641; x_wconf 92' lang='lat'>,</span> <span class='ocrx_word' id='word_1_105' title='bbox 1786 2591 1899 2642; x_wconf 78' lang='lat' dir='ltr'>quae</span> <span class='ocrx_word' id='word_1_106' title='bbox 1934 2576 2043 2627; x_wconf 88' lang='lat' dir='ltr'>sine</span> <span class='ocrx_word' id='word_1_107' title='bbox 2076 2590 2209 2641; x_wconf 81' lang='lat' dir='ltr'>prae-</span> 
     </span>
     <span class='ocr_line' id='line_1_19' title="bbox 1101 2654 1790 2716; baseline -0.009 -11"><span class='ocrx_word' id='word_1_108' title='bbox 1101 2654 1311 2705; x_wconf 85' lang='lat' dir='ltr'>scientia</span> <span class='ocrx_word' id='word_1_109' title='bbox 1333 2666 1444 2702; x_wconf 87' lang='lat' dir='ltr'>esse</span> <span class='ocrx_word' id='word_1_110' title='bbox 1471 2665 1578 2702; x_wconf 91' lang='lat' dir='ltr'>non</span> <span class='ocrx_word' id='word_1_111' title='bbox 1605 2654 1790 2716; x_wconf 86' lang='lat' dir='ltr'>potest.</span> 
     </span>
    </p>

    <p class='ocr_par' dir='ltr' id='par_1_9' title="bbox 673 2778 2215 4349">
     <span class='ocr_line' id='line_1_20' title="bbox 752 2778 2213 2862; baseline -0.006 -12"><span class='ocrx_word' id='word_1_112' title='bbox 752 2784 1015 2850; x_wconf 79' lang='lat' dir='ltr'>Videtur</span> <span class='ocrx_word' id='word_1_113' title='bbox 1049 2782 1214 2846; x_wconf 91' lang='lat' dir='ltr'>male</span> <span class='ocrx_word' id='word_1_114' title='bbox 1242 2782 1450 2846; x_wconf 86' lang='lat' dir='ltr'>dicere</span> <span class='ocrx_word' id='word_1_115' title='bbox 1472 2801 1488 2858; x_wconf 93' lang='lat'>;</span> <span class='ocrx_word' id='word_1_116' title='bbox 1514 2779 1667 2861; x_wconf 89' lang='lat' dir='ltr'>quia</span> <span class='ocrx_word' id='word_1_117' title='bbox 1695 2778 2093 2862; x_wconf 77' lang='lat' dir='ltr'>praescientia</span> <span class='ocrx_word' id='word_1_118' title='bbox 2119 2782 2213 2841; x_wconf 84' lang='lat' dir='ltr'>est</span> 
     </span>
     <span class='ocr_line' id='line_1_21' title="bbox 675 2884 2212 2972; baseline -0.005 -17"><span class='ocrx_word' id='word_1_119' title='bbox 675 2892 1024 2971; x_wconf 88' lang='lat' dir='ltr'>malorum,</span> <span class='ocrx_word' id='word_1_120' title='bbox 1055 2890 1231 2955; x_wconf 90' lang='lat' dir='ltr'>unde</span> <span class='ocrx_word' id='word_1_121' title='bbox 1258 2887 1532 2972; x_wconf 77' lang='lat' dir='ltr'>praesciti</span> <span class='ocrx_word' id='word_1_122' title='bbox 1564 2886 1863 2949; x_wconf 88' lang='lat' dir='ltr'>dicuntur</span> <span class='ocrx_word' id='word_1_123' title='bbox 1889 2885 2070 2963; x_wconf 89' lang='lat' dir='ltr'>mali;</span> <span class='ocrx_word' id='word_1_124' title='bbox 2103 2884 2212 2948; x_wconf 90' lang='lat' dir='ltr'>sed</span> 
     </span>
     <span class='ocr_line' id='line_1_22' title="bbox 675 2996 2212 3082; baseline -0.006 -19"><span class='ocrx_word' id='word_1_125' title='bbox 675 2998 1146 3082; x_wconf 82' lang='lat' dir='ltr'>praedestinatio</span> <span class='ocrx_word' id='word_1_126' title='bbox 1186 2998 1504 3061; x_wconf 87' lang='lat' dir='ltr'>bonorum</span> <span class='ocrx_word' id='word_1_127' title='bbox 1537 3016 1552 3057; x_wconf 89' lang='lat'>:</span> <span class='ocrx_word' id='word_1_128' title='bbox 1611 3011 1767 3073; x_wconf 88' lang='lat' dir='ltr'>ergo</span> <span class='ocrx_word' id='word_1_129' title='bbox 1819 2996 2021 3074; x_wconf 88' lang='lat' dir='ltr'>potest</span> <span class='ocrx_word' id='word_1_130' title='bbox 2076 3010 2212 3055; x_wconf 87' lang='lat' dir='ltr'>esse</span> 
     </span>
     <span class='ocr_line' id='line_1_23' title="bbox 675 3099 2210 3191; baseline -0.007 -20"><span class='ocrx_word' id='word_1_131' title='bbox 675 3105 1140 3191; x_wconf 77' lang='lat' dir='ltr'>praedestinatio</span> <span class='ocrx_word' id='word_1_132' title='bbox 1165 3105 1301 3168; x_wconf 90' lang='lat' dir='ltr'>sine</span> <span class='ocrx_word' id='word_1_133' title='bbox 1336 3101 1755 3185; x_wconf 60' lang='lat' dir='ltr'>praescientia,</span> <span class='ocrx_word' id='word_1_134' title='bbox 1784 3099 1947 3163; x_wconf 90' lang='lat' dir='ltr'>sicut</span> <span class='ocrx_word' id='word_1_135' title='bbox 1977 3117 2012 3163; x_wconf 93' lang='lat' dir='ltr'>e</span> <span class='ocrx_word' id='word_1_136' title='bbox 2050 3117 2210 3162; x_wconf 90' lang='lat' dir='ltr'>con-</span> 
     </span>
     <span class='ocr_line' id='line_1_24' title="bbox 673 3206 2212 3291; baseline -0.006 -13"><span class='ocrx_word' id='word_1_137' title='bbox 673 3232 883 3278; x_wconf 83' lang='lat' dir='ltr'>verso.</span> <span class='ocrx_word' id='word_1_138' title='bbox 914 3212 982 3277; x_wconf 92' lang='lat' dir='ltr'>Si</span> <span class='ocrx_word' id='word_1_139' title='bbox 1007 3213 1176 3277; x_wconf 87' lang='lat' dir='ltr'>dicas</span> <span class='ocrx_word' id='word_1_140' title='bbox 1215 3211 1377 3275; x_wconf 87' lang='lat' dir='ltr'>mihi</span> <span class='ocrx_word' id='word_1_141' title='bbox 1404 3209 1576 3291; x_wconf 88' lang='lat' dir='ltr'>quod</span> <span class='ocrx_word' id='word_1_142' title='bbox 1610 3206 2082 3290; x_wconf 75' lang='lat' dir='ltr'>praedestinatio</span> <span class='ocrx_word' id='word_1_143' title='bbox 2118 3208 2212 3269; x_wconf 90' lang='lat' dir='ltr'>est</span> 
     </span>
     <span class='ocr_line' id='line_1_25' title="bbox 681 3315 2213 3402; baseline -0.004 -20"><span class='ocrx_word' id='word_1_144' title='bbox 681 3320 950 3402; x_wconf 89' lang='lat' dir='ltr'>speciale</span> <span class='ocrx_word' id='word_1_145' title='bbox 970 3368 987 3397; x_wconf 87' lang='lat'>‚</span> <span class='ocrx_word' id='word_1_146' title='bbox 1038 3319 1148 3382; x_wconf 87' lang='lat' dir='ltr'>sed</span> <span class='ocrx_word' id='word_1_147' title='bbox 1196 3315 1592 3400; x_wconf 86' lang='lat' dir='ltr'>praescientia</span> <span class='ocrx_word' id='word_1_148' title='bbox 1631 3319 1724 3377; x_wconf 55' lang='lat' dir='ltr'>ost</span> <span class='ocrx_word' id='word_1_149' title='bbox 1767 3331 2110 3377; x_wconf 90' lang='lat' dir='ltr'>commune</span> <span class='ocrx_word' id='word_1_150' title='bbox 2151 3316 2213 3376; x_wconf 89' lang='lat' dir='ltr'>et</span> 
     </span>
     <span class='ocr_line' id='line_1_26' title="bbox 676 3421 2213 3509; baseline -0.003 -21"><span class='ocrx_word' id='word_1_151' title='bbox 676 3426 985 3509; x_wconf 81' lang='lat' dir='ltr'>speciale3</span> <span class='ocrx_word' id='word_1_152' title='bbox 1033 3431 1186 3490; x_wconf 88' lang='lat' dir='ltr'>tunc</span> <span class='ocrx_word' id='word_1_153' title='bbox 1225 3441 1478 3506; x_wconf 82' lang='lat' dir='ltr'>quaer0‚</span> <span class='ocrx_word' id='word_1_154' title='bbox 1526 3439 1726 3503; x_wconf 87' lang='lat' dir='ltr'>quare</span> <span class='ocrx_word' id='word_1_155' title='bbox 1788 3421 1995 3501; x_wconf 88' lang='lat' dir='ltr'>magis</span> <span class='ocrx_word' id='word_1_156' title='bbox 2044 3438 2213 3503; x_wconf 84' lang='lat' dir='ltr'>prae-</span> 
     </span>
     <span class='ocr_line' id='line_1_27' title="bbox 676 3527 2212 3615; baseline -0.004 -18"><span class='ocrx_word' id='word_1_157' title='bbox 676 3533 938 3598; x_wconf 87' lang='lat' dir='ltr'>scientia</span> <span class='ocrx_word' id='word_1_158' title='bbox 999 3531 1440 3615; x_wconf 80' lang='lat' dir='ltr'>approprietur</span> <span class='ocrx_word' id='word_1_159' title='bbox 1488 3527 1913 3610; x_wconf 75' lang='lat' dir='ltr'>reprobationi</span> <span class='ocrx_word' id='word_1_160' title='bbox 1941 3575 1959 3606; x_wconf 90' lang='lat'>‚</span> <span class='ocrx_word' id='word_1_161' title='bbox 2015 3545 2212 3609; x_wconf 84' lang='lat' dir='ltr'>quam</span> 
     </span>
     <span class='ocr_line' id='line_1_28' title="bbox 676 3634 2214 3724; baseline -0.005 -19"><span class='ocrx_word' id='word_1_162' title='bbox 676 3639 1232 3724; x_wconf 79' lang='lat' dir='ltr'>praedestinationi.</span> <span class='ocrx_word' id='word_1_163' title='bbox 1251 3638 1349 3702; x_wconf 86' lang='lat' dir='ltr'>Ad</span> <span class='ocrx_word' id='word_1_164' title='bbox 1367 3637 1488 3701; x_wconf 92' lang='lat' dir='ltr'>hoc</span> <span class='ocrx_word' id='word_1_165' title='bbox 1516 3641 1611 3700; x_wconf 90' lang='lat' dir='ltr'>est</span> <span class='ocrx_word' id='word_1_166' title='bbox 1632 3652 1806 3699; x_wconf 90' lang='lat' dir='ltr'>unus</span> <span class='ocrx_word' id='word_1_167' title='bbox 1833 3634 2062 3698; x_wconf 89' lang='lat' dir='ltr'>modus</span> <span class='ocrx_word' id='word_1_168' title='bbox 2087 3653 2214 3698; x_wconf 91' lang='lat' dir='ltr'>res-</span> 
     </span>
     <span class='ocr_line' id='line_1_29' title="bbox 678 3742 2207 3831; baseline -0.004 -20"><span class='ocrx_word' id='word_1_169' title='bbox 678 3747 993 3831; x_wconf 85' lang='lat' dir='ltr'>pondendi</span> <span class='ocrx_word' id='word_1_170' title='bbox 1017 3796 1034 3827; x_wconf 91' lang='lat'>‚</span> <span class='ocrx_word' id='word_1_171' title='bbox 1082 3746 1252 3829; x_wconf 89' lang='lat' dir='ltr'>quod</span> <span class='ocrx_word' id='word_1_172' title='bbox 1298 3744 1448 3829; x_wconf 89' lang='lat' dir='ltr'>quia</span> <span class='ocrx_word' id='word_1_173' title='bbox 1484 3742 1950 3827; x_wconf 68' lang='lat' dir='ltr'>praedestinatio</span> <span class='ocrx_word' id='word_1_174' title='bbox 1998 3742 2207 3823; x_wconf 87' lang='lat' dir='ltr'>addit,</span> 
     </span>
     <span class='ocr_line' id='line_1_30' title="bbox 676 3849 2213 3935; baseline -0.003 -18"><span class='ocrx_word' id='word_1_175' title='bbox 676 3855 818 3917; x_wconf 85' lang='lat' dir='ltr'>idco</span> <span class='ocrx_word' id='word_1_176' title='bbox 869 3854 1095 3917; x_wconf 89' lang='lat' dir='ltr'>hahuit</span> <span class='ocrx_word' id='word_1_177' title='bbox 1154 3871 1388 3917; x_wconf 90' lang='lat' dir='ltr'>nomen</span> <span class='ocrx_word' id='word_1_178' title='bbox 1433 3852 1803 3935; x_wconf 90' lang='lat' dir='ltr'>proprium;</span> <span class='ocrx_word' id='word_1_179' title='bbox 1853 3849 2213 3932; x_wconf 83' lang='lat' dir='ltr'>reprobatio</span> 
     </span>
     <span class='ocr_line' id='line_1_31' title="bbox 678 3958 2209 4040; baseline -0.005 -14"><span class='ocrx_word' id='word_1_180' title='bbox 678 3981 830 4026; x_wconf 83' lang='lat' dir='ltr'>vero</span> <span class='ocrx_word' id='word_1_181' title='bbox 870 3980 1031 4040; x_wconf 91' lang='lat' dir='ltr'>non,</span> <span class='ocrx_word' id='word_1_182' title='bbox 1079 3960 1220 4023; x_wconf 91' lang='lat' dir='ltr'>ideo</span> <span class='ocrx_word' id='word_1_183' title='bbox 1266 3958 1525 4022; x_wconf 89' lang='lat' dir='ltr'>retinuit</span> <span class='ocrx_word' id='word_1_184' title='bbox 1568 3975 1804 4020; x_wconf 87' lang='lat' dir='ltr'>nomen</span> <span class='ocrx_word' id='word_1_185' title='bbox 1846 3974 2209 4020; x_wconf 90' lang='lat' dir='ltr'>commune.</span> 
     </span>
     <span class='ocr_line' id='line_1_32' title="bbox 678 4064 2215 4151; baseline -0.005 -17"><span class='ocrx_word' id='word_1_186' title='bbox 678 4070 798 4135; x_wconf 89' lang='lat' dir='ltr'>Sed</span> <span class='ocrx_word' id='word_1_187' title='bbox 817 4087 944 4151; x_wconf 90' lang='lat' dir='ltr'>quo</span> <span class='ocrx_word' id='word_1_188' title='bbox 966 4067 1155 4131; x_wconf 91' lang='lat' dir='ltr'>modo</span> <span class='ocrx_word' id='word_1_189' title='bbox 1171 4065 1361 4129; x_wconf 89' lang='lat' dir='ltr'>habet</span> <span class='ocrx_word' id='word_1_190' title='bbox 1382 4064 1541 4129; x_wconf 90' lang='lat' dir='ltr'>illud</span> <span class='ocrx_word' id='word_1_191' title='bbox 1562 4065 1918 4141; x_wconf 85' lang='lat' dir='ltr'>veritatem,</span> <span class='ocrx_word' id='word_1_192' title='bbox 1945 4083 2095 4127; x_wconf 90' lang='lat' dir='ltr'>cum</span> <span class='ocrx_word' id='word_1_193' title='bbox 2109 4083 2215 4128; x_wconf 94' lang='lat' dir='ltr'>re-</span> 
     </span>
     <span class='ocr_line' id='line_1_33' title="bbox 678 4172 2214 4260; baseline -0.003 -20"><span class='ocrx_word' id='word_1_194' title='bbox 678 4175 966 4260; x_wconf 87' lang='lat' dir='ltr'>probatio</span> <span class='ocrx_word' id='word_1_195' title='bbox 1013 4175 1093 4238; x_wconf 87' lang='lat' dir='ltr'>sit</span> <span class='ocrx_word' id='word_1_196' title='bbox 1127 4172 1525 4256; x_wconf 63' lang='lat' dir='ltr'>praescientia</span> <span class='ocrx_word' id='word_1_197' title='bbox 1550 4190 1759 4254; x_wconf 81' lang='lat' dir='ltr'>poenae</span> <span class='ocrx_word' id='word_1_198' title='bbox 1779 4220 1797 4251; x_wconf 84' lang='lat'>,</span> <span class='ocrx_word' id='word_1_199' title='bbox 1838 4174 2024 4253; x_wconf 89' lang='lat' dir='ltr'>cujus</span> <span class='ocrx_word' id='word_1_200' title='bbox 2048 4172 2214 4236; x_wconf 92' lang='lat' dir='ltr'>Deus</span> 
     </span>
     <span class='ocr_line' id='line_1_34' title="bbox 678 4283 1030 4349; baseline -0.011 0"><span class='ocrx_word' id='word_1_201' title='bbox 678 4289 771 4349; x_wconf 86' lang='lat' dir='ltr'>est</span> <span class='ocrx_word' id='word_1_202' title='bbox 796 4283 1030 4347; x_wconf 74' lang='lat' dir='ltr'>causa?</span> 
     </span>
    </p>

    <p class='ocr_par' dir='ltr' id='par_1_10' title="bbox 676 4385 2215 5436">
     <span class='ocr_line' id='line_1_35' title="bbox 759 4385 2212 4474; baseline -0.002 -20"><span class='ocrx_word' id='word_1_203' title='bbox 759 4391 836 4455; x_wconf 88' lang='lat' dir='ltr'>Et</span> <span class='ocrx_word' id='word_1_204' title='bbox 862 4391 1196 4474; x_wconf 87' lang='lat' dir='ltr'>propterea</span> <span class='ocrx_word' id='word_1_205' title='bbox 1221 4390 1315 4451; x_wconf 87' lang='lat' dir='ltr'>est</span> <span class='ocrx_word' id='word_1_206' title='bbox 1347 4385 1686 4451; x_wconf 90' lang='lat' dir='ltr'>dicendum</span> <span class='ocrx_word' id='word_1_207' title='bbox 1711 4386 1884 4468; x_wconf 86' lang='lat' dir='ltr'>quod</span> <span class='ocrx_word' id='word_1_208' title='bbox 1909 4405 2040 4451; x_wconf 91' lang='lat' dir='ltr'>non</span> <span class='ocrx_word' id='word_1_209' title='bbox 2068 4391 2212 4451; x_wconf 88' lang='lat' dir='ltr'>tan-</span> 
     </span>
     <span class='ocr_line' id='line_1_36' title="bbox 676 4493 2213 4579; baseline -0.003 -17"><span class='ocrx_word' id='word_1_210' title='bbox 676 4503 818 4563; x_wconf 92' lang='lat' dir='ltr'>tum</span> <span class='ocrx_word' id='word_1_211' title='bbox 843 4498 1037 4573; x_wconf 81' lang='lat' dir='ltr'>addit,</span> <span class='ocrx_word' id='word_1_212' title='bbox 1069 4496 1240 4579; x_wconf 91' lang='lat' dir='ltr'>quod</span> <span class='ocrx_word' id='word_1_213' title='bbox 1270 4497 1360 4559; x_wconf 87' lang='lat' dir='ltr'>ita</span> <span class='ocrx_word' id='word_1_214' title='bbox 1384 4495 1712 4560; x_wconf 88' lang='lat' dir='ltr'>distrahat.</span> <span class='ocrx_word' id='word_1_215' title='bbox 1746 4493 1908 4559; x_wconf 90' lang='lat' dir='ltr'>Nam</span> <span class='ocrx_word' id='word_1_216' title='bbox 1931 4496 2213 4577; x_wconf 78' lang='lat' dir='ltr'>praedes-</span> 
     </span>
     <span class='ocr_line' id='line_1_37' title="bbox 677 4601 2215 4684; baseline -0.002 -15"><span class='ocrx_word' id='word_1_217' title='bbox 677 4606 904 4670; x_wconf 87' lang='lat' dir='ltr'>tinatio</span> <span class='ocrx_word' id='word_1_218' title='bbox 952 4604 1059 4668; x_wconf 89' lang='lat' dir='ltr'>dat</span> <span class='ocrx_word' id='word_1_219' title='bbox 1111 4603 1469 4683; x_wconf 87' lang='lat' dir='ltr'>intelligere</span> <span class='ocrx_word' id='word_1_220' title='bbox 1505 4601 2011 4683; x_wconf 85' lang='lat' dir='ltr'>beneplacitum:</span> <span class='ocrx_word' id='word_1_221' title='bbox 2042 4603 2215 4684; x_wconf 87' lang='lat' dir='ltr'>quod</span> 
     </span>
     <span class='ocr_line' id='line_1_38' title="bbox 677 4709 2214 4805; baseline -0.004 -28"><span class='ocrx_word' id='word_1_222' title='bbox 677 4712 874 4777; x_wconf 88' lang='lat' dir='ltr'>trahit</span> <span class='ocrx_word' id='word_1_223' title='bbox 896 4712 1101 4794; x_wconf 86' lang='lat' dir='ltr'>ipsam</span> <span class='ocrx_word' id='word_1_224' title='bbox 1122 4712 1190 4773; x_wconf 90' lang='lat' dir='ltr'>in</span> <span class='ocrx_word' id='word_1_225' title='bbox 1210 4727 1417 4791; x_wconf 88' lang='lat' dir='ltr'>genus</span> <span class='ocrx_word' id='word_1_226' title='bbox 1434 4709 1715 4805; x_wconf 79' lang='lat' dir='ltr'>scientiae</span> <span class='ocrx_word' id='word_1_227' title='bbox 1743 4710 2034 4791; x_wconf 86' lang='lat' dir='ltr'>practicae</span> <span class='ocrx_word' id='word_1_228' title='bbox 2057 4709 2214 4772; x_wconf 89' lang='lat' dir='ltr'>sim-</span> 
     </span>
     <span class='ocr_line' id='line_1_39' title="bbox 677 4815 2213 4904; baseline -0.003 -20"><span class='ocrx_word' id='word_1_229' title='bbox 677 4820 956 4904; x_wconf 84' lang='lat' dir='ltr'>pliciter,</span> <span class='ocrx_word' id='word_1_230' title='bbox 989 4836 1065 4882; x_wconf 92' lang='lat' dir='ltr'>eo</span> <span class='ocrx_word' id='word_1_231' title='bbox 1088 4817 1259 4900; x_wconf 83' lang='lat' dir='ltr'>quod</span> <span class='ocrx_word' id='word_1_232' title='bbox 1285 4815 1750 4899; x_wconf 86' lang='lat' dir='ltr'>beneplacitum</span> <span class='ocrx_word' id='word_1_233' title='bbox 1786 4819 1880 4880; x_wconf 90' lang='lat' dir='ltr'>est</span> <span class='ocrx_word' id='word_1_234' title='bbox 1908 4816 2213 4899; x_wconf 90' lang='lat' dir='ltr'>simplici-</span> 
     </span>
     <span class='ocr_line' id='line_1_40' title="bbox 676 4923 2214 5005; baseline -0.001 -14"><span class='ocrx_word' id='word_1_235' title='bbox 676 4931 776 4991; x_wconf 90' lang='lat' dir='ltr'>ter</span> <span class='ocrx_word' id='word_1_236' title='bbox 800 4930 864 4991; x_wconf 85' lang='lat' dir='ltr'>et</span> <span class='ocrx_word' id='word_1_237' title='bbox 879 4926 1162 4990; x_wconf 84' lang='lat' dir='ltr'>absolute</span> <span class='ocrx_word' id='word_1_238' title='bbox 1187 4927 1481 5005; x_wconf 89' lang='lat' dir='ltr'>respectu</span> <span class='ocrx_word' id='word_1_239' title='bbox 1498 4923 1691 4987; x_wconf 82' lang='lat' dir='ltr'>totius</span> <span class='ocrx_word' id='word_1_240' title='bbox 1713 4925 2033 4988; x_wconf 88' lang='lat' dir='ltr'>connotati</span> <span class='ocrx_word' id='word_1_241' title='bbox 2064 4946 2080 4989; x_wconf 71' lang='grc' dir='ltr'>ε</span> <span class='ocrx_word' id='word_1_242' title='bbox 2105 4924 2214 4989; x_wconf 89' lang='lat' dir='ltr'>sed</span> 
     </span>
     <span class='ocr_line' id='line_1_41' title="bbox 677 5028 2215 5112; baseline -0.001 -15"><span class='ocrx_word' id='word_1_243' title='bbox 677 5051 812 5098; x_wconf 91' lang='lat' dir='ltr'>non</span> <span class='ocrx_word' id='word_1_244' title='bbox 850 5032 943 5096; x_wconf 89' lang='lat' dir='ltr'>sic</span> <span class='ocrx_word' id='word_1_245' title='bbox 975 5037 1070 5096; x_wconf 90' lang='lat' dir='ltr'>est</span> <span class='ocrx_word' id='word_1_246' title='bbox 1103 5031 1179 5095; x_wconf 91' lang='lat' dir='ltr'>de</span> <span class='ocrx_word' id='word_1_247' title='bbox 1216 5028 1688 5112; x_wconf 83' lang='lat' dir='ltr'>reprobatione,</span> <span class='ocrx_word' id='word_1_248' title='bbox 1726 5029 1878 5112; x_wconf 89' lang='lat' dir='ltr'>quia</span> <span class='ocrx_word' id='word_1_249' title='bbox 1918 5030 2215 5095; x_wconf 85' lang='lat' dir='ltr'>voluntas</span> 
     </span>
     <span class='ocr_line' id='line_1_42' title="bbox 678 5134 2213 5221; baseline -0.003 -16"><span class='ocrx_word' id='word_1_250' title='bbox 678 5158 812 5205; x_wconf 91' lang='lat' dir='ltr'>non</span> <span class='ocrx_word' id='word_1_251' title='bbox 854 5143 950 5203; x_wconf 92' lang='lat' dir='ltr'>est</span> <span class='ocrx_word' id='word_1_252' title='bbox 977 5141 1268 5221; x_wconf 86' lang='lat' dir='ltr'>respectu</span> <span class='ocrx_word' id='word_1_253' title='bbox 1311 5134 1463 5199; x_wconf 90' lang='lat' dir='ltr'>mali</span> <span class='ocrx_word' id='word_1_254' title='bbox 1495 5134 1703 5217; x_wconf 77' lang='lat' dir='ltr'>culpae</span> <span class='ocrx_word' id='word_1_255' title='bbox 1723 5183 1743 5215; x_wconf 88' lang='lat'>,</span> <span class='ocrx_word' id='word_1_256' title='bbox 1786 5137 1895 5201; x_wconf 89' lang='lat' dir='ltr'>sed</span> <span class='ocrx_word' id='word_1_257' title='bbox 1921 5141 2213 5220; x_wconf 90' lang='lat' dir='ltr'>respectu</span> 
     </span>
     <span class='ocr_line' id='line_1_43' title="bbox 679 5245 2210 5329; baseline -0.003 -18"><span class='ocrx_word' id='word_1_258' title='bbox 679 5264 907 5329; x_wconf 85' lang='lat' dir='ltr'>poenae.</span> <span class='ocrx_word' id='word_1_259' title='bbox 939 5245 1045 5309; x_wconf 87' lang='lat' dir='ltr'>Est</span> <span class='ocrx_word' id='word_1_260' title='bbox 1083 5249 1146 5309; x_wconf 86' lang='lat' dir='ltr'>et</span> <span class='ocrx_word' id='word_1_261' title='bbox 1168 5261 1563 5326; x_wconf 85' lang='lat' dir='ltr'>consequens</span> <span class='ocrx_word' id='word_1_262' title='bbox 1582 5291 1600 5322; x_wconf 84' lang='lat'>,</span> <span class='ocrx_word' id='word_1_263' title='bbox 1636 5260 1768 5307; x_wconf 91' lang='lat' dir='ltr'>non</span> <span class='ocrx_word' id='word_1_264' title='bbox 1794 5245 2171 5309; x_wconf 79' lang='lat' dir='ltr'>antecedens</span> <span class='ocrx_word' id='word_1_265' title='bbox 2192 5293 2210 5323; x_wconf 84' lang='lat'>‚</span> 
     </span>
     <span class='ocr_line' id='line_1_44' title="bbox 682 5345 2215 5436; baseline 0.001 -19"><span class='ocrx_word' id='word_1_266' title='bbox 682 5356 746 5418; x_wconf 91' lang='lat' dir='ltr'>et</span> <span class='ocrx_word' id='word_1_267' title='bbox 772 5354 955 5436; x_wconf 84' lang='lat' dir='ltr'>quasi</span> <span class='ocrx_word' id='word_1_268' title='bbox 982 5357 1219 5430; x_wconf 83' lang='lat' dir='ltr'>tracta;</span> <span class='ocrx_word' id='word_1_269' title='bbox 1253 5354 1318 5416; x_wconf 88' lang='lat' dir='ltr'>et</span> <span class='ocrx_word' id='word_1_270' title='bbox 1349 5345 1608 5435; x_wconf 82' lang='lat' dir='ltr'>propter</span> <span class='ocrx_word' id='word_1_271' title='bbox 1638 5349 1761 5416; x_wconf 89' lang='lat' dir='ltr'>hoc</span> <span class='ocrx_word' id='word_1_272' title='bbox 1801 5350 1972 5433; x_wconf 87' lang='lat' dir='ltr'>quod</span> <span class='ocrx_word' id='word_1_273' title='bbox 1997 5351 2215 5418; x_wconf 88' lang='lat' dir='ltr'>minus</span> 
     </span>
    </p>
   </div>
   <div class='ocr_carea' id='block_1_8' title="bbox 2944 830 3204 877">
    <p class='ocr_par' dir='ltr' id='par_1_11' title="bbox 2944 830 3204 877">
     <span class='ocr_line' id='line_1_45' title="bbox 2944 830 3204 877; baseline -0.008 0"><span class='ocrx_word' id='word_1_274' title='bbox 2944 830 3204 877; x_wconf 81' lang='lat' dir='ltr'>DUB.1v.</span> 
     </span>
    </p>
   </div>
   <div class='ocr_carea' id='block_1_9' title="bbox 2328 945 3833 1015">
    <p class='ocr_par' dir='ltr' id='par_1_12' title="bbox 2328 945 3833 1015">
     <span class='ocr_line' id='line_1_46' title="bbox 2328 945 3833 1015; baseline -0.007 -12"><span class='ocrx_word' id='word_1_275' title='bbox 2328 952 2521 1014; x_wconf 86' lang='lat' dir='ltr'>Quibus</span> <span class='ocrx_word' id='word_1_276' title='bbox 2541 951 2914 1015; x_wconf 84' lang='lat' dir='ltr'>respondemus</span> <span class='ocrx_word' id='word_1_277' title='bbox 2939 962 3005 999; x_wconf 81' lang='lat' dir='ltr'>ex</span> <span class='ocrx_word' id='word_1_278' title='bbox 3033 961 3095 999; x_wconf 87' lang='lat' dir='ltr'>ea</span> <span class='ocrx_word' id='word_1_279' title='bbox 3116 947 3313 997; x_wconf 86' lang='lat' dir='ltr'>ratione</span> <span class='ocrx_word' id='word_1_280' title='bbox 3339 945 3532 997; x_wconf 85' lang='lat' dir='ltr'>dictum</span> <span class='ocrx_word' id='word_1_281' title='bbox 3556 957 3705 1007; x_wconf 86' lang='lat' dir='ltr'>esse,</span> <span class='ocrx_word' id='word_1_282' title='bbox 3731 946 3833 997; x_wconf 77' lang='lat' dir='ltr'>etc.</span> 
     </span>
    </p>
   </div>
   <div class='ocr_carea' id='block_1_10' title="bbox 2311 1073 3875 5435">
    <p class='ocr_par' dir='ltr' id='par_1_13' title="bbox 2311 1073 3867 1796">
     <span class='ocr_line' id='line_1_47' title="bbox 2387 1073 3858 1159; baseline -0.007 -16"><span class='ocrx_word' id='word_1_283' title='bbox 2387 1077 2651 1143; x_wconf 79' lang='lat' dir='ltr'>Videtur</span> <span class='ocrx_word' id='word_1_284' title='bbox 2701 1076 2873 1159; x_wconf 86' lang='lat' dir='ltr'>quod</span> <span class='ocrx_word' id='word_1_285' title='bbox 2924 1092 3058 1139; x_wconf 90' lang='lat' dir='ltr'>non</span> <span class='ocrx_word' id='word_1_286' title='bbox 3103 1073 3307 1138; x_wconf 87' lang='lat' dir='ltr'>solvat</span> <span class='ocrx_word' id='word_1_287' title='bbox 3357 1075 3619 1156; x_wconf 90' lang='lat' dir='ltr'>propter</span> <span class='ocrx_word' id='word_1_288' title='bbox 3672 1089 3858 1135; x_wconf 91' lang='lat' dir='ltr'>suam</span> 
     </span>
     <span class='ocr_line' id='line_1_48' title="bbox 2311 1180 3852 1264; baseline -0.005 -14"><span class='ocrx_word' id='word_1_289' title='bbox 2311 1185 2778 1250; x_wconf 85' lang='lat' dir='ltr'>distinctionem</span> <span class='ocrx_word' id='word_1_290' title='bbox 2806 1183 2883 1247; x_wconf 85' lang='lat' dir='ltr'>ad</span> <span class='ocrx_word' id='word_1_291' title='bbox 2911 1182 3334 1264; x_wconf 86' lang='lat' dir='ltr'>quaestionem</span> <span class='ocrx_word' id='word_1_292' title='bbox 3361 1180 3439 1243; x_wconf 93' lang='lat' dir='ltr'>de</span> <span class='ocrx_word' id='word_1_293' title='bbox 3464 1184 3852 1261; x_wconf 87' lang='lat' dir='ltr'>augment0‚</span> 
     </span>
     <span class='ocr_line' id='line_1_49' title="bbox 2314 1286 3863 1377; baseline -0.005 -20"><span class='ocrx_word' id='word_1_294' title='bbox 2314 1293 2621 1377; x_wconf 83' lang='lat' dir='ltr'>quoniam</span> <span class='ocrx_word' id='word_1_295' title='bbox 2643 1291 3073 1354; x_wconf 87' lang='lat' dir='ltr'>demonstrato</span> <span class='ocrx_word' id='word_1_296' title='bbox 3087 1288 3300 1369; x_wconf 88' lang='lat' dir='ltr'>aliquo</span> <span class='ocrx_word' id='word_1_297' title='bbox 3329 1286 3720 1363; x_wconf 90' lang='lat' dir='ltr'>damnando,</span> <span class='ocrx_word' id='word_1_298' title='bbox 3751 1305 3863 1350; x_wconf 89' lang='lat' dir='ltr'>ve-</span> 
     </span>
     <span class='ocr_line' id='line_1_50' title="bbox 2315 1389 3863 1473; baseline -0.006 -12"><span class='ocrx_word' id='word_1_299' title='bbox 2315 1415 2465 1461; x_wconf 90' lang='lat' dir='ltr'>rum</span> <span class='ocrx_word' id='word_1_300' title='bbox 2511 1398 2606 1459; x_wconf 89' lang='lat' dir='ltr'>est</span> <span class='ocrx_word' id='word_1_301' title='bbox 2645 1393 2852 1458; x_wconf 91' lang='lat' dir='ltr'>dicere</span> <span class='ocrx_word' id='word_1_302' title='bbox 2874 1441 2892 1471; x_wconf 84' lang='lat'>,</span> <span class='ocrx_word' id='word_1_303' title='bbox 2924 1391 3121 1454; x_wconf 88' lang='lat' dir='ltr'>istum</span> <span class='ocrx_word' id='word_1_304' title='bbox 3156 1408 3338 1473; x_wconf 87' lang='lat' dir='ltr'>posse</span> <span class='ocrx_word' id='word_1_305' title='bbox 3381 1389 3619 1453; x_wconf 82' lang='lat' dir='ltr'>salvari</span> <span class='ocrx_word' id='word_1_306' title='bbox 3652 1411 3668 1452; x_wconf 71' lang='grc' dir='ltr'>ι</span> <span class='ocrx_word' id='word_1_307' title='bbox 3700 1406 3863 1469; x_wconf 87' lang='lat' dir='ltr'>ergo</span> 
     </span>
     <span class='ocr_line' id='line_1_51' title="bbox 2322 1497 3867 1587; baseline -0.007 -18"><span class='ocrx_word' id='word_1_308' title='bbox 2322 1507 2523 1587; x_wconf 88' lang='lat' dir='ltr'>potest</span> <span class='ocrx_word' id='word_1_309' title='bbox 2547 1520 2681 1567; x_wconf 86' lang='lat' dir='ltr'>esse</span> <span class='ocrx_word' id='word_1_310' title='bbox 2716 1501 3200 1583; x_wconf 79' lang='lat' dir='ltr'>praedestinatus</span> <span class='ocrx_word' id='word_1_311' title='bbox 3232 1520 3247 1561; x_wconf 89' lang='lat'>:</span> <span class='ocrx_word' id='word_1_312' title='bbox 3285 1515 3441 1578; x_wconf 90' lang='lat' dir='ltr'>ergo</span> <span class='ocrx_word' id='word_1_313' title='bbox 3467 1497 3685 1580; x_wconf 90' lang='lat' dir='ltr'>plures</span> <span class='ocrx_word' id='word_1_314' title='bbox 3713 1513 3867 1578; x_wconf 91' lang='lat' dir='ltr'>pos-</span> 
     </span>
     <span class='ocr_line' id='line_1_52' title="bbox 2314 1605 3867 1692; baseline -0.008 -16"><span class='ocrx_word' id='word_1_315' title='bbox 2314 1616 2465 1676; x_wconf 90' lang='lat' dir='ltr'>sunt</span> <span class='ocrx_word' id='word_1_316' title='bbox 2489 1629 2622 1674; x_wconf 90' lang='lat' dir='ltr'>esse</span> <span class='ocrx_word' id='word_1_317' title='bbox 2647 1605 3100 1692; x_wconf 79' lang='lat' dir='ltr'>praedestinati,</span> <span class='ocrx_word' id='word_1_318' title='bbox 3129 1622 3328 1686; x_wconf 85' lang='lat' dir='ltr'>quam</span> <span class='ocrx_word' id='word_1_319' title='bbox 3354 1607 3505 1668; x_wconf 89' lang='lat' dir='ltr'>sunt</span> <span class='ocrx_word' id='word_1_320' title='bbox 3530 1626 3545 1667; x_wconf 90' lang='lat'><strong>:</strong></span> <span class='ocrx_word' id='word_1_321' title='bbox 3567 1621 3867 1685; x_wconf 89' lang='lat' dir='ltr'>ergopo-</span> 
     </span>
     <span class='ocr_line' id='line_1_53' title="bbox 2312 1709 3668 1796; baseline -0.007 -13"><span class='ocrx_word' id='word_1_322' title='bbox 2312 1721 2434 1783; x_wconf 88' lang='lat' dir='ltr'>test</span> <span class='ocrx_word' id='word_1_323' title='bbox 2459 1734 2771 1781; x_wconf 91' lang='lat' dir='ltr'>numerus</span> <span class='ocrx_word' id='word_1_324' title='bbox 2794 1712 3390 1796; x_wconf 76' lang='lat' dir='ltr'>praedestinatorum</span> <span class='ocrx_word' id='word_1_325' title='bbox 3419 1709 3668 1791; x_wconf 83' lang='lat' dir='ltr'>augeri.</span> 
     </span>
    </p>

    <p class='ocr_par' dir='ltr' id='par_1_14' title="bbox 2315 1816 3875 4366">
     <span class='ocr_line' id='line_1_54' title="bbox 2397 1816 3869 1907; baseline -0.005 -19"><span class='ocrx_word' id='word_1_326' title='bbox 2397 1824 2580 1907; x_wconf 86' lang='lat' dir='ltr'>Resp.</span> <span class='ocrx_word' id='word_1_327' title='bbox 2638 1821 2987 1886; x_wconf 90' lang='lat' dir='ltr'>Dicendum</span> <span class='ocrx_word' id='word_1_328' title='bbox 3047 1818 3217 1899; x_wconf 89' lang='lat' dir='ltr'>quod</span> <span class='ocrx_word' id='word_1_329' title='bbox 3282 1817 3581 1897; x_wconf 83' lang='lat' dir='ltr'>Magister</span> <span class='ocrx_word' id='word_1_330' title='bbox 3623 1817 3697 1880; x_wconf 91' lang='lat' dir='ltr'>in</span> <span class='ocrx_word' id='word_1_331' title='bbox 3739 1816 3869 1880; x_wconf 86' lang='lat' dir='ltr'>hac</span> 
     </span>
     <span class='ocr_line' id='line_1_55' title="bbox 2315 1918 3872 2010; baseline -0.005 -20"><span class='ocrx_word' id='word_1_332' title='bbox 2315 1927 2526 2010; x_wconf 89' lang='lat' dir='ltr'>prima</span> <span class='ocrx_word' id='word_1_333' title='bbox 2562 1925 2972 2007; x_wconf 88' lang='lat' dir='ltr'>responsione</span> <span class='ocrx_word' id='word_1_334' title='bbox 3041 1918 3472 2003; x_wconf 85' lang='lat' dir='ltr'>principaliter</span> <span class='ocrx_word' id='word_1_335' title='bbox 3524 1919 3872 2001; x_wconf 85' lang='lat' dir='ltr'>respondet</span> 
     </span>
     <span class='ocr_line' id='line_1_56' title="bbox 2316 2026 3870 2116; baseline -0.006 -18"><span class='ocrx_word' id='word_1_336' title='bbox 2316 2035 2396 2098; x_wconf 90' lang='lat' dir='ltr'>ad</span> <span class='ocrx_word' id='word_1_337' title='bbox 2422 2033 2840 2116; x_wconf 60' lang='lat' dir='ltr'>quaestionem</span> <span class='ocrx_word' id='word_1_338' title='bbox 2861 2029 3155 2111; x_wconf 85' lang='lat' dir='ltr'>primam,</span> <span class='ocrx_word' id='word_1_339' title='bbox 3187 2030 3410 2090; x_wconf 90' lang='lat' dir='ltr'>utrum</span> <span class='ocrx_word' id='word_1_340' title='bbox 3433 2026 3870 2108; x_wconf 79' lang='lat' dir='ltr'>praedestina-</span> 
     </span>
     <span class='ocr_line' id='line_1_57' title="bbox 2315 2133 3873 2222; baseline -0.004 -18"><span class='ocrx_word' id='word_1_341' title='bbox 2315 2143 2459 2204; x_wconf 90' lang='lat' dir='ltr'>tum</span> <span class='ocrx_word' id='word_1_342' title='bbox 2487 2139 2567 2203; x_wconf 88' lang='lat' dir='ltr'>sit</span> <span class='ocrx_word' id='word_1_343' title='bbox 2594 2137 2891 2222; x_wconf 88' lang='lat' dir='ltr'>possibile</span> <span class='ocrx_word' id='word_1_344' title='bbox 2918 2133 3208 2199; x_wconf 87' lang='lat' dir='ltr'>damnari</span> <span class='ocrx_word' id='word_1_345' title='bbox 3237 2155 3251 2197; x_wconf 91' lang='lat'>:</span> <span class='ocrx_word' id='word_1_346' title='bbox 3294 2138 3358 2196; x_wconf 85' lang='lat' dir='ltr'>et</span> <span class='ocrx_word' id='word_1_347' title='bbox 3386 2133 3549 2196; x_wconf 92' lang='lat' dir='ltr'>bene</span> <span class='ocrx_word' id='word_1_348' title='bbox 3572 2180 3591 2213; x_wconf 88' lang='lat'>‚</span> <span class='ocrx_word' id='word_1_349' title='bbox 3625 2133 3873 2197; x_wconf 87' lang='lat' dir='ltr'>scilicet</span> 
     </span>
     <span class='ocr_line' id='line_1_58' title="bbox 2316 2239 3872 2330; baseline -0.004 -20"><span class='ocrx_word' id='word_1_350' title='bbox 2316 2264 2430 2330; x_wconf 93' lang='lat' dir='ltr'>per</span> <span class='ocrx_word' id='word_1_351' title='bbox 2474 2243 2997 2328; x_wconf 87' lang='lat' dir='ltr'>compositionem</span> <span class='ocrx_word' id='word_1_352' title='bbox 3037 2244 3099 2304; x_wconf 85' lang='lat' dir='ltr'>et</span> <span class='ocrx_word' id='word_1_353' title='bbox 3147 2239 3526 2305; x_wconf 88' lang='lat' dir='ltr'>divisionem</span> <span class='ocrx_word' id='word_1_354' title='bbox 3573 2262 3587 2303; x_wconf 74' lang='grc' dir='ltr'>ε</span> <span class='ocrx_word' id='word_1_355' title='bbox 3639 2244 3705 2303; x_wconf 88' lang='lat' dir='ltr'>et</span> <span class='ocrx_word' id='word_1_356' title='bbox 3744 2258 3872 2322; x_wconf 87' lang='lat' dir='ltr'>per</span> 
     </span>
     <span class='ocr_line' id='line_1_59' title="bbox 2316 2347 3870 2432; baseline -0.005 -16"><span class='ocrx_word' id='word_1_357' title='bbox 2316 2354 2501 2418; x_wconf 85' lang='lat' dir='ltr'>istam</span> <span class='ocrx_word' id='word_1_358' title='bbox 2526 2353 2906 2418; x_wconf 89' lang='lat' dir='ltr'>solutionem</span> <span class='ocrx_word' id='word_1_359' title='bbox 2938 2351 3108 2432; x_wconf 87' lang='lat' dir='ltr'>patet</span> <span class='ocrx_word' id='word_1_360' title='bbox 3139 2347 3353 2429; x_wconf 87' lang='lat' dir='ltr'>aliquo</span> <span class='ocrx_word' id='word_1_361' title='bbox 3382 2347 3569 2411; x_wconf 91' lang='lat' dir='ltr'>modo</span> <span class='ocrx_word' id='word_1_362' title='bbox 3593 2365 3870 2430; x_wconf 89' lang='lat' dir='ltr'>respon-</span> 
     </span>
     <span class='ocr_line' id='line_1_60' title="bbox 2315 2454 3868 2538; baseline -0.004 -14"><span class='ocrx_word' id='word_1_363' title='bbox 2315 2460 2411 2524; x_wconf 90' lang='lat' dir='ltr'>sio</span> <span class='ocrx_word' id='word_1_364' title='bbox 2450 2459 2531 2523; x_wconf 92' lang='lat' dir='ltr'>ad</span> <span class='ocrx_word' id='word_1_365' title='bbox 2564 2458 2723 2523; x_wconf 90' lang='lat' dir='ltr'>illud</span> <span class='ocrx_word' id='word_1_366' title='bbox 2763 2458 2837 2521; x_wconf 92' lang='lat' dir='ltr'>de</span> <span class='ocrx_word' id='word_1_367' title='bbox 2877 2460 3265 2536; x_wconf 86' lang='lat' dir='ltr'>augmento,</span> <span class='ocrx_word' id='word_1_368' title='bbox 3301 2454 3409 2518; x_wconf 89' lang='lat' dir='ltr'>sed</span> <span class='ocrx_word' id='word_1_369' title='bbox 3454 2473 3586 2518; x_wconf 91' lang='lat' dir='ltr'>non</span> <span class='ocrx_word' id='word_1_370' title='bbox 3622 2455 3815 2538; x_wconf 87' lang='lat' dir='ltr'>plene</span> <span class='ocrx_word' id='word_1_371' title='bbox 3850 2477 3868 2518; x_wconf 74' lang='grc' dir='ltr'><strong>ε</strong></span> 
     </span>
     <span class='ocr_line' id='line_1_61' title="bbox 2317 2563 3873 2643; baseline -0.004 -11"><span class='ocrx_word' id='word_1_372' title='bbox 2317 2568 2459 2632; x_wconf 91' lang='lat' dir='ltr'>ideo</span> <span class='ocrx_word' id='word_1_373' title='bbox 2504 2567 2783 2631; x_wconf 84' lang='lat' dir='ltr'>annectit</span> <span class='ocrx_word' id='word_1_374' title='bbox 2828 2563 3210 2628; x_wconf 85' lang='lat' dir='ltr'>solutionem</span> <span class='ocrx_word' id='word_1_375' title='bbox 3255 2566 3629 2643; x_wconf 75' lang='lat' dir='ltr'>sequentem</span> <span class='ocrx_word' id='word_1_376' title='bbox 3646 2610 3664 2641; x_wconf 84' lang='lat'>,</span> <span class='ocrx_word' id='word_1_377' title='bbox 3710 2580 3873 2643; x_wconf 79' lang='lat' dir='ltr'>quae</span> 
     </span>
     <span class='ocr_line' id='line_1_62' title="bbox 2317 2668 3871 2756; baseline -0.006 -17"><span class='ocrx_word' id='word_1_378' title='bbox 2317 2680 2412 2739; x_wconf 89' lang='lat' dir='ltr'>est</span> <span class='ocrx_word' id='word_1_379' title='bbox 2426 2672 2755 2756; x_wconf 82' lang='lat' dir='ltr'>explicatio</span> <span class='ocrx_word' id='word_1_380' title='bbox 2781 2671 2997 2752; x_wconf 77' lang='lat' dir='ltr'>hujuS‚</span> <span class='ocrx_word' id='word_1_381' title='bbox 3021 2670 3091 2732; x_wconf 91' lang='lat' dir='ltr'>in</span> <span class='ocrx_word' id='word_1_382' title='bbox 3109 2687 3237 2751; x_wconf 89' lang='lat' dir='ltr'>qua</span> <span class='ocrx_word' id='word_1_383' title='bbox 3258 2669 3509 2748; x_wconf 90' lang='lat' dir='ltr'>dicitur,</span> <span class='ocrx_word' id='word_1_384' title='bbox 3540 2668 3716 2749; x_wconf 86' lang='lat' dir='ltr'>quod</span> <span class='ocrx_word' id='word_1_385' title='bbox 3744 2668 3871 2731; x_wconf 91' lang='lat' dir='ltr'>ali-</span> 
     </span>
     <span class='ocr_line' id='line_1_63' title="bbox 2318 2775 3869 2865; baseline -0.006 -19"><span class='ocrx_word' id='word_1_386' title='bbox 2318 2783 2462 2865; x_wconf 89' lang='lat' dir='ltr'>quis</span> <span class='ocrx_word' id='word_1_387' title='bbox 2486 2799 2620 2844; x_wconf 90' lang='lat' dir='ltr'>non</span> <span class='ocrx_word' id='word_1_388' title='bbox 2646 2782 2847 2861; x_wconf 88' lang='lat' dir='ltr'>potest</span> <span class='ocrx_word' id='word_1_389' title='bbox 2875 2778 3157 2859; x_wconf 88' lang='lat' dir='ltr'>incipere</span> <span class='ocrx_word' id='word_1_390' title='bbox 3191 2795 3325 2840; x_wconf 91' lang='lat' dir='ltr'>esse</span> <span class='ocrx_word' id='word_1_391' title='bbox 3349 2775 3869 2858; x_wconf 79' lang='lat' dir='ltr'>praedestinatuS,</span> 
     </span>
     <span class='ocr_line' id='line_1_64' title="bbox 2315 2882 3871 2971; baseline -0.004 -18"><span class='ocrx_word' id='word_1_392' title='bbox 2315 2888 2614 2971; x_wconf 84' lang='lat' dir='ltr'>quamvis</span> <span class='ocrx_word' id='word_1_393' title='bbox 2639 2886 2835 2970; x_wconf 85' lang='lat' dir='ltr'>possit</span> <span class='ocrx_word' id='word_1_394' title='bbox 2861 2904 2995 2950; x_wconf 88' lang='lat' dir='ltr'>esse</span> <span class='ocrx_word' id='word_1_395' title='bbox 3023 2884 3530 2967; x_wconf 80' lang='lat' dir='ltr'>praedestinatuS,</span> <span class='ocrx_word' id='word_1_396' title='bbox 3552 2882 3705 2965; x_wconf 86' lang='lat' dir='ltr'>quia</span> <span class='ocrx_word' id='word_1_397' title='bbox 3734 2882 3871 2947; x_wconf 86' lang='lat' dir='ltr'>hoc</span> 
     </span>
     <span class='ocr_line' id='line_1_65' title="bbox 2316 2991 3872 3078; baseline -0.006 -15"><span class='ocrx_word' id='word_1_398' title='bbox 2316 3004 2411 3063; x_wconf 88' lang='lat' dir='ltr'>est</span> <span class='ocrx_word' id='word_1_399' title='bbox 2453 2999 2658 3062; x_wconf 88' lang='lat' dir='ltr'>dicere</span> <span class='ocrx_word' id='word_1_400' title='bbox 2708 2996 2880 3078; x_wconf 90' lang='lat' dir='ltr'>quod</span> <span class='ocrx_word' id='word_1_401' title='bbox 2917 2995 2998 3059; x_wconf 87' lang='lat' dir='ltr'>ab</span> <span class='ocrx_word' id='word_1_402' title='bbox 3036 2998 3278 3057; x_wconf 84' lang='lat' dir='ltr'>aeterno</span> <span class='ocrx_word' id='word_1_403' title='bbox 3316 2992 3545 3075; x_wconf 87' lang='lat' dir='ltr'>potuit.</span> <span class='ocrx_word' id='word_1_404' title='bbox 3581 2991 3657 3055; x_wconf 88' lang='lat' dir='ltr'>Et</span> <span class='ocrx_word' id='word_1_405' title='bbox 3696 3010 3872 3074; x_wconf 89' lang='lat' dir='ltr'>quo-</span> 
     </span>
     <span class='ocr_line' id='line_1_66' title="bbox 2316 3102 3875 3187; baseline -0.004 -16"><span class='ocrx_word' id='word_1_406' title='bbox 2316 3108 2495 3171; x_wconf 90' lang='lat' dir='ltr'>niam</span> <span class='ocrx_word' id='word_1_407' title='bbox 2529 3108 2953 3187; x_wconf 87' lang='lat' dir='ltr'>augmentum</span> <span class='ocrx_word' id='word_1_408' title='bbox 2983 3102 3131 3168; x_wconf 88' lang='lat' dir='ltr'>dicit</span> <span class='ocrx_word' id='word_1_409' title='bbox 3167 3105 3476 3185; x_wconf 88' lang='lat' dir='ltr'>majorem</span> <span class='ocrx_word' id='word_1_410' title='bbox 3509 3119 3875 3166; x_wconf 89' lang='lat' dir='ltr'>numerum</span> 
     </span>
     <span class='ocr_line' id='line_1_67' title="bbox 2317 3208 3870 3298; baseline -0.005 -20"><span class='ocrx_word' id='word_1_411' title='bbox 2317 3232 2516 3298; x_wconf 87' lang='lat' dir='ltr'>quam</span> <span class='ocrx_word' id='word_1_412' title='bbox 2549 3213 2728 3296; x_wconf 90' lang='lat' dir='ltr'>prius</span> <span class='ocrx_word' id='word_1_413' title='bbox 2746 3260 2764 3291; x_wconf 81' lang='lat'>‚</span> <span class='ocrx_word' id='word_1_414' title='bbox 2795 3230 2946 3275; x_wconf 91' lang='lat' dir='ltr'>cum</span> <span class='ocrx_word' id='word_1_415' title='bbox 2986 3210 3551 3294; x_wconf 83' lang='lat' dir='ltr'>praesuppositione</span> <span class='ocrx_word' id='word_1_416' title='bbox 3587 3208 3829 3292; x_wconf 85' lang='lat' dir='ltr'>prioris</span> <span class='ocrx_word' id='word_1_417' title='bbox 3850 3257 3870 3289; x_wconf 90' lang='lat'>,</span> 
     </span>
     <span class='ocr_line' id='line_1_68' title="bbox 2317 3315 3874 3399; baseline -0.003 -15"><span class='ocrx_word' id='word_1_418' title='bbox 2317 3328 2381 3384; x_wconf 91' lang='lat' dir='ltr'>et</span> <span class='ocrx_word' id='word_1_419' title='bbox 2422 3339 2589 3384; x_wconf 88' lang='lat' dir='ltr'>nova</span> <span class='ocrx_word' id='word_1_420' title='bbox 2621 3318 2978 3397; x_wconf 82' lang='lat' dir='ltr'>additione3</span> <span class='ocrx_word' id='word_1_421' title='bbox 3025 3317 3167 3381; x_wconf 92' lang='lat' dir='ltr'>ideo</span> <span class='ocrx_word' id='word_1_422' title='bbox 3213 3321 3383 3399; x_wconf 84' lang='lat' dir='ltr'>patet</span> <span class='ocrx_word' id='word_1_423' title='bbox 3423 3315 3598 3398; x_wconf 87' lang='lat' dir='ltr'>quod</span> <span class='ocrx_word' id='word_1_424' title='bbox 3632 3334 3718 3378; x_wconf 80' lang='lat' dir='ltr'>ex</span> <span class='ocrx_word' id='word_1_425' title='bbox 3761 3316 3874 3380; x_wconf 88' lang='lat' dir='ltr'>sui</span> 
     </span>
     <span class='ocr_line' id='line_1_69' title="bbox 2317 3423 3873 3493; baseline -0.003 -1"><span class='ocrx_word' id='word_1_426' title='bbox 2317 3429 2565 3493; x_wconf 91' lang='lat' dir='ltr'>ratione</span> <span class='ocrx_word' id='word_1_427' title='bbox 2592 3427 3057 3491; x_wconf 85' lang='lat' dir='ltr'>distinctionem</span> <span class='ocrx_word' id='word_1_428' title='bbox 3095 3429 3158 3488; x_wconf 92' lang='lat' dir='ltr'>et</span> <span class='ocrx_word' id='word_1_429' title='bbox 3201 3424 3661 3488; x_wconf 89' lang='lat' dir='ltr'>successionem</span> <span class='ocrx_word' id='word_1_430' title='bbox 3708 3423 3873 3488; x_wconf 87' lang='lat' dir='ltr'>dicit</span> 
     </span>
     <span class='ocr_line' id='line_1_70' title="bbox 2317 3531 3866 3620; baseline -0.005 -19"><span class='ocrx_word' id='word_1_431' title='bbox 2317 3539 2385 3601; x_wconf 91' lang='lat' dir='ltr'>in</span> <span class='ocrx_word' id='word_1_432' title='bbox 2413 3536 2722 3620; x_wconf 77' lang='lat' dir='ltr'>partibus,</span> <span class='ocrx_word' id='word_1_433' title='bbox 2754 3533 2933 3597; x_wconf 91' lang='lat' dir='ltr'>Unde</span> <span class='ocrx_word' id='word_1_434' title='bbox 2959 3533 3013 3596; x_wconf 91' lang='lat' dir='ltr'>si</span> <span class='ocrx_word' id='word_1_435' title='bbox 3030 3531 3281 3614; x_wconf 74' lang='lat' dir='ltr'>aliqui5‚</span> <span class='ocrx_word' id='word_1_436' title='bbox 3312 3532 3522 3595; x_wconf 87' lang='lat' dir='ltr'>statim</span> <span class='ocrx_word' id='word_1_437' title='bbox 3556 3550 3710 3595; x_wconf 91' lang='lat' dir='ltr'>cum</span> <span class='ocrx_word' id='word_1_438' title='bbox 3738 3537 3866 3612; x_wconf 79' lang='lat' dir='ltr'>est,</span> 
     </span>
     <span class='ocr_line' id='line_1_71' title="bbox 2318 3640 3872 3721; baseline -0.003 -14"><span class='ocrx_word' id='word_1_439' title='bbox 2318 3648 2479 3707; x_wconf 88' lang='lat' dir='ltr'>esset</span> <span class='ocrx_word' id='word_1_440' title='bbox 2515 3643 2605 3705; x_wconf 83' lang='lat' dir='ltr'>ita</span> <span class='ocrx_word' id='word_1_441' title='bbox 2649 3658 2929 3721; x_wconf 88' lang='lat' dir='ltr'>magnus</span> <span class='ocrx_word' id='word_1_442' title='bbox 2966 3643 3244 3721; x_wconf 90' lang='lat' dir='ltr'>quantus</span> <span class='ocrx_word' id='word_1_443' title='bbox 3282 3640 3538 3702; x_wconf 85' lang='lat' dir='ltr'>futurus</span> <span class='ocrx_word' id='word_1_444' title='bbox 3560 3643 3692 3717; x_wconf 88' lang='lat' dir='ltr'>est,</span> <span class='ocrx_word' id='word_1_445' title='bbox 3725 3657 3872 3702; x_wconf 89' lang='lat' dir='ltr'>non</span> 
     </span>
     <span class='ocr_line' id='line_1_72' title="bbox 2318 3745 3871 3828; baseline -0.002 -14"><span class='ocrx_word' id='word_1_446' title='bbox 2318 3750 2633 3815; x_wconf 84' lang='lat' dir='ltr'>diceretur</span> <span class='ocrx_word' id='word_1_447' title='bbox 2677 3746 2902 3828; x_wconf 84' lang='lat' dir='ltr'>augeri</span> <span class='ocrx_word' id='word_1_448' title='bbox 2930 3795 2947 3826; x_wconf 90' lang='lat'>‚</span> <span class='ocrx_word' id='word_1_449' title='bbox 2978 3745 3084 3809; x_wconf 91' lang='lat' dir='ltr'>sed</span> <span class='ocrx_word' id='word_1_450' title='bbox 3121 3747 3335 3808; x_wconf 87' lang='lat' dir='ltr'>tamen</span> <span class='ocrx_word' id='word_1_451' title='bbox 3379 3746 3683 3828; x_wconf 86' lang='lat' dir='ltr'>potuisset</span> <span class='ocrx_word' id='word_1_452' title='bbox 3725 3765 3871 3811; x_wconf 87' lang='lat' dir='ltr'>esse</span> 
     </span>
     <span class='ocr_line' id='line_1_73' title="bbox 2318 3852 3871 3939; baseline -0.001 -18"><span class='ocrx_word' id='word_1_453' title='bbox 2318 3859 2526 3939; x_wconf 87' lang='lat' dir='ltr'>maj0r</span> <span class='ocrx_word' id='word_1_454' title='bbox 2557 3879 2572 3920; x_wconf 73' lang='grc' dir='ltr'>ε</span> <span class='ocrx_word' id='word_1_455' title='bbox 2611 3856 2702 3919; x_wconf 88' lang='lat' dir='ltr'>ita</span> <span class='ocrx_word' id='word_1_456' title='bbox 2738 3855 2806 3917; x_wconf 91' lang='lat' dir='ltr'>in</span> <span class='ocrx_word' id='word_1_457' title='bbox 2843 3854 3162 3936; x_wconf 88' lang='lat' dir='ltr'>proposito</span> <span class='ocrx_word' id='word_1_458' title='bbox 3199 3852 3710 3933; x_wconf 88' lang='lat' dir='ltr'>intelligendum.</span> <span class='ocrx_word' id='word_1_459' title='bbox 3749 3853 3871 3919; x_wconf 84' lang='lat' dir='ltr'>Vel</span> 
     </span>
     <span class='ocr_line' id='line_1_74' title="bbox 2318 3960 3871 4044; baseline -0.003 -15"><span class='ocrx_word' id='word_1_460' title='bbox 2318 3966 2502 4029; x_wconf 86' lang='lat' dir='ltr'>aliter</span> <span class='ocrx_word' id='word_1_461' title='bbox 2529 3963 2691 4029; x_wconf 88' lang='lat' dir='ltr'>solvi</span> <span class='ocrx_word' id='word_1_462' title='bbox 2732 3965 2936 4044; x_wconf 86' lang='lat' dir='ltr'>potest</span> <span class='ocrx_word' id='word_1_463' title='bbox 2973 3979 3087 4042; x_wconf 91' lang='lat' dir='ltr'>per</span> <span class='ocrx_word' id='word_1_464' title='bbox 3121 3960 3644 4041; x_wconf 89' lang='lat' dir='ltr'>compositionem</span> <span class='ocrx_word' id='word_1_465' title='bbox 3672 3965 3739 4024; x_wconf 90' lang='lat' dir='ltr'>et</span> <span class='ocrx_word' id='word_1_466' title='bbox 3764 3964 3871 4025; x_wconf 88' lang='lat' dir='ltr'>di-</span> 
     </span>
     <span class='ocr_line' id='line_1_75' title="bbox 2318 4067 3874 4152; baseline -0.003 -14"><span class='ocrx_word' id='word_1_467' title='bbox 2318 4073 2635 4138; x_wconf 87' lang='lat' dir='ltr'>visionem</span> <span class='ocrx_word' id='word_1_468' title='bbox 2660 4119 2676 4146; x_wconf 86' lang='lat'>‚</span> <span class='ocrx_word' id='word_1_469' title='bbox 2723 4071 2886 4133; x_wconf 88' lang='lat' dir='ltr'>sicut</span> <span class='ocrx_word' id='word_1_470' title='bbox 2934 4068 3231 4149; x_wconf 85' lang='lat' dir='ltr'>Magister</span> <span class='ocrx_word' id='word_1_471' title='bbox 3287 4067 3474 4133; x_wconf 84' lang='lat' dir='ltr'>solvit</span> <span class='ocrx_word' id='word_1_472' title='bbox 3520 4090 3535 4132; x_wconf 78' lang='lat' dir='ltr'>t</span> <span class='ocrx_word' id='word_1_473' title='bbox 3592 4074 3874 4152; x_wconf 87' lang='lat' dir='ltr'>possunt</span> 
     </span>
     <span class='ocr_line' id='line_1_76' title="bbox 2318 4176 3862 4260; baseline 0 -19"><span class='ocrx_word' id='word_1_474' title='bbox 2318 4180 2493 4242; x_wconf 90' lang='lat' dir='ltr'>enim</span> <span class='ocrx_word' id='word_1_475' title='bbox 2520 4177 2734 4260; x_wconf 91' lang='lat' dir='ltr'>plures</span> <span class='ocrx_word' id='word_1_476' title='bbox 2759 4194 2895 4240; x_wconf 90' lang='lat' dir='ltr'>esse</span> <span class='ocrx_word' id='word_1_477' title='bbox 2914 4194 3109 4258; x_wconf 81' lang='lat' dir='ltr'>quam</span> <span class='ocrx_word' id='word_1_478' title='bbox 3131 4176 3295 4239; x_wconf 88' lang='lat' dir='ltr'>sint:</span> <span class='ocrx_word' id='word_1_479' title='bbox 3327 4193 3485 4257; x_wconf 86' lang='lat' dir='ltr'>ergo</span> <span class='ocrx_word' id='word_1_480' title='bbox 3504 4180 3712 4259; x_wconf 88' lang='lat' dir='ltr'>potest</span> <span class='ocrx_word' id='word_1_481' title='bbox 3730 4194 3862 4241; x_wconf 91' lang='lat' dir='ltr'>nu-</span> 
     </span>
     <span class='ocr_line' id='line_1_77' title="bbox 2319 4284 2820 4366; baseline -0.008 -16"><span class='ocrx_word' id='word_1_482' title='bbox 2319 4304 2535 4350; x_wconf 85' lang='lat' dir='ltr'>merus</span> <span class='ocrx_word' id='word_1_483' title='bbox 2566 4284 2820 4366; x_wconf 89' lang='lat' dir='ltr'>augeri.</span> 
     </span>
    </p>

    <p class='ocr_par' dir='ltr' id='par_1_15' title="bbox 2318 4404 3868 4649">
     <span class='ocr_line' id='line_1_78' title="bbox 2954 4404 3204 4450; baseline -0.004 0"><span class='ocrx_word' id='word_1_484' title='bbox 2954 4405 3091 4450; x_wconf 82' lang='lat' dir='ltr'>nne.</span> <span class='ocrx_word' id='word_1_485' title='bbox 3135 4404 3204 4450; x_wconf 84' lang='lat' dir='ltr'>v.</span> 
     </span>
     <span class='ocr_line' id='line_1_79' title="bbox 2318 4510 3868 4578; baseline 0 -12"><span class='ocrx_word' id='word_1_486' title='bbox 2318 4512 2652 4578; x_wconf 81' lang='lat' dir='ltr'>Intelligentia</span> <span class='ocrx_word' id='word_1_487' title='bbox 2711 4511 2850 4562; x_wconf 88' lang='lat' dir='ltr'>enim</span> <span class='ocrx_word' id='word_1_488' title='bbox 2920 4510 3225 4562; x_wconf 81' lang='lat' dir='ltr'>conditionis</span> <span class='ocrx_word' id='word_1_489' title='bbox 3277 4511 3534 4573; x_wconf 72' lang='lat' dir='ltr'>implicitae</span> <span class='ocrx_word' id='word_1_490' title='bbox 3591 4513 3868 4566; x_wconf 79' lang='lat' dir='ltr'>veritatem</span> 
     </span>
     <span class='ocr_line' id='line_1_80' title="bbox 2472 4583 3710 4649; baseline -0.004 -13"><span class='ocrx_word' id='word_1_491' title='bbox 2472 4585 2593 4637; x_wconf 72' lang='lat' dir='ltr'>facit</span> <span class='ocrx_word' id='word_1_492' title='bbox 2628 4586 2683 4635; x_wconf 83' lang='lat' dir='ltr'>in</span> <span class='ocrx_word' id='word_1_493' title='bbox 2720 4585 2887 4649; x_wconf 83' lang='lat' dir='ltr'>dicto,</span> <span class='ocrx_word' id='word_1_494' title='bbox 2912 4588 2964 4634; x_wconf 89' lang='lat' dir='ltr'>et</span> <span class='ocrx_word' id='word_1_495' title='bbox 3000 4583 3455 4649; x_wconf 85' lang='lat' dir='ltr'>impossibilitatem</span> <span class='ocrx_word' id='word_1_496' title='bbox 3481 4584 3537 4634; x_wconf 91' lang='lat' dir='ltr'>in</span> <span class='ocrx_word' id='word_1_497' title='bbox 3562 4599 3710 4636; x_wconf 85' lang='lat' dir='ltr'>vero.</span> 
     </span>
    </p>

    <p class='ocr_par' dir='ltr' id='par_1_16' title="bbox 2322 4709 3869 5116">
     <span class='ocr_line' id='line_1_81' title="bbox 2400 4709 3869 4793; baseline 0.003 -19"><span class='ocrx_word' id='word_1_498' title='bbox 2400 4709 2726 4787; x_wconf 84' lang='lat' dir='ltr'>Quaeritur</span> <span class='ocrx_word' id='word_1_499' title='bbox 2766 4729 2896 4793; x_wconf 88' lang='lat' dir='ltr'>quo</span> <span class='ocrx_word' id='word_1_500' title='bbox 2950 4710 3140 4774; x_wconf 91' lang='lat' dir='ltr'>modo</span> <span class='ocrx_word' id='word_1_501' title='bbox 3184 4710 3269 4774; x_wconf 84' lang='lat' dir='ltr'>sit</span> <span class='ocrx_word' id='word_1_502' title='bbox 3321 4709 3743 4792; x_wconf 87' lang='lat' dir='ltr'>intelligibile.</span> <span class='ocrx_word' id='word_1_503' title='bbox 3796 4713 3869 4778; x_wconf 92' lang='lat' dir='ltr'>Si</span> 
     </span>
     <span class='ocr_line' id='line_1_82' title="bbox 2323 4817 3869 4912; baseline 0.001 -29"><span class='ocrx_word' id='word_1_504' title='bbox 2323 4817 2497 4883; x_wconf 90' lang='lat' dir='ltr'>enim</span> <span class='ocrx_word' id='word_1_505' title='bbox 2539 4817 2706 4881; x_wconf 91' lang='lat' dir='ltr'>idem</span> <span class='ocrx_word' id='word_1_506' title='bbox 2749 4836 2881 4881; x_wconf 92' lang='lat' dir='ltr'>non</span> <span class='ocrx_word' id='word_1_507' title='bbox 2928 4823 3022 4882; x_wconf 90' lang='lat' dir='ltr'>est</span> <span class='ocrx_word' id='word_1_508' title='bbox 3061 4836 3251 4881; x_wconf 90' lang='lat' dir='ltr'>causa</span> <span class='ocrx_word' id='word_1_509' title='bbox 3290 4817 3729 4912; x_wconf 52' lang='lat' dir='ltr'>oppositorum</span> <span class='ocrx_word' id='word_1_510' title='bbox 3752 4869 3771 4898; x_wconf 87' lang='lat'>‚</span> <span class='ocrx_word' id='word_1_511' title='bbox 3803 4826 3869 4885; x_wconf 88' lang='lat' dir='ltr'>et</span> 
     </span>
     <span class='ocr_line' id='line_1_83' title="bbox 2326 4925 3861 5009; baseline 0.002 -19"><span class='ocrx_word' id='word_1_512' title='bbox 2326 4925 2601 4990; x_wconf 82' lang='lat' dir='ltr'>conditio</span> <span class='ocrx_word' id='word_1_513' title='bbox 2630 4925 2934 5008; x_wconf 82' lang='lat' dir='ltr'>implicita</span> <span class='ocrx_word' id='word_1_514' title='bbox 2959 4925 3104 4989; x_wconf 88' lang='lat' dir='ltr'>facit</span> <span class='ocrx_word' id='word_1_515' title='bbox 3121 4925 3476 5006; x_wconf 84' lang='lat' dir='ltr'>veritatem,</span> <span class='ocrx_word' id='word_1_516' title='bbox 3508 4945 3639 5009; x_wconf 86' lang='lat' dir='ltr'>quo</span> <span class='ocrx_word' id='word_1_517' title='bbox 3667 4928 3861 4993; x_wconf 88' lang='lat' dir='ltr'>modo</span> 
     </span>
     <span class='ocr_line' id='line_1_84' title="bbox 2322 5031 3117 5116; baseline -0.006 -17"><span class='ocrx_word' id='word_1_518' title='bbox 2322 5033 2471 5099; x_wconf 85' lang='lat' dir='ltr'>facit</span> <span class='ocrx_word' id='word_1_519' title='bbox 2496 5031 3067 5116; x_wconf 83' lang='lat' dir='ltr'>impossibilitatem</span> <span class='ocrx_word' id='word_1_520' title='bbox 3084 5033 3117 5094; x_wconf 75' lang='lat' dir='ltr'>‘t</span> 
     </span>
    </p>

    <p class='ocr_par' dir='ltr' id='par_1_17' title="bbox 2316 5137 3868 5435">
     <span class='ocr_line' id='line_1_85' title="bbox 2403 5137 3866 5223; baseline 0.001 -19"><span class='ocrx_word' id='word_1_521' title='bbox 2403 5138 2588 5223; x_wconf 89' lang='lat' dir='ltr'>Resp.</span> <span class='ocrx_word' id='word_1_522' title='bbox 2631 5138 2976 5204; x_wconf 90' lang='lat' dir='ltr'>Dicendum</span> <span class='ocrx_word' id='word_1_523' title='bbox 3018 5137 3191 5220; x_wconf 90' lang='lat' dir='ltr'>quod</span> <span class='ocrx_word' id='word_1_524' title='bbox 3237 5137 3541 5219; x_wconf 81' lang='lat' dir='ltr'>Magister</span> <span class='ocrx_word' id='word_1_525' title='bbox 3586 5141 3729 5205; x_wconf 84' lang='lat' dir='ltr'>vult</span> <span class='ocrx_word' id='word_1_526' title='bbox 3761 5141 3866 5206; x_wconf 91' lang='lat' dir='ltr'>di-</span> 
     </span>
     <span class='ocr_line' id='line_1_86' title="bbox 2322 5245 3868 5329; baseline 0 -18"><span class='ocrx_word' id='word_1_527' title='bbox 2322 5264 2465 5311; x_wconf 90' lang='lat' dir='ltr'>cere</span> <span class='ocrx_word' id='word_1_528' title='bbox 2490 5246 2661 5329; x_wconf 87' lang='lat' dir='ltr'>quod</span> <span class='ocrx_word' id='word_1_529' title='bbox 2688 5245 2843 5310; x_wconf 90' lang='lat' dir='ltr'>illud</span> <span class='ocrx_word' id='word_1_530' title='bbox 2870 5249 2964 5310; x_wconf 88' lang='lat' dir='ltr'>est</span> <span class='ocrx_word' id='word_1_531' title='bbox 2985 5245 3216 5310; x_wconf 88' lang='lat' dir='ltr'>falsum</span> <span class='ocrx_word' id='word_1_532' title='bbox 3238 5292 3256 5323; x_wconf 90' lang='lat'>‚</span> <span class='ocrx_word' id='word_1_533' title='bbox 3285 5245 3716 5312; x_wconf 87' lang='lat' dir='ltr'>demonstrato</span> <span class='ocrx_word' id='word_1_534' title='bbox 3741 5247 3868 5311; x_wconf 88' lang='lat' dir='ltr'>ali-</span> 
     </span>
     <span class='ocr_line' id='line_1_87' title="bbox 2316 5350 3867 5435; baseline 0.001 -18"><span class='ocrx_word' id='word_1_535' title='bbox 2316 5371 2452 5435; x_wconf 73' lang='lat' dir='ltr'>quo</span> <span class='ocrx_word' id='word_1_536' title='bbox 2482 5375 2500 5418; x_wconf 79' lang='lat'>2</span> <span class='ocrx_word' id='word_1_537' title='bbox 2539 5376 2572 5414; x_wconf 77' lang='grc' dir='ltr'><strong>α</strong></span> <span class='ocrx_word' id='word_1_538' title='bbox 2604 5351 2807 5418; x_wconf 88' lang='lat' dir='ltr'>Istum</span> <span class='ocrx_word' id='word_1_539' title='bbox 2846 5351 3136 5420; x_wconf 88' lang='lat' dir='ltr'>damnari</span> <span class='ocrx_word' id='word_1_540' title='bbox 3152 5399 3172 5432; x_wconf 91' lang='lat'><strong>,</strong></span> <span class='ocrx_word' id='word_1_541' title='bbox 3202 5350 3305 5417; x_wconf 83' lang='lat' dir='ltr'>vel</span> <span class='ocrx_word' id='word_1_542' title='bbox 3335 5351 3571 5420; x_wconf 82' lang='lat' dir='ltr'>salvari</span> <span class='ocrx_word' id='word_1_543' title='bbox 3608 5357 3703 5419; x_wconf 88' lang='lat' dir='ltr'>est</span> <span class='ocrx_word' id='word_1_544' title='bbox 3724 5354 3867 5418; x_wconf 75' lang='lat' dir='ltr'>im-</span> 
     </span>
    </p>
   </div>
  </div>
 </body>
</html>
