4125 6225
1119 361 1311 427 DIST.
1354 361 1619 429 XXXIX.
1666 361 1847 427 ART.
1896 361 1973 425 ΙΙ.
2015 359 2314 438 QUAEST.
2360 360 2409 425 Ι.

716 625 1089 703 QUAESTIO
1132 630 1178 694 Ι.

230 778 300 839 An
326 780 442 834 Deus·
473 777 648 835 eadem
676 784 994 852 cognitione
1031 788 1306 855 cognoscat
1330 799 1413 853 se,
1455 788 1507 840 et
1534 784 1654 839 alia
1683 799 1719 840 a

884 888 939 928 se
973 874 1011 925 ¹.

39 1080 42 1129 L
81 1037 211 1085 radn-
290 1029 440 1107 Quod
469 1036 817 1111 cognoscat
866 1051 936 1098 se
976 1037 1040 1097 et
1077 1032 1202 1098 alia
1239 1033 1460 1098 eodem
1489 1034 1678 1099 modo
1696 1083 1713 1112 ,

230 1138 333 1201 sive
363 1137 751 1203 uniformiter
775 1189 794 1220 ,
844 1142 1194 1206 ostenditur
1241 1142 1332 1205 sic
1366 1164 1381 1206 ε
1444 1140 1719 1206 83130113

227 1245 311 1309 Dei
333 1249 412 1308 est
438 1264 550 1309 sua
576 1248 878 1326 essentia,
902 1254 966 1314 et
992 1268 1187 1313 suum
1213 1249 1374 1314 scire
1403 1252 1498 1313 est
1525 1268 1717 1313 suum

229 1371 332 1417 esse
360 1374 374 1415 ε
400 1371 546 1434 3130
573 1358 636 1418 31
651 1357 892 1420 modus
924 1356 1344 1437 cognoscendi
1364 1360 1458 1420 est
1486 1357 1718 1421 modus

228 1459 423 1522 &endi
449 1479 466 1523 ε
494 1462 601 1525 sed
627 1480 808 1528 unus
836 1467 932 1528 est
968 1465 1194 1529 modus
1221 1464 1467 1529 essendi
1494 1464 1564 1527 in
1590 1463 1715 1529 Deo

228 1567 519 1631 essentialis
538 1587 556 1631 :
577 1587 741 1651 ergo
756 1575 821 1635 et
837 1589 1011 1636 unus
1026 1573 1253 1636 modus
1267 1572 1712 1653 cognoscendi.

287 1673 420 1738 Item
447 1697 461 1738 ε
500 1675 663 1741 Deus
697 1678 931 1762 seipso,
963 1683 1026 1744 et
1055 1698 1186 1743 non
1218 1679 1364 1760 alio,
1391 1682 1719 1762 cognoscit

227 1783 595 1866 oe3etseipso,
616 1790 681 1851 et
700 1805 837 1851 000
863 1788 1012 1867 3110,
1038 1789 1482 1868 3030053113113
1511 1807 1528 1852 :
1557 1806 1714 1868 ergo

228 1908 329 1954 una
356 1896 412 1954 et
432 1892 648 1956 eadem
673 1896 927 1959 ratione
968 1896 1297 1977 cognoscit
1328 1915 1395 1959 se
1437 1901 1501 1960 et
1539 1896 1664 1960 alla
1695 1918 1709 1960 :

227 1999 310 2062 sed
327 1999 534 2064 modus
558 2003 990 2083 cognoscendi
1016 2004 1362 2068 attenditur
1387 2022 1584 2087 penes
1609 2022 1714 2068 ra-

228 2108 420 2171 tionem
456 2112 877 2190 cognoscendi
906 2114 930 2148 ¹
969 2135 985 2177 ε
1030 2131 1185 2194 3130
1209 2161 1226 2193 ,
1257 2114 1312 2177 51
1349 2117 1443 2178 351
1492 2114 1715 2179 eadem

225 2214 353 2276 ratio
373 2219 784 2297 cognoscendi
814 2238 883 2284 se
909 2223 972 2284 et
996 2220 1141 2301 alia,
1168 2225 1231 2285 et
1257 2220 1427 2285 idem
1455 2222 1710 2303 modus,

227 2326 276 2384 et
301 2321 394 2401 sic,
418 2327 531 2388 etc.

289 2428 421 2492 Item
445 2430 562 2494 hoc
597 2431 812 2514 ipsum
849 2432 1104 2498 videtur
1144 2452 1259 2515 per
1286 2435 1672 2517 impossibile
1693 2486 1711 2516 ,

227 2535 350 2616 quia
386 2537 434 2598 si
467 2538 589 2602 alio
640 2540 832 2604 modo
875 2542 1201 2622 cognoscit
1230 2560 1331 2621 se,
1364 2542 1487 2606 alio
1527 2545 1716 2608 modo

229 2644 498 2707 creaturas
515 2692 531 2719 ,
562 2663 719 2728 ergo
749 2666 905 2711 cum
926 2649 1252 2729 cognoscit
1277 2668 1343 2713 se
1371 2655 1434 2713 et
1464 2656 1711 2715 creatu-

227 2766 307 2810 ras
324 2797 340 2824 ,
375 2752 648 2817 variatur
703 2755 775 2818 in
820 2757 1254 2837 cognoscendo
1284 2775 1301 2819 :
1349 2776 1505 2839 ergo
1546 2759 1717 2841 apud

229 2853 392 2919 Deum
441 2866 532 2922 est
584 2865 1030 2928 transmutatio
1071 2913 1088 2943 ,
1146 2870 1209 2930 et
1260 2865 1716 2933 vicissitudinis

230 2957 579 3028 obumbratio
597 2969 640 3028 ⁸.
1256 2964 1275 2980 ⁶

291 3067 445 3150 Item,
477 3073 530 3137 si
556 3072 677 3139 alio
707 3074 920 3153 mod0‚
956 3079 1111 3140 tunc
1138 3094 1260 3158 ego
1286 3095 1508 3160 quaero
1540 3097 1556 3141 :
1587 3078 1717 3143 Aut

231 3177 418 3241 modus
460 3179 559 3243 ille
599 3185 694 3245 est
741 3180 994 3246 Creator
1009 3231 1029 3261 ‚
1061 3187 1175 3248 aut
1213 3188 1502 3248 creatura
1535 3207 1549 3247 :
1585 3204 1716 3250 non

233 3290 504 3363 creatura,
541 3290 696 3370 quia
735 3289 1016 3370 cognitio
1058 3296 1120 3353 et
1164 3290 1392 3355 modus
1441 3311 1716 3374 cognos-

236 3393 375 3456 cendi
398 3400 487 3459 est
512 3401 825 3474 aeternu53
859 3397 913 3459 si
940 3397 1212 3476 Creator,
1241 3403 1353 3462 aut
1379 3399 1530 3464 dicit
1557 3400 1717 3483 quid

235 3502 540 3582 personale,
580 3509 694 3568 aut
725 3503 885 3586 quid
918 3504 1245 3568 essentiale
1277 3526 1292 3568 :
1324 3524 1456 3569 non
1496 3525 1710 3590 perso-

236 3605 343 3668 nale
362 3656 378 3683 ,
418 3611 560 3691 quia
602 3612 814 3676 omnis
862 3612 1145 3692 cognitio
1198 3616 1293 3676 est
1353 3615 1715 3678 communis

236 3712 444 3779 tribus:
481 3736 627 3799 ergo
659 3718 812 3783 dicit
856 3717 1010 3800 (10111
1052 3719 1383 3783 essentiale
1418 3742 1432 3783 :
1468 3739 1625 3803 ergo
1662 3722 1715 3784 si

237 3816 393 3901 alius,
425 3828 482 3888 et
505 3825 660 3890 alius
689 3826 948 3906 moduS,
983 3844 1140 3907 ergo
1173 3826 1333 3905 alia,
1368 3831 1432 3891 et
1457 3829 1586 3892 alia
1622 3848 1710 3893 es-

235 3929 437 3992 sentia:
481 3934 576 3999 sed
626 3935 752 3998 hoc
804 3938 898 3998 est
946 3933 1330 4016 impossibile
1367 3956 1380 3998 :
1434 3953 1592 4018 ergo
1652 3942 1717 4002 et

233 4052 484 4115 primum.

99 4151 217 4215 um
293 4144 531 4212 Contra:
575 4155 636 4213 1.
669 4148 835 4213 Deus
872 4149 1310 4231 cognoscendo
1350 4151 1474 4216 alia
1516 4171 1555 4216 a
1597 4170 1666 4217 se
1693 4201 1709 4232 ‚

237 4257 504 4333 cognoscit
530 4275 643 4339 per
673 4257 881 4322 ideam
904 4278 920 4338 ;
954 4277 1022 4321 se
1044 4263 1260 4322 autem
1284 4277 1415 4323 non
1447 4279 1712 4342 cognos-

238 4357 302 4419 cit
319 4377 416 4439 per
434 4362 628 4426 ideam
652 4382 843 4446 :ergo
866 4364 919 4428 si
937 4382 1313 4446 cognoscere
1336 4384 1450 4448 per
1475 4367 1707 4449 ideam,

239 4461 356 4529 dicit
381 4470 620 4534 modum
648 4471 1060 4554 cognitioniS,
1090 4477 1153 4535 et
1177 4491 1245 4535 se
1275 4491 1406 4536 non
1435 4491 1710 4555 cognos-

242 4570 306 4632 cit
339 4591 434 4654 per
472 4576 704 4655 ideam,
735 4581 904 4660 patet
922 4627 942 4659 ‚
971 4579 1144 4661 quod
1169 4579 1297 4644 alio
1326 4578 1515 4644 modo
1548 4599 1709 4663 cog-

245 4682 528 4761 noscendi3
553 4690 613 4748 et
640 4685 747 4765 sic,
774 4689 890 4749 etc.

306 4788 356 4848 2.
380 4785 518 4852 Item
537 4838 554 4867 ,
597 4792 665 4854 in
691 4792 1051 4873 cognitione
1080 4811 1210 4875 11113
1245 4794 1570 4874 cognoscit
1598 4813 1664 4859 se
1687 4844 1705 4874 ,

247 4882 383 4950 idem
410 4895 494 4954 est
527 4911 900 4974 cognoscens
920 4943 938 4976 ,
969 4900 1032 4960 et
1057 4896 1387 4977 cognitum
1410 4945 1426 4975 ‚
1462 4902 1525 4962 et
1548 4899 1709 4963 ratio

248 5001 614 5074 cognoscendi
654 5020 672 5063 z
713 5002 818 5067 sed
861 5004 931 5067 in
969 5003 1331 5084 cognitione
1379 5024 1507 5088 qua
1550 5026 1708 5091 303-

247 5102 416 5166 noscit
437 5112 790 5189 coeaturam,
806 5129 935 5174 non
959 5114 1052 5174 est
1072 5110 1240 5175 idem
1269 5114 1430 5177 ratio
1449 5132 1709 5196 cognos-

248 5209 404 5273 cendi
425 5230 560 5277 cum
586 5218 829 5298 cognito
860 5240 876 5281 ε
912 5236 1066 5300 3130
1094 5236 1225 5283 000
1251 5219 1420 5285 idem
1452 5224 1702 5290 modus.

296 5333 405 5397 ἰοί.
432 5338 595 5403 Steph.
640 5342 835 5409 Brulet„
869 5346 890 5396 l
920 5343 1077 5408 Sene„
1104 5343 1220 5398 dist.
1245 5357 1438 5415 mur,
1468 5363 1521 5416 q.
1548 5361 1625 5402 1v.
1645 5375 1709 5390 -

3290 365 3370 425 85

1911 500 1971 559 3.
2004 496 2161 561 Item
2178 544 2197 574 ,
2229 495 2394 559 nihil
2435 499 2532 560 est
2570 512 2915 561 commune
2960 493 3276 574 Creatori,
3307 501 3371 561 et

1828 609 2159 683 creaturae,
2188 605 2538 669 secundum
2558 605 2871 668 rationem
2894 605 3139 669 essendi
3168 627 3183 669 ε
3208 623 3368 686 3130

1827 730 2039 795 neque
2101 712 2451 777 secundum
2506 713 2817 776 ratIonem
2872 713 3293 793 cognoscendi
3347 733 3366 778 ε

1827 837 1977 883 cum
2037 837 2195 901 ergo
2248 818 2421 883 aliud
2461 819 2541 882 sit
2589 837 2722 883 esse
2774 823 3083 883 creaturae
3107 866 3125 897 ‚
3171 837 3367 901 quam

1828 925 2135 990 Creatoris
2152 974 2169 1003 ,
2200 929 2264 990 et
2289 926 2454 990 alius
2487 926 2716 990 modus
2737 926 2984 990 essendi
3002 974 3020 1004 ,
3061 944 3219 1007 ergo
3244 925 3368 990 alia

1826 1034 2220 1114 cognitione,
2256 1036 2320 1097 et
2353 1033 2478 1097 alio
2510 1033 2701 1097 modo
2735 1032 3141 1115 cognoscitur
3167 1052 3365 1115 quam

1827 1140 2102 1204 Creator.
2161 1140 2227 1204 Si
2276 1158 2433 1222 ergo
2476 1139 2599 1203 alio
2644 1139 2835 1203 modo
2877 1139 3282 1221 cognoscitur
3326 1160 3366 1205 a

1828 1248 1953 1314 Deo
1975 1299 1992 1329 ,
2041 1255 2105 1315 et
2152 1252 2321 1317 idem
2371 1254 2465 1315 est
2515 1254 2873 1315 creaturam
2925 1250 3259 1332 cognosci,
3304 1254 3366 1314 et

1825 1356 2028 1422 Deum
2054 1376 2438 1439 cognoscere
2457 1406 2475 1437 ,
2502 1376 2660 1439 ergo
2686 1357 2854 1423 Deus
2878 1358 3001 1423 alio
3027 1359 3219 1423 modo
3254 1376 3361 1423 co-

1824 1468 2076 1548 gnoscit
2110 1486 2209 1547 se,
2251 1470 2316 1531 et
2351 1467 2492 1531 alia.

1904 1582 1965 1640 4.
2000 1577 2189 1657 Item,
2226 1578 2434 1643 omnis
2462 1578 2745 1659 cognitio
2773 1578 2840 1641 in
2867 1596 2997 1661 qua
3024 1578 3361 1659 cognitum

1824 1688 1918 1749 est
1943 1685 2248 1761 nobilius,
2279 1684 2653 1766 praesentius
2673 1689 2736 1748 et
2757 1685 3243 1766 intelligibiliuS‚
3270 1690 3366 1750 est

1823 1792 2103 1874 cognitio
2146 1791 2443 1870 nobilior,
2484 1792 2721 1855 scilicet
2753 1798 3070 1873 (1113011110
3109 1794 3191 1857 ad
3222 1811 3361 1857 rem

1822 1904 1887 1964 et
1919 1900 2184 1963 modum
2226 1922 2240 1962 :
2289 1904 2606 1981 quantum
2651 1899 2731 1964 ad
2766 1918 2936 1979 rem,
2983 1901 3137 1982 quia
3178 1901 3257 1965 de
3291 1920 3391 1966 re·

1821 2009 2035 2089 magis
2062 2007 2292 2085 nobili3
2320 2008 2638 2089 quantum
2667 2007 2745 2071 ad
2774 2009 3075 2087 modum,
3106 2009 3260 2095 quia
3285 2010 3363 2074 de

1821 2135 1894 2181 re
1919 2115 2337 2198 praesentiori.
2383 2113 2504 2179 Sed
2531 2115 2603 2178 in
2636 2115 2997 2196 cognitione
3039 2135 3170 2198 qua
3196 2115 3362 2180 Deus

1822 2222 2147 2305 cognoscit
2180 2239 2248 2285 se
2270 2270 2288 2300 ,
2333 2221 2668 2303 cognitum
2707 2226 2801 2286 est
2835 2223 3113 2287 nobilius
3130 2270 3147 2299 ,
3193 2240 3363 2305 prae-

1822 2322 2062 2386 sentius
2083 2325 2147 2384 et
2169 2320 2656 2401 intelligibilius,
2679 2340 2876 2404 quam
2898 2322 2968 2384 in
2993 2321 3359 2403 cognitione

1823 2432 2132 2492 creaturae
2163 2448 2178 2492 ε
2210 2446 2369 2509 3130
2406 2427 2680 2492 nobilior
2721 2428 3006 2509 cognitio
3040 2431 3358 2512 quantum

1826 2535 1906 2600 ad
1930 2554 2072 2599 rem
2098 2540 2162 2599 et
2193 2535 2483 2600 modum.

2340 2779 2854 2847 CONCLUSIO.

1822 2945 1960 2999 Deus
1990 2942 2336 3013 coquoscendo
2358 2957 2441 3011 se,
2471 2944 2656 2998 omnia
2694 2943 2814 2998 alia
2850 2958 2886 2997 a
2913 2957 2966 2998 se
2991 2944 3237 2997 intuetur
3262 2960 3280 2996 ε
3307 2947 3361 2998 et

1895 3048 2012 3088 cum
2051 3035 2164 3105 ejus
2200 3034 2435 3102 coquitio
2467 3036 2687 3105 ipsemet
2713 3035 2788 3088 sit
2813 3034 2979 3104 Deus,
3009 3030 3183 3087 eodem
3208 3031 3360 3087 modo

1895 3127 2135 3194 coqnocit
2159 3139 2241 3195 53,
2279 3127 2441 3195 atque
2475 3124 2617 3181 alia.

1903 3282 2088 3366 Resp.
2133 3284 2215 3348 ad
2249 3284 2407 3365 Arg.
2456 3284 2802 3348 Dicendum
2838 3284 3008 3366 quod
3055 3288 3149 3348 est
3181 3302 3361 3367 (11113-

1822 3390 1971 3455 11310
1998 3391 2281 3472 cognitio
2315 3409 2465 3474 quae
2493 3395 2789 3457 causatur
2829 3395 2893 3456 et
2930 3393 3145 3456 ortum
3169 3391 3362 3456 habet

1821 3516 1861 3561 a
1882 3500 2290 3579 cognoscibili
2322 3522 2336 3563 :
2369 3504 2433 3563 et
2466 3500 2639 3580 haec,
2684 3500 2990 3583 quoniam
3018 3519 3057 3564 3
3084 3517 3356 3581 cognos-

1821 3605 1996 3670 cibili
2018 3612 2313 3671 causatur
2340 3610 2405 3671 et
2439 3608 2783 3690 dependet,
2824 3609 3109 3674 variatur
3127 3627 3360 3672 secun-

1821 3712 1978 3777 dum
2013 3714 2407 3795 exigentiam
2437 3715 2899 3796 cognoscibiliS,
2931 3719 3249 3798 quantum
3278 3715 3358 3780 ad

1820 3838 1959 3884 rem
1981 3825 2044 3885 et
2071 3822 2356 3885 modum.
2385 3822 2493 3888 Est
2518 3826 2581 3886 et
2607 3823 2731 3886 alia
2757 3823 3069 3904 cognitio,
3095 3841 3243 3906 quae
3265 3841 3361 3887 53-

1821 3927 2105 3991 311οᾱ1110
2131 3946 2270 3992 1301
2296 3929 2466 3992 idem
2501 3933 2596 3993 est
2631 3929 2801 4012 quod
2836 3947 3262 4012 3030053305,
3297 3934 3361 3994 31

1821 4055 1860 4098 3
1882 4035 2293 4116 cognoscibili
2319 4054 2448 4099 non
2488 4044 2807 4125 causatur,
2848 4055 2968 4101 nec
3004 4037 3355 4120 dependet3

1820 4146 1885 4206 et
1910 4144 2048 4206 haec
2073 4143 2297 4224 accipit
2321 4143 2735 4220 identitatem,
2768 4149 3086 4225 quantum
3113 4145 3193 4209 ad
3218 4163 3360 4208 rem

1820 4256 1882 4316 31
1904 4251 2170 4315 modum
2189 4268 2229 4313 a
2249 4253 2428 4332 parte
2451 4250 2892 4332 cognoscentis
2907 4301 2926 4332 ,
2961 4270 3094 4315 non
3115 4271 3155 4316 3
3176 4258 3357 4335 parte

1819 4358 2079 4440 cogniti.
2138 4358 2451 4435 Quoniam
2497 4376 2655 4440 ergo
2709 4359 2930 4423 divina
2982 4360 3267 4441 cognitio
3319 4380 3359 4425 a

1816 4466 2008 4530 rebus
2030 4483 2165 4529 non
2190 4465 2521 4548 dependet,
2556 4484 2673 4529 nec
2699 4470 3020 4545 causatur,
3049 4467 3158 4530 sed
3184 4467 3358 4532 idem

1818 4574 1988 4657 quod
2013 4573 2198 4653 Deus,
2219 4578 2284 4638 et
2308 4571 2475 4638 Deus
2507 4573 2728 4638 eadem
2758 4574 3026 4638 essentia
3052 4578 3115 4638 et
3133 4574 3358 4639 eodem

1818 4681 2006 4746 modo
2052 4699 2122 4745 se
2166 4682 2435 4760 habens;
2480 4682 2622 4746 ideo
2668 4701 2800 4746 una
2848 4683 3242 4764 cognitione,
3293 4686 3359 4746 et

1817 4788 2041 4853 eodem
2066 4788 2256 4853 modo
2283 4789 2607 4870 cognoscit
2633 4788 2798 4854 Deus
2824 4807 2922 4870 se,
2953 4793 3018 4854 et
3046 4789 3169 4853 alla
3194 4808 3235 4854 a
3259 4807 3350 4870 se,

1817 4896 1972 4978 (11113
1996 4914 2112 4979 per
2133 4896 2411 4979 seipsum
2438 4896 2614 4962 nullo
2647 4896 2838 4961 modo
2864 4895 3205 4976 variatum,
3233 4914 3352 4961 nec

1815 5007 2337 5072 diversificatum.

1897 5115 1994 5179 Ad
2019 5115 2509 5197 intelligentiam
2535 5118 2747 5180 autem
2771 5116 3167 5198 objectorum
3184 5163 3201 5196 ‚
3231 5132 3348 5181 no-

1815 5278 1839 5313 ²
1855 5276 2030 5404 Ari-let,
2056 5277 2335 5344 Metaphys.
2364 5277 2457 5328 lib.
2478 5277 2600 5341 XII,
2630 5280 2769 5328 cont.
2789 5278 2869 5328 39.
2890 5302 2953 5315 —
2969 5276 2989 5310 ⁸
3011 5277 3203 5329 Contra
3220 5278 3349 5342 Iac„

1820 5365 1870 5416 1,
1895 5358 1918 5404 1
1961 5388 1975 5402 .
