4125 6225
1666 433 2096 512 DISSTINGT.
2140 437 2271 512 XV.

377 573 590 657 dignit
636 575 940 642 decorari.
978 576 1060 642 Et
1082 578 1314 642 iterum
1334 625 1355 656 ,
1400 578 1554 661 quia
1595 580 1734 661 ipsa
1774 597 1923 644 ma-

379 682 555 747 xime
623 685 885 766 praestat
938 685 1252 767 pabulum
1315 686 1702 751 animalibus
1758 686 1926 750 inter

382 794 611 855 caetera
640 791 973 872 elementa,
1003 791 1159 856 hinc
1186 796 1301 874 est,
1332 794 1506 877 quod
1534 794 1751 876 plures
1778 794 1926 858 ani-

382 898 652 963 malium
677 899 1052 964 differentiae
1077 901 1489 983 reperiuntur
1512 903 1583 966 in
1605 902 1714 967 illa
1744 925 1759 966 ι
1794 921 1927 967 om-

381 1022 496 1067 nes
541 1009 760 1069 autem
801 1006 929 1070 illae
981 1006 1356 1071 differentias
1401 1007 1798 1072 reducuntur
1845 1008 1927 1072 ad

381 1112 499 1176 has
544 1117 671 1177 tres
715 1114 1099 1179 differentias
1122 1164 1139 1193 ‚
1187 1134 1466 1198 quarum
1502 1134 1818 1181 numerus
1864 1119 1928 1180 et

381 1220 761 1284 sufficientia
807 1225 1011 1304 potest
1054 1221 1252 1303 accipi
1289 1222 1624 1305 dupliciter
1646 1271 1663 1300 ,
1691 1224 1796 1287 vel
1843 1242 1926 1288 ex

379 1331 558 1408 parte
578 1332 788 1392 motus
805 1313 1094 1411 ipsorum
1115 1329 1516 1406 animalium,
1532 1331 1730 1395 velex
1749 1333 1926 1413 parte

378 1432 545 1497 finiS.
578 1433 676 1498 Ex
701 1439 879 1518 parte
908 1439 1124 1500 motus
1149 1436 1239 1498 sic
1269 1454 1286 1499 ε
1325 1436 1527 1501 Omne
1567 1437 1741 1499 enim
1783 1437 1925 1500 ani-

379 1539 510 1601 mal
543 1539 716 1622 quod
744 1546 1067 1623 movetur,
1109 1546 1225 1607 aut
1261 1548 1558 1608 movetur
1602 1547 1835 1621 tractu,
1863 1547 1928 1607 et

381 1643 473 1707 sic
497 1650 591 1708 est
615 1647 837 1729 reptile
860 1668 878 1727 3
900 1654 1014 1713 aut
1038 1649 1343 1732 impulsu,
1369 1654 1433 1713 et
1456 1649 1546 1715 sic
1569 1649 1922 1730 gressibile.

380 1748 459 1815 Et
482 1751 605 1816 hoc
630 1759 726 1817 est
746 1754 1085 1836 dupliciter
1115 1774 1132 1821 ε
1162 1760 1276 1820 aut
1301 1761 1396 1820 est
1421 1756 1661 1820 animal
1701 1760 1927 1820 natum

380 1858 607 1922 saevire
627 1908 644 1939 ,
676 1864 790 1924 aut
824 1880 1268 1927 mansuescere
1301 1885 1317 1926 :
1345 1862 1554 1946 primo
1601 1862 1792 1927 modo
1822 1862 1926 1927 di·-

382 1970 546 2035 citur
575 1972 777 2038 bestia
791 1996 807 2052 3
848 1975 1126 2039 secundo
1160 1976 1352 2040 modo
1388 1976 1620 2039 dicitur
1659 1977 1928 2058 jumen-

383 2086 545 2162 tum,
575 2089 639 2149 et
662 2086 785 2149 sub
805 2086 1124 2167 jumentis
1149 2088 1785 2170 comprehenduntur
1812 2104 1930 2169 pe-

384 2207 553 2254 cora.
579 2191 676 2255 Ex
695 2197 874 2275 parte
894 2194 1041 2257 ssnis
1062 2194 1152 2258 sic
1175 2216 1190 2258 t
1223 2195 1546 2258 Animalia
1562 2195 1740 2259 enim
1769 2195 1933 2258 facta

387 2300 539 2361 sunt
566 2303 823 2382 propter
847 2300 1177 2365 hominem
1207 2323 1221 2364 ε
1253 2306 1368 2365 aut
1401 2301 1604 2383 igitur
1629 2305 1782 2366 sunt
1818 2319 1932 2366 or-

386 2405 603 2469 dinata
625 2407 707 2473 ad
751 2407 1031 2471 hominis
1060 2410 1557 2490 juvamentum,
1595 2410 1760 2474 sicut
1784 2413 1935 2474 sunt

378 2514 693 2594 jumenta,
721 2516 907 2599 quasi
922 2515 1241 2597 juvantia
1266 2539 1290 2583 .·
1320 2521 1437 2581 aut
1463 2520 1617 2581 sunt
1643 2518 1933 2582 ordinata

387 2621 468 2685 ad
502 2621 781 2687 hominis
828 2623 1208 2687 exercitium
1232 2672 1249 2702 ,
1279 2630 1343 2688 et
1376 2626 1499 2688 hoc
1545 2627 1750 2707 potest
1796 2642 1933 2688 esse

387 2727 744 2811 dupliciter,
774 2730 928 2812 quia
947 2734 1062 2794 aut
1087 2735 1384 2796 exercent
1404 2732 1690 2796 nocendo
1719 2732 1937 2796 mani-

114 2850 363 2960 mngsss
388 2837 562 2917 feste,
611 2843 675 2903 et
699 2838 802 2901 sic·
829 2843 983 2902 sunt
1010 2839 1226 2903 bestiae
1248 2887 1265 2916 ,
1284 2841 1469 2922 quasi
1512 2843 1792 2921 vasiioei
1823 2843 1936 2904 aut

115 2983 291 3023 entur.

391 2944 653 3009 occultae
676 2950 929 3026 nocent,
960 2947 1135 3012 etsie
1161 2953 1310 3012 sunt
1330 2947 1577 3031 reptilia
1599 2996 1615 3024 ,
1646 2965 1794 3030 quoe
1823 2965 1938 3012 oc-

393 3052 558 3117 culte
585 3057 853 3133 nocent,
903 3056 968 3118 et
1000 3055 1381 3120 insidiantur
1424 3056 1717 3120 calcaneo
1757 3075 1774 3120 z
1820 3055 1940 3120 hos

395 3165 612 3226 autem
637 3164 824 3241 flneS,
850 3162 967 3227 etsi
993 3180 1123 3227 non
1150 3164 1460 3227 haberent
1503 3165 1559 3227 si
1584 3164 1781 3227 homo
1805 3181 1940 3228 non

397 3271 713 3351 peccasset
736 3269 805 3333 in
836 3274 984 3333 actu
1000 3317 1018 3348 ,
1058 3269 1364 3335 haberent
1407 3275 1623 3334 tamen
1657 3271 1730 3335 in
1771 3271 1943 3353 apti-

401 3376 643 3456 tudine,
673 3380 736 3441 et
761 3396 843 3442 ex
866 3378 1006 3463 ipsa
1031 3379 1385 3461 aptitudine
1407 3379 1636 3443 melius
1662 3379 1944 3444 erudire-

401 3486 507 3547 tur
530 3488 687 3547 tunc
726 3484 923 3550 homo
962 3487 1031 3549 in
1074 3490 1246 3551 statu
1287 3486 1670 3551 innocentiae
1696 3534 1713 3563 ,
1746 3503 1944 3569 quam

405 3590 735 3655 erudiatur
771 3611 946 3656 nunc
983 3611 1065 3657 ex
1091 3597 1239 3657 actu
1275 3594 1345 3656 in
1374 3597 1547 3657 statu
1582 3594 1787 3676 culpae
1829 3616 1845 3657 :
1883 3596 1948 3658 et

406 3695 496 3759 sic
516 3701 689 3779 patet
725 3697 963 3763 horum
1000 3699 1199 3764 trium
1244 3699 1609 3764 differentia
1645 3705 1708 3764 et
1749 3701 1939 3766 suffi-

408 3802 659 3885 cientia,
687 3809 752 3870 et
776 3810 947 3889 patet
971 3807 1299 3889 responsio
1325 3807 1408 3872 ad
1435 3808 1704 3890 objecta.
1734 3809 1738 3814 ’

1027 4012 1167 4060 DUB.
1210 4011 1303 4058 m.

416 4143 472 4194 ln
503 4144 602 4196 hac
640 4144 777 4195 enim
806 4159 980 4196 rerum
1018 4146 1342 4197 distinctione
1379 4145 1618 4197 catholici
1649 4147 1953 4198 tractatores

569 4217 864 4283 dissentire,
891 4222 950 4269 ut
983 4232 1138 4284 supra
1164 4219 1385 4271 diximus
1401 4255 1415 4283 ,
1446 4218 1794 4269 inveniuntur.

498 4348 726 4415 Contra
751 4370 770 4414 ι
794 4350 954 4415 Cum
970 4370 1104 4416 non
1139 4352 1220 4417 sit
1244 4353 1262 4390 ¹
1284 4352 1454 4418 Deus
1495 4351 1950 4432 dissensionis,

419 4457 529 4523 sed
547 4461 756 4541 paciS,
786 4463 850 4523 et
871 4458 1218 4543 Scripturae
1238 4460 1364 4523 sint
1389 4460 1459 4524 in
1485 4460 1707 4524 eodem
1724 4460 1957 4541 spiritu

419 4567 722 4647 expositae
767 4584 898 4648 quo
942 4567 1204 4631 fuerunt
1251 4566 1553 4647 conditae,
1603 4567 1768 4631 sicut
1807 4567 1958 4631 dicit

421 4670 764 4755 Gregorius
788 4675 836 4753 ¹,
861 4674 1116 4739 videtur
1140 4675 1310 4756 quod
1327 4673 1694 4738 nullatenus
1720 4675 1961 4757 possint

420 4779 774 4846 dissentire.
803 4781 962 4846 Item
984 4800 1215 4847 verum
1230 4800 1385 4847 vero
1405 4800 1539 4845 non
1566 4782 1910 4864 opponitur
1939 4803 1954 4845 z

421 4899 578 4966 ergo
633 4885 687 4948 si
752 4885 1041 4949 catholici
1103 4888 1470 4949 tractatores
1517 4884 1899 4949 dissentiunt
1937 4931 1955 4961 ,

423 5007 592 5055 unus
616 4991 770 5056 dicit
797 5010 1027 5057 verum
1049 5039 1067 5071 ,
1103 4998 1167 5055 et
1204 4993 1361 5056 alter
1403 4992 1639 5056 falsum
1669 4992 1825 5058 :sed
1866 4991 1961 5059 in-

421 5098 705 5164 tellectus
734 5099 1080 5182 Scripturas
1116 5117 1249 5164 non
1286 5103 1491 5182 potest
1532 5118 1668 5164 esse
1694 5099 1823 5164 nisi
1851 5116 1960 5165 ve-

395 5222 536 5293 rus
570 5224 586 5269 z
615 5225 776 5289 ergo
802 5226 952 5273 cum
976 5207 1377 5287 dissentiunt,
1405 5225 1659 5271 necesse
1692 5211 1788 5272 est
1807 5207 1965 5271 alte-

3454 453 3574 520 007

2029 596 2165 644 non
2187 581 2312 644 erit
2331 582 2679 648 catholicus
2704 589 3023 667 tractator,
3060 586 3171 651 sed
3197 587 3408 669 potius
3434 586 3573 651 hae-

2030 686 2287 751 reticus.

2113 793 2296 878 Resp.
2337 795 2687 863 Dicendum
2725 800 2899 882 quod
2929 800 3028 865 vis
3054 801 3339 865 facienda
3382 803 3576 866 estin

2031 903 2156 967 hoc
2189 906 2363 987 quod
2396 905 2548 970 dicit
2587 906 2909 989 Magister,
2959 909 3305 976 dissentire
3338 908 3576 975 viden-

2035 1015 2142 1075 tur
2182 1032 2205 1072 .·
2248 1013 2500 1078 videtur
2534 1014 2711 1077 enim
2749 1015 3093 1097 aliquando
3135 1016 3307 1098 quod
3341 1020 3473 1095 est,
3513 1020 3577 1081 et

2034 1118 2289 1182 videtur
2313 1119 2655 1202 aliquando
2683 1121 2855 1203 quod
2896 1141 3029 1186 non
3060 1127 3154 1186 est
3189 1145 3204 1185 ε
3234 1127 3298 1186 et
3338 1141 3575 1186 secun-

2034 1224 2191 1288 dum
2218 1225 2395 1289 hunc
2418 1227 2737 1309 duplicem
2773 1230 3039 1294 modum
3077 1234 3278 1312 potest
3302 1229 3576 1311 intelligi

2036 1332 2307 1397 verbum
2339 1332 2623 1415 Magistri
2646 1357 2662 1413 ;
2695 1339 2770 1399 ut
2796 1335 3085 1399 catholici
3112 1340 3481 1400 tractatores
3506 1336 3578 1400 in

2034 1440 2251 1522 aliquo
2290 1442 2647 1508 videantur·
2671 1444 2998 1509 dissentire
3018 1492 3035 1521 ,
3075 1448 3138 1508 et
3163 1444 3571 1520 dissentiant;

2034 1547 2104 1610 in
2132 1549 2347 1630 aliquo
2387 1549 2726 1614 videantur
2769 1551 3104 1615 dissentire
3124 1598 3144 1630 ,
3184 1569 3314 1614 non
3360 1555 3577 1613 tamen

2034 1652 2426 1719 dissentiant.
2455 1656 2712 1739 Aliquid
2744 1657 2920 1720 enim
2937 1657 3156 1722 dicunt
3175 1657 3498 1735 assertive,
3513 1661 3579 1720 et

2036 1761 2278 1844 aliquid
2299 1762 2517 1827 dicunt
2554 1765 2895 1846 opinando.
2929 1762 3254 1841 Quantum
3298 1764 3381 1829 ad
3418 1764 3579 1829 illud

2036 1871 2209 1952 quod
2231 1871 2530 1936 assertive
2548 1871 2789 1952 dicunt,
2810 1873 2884 1935 in
2905 1871 3027 1936 hoc
3044 1891 3178 1937 non
3197 1871 3577 1951 discordant,

2037 1978 2213 2058 quia,
2235 1977 2407 2060 quod
2424 1983 2735 2055 asserunt,
2765 1998 2881 2062 per
2911 1978 3361 2044 revelationem
3378 1976 3583 2041 sancti

2037 2081 2314 2166 Spiritus
2338 2085 2581 2164 dicunt,
2604 2086 2719 2167 qui
2743 2104 2875 2150 non
2902 2091 2997 2150 est
3021 2085 3143 2150 sibi
3173 2084 3530 2150 contrarius
3558 2105 3577 2163 ;

2038 2190 2107 2253 in
2135 2210 2213 2256 eo
2238 2211 2415 2269 ver0,
2446 2196 2516 2256 in
2538 2211 2667 2275 quo
2685 2193 3053 2276 opinantur,
3082 2192 3412 2257 dissentire
3437 2210 3585 2274 pos-

2039 2302 2232 2378 sunt,
2262 2304 2326 2363 et
2354 2299 2697 2382 aliquando
2735 2301 3149 2380 dissentiunt,
3189 2299 3340 2383 quia
3365 2300 3583 2382 opinio

2039 2406 2219 2471 venit
2243 2407 2588 2491 aliquando
2620 2428 2702 2473 ex
2743 2409 3059 2492 probabili
3085 2410 3448 2490 conjectura
3473 2426 3586 2472 ra-

2041 2516 2265 2595 tionis,
2311 2516 2383 2578 in
2436 2535 2567 2598 qua
2602 2517 2801 2581 ho'mo
2865 2519 3231 2601 frequenter
3273 2515 3585 2598 decipitur

2041 2620 2408 2704 deceptione
2461 2622 2672 2704 potius
2694 2670 2712 2701 ,
2768 2639 2916 2705 quas
2964 2627 3059 2686 est
3106 2638 3295 2703 poena
3316 2669 3334 2700 ,
3387 2639 3585 2703 quam

2042 2728 2258 2811 culpa,
2283 2746 2322 2791 a
2349 2747 2479 2810 qua
2501 2727 2616 2792 vix
2649 2728 2882 2810 aliquis
2910 2731 3327 2792 tractatorum
3367 2728 3586 2792 catho-

2041 2835 2316 2900 licorum
2344 2837 2653 2900 immunis
2668 2836 2788 2901 fuit
2819 2858 2835 2900 t
2868 2843 2931 2900 et
2956 2836 3099 2900 ideo
3123 2835 3266 2900 talis
3282 2836 3587 2901 dissensio

2042 2944 2558 3027 reprehensibilis
2580 2962 2711 3008 non
2737 2950 2835 3009 est
2862 2965 2879 3009 x
2911 2943 3211 3027 quamvis
3255 2945 3430 3007 enim
3459 2944 3588 3008 dis-⁶

2046 3053 2308 3118 cordent
2356 3053 2571 3137 aliquo
2625 3053 2817 3120 modo
2858 3052 3107 3137 judicia
3129 3101 3147 3133 ,
3205 3054 3592 3119 concordant

2045 3165 2266 3224 tamen
2292 3160 2633 3241 desideria;
2667 3180 2890 3227 omnes
2908 3160 3087 3226 enim
3111 3160 3405 3225 catholici
3430 3166 3591 3226 trac-

2047 3271 2283 3334 tatores
2307 3270 2640 3334 veritatem
2674 3270 2883 3335 dicere
2909 3270 3155 3335 volunt.
3185 3267 3265 3333 Et
3305 3269 3396 3333 sic
3420 3274 3594 3352 patet

2049 3376 2376 3458 responsio
2394 3375 2476 3441 ad
2502 3376 2657 3441 illud
2688 3378 2861 3459 quod
2883 3376 3198 3458 objicitur.
3225 3376 3426 3440 Aliter
3452 3395 3594 3460 pos-

2052 3487 2149 3548 set
2180 3483 2302 3547 dici
2321 3532 2338 3562 ,
2376 3483 2541 3548 sicut
2567 3502 2762 3567 supra
2792 3487 3033 3548 tactum
3080 3483 3224 3563 fuit,
3268 3483 3440 3566 quod
3480 3483 3597 3547 etsi

2053 3589 2384 3653 dissentire
2399 3589 2762 3667 videantur,
2784 3609 2917 3656 non
2944 3593 3160 3656 tamen
3178 3590 3592 3654 dissentiunt:

2054 3696 2212 3778 quia
2233 3714 2364 3761 non
2391 3696 2635 3772 dicunt,
2666 3696 2820 3779 quid
2848 3698 3043 3763 fuerit
3082 3699 3152 3763 in
3179 3718 3272 3778 re,
3302 3699 3411 3764 scd
3441 3696 3598 3781 quid

2057 3821 2426 3884 congruum
2472 3823 2608 3868 esse
2643 3804 2920 3885 potuerit
2960 3823 2976 3868 ε
3024 3824 3143 3871 nec
3183 3807 3404 3871 dicunt
3445 3804 3601 3886 quid

2054 3911 2403 3993 legislator,
2426 3910 2659 3975 scilicet
2676 3909 2948 3993 MoySeS,
2972 3912 3044 3975 in
3069 3911 3178 3976 illo
3201 3913 3399 3977 verbo
3421 3912 3604 3977 intel-

2056 4017 2307 4098 lexerit,
2336 4016 2445 4082 sed
2472 4018 2683 4099 magis
2715 4018 2870 4099 quid
2904 4017 3183 4102 Spiritus
3217 4024 3473 4084 sanctus
3500 4019 3605 4083 in-

2061 4125 2333 4190 tenderit
2354 4173 2371 4202 ,
2405 4125 2518 4207 qui
2572 4142 2723 4188 eum
2778 4124 3123 4191 illustravit
3168 4143 3184 4189 ε
3248 4130 3312 4190 et
3370 4123 3604 4189 diversi

2064 4233 2237 4297 modi
2281 4232 2703 4314 producendi,
2741 4232 2878 4296 sive
2921 4232 3115 4297 simu]
3136 4280 3154 4310 ,
3184 4232 3319 4297 sive
3364 4250 3607 4297 succes-

2064 4340 2224 4420 sive,
2250 4358 2611 4419 congruere
2633 4342 2899 4421 possunt
2922 4340 3159 4405 divinae
3175 4341 3511 4423 potentiae:
3543 4342 3607 4405 et

2063 4446 2336 4529 Spiritus
2378 4451 2634 4511 sanctus
2666 4447 2737 4510 in
2764 4446 2986 4510 eadem
3032 4446 3359 4531 Scriptura
3405 4446 3609 4512 multa

2068 4556 2261 4619 simul
2284 4554 2582 4637 intelligit
2605 4603 2623 4634 ,
2654 4558 2719 4619 et
2760 4555 2910 4619 facit
2949 4557 3338 4639 expositores
3377 4557 3610 4621 intelli-

2069 4680 2224 4744 gere
2275 4684 2291 4726 :
2340 4662 2516 4738 ideo,
2563 4661 2680 4725 etsi
2733 4662 3045 4727 discordia
3097 4663 3391 4728 videatur
3441 4666 3609 4730 inter

2070 4769 2355 4833 doctores
2371 4767 2724 4833 secundum
2741 4769 3120 4834 exteriorem
3139 4770 3364 4834 faciem
3381 4770 3608 4852 literae,

2070 4894 2202 4941 non
2241 4883 2457 4940 tamen
2499 4881 2595 4941 est
2634 4877 2945 4941 discordia
2987 4878 3340 4943 secundum
3375 4879 3610 4944 verita-

2071 4990 2204 5053 tem
2236 5008 2253 5052 :
2282 4990 2346 5051 et
2388 4986 2529 5050 ideo
2569 4986 2897 5067 signanter
2936 4986 3214 5051 dicitur:
3261 4988 3615 5055 Dissentire

2073 5095 2396 5174 videntur,
2425 5113 2561 5160 non
2615 5118 2631 5160 ς
2674 5095 3107 5161 Βὶθεεπιίιιηῑ.
3138 5093 3317 5161 Unde
3348 5095 3614 5177 Augus-

2073 5204 2251 5268 tinus
2293 5202 2363 5266 in
2401 5202 2583 5269 libris
2630 5203 2762 5267 suis
2816 5202 2887 5266 in
2935 5202 3155 5267 multis
3209 5203 3365 5269 locis
3410 5204 3621 5271 tenuit

424 5329 573 5377 rum
606 5314 893 5398 ipsorum
922 5316 1269 5397 depravare
1312 5312 1743 5396 Scripturam;
1774 5319 1837 5381 et
1871 5313 1965 5379 ita
2076 5311 2253 5377 viam
2274 5310 2546 5375 aliorum
2561 5314 2958 5392 sanctorum;
2979 5329 3063 5376 ex
3079 5329 3210 5395 quo
3231 5316 3425 5396 patet,
3446 5310 3621 5396 quod

493 5438 709 5517 ²1·Gor.,
730 5452 841 5505 ΧΠ,
860 5442 939 5491 33.
958 5466 1021 5479 -
1037 5440 1062 5476 ²
1078 5440 1252 5504 Greg.,
1278 5454 1389 5505 sup.
1414 5437 1594 5493 Exacta.

2078 5439 2211 5485 non
2238 5422 2375 5483 erat
2396 5419 2488 5484 eis
2509 5418 2891 5484 contrarius.
2996 5486 3004 5494 ,
