4125 6225
1206 487 1403 554 DIST.
1448 486 1556 552 III.
1593 483 1829 551 PART.
1876 481 1924 548 I.
1967 480 2150 547 ART.
2195 482 2273 548 11.
2318 482 2618 563 QUAEST.
2662 486 2713 551 1.

366 630 530 694 sicut
553 629 818 693 diversis
839 628 1059 692 formis
1079 625 1431 689 informari.
1462 624 1538 688 Et
1561 624 1684 687 hoc
1705 623 1898 704 patet,

365 739 516 819 quia
542 738 746 801 forma
773 735 1185 801 humanitatis
1211 737 1304 797 est
1333 751 1462 797 una
1489 731 1729 796 unitate
1752 729 1905 793 uni·-

364 845 773 923 versalitatis;
813 848 875 908 et
913 843 1054 906 ideo
1090 841 1280 904 simul
1308 857 1538 904 verum
1575 841 1703 913 est,
1734 836 1904 919 quod

364 955 460 1014 est
486 951 679 1015 homo
705 952 817 1033 qui
844 955 1210 1032 generatur,
1237 953 1300 1010 et
1325 951 1417 1010 est
1444 947 1638 1010 homo
1660 945 1771 1027 qui
1801 961 1905 1024 ge-

362 1059 686 1122 nerandus
709 1062 822 1135 est,
850 1063 911 1122 et
935 1062 1029 1121 est
1054 1056 1249 1119 homo
1272 1055 1476 1129 albuS‚
1504 1056 1568 1116 et
1594 1058 1687 1116 est
1712 1052 1907 1115 homo

364 1165 553 1247 niger
585 1188 599 1229 :
630 1166 699 1228 in
741 1165 1041 1229 omnibus
1080 1163 1182 1226 his
1216 1167 1310 1226 est
1348 1162 1554 1225 forma
1589 1179 1721 1225 una
1759 1159 1907 1223 uni-

364 1271 649 1336 versalis.
681 1271 861 1348 Quod
899 1271 954 1334 si
982 1271 1150 1334 dicas
1180 1268 1349 1351 quod
1386 1287 1519 1332 non
1546 1272 1641 1332 est
1676 1268 1904 1344 simile,

363 1380 519 1462 quia
539 1379 907 1443 humanitas
930 1398 1063 1443 non
1085 1381 1181 1442 est.
1206 1396 1339 1441 una
1357 1394 1650 1452 numere,
1677 1379 1752 1439 ut
1776 1393 1910 1438 ma-

362 1486 526 1550 teria
552 1506 569 1565 3
591 1486 729 1550 dico
772 1485 941 1569 quod
988 1486 1284 1568 quamvis
1323 1503 1455 1548 non
1500 1484 1580 1546 sit
1618 1501 1752 1546 una
1792 1500 1911 1544 nu-

364 1612 580 1669 mero,
630 1593 739 1657 sed
780 1593 1021 1675 specie,
1064 1598 1284 1657 tamen
1327 1593 1544 1656 unitas
1587 1590 1908 1669 materiae,

366 1720 514 1785 quse
543 1705 637 1764 est
662 1703 873 1764 unitas
903 1700 1453 1781 homogeneitatis,
1487 1698 1752 1780 majoris
1778 1715 1911 1760 am·
1953 1703 1963 1718 “

367 1809 697 1893 plitudinis
725 1812 846 1886 est,
880 1826 1075 1890 quam
1100 1806 1466 1870 humanitas
1491 1806 1627 1887 ipsa
1645 1854 1662 1884 ‚
1689 1809 1754 1869 et
1779 1822 1916 1866 ma-

360 1919 574 1997 jorem
616 1916 1046 1980 diversitatem
1088 1914 1384 1978 admittit.
1432 1913 1510 1977 Et
1552 1913 1692 1977 ideo
1738 1911 1947 2004 nulla·

372 2028 468 2087 est
500 2023 836 2105 oppositio,
871 2022 1049 2086 nulla
1081 2021 1345 2086 omnino
1382 2019 1792 2083 contradictio
1830 2036 1913 2081 ex

372 2128 840 2211 comparatione
868 2127 1307 2209 oppositorum
1334 2125 1412 2188 ad
1442 2125 1748 2189 unitatem
1778 2142 1914 2186 ma-

370 2236 545 2300 teriae
574 2254 685 2317 per
709 2236 1078 2311 essentiam;
1108 2234 1216 2297 sed
1242 2234 1451 2297 solum
1477 2252 1557 2295 ex
1586 2249 1917 2314 compara-

368 2343 541 2406 tione
568 2343 1005 2424 oppositorum
1041 2341 1117 2403 ad
1156 2341 1463 2403 unitatem
1501 2342 1782 2402 materiae
1825 2357 1919 2402 se-

370 2450 654 2512 cundum
683 2468 836 2512 esse.
870 2446 1047 2511 Unde
1074 2448 1235 2509 sicut
1265 2448 1317 2508 si
1345 2448 1472 2510 duo
1506 2448 1731 2529 scyphi
1769 2447 1917 2510 facti

369 2562 520 2620 sunt
558 2558 635 2620 de
666 2575 824 2619 auro
852 2554 1196 2631 conformi,
1235 2558 1437 2635 potest
1464 2573 1634 2617 unus
1671 2553 1920 2648 destrui

370 2664 569 2727 altero
605 2670 1007 2738 remanente,
1049 2663 1151 2725 vel
1191 2680 1362 2724 unus
1404 2662 1666 2742 produci
1709 2661 1907 2724 altero

368 2771 440 2833 in
480 2788 612 2834 esse
656 2771 993 2852 producto,
1039 2769 1131 2832 sic
1174 2769 1660 2850 intelligendum
1702 2773 1796 2832 est
1847 2767 1915 2830 in

368 2876 692 2958 proposito
726 2894 740 2933 τ
771 2877 822 2938 si
861 2876 1005 2958 quis
1042 2875 1215 2939 enim
1247 2876 1390 2939 vult
1425 2876 1734 2938 unitatem
1779 2892 1918 2937 ma-

370 2982 548 3046 teriae
587 2982 977 3063 intelligere,
1012 2986 1257 3065 oportet
1293 2983 1373 3047 ab
1401 2983 1643 3046 unitate
1682 2982 1921 3046 indivi-

370 3088 541 3154 duali
587 3089 879 3154 animum
924 3091 1286 3180 abstrahere
1305 3140 1322 3170 ,
1368 3096 1431 3155 et
1471 3107 1662 3173 super
1703 3092 1918 3154 actum

369 3196 849 3277 imaginationis
886 3199 1340 3275 conscendere,
1385 3202 1447 3263 et
1487 3198 1752 3263 omnino
1798 3216 1920 3263 ens

371 3303 440 3365 in
470 3305 748 3385 potentia
775 3323 888 3387 per
915 3306 1340 3387 privationem
1368 3306 1649 3387 cogitare
1682 3329 1696 3371 :
1728 3310 1791 3369 et
1827 3306 1921 3370 sic

370 3411 603 3492 poterit
620 3412 976 3494 aliqualiter
994 3431 1239 3495 capere.
1256 3412 1575 3490 Quamdiu
1594 3413 1768 3478 enim
1790 3432 1922 3479 ma·

371 3518 530 3583 teria
564 3523 640 3581 ut
677 3519 877 3582 moles
915 3525 1177 3584 extensa
1215 3522 1553 3601 cogitatur,
1593 3520 1672 3584 ad
1709 3522 1922 3586 unita-

370 3631 502 3692 tem
528 3628 819 3691 essentiae
846 3627 1025 3690 nullo
1050 3627 1241 3690 modo
1271 3628 1683 3710 pertingitur.

456 3740 515 3797 7.
543 3734 721 3812 Quod
745 3735 976 3799 ultimo
999 3735 1315 3816 objicitur,
1339 3739 1487 3800 satis
1510 3737 1774 3819 planum
1800 3742 1915 3802 est.

377 3842 554 3906 Sicut
578 3842 753 3906 enim
779 3842 944 3906 Deus
970 3847 1063 3905 est
1088 3843 1409 3919 infinitus,
1438 3849 1500 3907 et
1525 3844 1791 3908 materia
1817 3845 1918 3907 in-

376 3949 578 4025 finita,
600 3949 726 4013 alio
748 3953 961 4012 tamen
986 3949 1174 4013 modo
1198 3949 1545 4028 infinitatis,
1572 3950 1687 4033 qui
1708 3952 1919 4034 potius

375 4062 470 4121 est
496 4076 608 4139 per
633 4070 977 4133 recessum.
1007 4074 1199 4138 quam
1230 4075 1342 4138 per
1369 4076 1715 4133 accessum,
1745 4058 1917 4123 unde

373 4183 509 4228 non
536 4164 837 4247 competit
860 4165 1106 4242 formae,
1135 4164 1242 4228 sed
1269 4165 1584 4244 materiae3
1614 4165 1703 4227 sic
1729 4166 1917 4228 intel-

374 4270 708 4353 ligendum
742 4275 835 4335 est
868 4272 947 4336 de
982 4272 1092 4335 illa
1124 4272 1388 4335 unitate.
1419 4270 1584 4335 Deus
1620 4272 1792 4335 enim
1823 4276 1918 4336 est

377 4396 550 4441 unus
589 4378 662 4441 in
696 4377 1021 4460 pluribus,
1056 4377 1145 4441 ila
1179 4378 1350 4460 quod
1390 4378 1911 4460 perfectissimus,

378 4490 444 4548 et
467 4486 731 4548 omnino
760 4489 937 4548 actus
965 4507 980 4548 ε
1008 4488 1072 4548 et
1102 4484 1223 4548 hoc
1248 4488 1341 4547 est
1375 4487 1517 4566 ejus
1543 4485 1761 4549 solius.
1792 4484 1916 4550 Sed

381 4592 646 4655 materia
663 4595 755 4655 est
772 4591 988 4655 unain
1010 4591 1338 4669 omnibus;
1367 4596 1430 4655 et
1453 4592 1598 4669 hoc,
1622 4594 1777 4675 quia
1803 4611 1919 4675 per

383 4716 566 4761 suam
607 4699 943 4762 essentiam
981 4717 1112 4764 non
1152 4702 1356 4781 potest
1399 4717 1536 4763 esse
1577 4700 1911 4766 distincta:

383 4827 515 4872 non
539 4809 625 4873 sic
650 4814 746 4874 est
772 4810 850 4874 de
875 4809 1083 4875 forma
1110 4831 1126 4872 :
1152 4811 1216 4873 et
1238 4808 1330 4872 sic
1355 4814 1570 4892 patent
1595 4810 1832 4876 omnia.

838 5048 1317 5121 ARTICULUS
1364 5049 1450 5120 II.

470 5236 932 5320 Consequenter
964 5236 1280 5319 quaeritur
1311 5235 1393 5300 de
1430 5237 1709 5303 secundo
1738 5239 1919 5302 attri-

390 5344 566 5423 buto,
593 5345 827 5409 scilicet
858 5345 937 5409 de
965 5344 1341 5409 discretione
1374 5345 1711 5426 personali.
1743 5346 1920 5412 Circa

459 5469 477 5504 ¹
497 5469 579 5531 Cf.
596 5472 741 5521 Alex.
762 5470 975 5534 Alensis,
993 5484 1048 5535 p.
1070 5471 1134 5534 ll,
1157 5484 1210 5536 q.
1227 5481 1316 5535 xx,
1340 5471 1532 5522 memb.
1553 5473 1583 5521 6
1592 5487 1611 5534 3
1640 5473 1694 5523 S.
1715 5471 1920 5537 Thom„

720 5577 871 5623 mu.
912 5577 983 5623 n.

3428 487 3540 551 321

2010 636 2203 700 quam
2223 620 2343 683 tria
2356 624 2741 702 quaeruntur
2755 643 2769 685 ε
2783 621 2992 704 primo
3006 621 3315 704 quaeritur
3324 625 3546 686 utrum

2012 725 2083 787 in
2110 726 2358 806 angelis
2388 728 2468 790 sit
2502 745 2678 791 mera
2706 727 2995 791 discretio
3030 728 3412 809 personalis;
3447 746 3548 793 se-

2013 833 2245 909 cunde,
2277 836 2501 897 utrum
2532 833 2671 897 llaec
2708 834 3056 916 proprietas
3081 836 3165 898 sit
3197 835 3553 899 accidenta-

2012 940 2122 1017 lis,
2155 943 2264 1004 aut
2299 941 2755 1007 substantialis:
2792 942 2977 1005 tertio
3004 960 3179 1022 vere,
3216 947 3439 1007 utrum
3470 944 3553 1006 sit

2015 1047 2388 1124 materialiS,
2419 1049 2523 1113 vel
2548 1048 2852 1113 formalis,

2565 1275 2922 1360 QUAESTIO
2967 1276 3015 1342 Ι.

2115 1430 2210 1486 An
2235 1433 2298 1486 in
2321 1430 2529 1502 angelis
2553 1434 2628 1486 sit
2653 1447 2802 1488 mera
2827 1430 3076 1488 discretio
3097 1433 3401 1504 personalis
3421 1436 3462 1489 ¹.
3561 1421 3567 1426 ’

2100 1583 2279 1661 Quod
2319 1587 2387 1649 in
2414 1587 2776 1668 angelis·sit
2810 1606 2989 1651 mera
3015 1588 3305 1653 discretio
3342 1606 3560 1671 perso·
3590 1612 3798 1658 mnam.

2020 1693 2220 1770 naha,
2260 1695 2349 1757 ita
2385 1695 2557 1777 quod
2600 1694 2812 1776 angeli
2855 1696 3054 1778 aliqui
3092 1696 3388 1760 differant
3428 1696 3561 1760 solo

2021 1818 2315 1892 numero,
2348 1802 2600 1866 videtur
2633 1824 2646 1866 ε
2678 1802 2890 1868 Miltia
2917 1802 3196 1869 millium
3227 1803 3561 1869 ministra-

2024 1907 2177 1974 bant
2221 1911 2282 1974 ei
2307 1911 2351 1972 ¹.
2402 1908 2653 1973 Constat
2706 1911 2879 1993 quod
2929 1929 3061 1974 non
3110 1913 3202 1974 tot
3249 1911 3566 1975 habebant
3652 1918 3662 1928 '

2024 2016 2375 2080 ministeria
2432 2016 2783 2080 differentia
2843 2017 3048 2100 specie
3066 2066 3084 2097 ‚
3139 2021 3295 2099 quot
3348 2017 3566 2081 Daniel

2025 2126 2362 2187 enumerat
2390 2141 2406 2187 t
2436 2141 2590 2202 ergo
2621 2141 2740 2187 nec
2765 2123 3037 2187 ministri
3066 2143 3287 2188 omnes
3312 2124 3564 2189 differe-

2026 2230 2183 2294 bant
2216 2230 2418 2313 specie
2452 2253 2465 2294 :
2496 2249 2655 2312 ergo
2691 2230 2924 2312 aliqui,
2957 2230 3060 2295 vel
3098 2249 3351 2308 omne3‚
3384 2231 3567 2295 diffe-

2027 2338 2248 2401 rebant
2284 2357 2553 2401 numero
2581 2339 2735 2402 solo.
2767 2339 2943 2416 Quod
2971 2339 3024 2402 si
3051 2339 3248 2415 dicas,
3279 2338 3448 2421 quod
3476 2342 3570 2402 tot

2028 2445 2411 2522 ministeria;
2454 2446 2752 2527 objicitur
2782 2447 2859 2510 de
2896 2446 3173 2508 secunda
3210 2450 3387 2529 parte
3413 2464 3569 2510 auc-

2028 2553 2299 2615 toritatis
2331 2572 2347 2615 z
2383 2557 2473 2619 Et
2504 2553 2712 2619 decies
2748 2561 3012 2619 centena
3046 2554 3256 2620 millia
3298 2554 3566 2620 assiste·

2030 2659 2205 2725 banc.
2225 2659 2476 2724 Constat
2497 2660 2668 2743 quod
2687 2666 2863 2724 tanta
2890 2661 3220 2725 diversitas
3239 2679 3372 2725 non
3395 2665 3567 2743 pote-

2026 2769 2127 2827 rat
2148 2766 2368 2828 cadere
2390 2765 2498 2844 ibi,
2522 2765 2642 2828 nisi
2659 2768 3011 2831 secundum
3032 2784 3402 2846 numerum,
3417 2783 3566 2830 cum

2026 2870 2337 2936 haberent
2375 2891 2579 2936 unum
2611 2877 2848 2936 statum
2869 2921 2886 2949 ‚
2927 2873 3162 2966 scilicet
3194 2874 3508 2938 assistere.

2110 2978 2267 3043 Item
2295 2979 2500 3061 gloria
2523 2984 2619 3043 est
2644 2980 2783 3060 regi
2817 2979 3051 3044 habere
3079 2980 3314 3044 multos
3339 2978 3568 3044 minis-

2026 3090 2160 3152 tros
2190 3089 2585 3153 uniformes:
2614 3105 2772 3170 ergo
2807 3087 2862 3151 si
2899 3087 3249 3169 gloriosum
3281 3092 3377 3153 est
3415 3105 3565 3171 reg-

2028 3213 2228 3272 num,
2268 3196 2334 3258 in
2380 3214 2511 3278 quo
2553 3213 2699 3259 cum
2735 3192 2980 3259 Christo
3020 3194 3306 3276 gaudent
3344 3211 3568 3259 omnes

2030 3301 2243 3367 Sancti
2261 3351 2279 3380 ‚
2320 3303 2573 3367 videtur
2612 3302 2782 3385 quod
2824 3302 3010 3367 multi
3048 3303 3174 3366 sint
3214 3302 3567 3366 uniformes

2027 3409 2100 3473 in
2133 3409 2242 3472 illo
2276 3427 2552 3492 superno
2587 3409 2843 3491 palatio,
2875 3412 2940 3473 et
2971 3409 3062 3473 ita
3098 3408 3230 3472 solo
3267 3426 3564 3489 numere,

2029 3516 2132 3580 vel
2159 3534 2430 3599 persona
2456 3516 2835 3581 differentes

2109 3622 2266 3688 Item
2295 3624 2640 3706 personalis
2665 3624 2956 3688 discretio
2979 3622 3168 3686 estin
3195 3621 3344 3700 Deo,
3372 3641 3569 3704 ange·

2027 3731 2138 3809 lis,
2179 3738 2243 3797 et
2275 3732 2644 3796 hominibus
2675 3755 2690 3796 :
2721 3735 2786 3794 et
2821 3748 2970 3794 cum
3008 3735 3238 3793 natura
3272 3729 3567 3810 angelica

2027 3841 2109 3905 sit
2135 3841 2374 3906 divinae
2399 3840 2814 3925 propinquior
2839 3858 3036 3922 quam
3060 3839 3377 3918 humana,
3408 3857 3566 3922 ergo

2026 3953 2091 4013 et
2116 3949 2404 4013 discretio
2431 3947 2778 4031 personalis
2808 3969 2823 4011 ε
2854 3946 2962 4011 sed
2988 3947 3057 4009 in
3085 3945 3212 4010 Deo
3239 3950 3402 4009 sunt·
3421 3945 3568 4027 plu-

2027 4076 2130 4122 res
2172 4073 2458 4139 personae
2501 4055 2860 4118 differentes
2899 4056 3034 4118 sola
3078 4053 3522 4135 personalitate
3542 4099 3559 4131 ‚

2027 4164 2317 4227 similiter
2358 4163 2429 4226 in
2467 4160 2838 4224 hominibus
2869 4182 2886 4224 ι
2918 4178 3074 4241 ergo
3106 4160 3360 4225 videtur
3390 4159 3564 4242 quod

2029 4271 2316 4335 similiter
2339 4269 2406 4332 in
2428 4267 2675 4348 angelis
2702 4289 2717 4330 z
2746 4284 2903 4347 ergo
2925 4268 3075 4330 sunt
3098 4264 3188 4328 ibi
3213 4265 3409 4348 aliqui
3432 4265 3565 4329 solo

2026 4395 2299 4441 numero
2325 4375 2714 4452 differentes,
2741 4377 2854 4439 aut
2878 4389 3124 4437 omneS.

2108 4482 2269 4548 Item
2294 4500 2486 4547 omne
2515 4479 2752 4545 animal
2783 4498 2900 4562 per
2923 4483 3221 4543 naturam
3257 4477 3567 4542 desiderat

2027 4593 2388 4658 societatem
2414 4588 2640 4654 similis
2662 4589 2732 4652 in
2759 4588 2994 4670 specie3
3025 4604 3179 4650 nam
3203 4604 3394 4651 omne
3424 4585 3566 4650 ani-

2027 4701 2158 4766 mal
2195 4700 2275 4764 ad
2311 4698 2438 4762 sibi
2472 4697 2677 4762 simile
2712 4694 3044 4778 copulatur
3061 4694 3171 4777 (a),
3199 4697 3262 4759 et
3288 4693 3568 4757 volatilia

2025 4882 2082 4934 p.
2114 4868 2169 4931 l,
2193 4878 2246 4931 q.
2271 4876 2333 4928 n,
2361 4866 2459 4914 art.
2481 4864 2544 4926 43
2581 4864 2633 4912 et
2668 4861 2712 4910 11
2750 4859 2910 4918 Seni..
2940 4857 3059 4908 dist.
3087 4867 3180 4921 ιιι,
3210 4871 3263 4921 q.
3292 4868 3336 4917 1,
3374 4860 3471 4908 art.
3497 4858 3559 4922 43

2027 4942 2081 4990 et
2106 4940 2150 4989 ΙΙ
2188 4937 2374 4987 Contra
2403 4935 2570 4996 Gent„
2607 4945 2652 4983 c.
2677 4942 2831 4994 xciv5
2863 4931 3023 4992 scot„
3064 4930 3108 4978 ll
3141 4929 3298 4991 sent„
3325 4927 3443 4979 dist.
3467 4939 3558 4993 111,

2027 5025 2082 5076 q.
2117 5022 2221 5074 v11;
2251 5005 2438 5071 AEgidi.
2467 5006 2638 5065 Rom„
2678 5003 2722 5053 ll
2759 5001 2920 5063 Seni„
2949 5000 3066 5051 dist.
3086 5010 3179 5062 ιιι,
3207 5014 3262 5065 q.
3283 5012 3348 5063 11,
3378 5003 3475 5051 art.
3497 5004 3557 5064 ¹3

2028 5080 2275 5145 Durand.,
2307 5082 2347 5130 ll
2376 5077 2537 5140 Seni„
2569 5074 2688 5125 dist.
2709 5084 2804 5134 111,
2834 5086 2886 5136 q.
2912 5083 2976 5123 m
2987 5086 3005 5135 3
3035 5071 3297 5135 anchard„
3327 5072 3366 5121 ΙΙ
3397 5071 3560 5135 Sent„

2028 5154 2147 5204 dist.
2165 5164 2242 5210 ιιι,
2266 5152 2362 5200 art.
2376 5152 2426 5212 6,
2445 5162 2496 5212 q.
2514 5159 2560 5209 15
2585 5145 2766 5196 Thom.
2787 5144 2929 5207 Arg„
2954 5143 2993 5191 ll
3018 5141 3175 5205 Sena,
3194 5142 3310 5193 dist.
3328 5154 3409 5207 ιιι,
3428 5156 3480 5207 q.
3497 5155 3558 5206 11,

2026 5229 2125 5276 art.
2150 5227 2211 5287 23
2258 5220 2512 5272 Francisc.
2541 5217 2606 5267 de
2633 5217 2818 5280 Mayr..
2861 5217 2902 5265 ΙΙ
2931 5213 3093 5277 Sene„
3121 5213 3240 5265 dist.
3266 5226 3358 5279 111,
3388 5227 3440 5279 q.
3466 5225 3527 5265 111
3538 5230 3557 5279 ;

2026 5296 2179 5347 Joan.
2207 5294 2271 5344 de
2301 5290 2517 5354 Bassol„
2549 5289 2590 5337 ll
2619 5286 2782 5349 Sem„
2812 5284 2931 5334 dist.
2954 5296 3043 5346 111,
3068 5299 3121 5349 q.
3143 5297 3196 5348 ις
3241 5285 3397 5336 Gabr.
3423 5286 3560 5350 Bicl,

2030 5367 2072 5417 Il
2099 5366 2262 5425 Sent„
2291 5364 2407 5414 (fist.
2430 5372 2511 5424 ιιι,
2540 5373 2593 5423 q.
2613 5369 2652 5409 1.
2669 5383 2731 5393 -
2752 5357 2770 5386 ²
2788 5356 2944 5419 Dan„
2966 5365 3058 5417 vn,
3084 5358 3161 5405 ¹0.

2097 5472 2160 5538 (α)
2191 5470 2313 5523 Cat.
2334 5467 2458 5519 odit.
2485 5461 2824 5529 copulabitur.

3249 5555 3322 5614 21
