4125 6225
470 4784 539 4827 Ad
553 4796 654 4842 opp.

693 450 813 510 314

692 578 910 642 tinctio
934 577 1017 641 sit
1039 595 1081 641 a
1109 577 1343 654 forma,
1373 593 1530 657 ergo
1563 575 1805 639 habent
1829 574 2126 638 formam.
2164 571 2233 637 Si

690 689 761 749 tu
792 686 966 750 dicas
985 685 1155 768 quod
1182 684 1494 748 distinctio
1521 682 1797 767 perfecta
1831 682 1912 745 sit
1933 700 1973 745 a
1998 681 2229 759 forma,

692 793 798 857 sed
844 792 1023 857 sicut'
1043 790 1313 857 materia
1345 790 1537 855 habet
1566 807 1701 853 esse
1738 788 2191 871 incompletum
2205 836 2225 867 ,

691 899 781 963 ita
816 903 880 962 et
927 898 1387 962 distinctionem
1430 895 1906 978 incompletam3
1949 897 2170 957 contra
2210 913 2227 956 ε

694 1005 858 1069 Illud
883 1005 953 1069 in
977 1022 1110 1087 quo
1138 1004 1418 1068 maxime
1446 1003 1750 1067 differunt
1789 999 2143 1083 spiritualia
2171 1002 2234 1064 et

695 1111 1064 1194 corporalia,
1090 1115 1185 1175 est
1210 1110 1577 1193 simplicitas
1604 1115 1668 1174 et
1688 1108 2056 1192 compositio
2085 1107 2234 1173 :sed

694 1218 960 1282 materia
1013 1219 1326 1283 abstracta
1377 1219 1457 1282 ab
1512 1218 1692 1282 omni
1744 1219 1951 1282 forma
2000 1220 2098 1281 est
2147 1217 2236 1281 ita

695 1327 966 1409 simplex
990 1331 1065 1391 ut
1102 1330 1378 1411 punctus
1416 1350 1431 1391 ε
1460 1345 1618 1409 ergo
1647 1327 1892 1390 nullam
1914 1325 2234 1408 'partibili-

695 1437 891 1498 tatem
920 1435 1110 1498 hahet
1137 1454 1153 1497 ε
1184 1454 1343 1517 ergo
1380 1434 1432 1498 si
1459 1435 1531 1498 in
1558 1435 1680 1498 hoc
1720 1451 1853 1497 non
1887 1432 2231 1510 differunt,

697 1561 829 1606 non
856 1543 1106 1606 videtur
1132 1543 1301 1625 quod
1331 1543 1400 1606 in
1428 1543 1574 1606 alio.
1615 1541 1680 1606 Si
1719 1541 1890 1604 dicas
1917 1539 2090 1622 quod
2126 1555 2235 1621 per

697 1650 1138 1732 capacitatem3
1181 1654 1401 1712 contra
1449 1671 1464 1713 ε
1513 1648 1775 1713 Materia
1814 1666 1943 1710 non
1985 1649 2083 1710 est
2119 1665 2238 1708 sua

697 1756 1005 1837 capacitas
1031 1774 1143 1838 per
1165 1756 1531 1833 essentiam;
1565 1772 1722 1835 ergo
1749 1753 2067 1834 contingit
2093 1771 2239 1815 eam

656 1918 666 1931 ,
698 1861 976 1924 abstrahi
1000 1881 1039 1924 a
1068 1861 1407 1943 capacitate
1442 1884 1458 1924 :
1491 1859 1893 1924 abstrahatur
1916 1877 2074 1940 ergo
2105 1877 2238 1923 ma-

698 1969 856 2031 teria
891 1968 1316 2051 spiritualium
1343 1974 1406 2032 et
1445 1968 1871 2052 corporalium
1910 1960 1955 2030 a
1988 1967 2239 2049 capaci-

697 2079 848 2152 tate,
878 2093 1099 2158 quaero
1120 2094 1235 2158 per
1257 2076 1413 2158 quid
1442 2076 1734 2140 differant
1764 2094 1781 2137 ε
1814 2074 2057 2138 nullam
2096 2093 2238 2139 om-

699 2182 853 2246 nino
886 2188 980 2246 est
1004 2184 1330 2265 assignare
1354 2182 1773 2246 differentiam
1798 2204 1814 2247 ε
1847 2200 2005 2263 ergo
2028 2200 2239 2247 essen-

699 2289 787 2354 tia
814 2295 910 2354 est
932 2291 1153 2355 eadem
1180 2309 1294 2373 per
1318 2294 1636 2353 naturam.

781 2398 939 2462 Item
996 2402 1204 2464 forma
1258 2399 1513 2481 generis
1571 2402 1668 2462 est
1720 2398 2151 2463 abstrahibilis
2200 2417 2239 2462 a

701 2508 907 2571 forma
923 2508 1297 2590 specierum,
1312 2506 1446 2571 sive
1462 2525 1499 2569 a
1516 2507 1914 2571 differentiis:
1933 2507 2044 2571 sed
2061 2507 2239 2572 subs-

701 2615 901 2679 tantia
927 2616 1078 2680 dicit
1111 2615 1382 2679 formam
1423 2615 1705 2695 generis3
1752 2633 2132 2697 corporeum
2178 2620 2242 2679 et

700 2722 1148 2805 incorporeum
1186 2727 1339 2786 sunt
1379 2723 1764 2801 differentia3
1807 2740 1964 2803 ergo
2009 2724 2091 2786 ab
2136 2722 2240 2786 his

704 2835 905 2911 potest
930 2831 1211 2894 abstrahi
1242 2854 1257 2895 ε
1286 2832 1394 2895 sed
1419 2831 1624 2894 forma
1650 2831 1906 2913 generis
1931 2831 2240 2895 naturali-

704 2944 801 3001 ter
841 2943 937 3003 est
980 2940 1153 3022 prior
1194 2957 1391 3021 quam
1438 2939 1645 3001 forma
1696 2938 2237 3018 differentiarum,

705 3046 872 3110 sicut
920 3048 1071 3111 dicit
1120 3046 1541 3130 Philosophus
1592 3047 1635 3123 ¹,
1686 3047 1859 3130 quod
1917 3046 2098 3131 prius
2149 3051 2241 3111 est

706 3155 977 3235 animal,
1029 3175 1223 3238 quam
1264 3156 1459 3219 homo
1509 3177 1525 3219 ε
1569 3156 2001 3220 consideretur
2038 3156 2243 3238 igitur

707 3265 972 3328 materia
1023 3265 1451 3346 spiritualium
1508 3268 1570 3327 et
1630 3263 2055 3346 corporalium
2119 3264 2241 3327 sub

707 3372 911 3434 forma
949 3372 1239 3451 generiS,
1284 3390 1410 3435 non
1453 3370 1758 3435 differunt
1800 3378 2115 3453 quantum
2162 3371 2243 3435 ad

706 3478 980 3541 formam
999 3527 1017 3555 ‚
1047 3496 1195 3560 quae
1227 3478 1637 3560 consequitur
1673 3478 1876 3559 ipsam
1902 3477 2241 3541 essentiam

647 3604 657 3615 ·
709 3587 994 3648 materiae
1027 3605 1043 3649 ε
1080 3603 1237 3666 ergo
1268 3586 1473 3649 multo
1506 3585 1731 3650 fortius
1767 3603 1898 3648 non
1939 3585 2245 3648 disserunt

707 3691 918 3774 quoad
940 3695 1145 3776 ipsam
1175 3694 1509 3757 materiam
1528 3742 1546 3771 ,
1578 3698 1654 3756 ut
1688 3693 1959 3758 videtur.

790 3800 946 3864 Item
990 3819 1135 3863 cum
1177 3801 1408 3866 dicitur
1438 3825 1453 3864 :
1487 3801 1747 3865 Materia
1777 3817 1996 3863 rerum
2024 3817 2244 3882 corpo-

707 3908 940 3971 ralium
971 3913 1068 3972 est
1092 3909 1356 3973 materia
1382 3908 1833 3992 spiritualium,
1860 3908 2127 3971 materia
2148 3912 2244 3970 est

706 4016 992 4094 materia,
1014 4021 1127 4079 aut
1146 4022 1240 4080 est
1260 4017 1700 4080 convenientia
1714 4016 1782 4079 in
1802 4017 1934 4080 solo
1954 4016 2238 4094 nomine,

704 4123 906 4186 autin
933 4123 1300 4187 habitudine
1317 4173 1333 4202 ,
1362 4117 1561 4187 autin
1588 4124 1861 4188 essentia
1891 4145 1906 4186 ε
1939 4124 2080 4184 siin
2108 4121 2241 4186 solo

706 4230 963 4294 nomine
980 4279 997 4308 ,
1029 4249 1187 4312 ergo
1215 4250 1363 4294 cum
1383 4232 1465 4294 sit
1489 4230 1907 4312 aequivocatio
1930 4231 2001 4292 in
2028 4230 2238 4312 primo

702 4338 1043 4421 principio,
1090 4356 1246 4419 ergo
1274 4338 1450 4402 nulla
1489 4343 1583 4401 est
1626 4338 2022 4415 univocatio;
2071 4340 2121 4398 si
2169 4338 2238 4399 in

702 4447 1200 4528 comparatione,
1232 4446 1635 4509 abstrahatur
1662 4445 1743 4508 ab
1769 4445 1874 4507 illa
1909 4462 2241 4525 compara-

702 4555 910 4634 tione,
958 4559 1112 4617 tunc
1139 4559 1252 4618 aut
1287 4555 1404 4618 erit
1431 4555 1669 4618 dictum
1702 4573 1814 4636 per
1854 4553 2244 4628 convenien-

702 4662 858 4725 tiam
882 4664 950 4725 in
976 4662 1247 4727 essentia
1268 4711 1283 4741 ,
1310 4666 1422 4726 aut
1448 4647 1866 4744 aequivocatio
1893 4680 2078 4744 pura.

785 4769 1017 4832 Contra
1046 4790 1061 4833 ε
1096 4774 1152 4831 1.
1178 4769 1200 4804 ²
1242 4768 1428 4833 «Duo
1456 4769 1676 4847 fecisti,
1708 4768 2003 4847 Domine,
2031 4787 2243 4832 unum

702 4896 899 4960 prope
927 4882 989 4941 te
1010 4926 1027 4957 ,
1059 4877 1234 4941 aliud
1264 4896 1461 4960 prope
1500 4877 1684 4940 nihil.
1726 4898 1756 4935 a>
1808 4876 1886 4940 Et
1910 4877 2148 4940 iterum
2174 4877 2244 4940 in

700 5003 837 5049 xu:
876 5009 908 5046 α
937 4984 1070 5050 Duo
1098 4988 1249 5048 sunt
1267 4985 1549 5048 carentia
1574 4984 1997 5066 temporibus;
2032 5003 2244 5048 unum

702 5093 874 5175 quod
914 5093 1052 5158 sine
1088 5093 1221 5157 ullo
1259 5093 1505 5156 defectu
1546 5092 2094 5174 contemplationis
2112 5142 2130 5173 ‚
2183 5097 2246 5156 et

768 5289 786 5323 ¹
812 5287 955 5338 Arist.
965 5325 983 5354 ,
1022 5287 1444 5354 Postproedicam.,
1483 5304 1529 5339 c.
1558 5300 1676 5340 xm.
1701 5314 1762 5325 —
1788 5289 1811 5323 ²
1834 5291 1984 5353 Aug„
2021 5293 2245 5356 Censes-r.

704 5357 793 5408 lib.
819 5359 904 5409 xn
925 5398 944 5424 ‚
974 5374 1022 5410 c.
1044 5372 1138 5425 vu,
1164 5375 1218 5410 n.
1239 5364 1296 5425 75
1329 5377 1376 5412 c.
1394 5374 1491 5426 x11,
1518 5375 1571 5412 n.
1598 5365 1674 5411 15.
1695 5386 1756 5397 —
1775 5361 1796 5395 ⁸
1817 5363 1982 5428 Boet.‚
2012 5363 2074 5412 de
2093 5363 2242 5415 duab.

706 5431 810 5478 nat.
841 5433 891 5478 et
930 5444 1015 5480 un.
1040 5446 1249 5496 persona
1287 5432 1516 5493 Christi,
1549 5447 1596 5483 c.
1622 5443 1671 5482 ν.
1695 5459 1758 5470 -
1785 5433 1807 5468 ⁴
1831 5433 2004 5498 Arist„
2043 5433 2246 5500 Physic.

1817 436 2440 505 SENTENTIARUM
2482 437 2632 502 LIB.
2674 437 2755 502 11.

2336 573 2474 637 sine
2487 572 2618 638 ullo
2641 564 2976 637 interrallo
3001 572 3375 637 mutationis
3390 575 3864 641 tuaaeternitate

2337 681 2730 763 pertz-uatum
2762 679 3036 744 alterum
3062 679 3233 762 quod
3262 680 3354 745 ita
3382 679 3656 746 informe
3696 686 3863 764 erat,

2339 791 2416 850 ut
2438 804 2518 849 ex
2546 785 2668 850 alia
2692 785 2900 850 forma
2915 834 2934 866 ,
2971 787 3043 851 in
3066 805 3262 870 quam
3286 787 3564 851 formam
3587 792 3866 853 mutam-

2337 901 2468 977 tur,
2508 916 2641 963 non
2663 898 2947 963 haberet.
2979 921 3012 960 ιι
3040 897 3107 964 Si
3134 918 3293 981 ergo
3322 918 3474 983 quae
3507 904 3675 965 recte
3699 901 3868 966 divi-

2340 1014 2603 1090 duntur,
2631 1031 2842 1078 unum
2867 1031 3000 1079 non
3032 1014 3230 1079 intrat
3253 1015 3323 1078 in
3352 1016 3868 1081 constitutionem

2341 1123 2598 1188 alterius
2614 1171 2632 1200 ,
2663 1122 2716 1185 si
2743 1122 3033 1204 angelica
3059 1126 3291 1188 natura
3317 1124 3625 1189 dividitur
3655 1130 3868 1189 contra

2339 1229 2727 1313 corporalem
2794 1233 3091 1293 naturam
3109 1278 3129 1310 ‚
3198 1230 3336 1297 sive
3406 1231 3830 1314 corporalium
3844 1281 3865 1311 ‚

2339 1355 2529 1419 ergo,
2561 1342 2679 1402 etc.
2713 1335 2778 1402 Si
2807 1339 2883 1401 tu
2907 1337 3117 1417 dicaS,
3155 1339 3329 1419 quod
3361 1338 3652 1421 loquitur
3678 1340 3756 1403 de
3796 1357 3867 1404 ea

2340 1445 2696 1510 secundum
2720 1462 2887 1523 esse3
2917 1443 3041 1509 hoc
3065 1443 3230 1507 nihil
3255 1448 3382 1525 est,
3411 1447 3565 1528 quia
3590 1447 3866 1530 loquitur

2340 1553 2418 1617 de
2444 1571 2541 1629 ea,
2570 1552 2737 1616 sicut
2752 1554 2930 1633 patet
2945 1550 3016 1614 in
3032 1551 3549 1616 antecedentibus
3569 1556 3634 1616 et
3660 1572 3866 1619 conse-

2341 1659 2714 1741 quentibuS,
2744 1659 3099 1723 secundum
3117 1658 3288 1740 quod
3308 1659 3487 1723 omni
3510 1660 3718 1724 forma
3742 1664 3866 1724 erat

2341 1768 2628 1850 privata,
2666 1768 2804 1832 sive
2842 1769 2918 1831 ut
2952 1766 3332 1847 intelligitur
3357 1767 3482 1831 sub
3508 1768 3864 1832 omnimoda

2341 1874 2728 1939 informitate
2741 1921 2760 1949 ,
2797 1877 2862 1937 et
2903 1872 3338 1937 consideratur
3393 1875 3808 1938 immutabilis
3843 1897 3858 1938 ε

2342 1999 2532 2063 ergo,
2558 1986 2679 2046 etc.
2714 1980 2882 2046 Beda
2902 1980 3127 2058 etiam,
3156 1984 3221 2044 et
3243 1979 3572 2045 aliisancti
3598 1982 3691 2045 sic
3712 1982 3864 2046 divi-

2343 2089 2527 2153 dunt.

2424 2199 2488 2259 2.
2516 2194 2675 2259 Item
2702 2210 3128 2276 quaecumque
3150 2194 3626 2258 communicant
3651 2195 3722 2259 in
3745 2214 3862 2261 ma·

2343 2304 2502 2367 teria
2516 2354 2535 2381 ,
2565 2307 2720 2367 sunt
2743 2302 2823 2366 ad
2849 2301 3129 2367 invicem
3155 2303 3691 2380 transmutabilia,
3719 2305 3861 2369 sicut

2342 2410 2490 2474 dicit
2517 2415 2540 2450 ⁸
2567 2408 2852 2487 Boetius,
2887 2407 2968 2474 de
3006 2408 3255 2474 duabus
3293 2412 3591 2489 staturi-3,
3642 2419 3706 2479 et
3742 2429 3858 2478 una

2341 2532 2614 2599 persona
2631 2516 2874 2581 Christi
2899 2515 3046 2580 :sed
3075 2515 3429 2598 spiritualia
3444 2520 3508 2580 et
3530 2519 3861 2601 corporalia

2343 2642 2478 2689 non
2502 2628 2654 2687 sunt
2683 2623 3055 2705 hujusmodi
3086 2641 3103 2686 t
3134 2640 3323 2703 ergo,
3357 2626 3478 2686 etc.

2426 2736 2486 2795 3.
2520 2730 2676 2794 Item
2708 2731 2954 2794 ratione
2977 2729 3258 2793 videtur.
3296 2728 3477 2794 Sicut
3501 2731 3732 2811 agendi
3758 2750 3856 2813 po-

2343 2839 2541 2902 tentia
2558 2837 2971 2902 essentialiter
2987 2837 3399 2918 consequitur
3423 2836 3700 2901 formam
3717 2839 3767 2915 ⁵,
3785 2838 3861 2902 ita

2345 2946 2626 3027 potentia
2681 2946 3062 3029 suscipiendi
3111 2944 3524 3009 essentialiter
3537 2994 3555 3025 ,
3607 2946 3735 3009 imo
3774 2963 3861 3009 es-

2345 3052 2668 3117 sentialius
2693 3053 3106 3136 consequitur
3128 3051 3502 3116 materiam:
3530 3051 3640 3116 sed
3665 3070 3862 3117 neces-

2345 3161 2511 3225 sario
2537 3163 2845 3243 sequitur,
2889 3160 3061 3244 quod
3093 3162 3148 3224 si
3173 3164 3325 3224 sunt
3358 3157 3629 3222 diversae
3655 3165 3855 3241 poten-

2345 3269 2452 3332 tiae
2484 3268 2710 3350 primae
2747 3273 2811 3331 et
2844 3265 3203 3331 essentiales
3239 3265 3606 3348 aliquarum
3645 3265 3860 3328 forma-

2346 3392 2517 3449 rum,
2541 3374 2630 3436 ita
2646 3374 2817 3456 quod
2837 3374 2914 3436 ad
2932 3373 3210 3455 aliquem
3229 3371 3528 3436 effectum
3548 3372 3652 3436 vel
3665 3377 3858 3436 actum

2347 3481 2676 3545 ordinatur
2721 3498 2855 3544 una
2898 3480 3134 3559 forma,
3182 3479 3263 3542 ad
3308 3497 3506 3561 quem
3551 3497 3681 3542 non
3718 3478 3855 3554 alia,

2347 3589 2517 3670 quod
2550 3588 2628 3671 (a)
2673 3588 2976 3652 differunt
3003 3605 3116 3670 per
3142 3586 3518 3650 essentiam.
3537 3584 3698 3649 Cum
3720 3602 3858 3666 ergo

2349 3696 2611 3759 materia
2649 3695 2932 3776 subjecta
2975 3692 3408 3776 corporalibus
3439 3692 3668 3755 formis
3703 3690 3859 3754 nullo

2348 3802 2537 3865 modo
2581 3802 2774 3884 possit
2812 3819 3036 3883 capere
3089 3801 3328 3864 formas
3365 3798 3720 3881 spirituales
3761 3817 3860 3879 per

2347 3909 2743 3973 individuam
2782 3908 3264 3991 perfectionem,
3298 3924 3417 3970 nec
3456 3926 3493 3970 e
3537 3923 3856 3979 converso,

2348 4018 2501 4099 quia
2523 4035 2854 4099 nunquam
2873 4017 2952 4079 de
2969 4015 3200 4096 angelo
3227 4018 3433 4095 potest
3460 4013 3600 4076 fieri
3627 4029 3854 4095 corpuS,

2348 4143 2465 4187 nec
2482 4142 2517 4187 e
2537 4142 2865 4201 converso;
2895 4141 3054 4204 ergo
3073 4103 3377 4185 differunt
3391 4139 3505 4202 per
3521 4120 3854 4184 essentiam.

2427 4235 2488 4295 4.
2520 4231 2678 4294 Item
2717 4229 3093 4314 partibilitas
3124 4228 3289 4291 inest
3315 4228 3508 4314 rebus
3536 4224 3858 4308 corporali-

2347 4339 2470 4402 bus
2507 4361 2523 4402 :
2559 4343 2673 4401 aut
2705 4355 2863 4418 ergo
2897 4356 2937 4399 a
2971 4340 3150 4418 parte
3191 4336 3452 4412 formae,
3486 4340 3599 4399 aut
3634 4352 3674 4396 a
3705 4336 3860 4415 parte

2347 4447 2630 4510 materiae
2655 4444 3008 4507 radicaliter
3028 4469 3041 4503 :
3069 4461 3199 4508 non
3215 4462 3255 4505 a
3271 4446 3449 4523 parte
3465 4442 3707 4519 formae,
3725 4438 3856 4521 quia

2347 4553 2555 4617 omnis
2572 4553 2775 4615 forma
2797 4554 2890 4614 est
2911 4549 3183 4631 simplici
3205 4548 3478 4612 essentia
3493 4548 3852 4612 consistens:

2348 4678 2505 4740 ergo
2535 4658 2962 4740 principaliter
2997 4676 3035 4722 a
3061 4661 3239 4739 parte
3283 4656 3571 4720 materia}
3590 4704 3607 4734 ,
3651 4659 3713 4717 et
3743 4650 3851 4716 ori·

2350 4766 2671 4849 ginaliter.
2701 4768 2831 4829 Aut
2869 4766 3071 4846 igitur
3103 4765 3516 4846 consequitur
3557 4761 3854 4827 materiam

2350 4879 2705 4943 secundum
2731 4897 2821 4957 se,
2851 4869 2964 4942 a'ut
2981 4896 3113 4942 non
3134 4899 3151 4941 ι
3173 4877 3224 4940 si
3250 4894 3406 4956 non,
3434 4881 3511 4939 ut
3538 4876 3590 4939 si
3627 4871 3859 4938 materia

2350 4987 2433 5050 sit
2458 4986 2731 5067 simplex
2766 4990 3084 5068 quantum
3112 4989 3208 5048 est
3233 4983 3312 5047 de
3338 5001 3438 5062 se,
3476 4988 3552 5046 ut
3575 4984 3853 5064 punctus,

2351 5108 2508 5172 ergo
2532 5091 2695 5154 sicut
2719 5096 2997 5172 punctus
3022 5109 3156 5156 non
3179 5094 3385 5173 potaet
3411 5107 3549 5153 esse
3589 5085 3854 5156 materia,

2350 5253 2440 5303 nb.
2455 5251 2642 5374 ιιιι5;3<;ιι.»
2661 5251 2862 5316 Anima,
2882 5251 2971 5301 uh.
2994 5252 3058 5317 11,
3081 5254 3218 5304 cont.
3238 5253 3299 5302 24
3319 5265 3333 5300 ε
3357 5248 3420 5300 de
3443 5246 3788 5311 amnestia
3803 5242 3858 5304 Η,

2355 5339 2454 5375 con
2481 5362 2491 5374 .
2584 5359 2595 5372 .

2423 5432 2486 5498 (a)
2517 5429 2641 5481 coet.
2662 5429 2785 5480 edit.
2814 5441 2951 5496 que.
