<?xml version="1.0" encoding="UTF-8"?>
<!DOCTYPE html PUBLIC "-//W3C//DTD XHTML 1.0 Transitional//EN"
    "http://www.w3.org/TR/xhtml1/DTD/xhtml1-transitional.dtd">
<html xmlns="http://www.w3.org/1999/xhtml" xml:lang="en" lang="en">
 <head>
  <title>
</title>
<meta http-equiv="Content-Type" content="text/html;charset=utf-8" />
  <meta name='ocr-system' content='tesseract 3.04.00' />
  <meta name='ocr-capabilities' content='ocr_page ocr_carea ocr_par ocr_line ocrx_word'/>
</head>
<body>
  <div class='ocr_page' id='page_1' title='image "./srecardinalissb01peltgoog_0620.png"; bbox 0 0 4125 6225; ppageno 0'>
   <div class='ocr_carea' id='block_1_1' title="bbox 712 462 833 525">
    <p class='ocr_par' dir='ltr' id='par_1_1' title="bbox 712 462 833 525">
     <span class='ocr_line' id='line_1_1' title="bbox 712 462 833 525; baseline 0 0"><span class='ocrx_word' id='word_1_1' title='bbox 712 462 833 525; x_wconf 67' lang='lat'><strong>548</strong></span> 
     </span>
    </p>
   </div>
   <div class='ocr_carea' id='block_1_2' title="bbox 696 592 2257 3789">
    <p class='ocr_par' dir='ltr' id='par_1_2' title="bbox 700 592 2252 1641">
     <span class='ocr_line' id='line_1_2' title="bbox 708 592 2252 675; baseline -0.001 -16"><span class='ocrx_word' id='word_1_2' title='bbox 708 593 1014 659; x_wconf 67' lang='lat' dir='ltr'><strong>utilitates</strong></span> <span class='ocrx_word' id='word_1_3' title='bbox 1038 609 1201 675; x_wconf 84' lang='lat' dir='ltr'><strong>quas</strong></span> <span class='ocrx_word' id='word_1_4' title='bbox 1220 609 1339 657; x_wconf 91' lang='lat' dir='ltr'><strong>nos</strong></span> <span class='ocrx_word' id='word_1_5' title='bbox 1370 592 1773 674; x_wconf 79' lang='lat' dir='ltr'>ignoramus,</span> <span class='ocrx_word' id='word_1_6' title='bbox 1803 597 1867 658; x_wconf 94' lang='lat' dir='ltr'><strong>et</strong></span> <span class='ocrx_word' id='word_1_7' title='bbox 1903 597 2252 658; x_wconf 86' lang='lat' dir='ltr'><strong>tameneas</strong></span> 
     </span>
     <span class='ocr_line' id='line_1_3' title="bbox 706 698 2251 766; baseline -0.001 -1"><span class='ocrx_word' id='word_1_8' title='bbox 706 699 944 765; x_wconf 88' lang='lat' dir='ltr'><strong>habere</strong></span> <span class='ocrx_word' id='word_1_9' title='bbox 994 717 1129 765; x_wconf 89' lang='lat' dir='ltr'><strong>non</strong></span> <span class='ocrx_word' id='word_1_10' title='bbox 1174 699 1562 765; x_wconf 90' lang='lat' dir='ltr'><strong>dubitamus.</strong></span> <span class='ocrx_word' id='word_1_11' title='bbox 1602 698 1818 766; x_wconf 89' lang='lat' dir='ltr'><strong>Posset</strong></span> <span class='ocrx_word' id='word_1_12' title='bbox 1866 705 2082 765; x_wconf 91' lang='lat' dir='ltr'><strong>tamen</strong></span> <span class='ocrx_word' id='word_1_13' title='bbox 2129 700 2251 764; x_wconf 80' lang='lat' dir='ltr'><strong>dIci</strong></span> 
     </span>
     <span class='ocr_line' id='line_1_4' title="bbox 707 808 2251 890; baseline -0.001 -18"><span class='ocrx_word' id='word_1_14' title='bbox 707 808 881 890; x_wconf 87' lang='lat' dir='ltr'><strong>quod</strong></span> <span class='ocrx_word' id='word_1_15' title='bbox 907 825 1066 871; x_wconf 88' lang='lat' dir='ltr'><strong>usus</strong></span> <span class='ocrx_word' id='word_1_16' title='bbox 1092 809 1233 890; x_wconf 86' lang='lat' dir='ltr'><strong>ejus</strong></span> <span class='ocrx_word' id='word_1_17' title='bbox 1268 808 1390 871; x_wconf 82' lang='lat' dir='ltr'><strong>fuit</strong></span> <span class='ocrx_word' id='word_1_18' title='bbox 1433 808 1603 872; x_wconf 89' lang='lat' dir='ltr'><strong>diem</strong></span> <span class='ocrx_word' id='word_1_19' title='bbox 1645 813 1707 872; x_wconf 87' lang='lat' dir='ltr'><strong>et</strong></span> <span class='ocrx_word' id='word_1_20' title='bbox 1751 812 1999 873; x_wconf 87' lang='lat' dir='ltr'><strong>noctem</strong></span> <span class='ocrx_word' id='word_1_21' title='bbox 2046 809 2251 872; x_wconf 83' lang='lat' dir='ltr'><strong>facere</strong></span> 
     </span>
     <span class='ocr_line' id='line_1_5' title="bbox 704 915 2252 996; baseline 0.001 -18"><span class='ocrx_word' id='word_1_22' title='bbox 704 931 838 978; x_wconf 89' lang='lat' dir='ltr'><strong>non</strong></span> <span class='ocrx_word' id='word_1_23' title='bbox 866 915 946 979; x_wconf 89' lang='lat' dir='ltr'><strong>ad</strong></span> <span class='ocrx_word' id='word_1_24' title='bbox 974 915 1355 980; x_wconf 87' lang='lat' dir='ltr'><strong>animalium</strong></span> <span class='ocrx_word' id='word_1_25' title='bbox 1381 915 1890 996; x_wconf 81' lang='lat' dir='ltr'>illustrationem,</span> <span class='ocrx_word' id='word_1_26' title='bbox 1911 916 2022 980; x_wconf 89' lang='lat' dir='ltr'><strong>sed</strong></span> <span class='ocrx_word' id='word_1_27' title='bbox 2049 915 2130 980; x_wconf 86' lang='lat' dir='ltr'><strong>ad</strong></span> <span class='ocrx_word' id='word_1_28' title='bbox 2157 916 2252 980; x_wconf 92' lang='lat' dir='ltr'><strong>di-</strong></span> 
     </span>
     <span class='ocr_line' id='line_1_6' title="bbox 704 1024 2251 1108; baseline 0.001 -21"><span class='ocrx_word' id='word_1_29' title='bbox 704 1024 1010 1089; x_wconf 86' lang='lat' dir='ltr'><strong>vinorum</strong></span> <span class='ocrx_word' id='word_1_30' title='bbox 1050 1044 1321 1108; x_wconf 90' lang='lat' dir='ltr'><strong>operum</strong></span> <span class='ocrx_word' id='word_1_31' title='bbox 1365 1026 1832 1091; x_wconf 85' lang='lat' dir='ltr'><strong>distinctionem</strong></span> <span class='ocrx_word' id='word_1_32' title='bbox 1864 1048 1879 1088; x_wconf 88' lang='lat'>:</span> <span class='ocrx_word' id='word_1_33' title='bbox 1922 1025 2093 1090; x_wconf 90' lang='lat' dir='ltr'><strong>unde</strong></span> <span class='ocrx_word' id='word_1_34' title='bbox 2134 1026 2251 1089; x_wconf 86' lang='lat' dir='ltr'><strong>etsi</strong></span> 
     </span>
     <span class='ocr_line' id='line_1_7' title="bbox 704 1131 2248 1198; baseline 0.002 -5"><span class='ocrx_word' id='word_1_35' title='bbox 704 1132 859 1194; x_wconf 90' lang='lat' dir='ltr'><strong>tunc</strong></span> <span class='ocrx_word' id='word_1_36' title='bbox 878 1149 1011 1195; x_wconf 91' lang='lat' dir='ltr'><strong>non</strong></span> <span class='ocrx_word' id='word_1_37' title='bbox 1048 1131 1280 1197; x_wconf 87' lang='lat' dir='ltr'><strong>faceret</strong></span> <span class='ocrx_word' id='word_1_38' title='bbox 1328 1132 1409 1197; x_wconf 87' lang='lat' dir='ltr'><strong>ad</strong></span> <span class='ocrx_word' id='word_1_39' title='bbox 1449 1133 1934 1198; x_wconf 80' lang='lat' dir='ltr'><strong>illustrationem</strong></span> <span class='ocrx_word' id='word_1_40' title='bbox 1976 1132 2248 1196; x_wconf 89' lang='lat' dir='ltr'><strong>humani</strong></span> 
     </span>
     <span class='ocr_line' id='line_1_8' title="bbox 704 1238 2251 1321; baseline 0.002 -21"><span class='ocrx_word' id='word_1_41' title='bbox 704 1253 947 1315; x_wconf 88' lang='lat' dir='ltr'><strong>sensus,</strong></span> <span class='ocrx_word' id='word_1_42' title='bbox 977 1238 1125 1301; x_wconf 89' lang='lat' dir='ltr'><strong>facit</strong></span> <span class='ocrx_word' id='word_1_43' title='bbox 1145 1245 1361 1302; x_wconf 89' lang='lat' dir='ltr'><strong>tamen</strong></span> <span class='ocrx_word' id='word_1_44' title='bbox 1388 1255 1564 1303; x_wconf 86' lang='lat' dir='ltr'><strong>nunc</strong></span> <span class='ocrx_word' id='word_1_45' title='bbox 1589 1258 1673 1316; x_wconf 80' lang='lat' dir='ltr'><strong>ex</strong></span> <span class='ocrx_word' id='word_1_46' title='bbox 1688 1239 1828 1321; x_wconf 90' lang='lat' dir='ltr'><strong>ipsa</strong></span> <span class='ocrx_word' id='word_1_47' title='bbox 1849 1239 2251 1303; x_wconf 89' lang='lat' dir='ltr'><strong>distinctione</strong></span> 
     </span>
     <span class='ocr_line' id='line_1_9' title="bbox 702 1344 2248 1425; baseline 0.002 -18"><span class='ocrx_word' id='word_1_48' title='bbox 702 1344 785 1407; x_wconf 86' lang='lat' dir='ltr'><strong>ad</strong></span> <span class='ocrx_word' id='word_1_49' title='bbox 838 1344 1325 1410; x_wconf 80' lang='lat' dir='ltr'><strong>illustrationem</strong></span> <span class='ocrx_word' id='word_1_50' title='bbox 1373 1345 1729 1411; x_wconf 87' lang='lat' dir='ltr'><strong>intellectus</strong></span> <span class='ocrx_word' id='word_1_51' title='bbox 1745 1395 1764 1425; x_wconf 97' lang='lat'><strong>,</strong></span> <span class='ocrx_word' id='word_1_52' title='bbox 1804 1346 1960 1411; x_wconf 90' lang='lat' dir='ltr'><strong>dum</strong></span> <span class='ocrx_word' id='word_1_53' title='bbox 2005 1366 2089 1410; x_wconf 82' lang='lat' dir='ltr'><strong>ex</strong></span> <span class='ocrx_word' id='word_1_54' title='bbox 2138 1346 2248 1410; x_wconf 89' lang='lat' dir='ltr'><strong>illa</strong></span> 
     </span>
     <span class='ocr_line' id='line_1_10' title="bbox 700 1449 2247 1536; baseline 0.003 -22"><span class='ocrx_word' id='word_1_55' title='bbox 700 1449 1059 1517; x_wconf 88' lang='lat' dir='ltr'><strong>intellectus</strong></span> <span class='ocrx_word' id='word_1_56' title='bbox 1121 1452 1293 1536; x_wconf 81' lang='lat' dir='ltr'><strong>capit</strong></span> <span class='ocrx_word' id='word_1_57' title='bbox 1345 1453 1813 1521; x_wconf 83' lang='lat' dir='ltr'><strong>distinctionem</strong></span> <span class='ocrx_word' id='word_1_58' title='bbox 1875 1453 2247 1521; x_wconf 81' lang='lat' dir='ltr'><strong>divinorum</strong></span> 
     </span>
     <span class='ocr_line' id='line_1_11' title="bbox 702 1574 998 1641; baseline 0.003 -19"><span class='ocrx_word' id='word_1_59' title='bbox 702 1574 998 1641; x_wconf 88' lang='lat' dir='ltr'><strong>operum.</strong></span> 
     </span>
    </p>

    <p class='ocr_par' dir='ltr' id='par_1_3' title="bbox 696 1665 2250 2827">
     <span class='ocr_line' id='line_1_12' title="bbox 781 1665 2248 1753; baseline 0.002 -24"><span class='ocrx_word' id='word_1_60' title='bbox 781 1669 843 1730; x_wconf 76' lang='lat'><strong>5.</strong></span> <span class='ocrx_word' id='word_1_61' title='bbox 877 1665 977 1730; x_wconf 88' lang='lat' dir='ltr'><strong>Ad</strong></span> <span class='ocrx_word' id='word_1_62' title='bbox 1015 1666 1177 1731; x_wconf 91' lang='lat' dir='ltr'><strong>illud</strong></span> <span class='ocrx_word' id='word_1_63' title='bbox 1218 1667 1394 1750; x_wconf 83' lang='lat' dir='ltr'><strong>quod</strong></span> <span class='ocrx_word' id='word_1_64' title='bbox 1437 1667 1734 1751; x_wconf 84' lang='lat' dir='ltr'><strong>objicitur</strong></span> <span class='ocrx_word' id='word_1_65' title='bbox 1749 1717 1768 1749; x_wconf 91' lang='lat'><strong>,</strong></span> <span class='ocrx_word' id='word_1_66' title='bbox 1803 1670 1975 1753; x_wconf 88' lang='lat' dir='ltr'><strong>quod</strong></span> <span class='ocrx_word' id='word_1_67' title='bbox 2017 1687 2248 1753; x_wconf 88' lang='lat' dir='ltr'><strong>super-</strong></span> 
     </span>
     <span class='ocr_line' id='line_1_13' title="bbox 700 1771 2249 1860; baseline 0.003 -24"><span class='ocrx_word' id='word_1_68' title='bbox 700 1771 914 1836; x_wconf 89' lang='lat' dir='ltr'><strong>fluum</strong></span> <span class='ocrx_word' id='word_1_69' title='bbox 933 1772 1054 1838; x_wconf 83' lang='lat' dir='ltr'><strong>fuit</strong></span> <span class='ocrx_word' id='word_1_70' title='bbox 1074 1774 1280 1838; x_wconf 82' lang='lat' dir='ltr'><strong>facere</strong></span> <span class='ocrx_word' id='word_1_71' title='bbox 1306 1772 1549 1854; x_wconf 87' lang='lat' dir='ltr'><strong>Solem;</strong></span> <span class='ocrx_word' id='word_1_72' title='bbox 1577 1776 1918 1842; x_wconf 86' lang='lat' dir='ltr'><strong>dicendum</strong></span> <span class='ocrx_word' id='word_1_73' title='bbox 1932 1777 2108 1860; x_wconf 86' lang='lat' dir='ltr'><strong>quod</strong></span> <span class='ocrx_word' id='word_1_74' title='bbox 2137 1777 2249 1840; x_wconf 86' lang='lat' dir='ltr'><strong>fal-</strong></span> 
     </span>
     <span class='ocr_line' id='line_1_14' title="bbox 700 1881 2249 1967; baseline 0.004 -24"><span class='ocrx_word' id='word_1_75' title='bbox 700 1897 849 1943; x_wconf 89' lang='lat' dir='ltr'><strong>sum</strong></span> <span class='ocrx_word' id='word_1_76' title='bbox 877 1884 992 1960; x_wconf 90' lang='lat' dir='ltr'><strong>est,</strong></span> <span class='ocrx_word' id='word_1_77' title='bbox 1022 1881 1175 1964; x_wconf 83' lang='lat' dir='ltr'><strong>quia</strong></span> <span class='ocrx_word' id='word_1_78' title='bbox 1202 1881 1319 1946; x_wconf 86' lang='lat' dir='ltr'><strong>etsi</strong></span> <span class='ocrx_word' id='word_1_79' title='bbox 1345 1881 1461 1946; x_wconf 83' lang='lat' dir='ltr'><strong>lux</strong></span> <span class='ocrx_word' id='word_1_80' title='bbox 1485 1882 1594 1947; x_wconf 90' lang='lat' dir='ltr'><strong>illa</strong></span> <span class='ocrx_word' id='word_1_81' title='bbox 1619 1886 1890 1967; x_wconf 80' lang='lat' dir='ltr'><strong>perfecte</strong></span> <span class='ocrx_word' id='word_1_82' title='bbox 1917 1885 2249 1949; x_wconf 89' lang='lat' dir='ltr'><strong>illumina-</strong></span> 
     </span>
     <span class='ocr_line' id='line_1_15' title="bbox 698 1988 2248 2075; baseline 0.004 -25"><span class='ocrx_word' id='word_1_83' title='bbox 698 1991 819 2064; x_wconf 88' lang='lat' dir='ltr'><strong>ret,</strong></span> <span class='ocrx_word' id='word_1_84' title='bbox 850 1990 915 2052; x_wconf 89' lang='lat' dir='ltr'><strong>et</strong></span> <span class='ocrx_word' id='word_1_85' title='bbox 952 1988 1124 2052; x_wconf 91' lang='lat' dir='ltr'><strong>diem</strong></span> <span class='ocrx_word' id='word_1_86' title='bbox 1167 1988 1399 2054; x_wconf 86' lang='lat' dir='ltr'><strong>faceret</strong></span> <span class='ocrx_word' id='word_1_87' title='bbox 1443 1992 1795 2057; x_wconf 87' lang='lat' dir='ltr'><strong>secundum</strong></span> <span class='ocrx_word' id='word_1_88' title='bbox 1841 1993 2014 2075; x_wconf 87' lang='lat' dir='ltr'><strong>quod</strong></span> <span class='ocrx_word' id='word_1_89' title='bbox 2059 1994 2248 2056; x_wconf 86' lang='lat' dir='ltr'><strong>suffi-</strong></span> 
     </span>
     <span class='ocr_line' id='line_1_16' title="bbox 700 2093 2248 2181; baseline 0.003 -23"><span class='ocrx_word' id='word_1_90' title='bbox 700 2093 903 2158; x_wconf 88' lang='lat' dir='ltr'><strong>ciebat</strong></span> <span class='ocrx_word' id='word_1_91' title='bbox 941 2113 1059 2179; x_wconf 93' lang='lat' dir='ltr'><strong>pro</strong></span> <span class='ocrx_word' id='word_1_92' title='bbox 1105 2095 1215 2161; x_wconf 94' lang='lat' dir='ltr'><strong>illo</strong></span> <span class='ocrx_word' id='word_1_93' title='bbox 1242 2100 1527 2181; x_wconf 87' lang='lat' dir='ltr'><strong>tempore</strong></span> <span class='ocrx_word' id='word_1_94' title='bbox 1567 2099 1651 2163; x_wconf 89' lang='lat' dir='ltr'><strong>ad</strong></span> <span class='ocrx_word' id='word_1_95' title='bbox 1690 2098 1945 2163; x_wconf 90' lang='lat' dir='ltr'><strong>dierum</strong></span> <span class='ocrx_word' id='word_1_96' title='bbox 1980 2099 2248 2164; x_wconf 88' lang='lat' dir='ltr'><strong>distinc-</strong></span> 
     </span>
     <span class='ocr_line' id='line_1_17' title="bbox 696 2189 2249 2291; baseline 0.004 -26"><span class='ocrx_word' id='word_1_97' title='bbox 696 2189 941 2268; x_wconf 81' lang='lat' dir='ltr'><strong>tionem</strong></span> <span class='ocrx_word' id='word_1_98' title='bbox 959 2251 976 2280; x_wconf 93' lang='lat'><strong>,</strong></span> <span class='ocrx_word' id='word_1_99' title='bbox 1012 2203 1250 2285; x_wconf 87' lang='lat' dir='ltr'><strong>placuit</strong></span> <span class='ocrx_word' id='word_1_100' title='bbox 1275 2208 1495 2270; x_wconf 83' lang='lat' dir='ltr'><strong>tamen</strong></span> <span class='ocrx_word' id='word_1_101' title='bbox 1528 2206 1653 2271; x_wconf 90' lang='lat' dir='ltr'><strong>Deo</strong></span> <span class='ocrx_word' id='word_1_102' title='bbox 1692 2208 1889 2273; x_wconf 88' lang='lat' dir='ltr'><strong>rebus</strong></span> <span class='ocrx_word' id='word_1_103' title='bbox 1915 2209 1997 2273; x_wconf 88' lang='lat' dir='ltr'><strong>ad</strong></span> <span class='ocrx_word' id='word_1_104' title='bbox 2040 2210 2249 2291; x_wconf 87' lang='lat' dir='ltr'><strong>majo-</strong></span> 
     </span>
     <span class='ocr_line' id='line_1_18' title="bbox 696 2309 2248 2398; baseline 0.005 -25"><span class='ocrx_word' id='word_1_105' title='bbox 696 2326 838 2374; x_wconf 86' lang='lat' dir='ltr'><strong>rem</strong></span> <span class='ocrx_word' id='word_1_106' title='bbox 871 2309 1323 2392; x_wconf 82' lang='lat' dir='ltr'><strong>perfectionem</strong></span> <span class='ocrx_word' id='word_1_107' title='bbox 1366 2312 1607 2377; x_wconf 82' lang='lat' dir='ltr'><strong>eductis</strong></span> <span class='ocrx_word' id='word_1_108' title='bbox 1628 2362 1646 2390; x_wconf 91' lang='lat'><strong>,</strong></span> <span class='ocrx_word' id='word_1_109' title='bbox 1681 2320 1902 2398; x_wconf 91' lang='lat' dir='ltr'><strong>utpote</strong></span> <span class='ocrx_word' id='word_1_110' title='bbox 1943 2315 2023 2380; x_wconf 91' lang='lat' dir='ltr'><strong>ad</strong></span> <span class='ocrx_word' id='word_1_111' title='bbox 2061 2334 2248 2380; x_wconf 90' lang='lat' dir='ltr'><strong>orna-</strong></span> 
     </span>
     <span class='ocr_line' id='line_1_19' title="bbox 696 2417 2246 2506; baseline 0.003 -25"><span class='ocrx_word' id='word_1_112' title='bbox 696 2418 863 2496; x_wconf 85' lang='lat' dir='ltr'><strong>tum,</strong></span> <span class='ocrx_word' id='word_1_113' title='bbox 915 2417 1130 2480; x_wconf 88' lang='lat' dir='ltr'><strong>lucem</strong></span> <span class='ocrx_word' id='word_1_114' title='bbox 1183 2418 1389 2483; x_wconf 85' lang='lat' dir='ltr'><strong>facere</strong></span> <span class='ocrx_word' id='word_1_115' title='bbox 1435 2420 1788 2501; x_wconf 86' lang='lat' dir='ltr'><strong>pleniorem</strong></span> <span class='ocrx_word' id='word_1_116' title='bbox 1812 2471 1828 2500; x_wconf 91' lang='lat'><strong>,</strong></span> <span class='ocrx_word' id='word_1_117' title='bbox 1869 2440 2016 2506; x_wconf 83' lang='lat' dir='ltr'><strong>quae</strong></span> <span class='ocrx_word' id='word_1_118' title='bbox 2051 2424 2246 2488; x_wconf 89' lang='lat' dir='ltr'><strong>etiam</strong></span> 
     </span>
     <span class='ocr_line' id='line_1_20' title="bbox 699 2521 2250 2611; baseline 0.005 -24"><span class='ocrx_word' id='word_1_119' title='bbox 699 2521 869 2587; x_wconf 89' lang='lat' dir='ltr'><strong>diem</strong></span> <span class='ocrx_word' id='word_1_120' title='bbox 896 2522 1131 2588; x_wconf 83' lang='lat' dir='ltr'><strong>faceret</strong></span> <span class='ocrx_word' id='word_1_121' title='bbox 1175 2524 1504 2592; x_wconf 87' lang='lat' dir='ltr'><strong>clariorem</strong></span> <span class='ocrx_word' id='word_1_122' title='bbox 1536 2551 1551 2592; x_wconf 75' lang='grc' dir='ltr'>ε</span> <span class='ocrx_word' id='word_1_123' title='bbox 1598 2533 1662 2592; x_wconf 89' lang='lat' dir='ltr'><strong>et</strong></span> <span class='ocrx_word' id='word_1_124' title='bbox 1703 2533 1960 2611; x_wconf 86' lang='lat' dir='ltr'><strong>propter</strong></span> <span class='ocrx_word' id='word_1_125' title='bbox 2002 2530 2127 2594; x_wconf 91' lang='lat' dir='ltr'><strong>hoc</strong></span> <span class='ocrx_word' id='word_1_126' title='bbox 2166 2548 2250 2594; x_wconf 82' lang='lat' dir='ltr'><strong>ex</strong></span> 
     </span>
     <span class='ocr_line' id='line_1_21' title="bbox 699 2629 2248 2715; baseline 0.006 -23"><span class='ocrx_word' id='word_1_127' title='bbox 699 2629 839 2712; x_wconf 89' lang='lat' dir='ltr'><strong>ipsa</strong></span> <span class='ocrx_word' id='word_1_128' title='bbox 864 2631 1061 2694; x_wconf 87' lang='lat' dir='ltr'><strong>etiam</strong></span> <span class='ocrx_word' id='word_1_129' title='bbox 1085 2631 1252 2713; x_wconf 88' lang='lat' dir='ltr'><strong>luce,</strong></span> <span class='ocrx_word' id='word_1_130' title='bbox 1284 2634 1420 2699; x_wconf 90' lang='lat' dir='ltr'><strong>sive</strong></span> <span class='ocrx_word' id='word_1_131' title='bbox 1450 2635 1625 2700; x_wconf 91' lang='lat' dir='ltr'><strong>nube</strong></span> <span class='ocrx_word' id='word_1_132' title='bbox 1648 2635 1886 2715; x_wconf 89' lang='lat' dir='ltr'><strong>lucida,</strong></span> <span class='ocrx_word' id='word_1_133' title='bbox 1917 2636 2134 2702; x_wconf 88' lang='lat' dir='ltr'><strong>Solem</strong></span> <span class='ocrx_word' id='word_1_134' title='bbox 2149 2637 2248 2702; x_wconf 82' lang='lat' dir='ltr'><strong>fe-</strong></span> 
     </span>
     <span class='ocr_line' id='line_1_22' title="bbox 700 2734 2245 2827; baseline 0.006 -29"><span class='ocrx_word' id='word_1_135' title='bbox 700 2734 786 2799; x_wconf 88' lang='lat' dir='ltr'><strong>cit</strong></span> <span class='ocrx_word' id='word_1_136' title='bbox 822 2736 893 2799; x_wconf 94' lang='lat' dir='ltr'><strong>in</strong></span> <span class='ocrx_word' id='word_1_137' title='bbox 929 2739 1160 2820; x_wconf 81' lang='lat' dir='ltr'><strong>majori</strong></span> <span class='ocrx_word' id='word_1_138' title='bbox 1196 2738 1443 2804; x_wconf 89' lang='lat' dir='ltr'><strong>lumine</strong></span> <span class='ocrx_word' id='word_1_139' title='bbox 1462 2789 1480 2819; x_wconf 97' lang='lat'><strong>,</strong></span> <span class='ocrx_word' id='word_1_140' title='bbox 1524 2741 1692 2807; x_wconf 90' lang='lat' dir='ltr'><strong>sicut</strong></span> <span class='ocrx_word' id='word_1_141' title='bbox 1718 2742 1963 2808; x_wconf 87' lang='lat' dir='ltr'><strong>dicetur</strong></span> <span class='ocrx_word' id='word_1_142' title='bbox 2002 2748 2245 2827; x_wconf 86' lang='lat' dir='ltr'><strong>postea.</strong></span> 
     </span>
    </p>

    <p class='ocr_par' dir='ltr' id='par_1_4' title="bbox 698 2843 2257 3789">
     <span class='ocr_line' id='line_1_23' title="bbox 781 2843 2251 2934; baseline 0.006 -27"><span class='ocrx_word' id='word_1_143' title='bbox 781 2848 842 2908; x_wconf 90' lang='lat'><strong>6.</strong></span> <span class='ocrx_word' id='word_1_144' title='bbox 874 2843 955 2908; x_wconf 90' lang='lat' dir='ltr'><strong>Et</strong></span> <span class='ocrx_word' id='word_1_145' title='bbox 996 2864 1111 2928; x_wconf 92' lang='lat' dir='ltr'><strong>per</strong></span> <span class='ocrx_word' id='word_1_146' title='bbox 1154 2846 1277 2911; x_wconf 90' lang='lat' dir='ltr'><strong>hoc</strong></span> <span class='ocrx_word' id='word_1_147' title='bbox 1323 2853 1495 2931; x_wconf 88' lang='lat' dir='ltr'><strong>patet</strong></span> <span class='ocrx_word' id='word_1_148' title='bbox 1517 2849 1677 2914; x_wconf 87' lang='lat' dir='ltr'><strong>illud</strong></span> <span class='ocrx_word' id='word_1_149' title='bbox 1724 2851 1898 2933; x_wconf 84' lang='lat' dir='ltr'><strong>quod</strong></span> <span class='ocrx_word' id='word_1_150' title='bbox 1948 2851 2050 2934; x_wconf 85' lang='lat' dir='ltr'><strong>obj</strong></span> <span class='ocrx_word' id='word_1_151' title='bbox 2058 2851 2251 2916; x_wconf 86' lang='lat' dir='ltr'><strong>icitur</strong></span> 
     </span>
     <span class='ocr_line' id='line_1_24' title="bbox 698 2951 2244 3037; baseline 0.004 -20"><span class='ocrx_word' id='word_1_152' title='bbox 698 2951 950 3033; x_wconf 87' lang='lat' dir='ltr'><strong>ultim0,</strong></span> <span class='ocrx_word' id='word_1_153' title='bbox 979 2952 1212 3018; x_wconf 88' lang='lat' dir='ltr'><strong>scilicet</strong></span> <span class='ocrx_word' id='word_1_154' title='bbox 1243 2956 1417 3037; x_wconf 86' lang='lat' dir='ltr'><strong>quod</strong></span> <span class='ocrx_word' id='word_1_155' title='bbox 1441 2956 1548 3022; x_wconf 86' lang='lat' dir='ltr'><strong>illa</strong></span> <span class='ocrx_word' id='word_1_156' title='bbox 1564 2957 1681 3021; x_wconf 88' lang='lat' dir='ltr'><strong>lux</strong></span> <span class='ocrx_word' id='word_1_157' title='bbox 1701 2958 1920 3023; x_wconf 84' lang='lat' dir='ltr'><strong>debuit</strong></span> <span class='ocrx_word' id='word_1_158' title='bbox 1946 2977 2244 3024; x_wconf 89' lang='lat' dir='ltr'><strong>manere:</strong></span> 
     </span>
     <span class='ocr_line' id='line_1_25' title="bbox 700 3058 2253 3150; baseline 0.003 -24"><span class='ocrx_word' id='word_1_159' title='bbox 700 3058 1046 3126; x_wconf 81' lang='lat' dir='ltr'><strong>dicendum</strong></span> <span class='ocrx_word' id='word_1_160' title='bbox 1068 3061 1247 3125; x_wconf 91' lang='lat' dir='ltr'><strong>enim</strong></span> <span class='ocrx_word' id='word_1_161' title='bbox 1265 3064 1436 3146; x_wconf 85' lang='lat' dir='ltr'><strong>quod</strong></span> <span class='ocrx_word' id='word_1_162' title='bbox 1460 3082 1692 3131; x_wconf 88' lang='lat' dir='ltr'><strong>verum</strong></span> <span class='ocrx_word' id='word_1_163' title='bbox 1717 3067 2005 3150; x_wconf 83' lang='lat' dir='ltr'><strong>estquod</strong></span> <span class='ocrx_word' id='word_1_164' title='bbox 2035 3070 2253 3131; x_wconf 89' lang='lat' dir='ltr'><strong>manet</strong></span> 
     </span>
     <span class='ocr_line' id='line_1_26' title="bbox 699 3168 2252 3259; baseline 0.003 -25"><span class='ocrx_word' id='word_1_165' title='bbox 699 3168 1056 3234; x_wconf 86' lang='lat' dir='ltr'><strong>secuudum</strong></span> <span class='ocrx_word' id='word_1_166' title='bbox 1069 3169 1345 3234; x_wconf 83' lang='lat' dir='ltr'><strong>formam</strong></span> <span class='ocrx_word' id='word_1_167' title='bbox 1360 3174 1424 3235; x_wconf 90' lang='lat' dir='ltr'><strong>et</strong></span> <span class='ocrx_word' id='word_1_168' title='bbox 1439 3177 1735 3237; x_wconf 89' lang='lat' dir='ltr'><strong>naturam</strong></span> <span class='ocrx_word' id='word_1_169' title='bbox 1754 3195 1769 3237; x_wconf 75' lang='grc' dir='ltr'><strong>ε</strong></span> <span class='ocrx_word' id='word_1_170' title='bbox 1788 3175 1897 3239; x_wconf 89' lang='lat' dir='ltr'><strong>sed</strong></span> <span class='ocrx_word' id='word_1_171' title='bbox 1919 3192 2051 3239; x_wconf 86' lang='lat' dir='ltr'><strong>non</strong></span> <span class='ocrx_word' id='word_1_172' title='bbox 2066 3193 2252 3259; x_wconf 90' lang='lat' dir='ltr'><strong>opor—</strong></span> 
     </span>
     <span class='ocr_line' id='line_1_27' title="bbox 699 3276 2252 3359; baseline 0.005 -18"><span class='ocrx_word' id='word_1_173' title='bbox 699 3279 790 3341; x_wconf 85' lang='lat' dir='ltr'><strong>tet</strong></span> <span class='ocrx_word' id='word_1_174' title='bbox 851 3276 1024 3359; x_wconf 86' lang='lat' dir='ltr'><strong>quod</strong></span> <span class='ocrx_word' id='word_1_175' title='bbox 1072 3282 1328 3343; x_wconf 82' lang='lat' dir='ltr'><strong>maneat</strong></span> <span class='ocrx_word' id='word_1_176' title='bbox 1368 3281 1727 3346; x_wconf 87' lang='lat' dir='ltr'><strong>secundum</strong></span> <span class='ocrx_word' id='word_1_177' title='bbox 1771 3283 1960 3348; x_wconf 89' lang='lat' dir='ltr'><strong>illum</strong></span> <span class='ocrx_word' id='word_1_178' title='bbox 2011 3288 2252 3348; x_wconf 90' lang='lat' dir='ltr'><strong>statum</strong></span> 
     </span>
     <span class='ocr_line' id='line_1_28' title="bbox 701 3383 2255 3469; baseline 0.006 -22"><span class='ocrx_word' id='word_1_179' title='bbox 701 3383 1056 3449; x_wconf 88' lang='lat' dir='ltr'><strong>secundum</strong></span> <span class='ocrx_word' id='word_1_180' title='bbox 1072 3402 1268 3467; x_wconf 86' lang='lat' dir='ltr'><strong>quem</strong></span> <span class='ocrx_word' id='word_1_181' title='bbox 1295 3386 1505 3469; x_wconf 87' lang='lat' dir='ltr'><strong>primo</strong></span> <span class='ocrx_word' id='word_1_182' title='bbox 1531 3388 1805 3454; x_wconf 84' lang='lat' dir='ltr'><strong>formata</strong></span> <span class='ocrx_word' id='word_1_183' title='bbox 1825 3394 2001 3455; x_wconf 88' lang='lat' dir='ltr'><strong>erat:</strong></span> <span class='ocrx_word' id='word_1_184' title='bbox 2035 3396 2255 3456; x_wconf 88' lang='lat' dir='ltr'><strong>manet</strong></span> 
     </span>
     <span class='ocr_line' id='line_1_29' title="bbox 703 3491 2257 3578; baseline 0.005 -25"><span class='ocrx_word' id='word_1_185' title='bbox 703 3494 924 3554; x_wconf 91' lang='lat' dir='ltr'><strong>autem</strong></span> <span class='ocrx_word' id='word_1_186' title='bbox 949 3491 1021 3554; x_wconf 89' lang='lat' dir='ltr'><strong>in</strong></span> <span class='ocrx_word' id='word_1_187' title='bbox 1047 3491 1214 3572; x_wconf 85' lang='lat' dir='ltr'><strong>Sole,</strong></span> <span class='ocrx_word' id='word_1_188' title='bbox 1250 3493 1363 3576; x_wconf 88' lang='lat' dir='ltr'><strong>qui</strong></span> <span class='ocrx_word' id='word_1_189' title='bbox 1390 3511 1475 3558; x_wconf 87' lang='lat' dir='ltr'><strong>ex</strong></span> <span class='ocrx_word' id='word_1_190' title='bbox 1509 3495 1647 3578; x_wconf 87' lang='lat' dir='ltr'><strong>ipsa</strong></span> <span class='ocrx_word' id='word_1_191' title='bbox 1671 3498 1982 3562; x_wconf 83' lang='lat' dir='ltr'><strong>formatus</strong></span> <span class='ocrx_word' id='word_1_192' title='bbox 2019 3503 2137 3578; x_wconf 89' lang='lat' dir='ltr'><strong>est,</strong></span> <span class='ocrx_word' id='word_1_193' title='bbox 2167 3500 2257 3562; x_wconf 89' lang='lat' dir='ltr'><strong>si·-</strong></span> 
     </span>
     <span class='ocr_line' id='line_1_30' title="bbox 703 3597 2256 3689; baseline 0.008 -29"><span class='ocrx_word' id='word_1_194' title='bbox 703 3601 816 3661; x_wconf 84' lang='lat' dir='ltr'><strong>cut</strong></span> <span class='ocrx_word' id='word_1_195' title='bbox 859 3597 1144 3663; x_wconf 89' lang='lat' dir='ltr'><strong>innuunt</strong></span> <span class='ocrx_word' id='word_1_196' title='bbox 1179 3601 1592 3683; x_wconf 83' lang='lat' dir='ltr'><strong>·expositores</strong></span> <span class='ocrx_word' id='word_1_197' title='bbox 1613 3651 1631 3681; x_wconf 97' lang='lat'><strong>,</strong></span> <span class='ocrx_word' id='word_1_198' title='bbox 1686 3608 1751 3668; x_wconf 91' lang='lat' dir='ltr'><strong>et</strong></span> <span class='ocrx_word' id='word_1_199' title='bbox 1798 3605 2028 3671; x_wconf 87' lang='lat' dir='ltr'><strong>melius</strong></span> <span class='ocrx_word' id='word_1_200' title='bbox 2086 3611 2256 3689; x_wconf 88' lang='lat' dir='ltr'><strong>patet</strong></span> 
     </span>
     <span class='ocr_line' id='line_1_31' title="bbox 702 3704 1260 3789; baseline 0.004 -19"><span class='ocrx_word' id='word_1_201' title='bbox 702 3721 819 3789; x_wconf 86' lang='lat' dir='ltr'><strong>per</strong></span> <span class='ocrx_word' id='word_1_202' title='bbox 849 3707 931 3786; x_wconf 86' lang='lat' dir='ltr'><strong>(a)</strong></span> <span class='ocrx_word' id='word_1_203' title='bbox 963 3704 1260 3772; x_wconf 86' lang='lat' dir='ltr'><strong>litteram.</strong></span> 
     </span>
    </p>
   </div>
   <div class='ocr_carea' id='block_1_3' title="bbox 1235 3901 1720 3982">
    <p class='ocr_par' dir='ltr' id='par_1_5' title="bbox 1235 3901 1720 3982">
     <span class='ocr_line' id='line_1_32' title="bbox 1235 3901 1720 3982; baseline 0.008 -13"><span class='ocrx_word' id='word_1_204' title='bbox 1235 3901 1595 3982; x_wconf 84' lang='lat' dir='ltr'><strong>QUAESTIO</strong></span> <span class='ocrx_word' id='word_1_205' title='bbox 1640 3906 1720 3973; x_wconf 90' lang='lat'><strong>11.</strong></span> 
     </span>
    </p>
   </div>
   <div class='ocr_carea' id='block_1_4' title="bbox 922 4062 2036 4137">
    <p class='ocr_par' dir='ltr' id='par_1_6' title="bbox 922 4062 2036 4137">
     <span class='ocr_line' id='line_1_33' title="bbox 922 4062 2036 4137; baseline 0.008 -15"><span class='ocrx_word' id='word_1_206' title='bbox 922 4062 1019 4122; x_wconf 80' lang='lat' dir='ltr'><strong>An</strong></span> <span class='ocrx_word' id='word_1_207' title='bbox 1041 4065 1150 4122; x_wconf 79' lang='lat' dir='ltr'><strong>illa</strong></span> <span class='ocrx_word' id='word_1_208' title='bbox 1177 4066 1275 4123; x_wconf 74' lang='lat' dir='ltr'><strong>luoe</strong></span> <span class='ocrx_word' id='word_1_209' title='bbox 1295 4070 1486 4137; x_wconf 74' lang='lat' dir='ltr'><strong>fecerit</strong></span> <span class='ocrx_word' id='word_1_210' title='bbox 1515 4068 1657 4127; x_wconf 80' lang='lat' dir='ltr'><strong>diem</strong></span> <span class='ocrx_word' id='word_1_211' title='bbox 1683 4074 1737 4128; x_wconf 75' lang='lat' dir='ltr'><strong>et</strong></span> <span class='ocrx_word' id='word_1_212' title='bbox 1768 4076 1975 4131; x_wconf 78' lang='lat' dir='ltr'><strong>noctem</strong></span> <span class='ocrx_word' id='word_1_213' title='bbox 1994 4074 2036 4131; x_wconf 85' lang='lat'><strong>¹.</strong></span> 
     </span>
    </p>
   </div>
   <div class='ocr_carea' id='block_1_5' title="bbox 684 4234 2266 5518">
    <p class='ocr_par' dir='ltr' id='par_1_7' title="bbox 713 4234 2262 4758">
     <span class='ocr_line' id='line_1_34' title="bbox 793 4234 2254 4328; baseline 0.01 -29"><span class='ocrx_word' id='word_1_214' title='bbox 793 4234 1080 4313; x_wconf 87' lang='lat' dir='ltr'><strong>Qualiter</strong></span> <span class='ocrx_word' id='word_1_215' title='bbox 1105 4238 1216 4306; x_wconf 89' lang='lat' dir='ltr'><strong>illa</strong></span> <span class='ocrx_word' id='word_1_216' title='bbox 1235 4242 1356 4308; x_wconf 79' lang='lat' dir='ltr'><strong>lux</strong></span> <span class='ocrx_word' id='word_1_217' title='bbox 1377 4244 1643 4311; x_wconf 84' lang='lat' dir='ltr'><strong>faciebat</strong></span> <span class='ocrx_word' id='word_1_218' title='bbox 1666 4247 1860 4328; x_wconf 91' lang='lat' dir='ltr'><strong>diem,</strong></span> <span class='ocrx_word' id='word_1_219' title='bbox 1883 4251 1945 4312; x_wconf 92' lang='lat' dir='ltr'><strong>et</strong></span> <span class='ocrx_word' id='word_1_220' title='bbox 1970 4252 2254 4328; x_wconf 88' lang='lat' dir='ltr'><strong>noctem;</strong></span> 
     </span>
     <span class='ocr_line' id='line_1_35' title="bbox 716 4343 2260 4439; baseline 0.012 -35"><span class='ocrx_word' id='word_1_221' title='bbox 716 4345 779 4439; x_wconf 84' lang='lat' dir='ltr'><strong>et</strong></span> <span class='ocrx_word' id='word_1_222' title='bbox 798 4343 952 4408; x_wconf 86' lang='lat' dir='ltr'><strong>dicit</strong></span> <span class='ocrx_word' id='word_1_223' title='bbox 963 4345 1389 4416; x_wconf 84' lang='lat' dir='ltr'><strong>Damascenus</strong></span> <span class='ocrx_word' id='word_1_224' title='bbox 1399 4354 1447 4432; x_wconf 82' lang='lat'><strong>¹,</strong></span> <span class='ocrx_word' id='word_1_225' title='bbox 1460 4354 1631 4436; x_wconf 86' lang='lat' dir='ltr'><strong>quod</strong></span> <span class='ocrx_word' id='word_1_226' title='bbox 1646 4353 1948 4420; x_wconf 82' lang='lat' dir='ltr'><strong>faciebate</strong></span> <span class='ocrx_word' id='word_1_227' title='bbox 1958 4356 2260 4422; x_wconf 88' lang='lat' dir='ltr'><strong>missione</strong></span> 
     </span>
     <span class='ocr_line' id='line_1_36' title="bbox 713 4451 2256 4535; baseline 0.01 -21"><span class='ocrx_word' id='word_1_228' title='bbox 713 4451 1049 4518; x_wconf 85' lang='lat' dir='ltr'><strong>radiorum</strong></span> <span class='ocrx_word' id='word_1_229' title='bbox 1074 4502 1093 4535; x_wconf 95' lang='lat'><strong>,</strong></span> <span class='ocrx_word' id='word_1_230' title='bbox 1135 4461 1200 4520; x_wconf 92' lang='lat' dir='ltr'><strong>et</strong></span> <span class='ocrx_word' id='word_1_231' title='bbox 1242 4461 1693 4526; x_wconf 86' lang='lat' dir='ltr'><strong>contractione.</strong></span> <span class='ocrx_word' id='word_1_232' title='bbox 1744 4463 1851 4527; x_wconf 78' lang='lat' dir='ltr'><strong>Ait</strong></span> <span class='ocrx_word' id='word_1_233' title='bbox 1887 4464 2059 4529; x_wconf 91' lang='lat' dir='ltr'><strong>enim</strong></span> <span class='ocrx_word' id='word_1_234' title='bbox 2109 4466 2200 4529; x_wconf 90' lang='lat' dir='ltr'><strong>sic</strong></span> <span class='ocrx_word' id='word_1_235' title='bbox 2241 4489 2256 4530; x_wconf 90' lang='lat'><strong>:</strong></span> 
     </span>
     <span class='ocr_line' id='line_1_37' title="bbox 724 4556 2261 4655; baseline 0.012 -35"><span class='ocrx_word' id='word_1_236' title='bbox 724 4579 758 4655; x_wconf 54' lang='lat' dir='ltr'><strong>a</strong></span> <span class='ocrx_word' id='word_1_237' title='bbox 783 4556 860 4621; x_wconf 91' lang='lat' dir='ltr'><strong>ln</strong></span> <span class='ocrx_word' id='word_1_238' title='bbox 878 4559 1105 4641; x_wconf 90' lang='lat' dir='ltr'><strong>primis</strong></span> <span class='ocrx_word' id='word_1_239' title='bbox 1124 4563 1329 4629; x_wconf 91' lang='lat' dir='ltr'><strong>tribus</strong></span> <span class='ocrx_word' id='word_1_240' title='bbox 1344 4566 1571 4632; x_wconf 91' lang='lat' dir='ltr'><strong>diebus</strong></span> <span class='ocrx_word' id='word_1_241' title='bbox 1592 4569 1843 4635; x_wconf 84' lang='lat' dir='ltr'><strong>refluxo</strong></span> <span class='ocrx_word' id='word_1_242' title='bbox 1861 4575 1925 4636; x_wconf 89' lang='lat' dir='ltr'><strong>et</strong></span> <span class='ocrx_word' id='word_1_243' title='bbox 1942 4575 2261 4638; x_wconf 83' lang='lat' dir='ltr'><strong>contracto</strong></span> 
     </span>
     <span class='ocr_line' id='line_1_38' title="bbox 715 4661 2262 4758; baseline 0.014 -33"><span class='ocrx_word' id='word_1_244' title='bbox 715 4661 984 4746; x_wconf 91' lang='lat' dir='ltr'><strong>lumine,</strong></span> <span class='ocrx_word' id='word_1_245' title='bbox 1013 4668 1335 4736; x_wconf 89' lang='lat' dir='ltr'><strong>dominico</strong></span> <span class='ocrx_word' id='word_1_246' title='bbox 1366 4680 1709 4758; x_wconf 86' lang='lat' dir='ltr'><strong>praecepto,</strong></span> <span class='ocrx_word' id='word_1_247' title='bbox 1743 4677 1876 4743; x_wconf 90' lang='lat' dir='ltr'><strong>dies</strong></span> <span class='ocrx_word' id='word_1_248' title='bbox 1896 4682 1961 4743; x_wconf 91' lang='lat' dir='ltr'><strong>et</strong></span> <span class='ocrx_word' id='word_1_249' title='bbox 1980 4698 2116 4744; x_wconf 78' lang='lat' dir='ltr'><strong>nox</strong></span> <span class='ocrx_word' id='word_1_250' title='bbox 2141 4681 2262 4745; x_wconf 87' lang='lat' dir='ltr'><strong>fie-</strong></span> 
     </span>
    </p>

    <p class='ocr_par' dir='ltr' id='par_1_8' title="bbox 684 4770 2266 5408">
     <span class='ocr_line' id='line_1_39' title="bbox 684 4770 2264 4859; baseline 0.011 -25"><span class='ocrx_word' id='word_1_251' title='bbox 684 4770 844 4859; x_wconf 16' lang='lat' dir='ltr'><strong>nbat.</strong></span> <span class='ocrx_word' id='word_1_252' title='bbox 889 4793 921 4831; x_wconf 77' lang='lat' dir='ltr'><strong>n</strong></span> <span class='ocrx_word' id='word_1_253' title='bbox 975 4771 1056 4837; x_wconf 88' lang='lat' dir='ltr'><strong>Et</strong></span> <span class='ocrx_word' id='word_1_254' title='bbox 1079 4772 1351 4843; x_wconf 82' lang='lat' dir='ltr'><strong>Basilius</strong></span> <span class='ocrx_word' id='word_1_255' title='bbox 1394 4780 1465 4844; x_wconf 88' lang='lat' dir='ltr'><strong>in</strong></span> <span class='ocrx_word' id='word_1_256' title='bbox 1511 4782 1931 4851; x_wconf 73' lang='lat' dir='ltr'><strong>Hexoemeron</strong></span> <span class='ocrx_word' id='word_1_257' title='bbox 1970 4805 1993 4847; x_wconf 92' lang='lat'><strong>.·</strong></span> <span class='ocrx_word' id='word_1_258' title='bbox 2025 4809 2058 4848; x_wconf 76' lang='grc' dir='ltr'><strong>α</strong></span> <span class='ocrx_word' id='word_1_259' title='bbox 2084 4785 2264 4851; x_wconf 90' lang='lat' dir='ltr'><strong>Tunc</strong></span> 
     </span>
     <span class='ocr_line' id='line_1_40' title="bbox 717 4874 2264 4973; baseline 0.011 -30"><span class='ocrx_word' id='word_1_260' title='bbox 717 4874 938 4944; x_wconf 83' lang='lat' dir='ltr'><strong>autem</strong></span> <span class='ocrx_word' id='word_1_261' title='bbox 962 4898 1096 4951; x_wconf 87' lang='lat' dir='ltr'><strong>non</strong></span> <span class='ocrx_word' id='word_1_262' title='bbox 1122 4884 1345 4950; x_wconf 90' lang='lat' dir='ltr'><strong>solaris</strong></span> <span class='ocrx_word' id='word_1_263' title='bbox 1371 4890 1653 4972; x_wconf 89' lang='lat' dir='ltr'><strong>corporis</strong></span> <span class='ocrx_word' id='word_1_264' title='bbox 1679 4895 1883 4973; x_wconf 89' lang='lat' dir='ltr'><strong>motu,</strong></span> <span class='ocrx_word' id='word_1_265' title='bbox 1913 4893 2025 4958; x_wconf 89' lang='lat' dir='ltr'><strong>sed</strong></span> <span class='ocrx_word' id='word_1_266' title='bbox 2064 4894 2264 4960; x_wconf 84' lang='lat' dir='ltr'><strong>diffu-</strong></span> 
     </span>
     <span class='ocr_line' id='line_1_41' title="bbox 718 4987 2264 5077; baseline 0.011 -24"><span class='ocrx_word' id='word_1_267' title='bbox 718 4987 899 5053; x_wconf 85' lang='lat' dir='ltr'><strong>sione</strong></span> <span class='ocrx_word' id='word_1_268' title='bbox 924 4990 1296 5075; x_wconf 88' lang='lat' dir='ltr'><strong>principalis</strong></span> <span class='ocrx_word' id='word_1_269' title='bbox 1339 4996 1605 5062; x_wconf 90' lang='lat' dir='ltr'><strong>luminis</strong></span> <span class='ocrx_word' id='word_1_270' title='bbox 1627 5047 1645 5077; x_wconf 98' lang='lat'><strong>,</strong></span> <span class='ocrx_word' id='word_1_271' title='bbox 1680 5001 1869 5065; x_wconf 90' lang='lat' dir='ltr'><strong>modo</strong></span> <span class='ocrx_word' id='word_1_272' title='bbox 1909 5020 1978 5067; x_wconf 92' lang='lat' dir='ltr'><strong>se</strong></span> <span class='ocrx_word' id='word_1_273' title='bbox 2015 5005 2264 5069; x_wconf 88' lang='lat' dir='ltr'><strong>subdu-</strong></span> 
     </span>
     <span class='ocr_line' id='line_1_42' title="bbox 719 5086 2264 5190; baseline 0.014 -32"><span class='ocrx_word' id='word_1_274' title='bbox 719 5086 938 5176; x_wconf 78' lang='lat' dir='ltr'><strong>centiS,</strong></span> <span class='ocrx_word' id='word_1_275' title='bbox 980 5100 1171 5165; x_wconf 91' lang='lat' dir='ltr'><strong>modo</strong></span> <span class='ocrx_word' id='word_1_276' title='bbox 1212 5102 1423 5170; x_wconf 92' lang='lat' dir='ltr'><strong>denuo</strong></span> <span class='ocrx_word' id='word_1_277' title='bbox 1460 5106 1821 5173; x_wconf 87' lang='lat' dir='ltr'><strong>reducentis</strong></span> <span class='ocrx_word' id='word_1_278' title='bbox 1843 5158 1862 5190; x_wconf 92' lang='lat'><strong>,</strong></span> <span class='ocrx_word' id='word_1_279' title='bbox 1908 5113 2264 5178; x_wconf 89' lang='lat' dir='ltr'><strong>secundum</strong></span> 
     </span>
     <span class='ocr_line' id='line_1_43' title="bbox 717 5199 2263 5298; baseline 0.016 -35"><span class='ocrx_word' id='word_1_280' title='bbox 717 5199 1005 5267; x_wconf 87' lang='lat' dir='ltr'><strong>divinam</strong></span> <span class='ocrx_word' id='word_1_281' title='bbox 1032 5211 1525 5292; x_wconf 65' lang='lat' dir='ltr'><strong>praeceptionem</strong></span> <span class='ocrx_word' id='word_1_282' title='bbox 1559 5214 1733 5280; x_wconf 89' lang='lat' dir='ltr'><strong>diem</strong></span> <span class='ocrx_word' id='word_1_283' title='bbox 1765 5216 2062 5298; x_wconf 76' lang='lat' dir='ltr'><strong>faciebat,</strong></span> <span class='ocrx_word' id='word_1_284' title='bbox 2093 5237 2263 5286; x_wconf 82' lang='lat' dir='ltr'><strong>nox-</strong></span> 
     </span>
     <span class='ocr_line' id='line_1_44' title="bbox 719 5314 2266 5408; baseline 0.014 -38"><span class='ocrx_word' id='word_1_285' title='bbox 719 5323 848 5388; x_wconf 85' lang='lat' dir='ltr'><strong>que</strong></span> <span class='ocrx_word' id='word_1_286' title='bbox 890 5314 1351 5383; x_wconf 76' lang='lat' dir='ltr'><strong>revertebatur.</strong></span> <span class='ocrx_word' id='word_1_287' title='bbox 1412 5342 1446 5380; x_wconf 76' lang='lat'>»</span> <span class='ocrx_word' id='word_1_288' title='bbox 1503 5320 1672 5387; x_wconf 91' lang='lat' dir='ltr'><strong>Beda</strong></span> <span class='ocrx_word' id='word_1_289' title='bbox 1724 5328 1943 5390; x_wconf 89' lang='lat' dir='ltr'><strong>autem</strong></span> <span class='ocrx_word' id='word_1_290' title='bbox 1963 5376 1984 5408; x_wconf 91' lang='lat'>‚</span> <span class='ocrx_word' id='word_1_291' title='bbox 2037 5331 2103 5392; x_wconf 90' lang='lat' dir='ltr'><strong>et</strong></span> <span class='ocrx_word' id='word_1_292' title='bbox 2159 5327 2266 5391; x_wconf 87' lang='lat' dir='ltr'><strong>alii</strong></span> 
     </span>
    </p>

    <p class='ocr_par' dir='ltr' id='par_1_9' title="bbox 787 5432 2263 5518">
     <span class='ocr_line' id='line_1_45' title="bbox 787 5432 2263 5518; baseline 0.015 -35"><span class='ocrx_word' id='word_1_293' title='bbox 787 5432 910 5497; x_wconf 80' lang='lat' dir='ltr'><strong>¹Cf.</strong></span> <span class='ocrx_word' id='word_1_294' title='bbox 947 5435 1261 5505; x_wconf 83' lang='lat' dir='ltr'><strong>Richardus‚</strong></span> <span class='ocrx_word' id='word_1_295' title='bbox 1300 5443 1346 5493; x_wconf 85' lang='lat'><strong>11</strong></span> <span class='ocrx_word' id='word_1_296' title='bbox 1371 5443 1533 5513; x_wconf 69' lang='lat' dir='ltr'><strong>Sem„</strong></span> <span class='ocrx_word' id='word_1_297' title='bbox 1570 5448 1689 5501; x_wconf 88' lang='lat' dir='ltr'><strong>dist.</strong></span> <span class='ocrx_word' id='word_1_298' title='bbox 1711 5461 1845 5515; x_wconf 76' lang='lat'><strong>1111,</strong></span> <span class='ocrx_word' id='word_1_299' title='bbox 1877 5465 1928 5516; x_wconf 86' lang='lat' dir='ltr'><strong>q.</strong></span> <span class='ocrx_word' id='word_1_300' title='bbox 1959 5464 2037 5518; x_wconf 80' lang='lat'><strong>113</strong></span> <span class='ocrx_word' id='word_1_301' title='bbox 2084 5453 2263 5517; x_wconf 78' lang='lat' dir='ltr'><strong>steph.</strong></span> 
     </span>
    </p>
   </div>
   <div class='ocr_carea' id='block_1_6' title="bbox 1838 454 2772 523">
    <p class='ocr_par' dir='ltr' id='par_1_10' title="bbox 1838 454 2772 523">
     <span class='ocr_line' id='line_1_46' title="bbox 1838 454 2772 523; baseline -0.002 0"><span class='ocrx_word' id='word_1_302' title='bbox 1838 454 2461 523; x_wconf 79' lang='lat' dir='ltr'><strong>SENTENTIARUM</strong></span> <span class='ocrx_word' id='word_1_303' title='bbox 2502 455 2652 522; x_wconf 85' lang='lat' dir='ltr'><strong>LIB.</strong></span> <span class='ocrx_word' id='word_1_304' title='bbox 2692 455 2772 521; x_wconf 91' lang='lat'><strong>11.</strong></span> 
     </span>
    </p>
   </div>
   <div class='ocr_carea' id='block_1_7' title="bbox 2360 590 3891 677">
    <p class='ocr_par' dir='ltr' id='par_1_11' title="bbox 2360 590 3891 677">
     <span class='ocr_line' id='line_1_47' title="bbox 2360 590 3891 677; baseline 0.003 -20"><span class='ocrx_word' id='word_1_305' title='bbox 2360 594 2749 677; x_wconf 84' lang='lat' dir='ltr'><strong>expositores</strong></span> <span class='ocrx_word' id='word_1_306' title='bbox 2773 591 2955 656; x_wconf 89' lang='lat' dir='ltr'><strong>latini</strong></span> <span class='ocrx_word' id='word_1_307' title='bbox 2967 590 3191 656; x_wconf 90' lang='lat' dir='ltr'><strong>dicunt</strong></span> <span class='ocrx_word' id='word_1_308' title='bbox 3216 591 3388 674; x_wconf 88' lang='lat' dir='ltr'><strong>quod</strong></span> <span class='ocrx_word' id='word_1_309' title='bbox 3412 615 3445 654; x_wconf 72' lang='lat' dir='ltr'><strong>a</strong></span> <span class='ocrx_word' id='word_1_310' title='bbox 3462 593 3629 659; x_wconf 90' lang='lat' dir='ltr'><strong>diem</strong></span> <span class='ocrx_word' id='word_1_311' title='bbox 3659 598 3725 660; x_wconf 92' lang='lat' dir='ltr'><strong>et</strong></span> <span class='ocrx_word' id='word_1_312' title='bbox 3750 614 3891 663; x_wconf 84' lang='lat' dir='ltr'><strong>noc-</strong></span> 
     </span>
    </p>
   </div>
   <div class='ocr_carea' id='block_1_8' title="bbox 2358 699 4029 769">
    <p class='ocr_par' dir='ltr' id='par_1_12' title="bbox 2358 699 4029 769">
     <span class='ocr_line' id='line_1_48' title="bbox 2358 699 4029 769; baseline 0.001 -4"><span class='ocrx_word' id='word_1_313' title='bbox 2358 703 2491 765; x_wconf 88' lang='lat' dir='ltr'><strong>tem</strong></span> <span class='ocrx_word' id='word_1_314' title='bbox 2516 700 2783 765; x_wconf 86' lang='lat' dir='ltr'><strong>faciebat</strong></span> <span class='ocrx_word' id='word_1_315' title='bbox 2804 717 2923 764; x_wconf 89' lang='lat' dir='ltr'><strong>sua</strong></span> <span class='ocrx_word' id='word_1_316' title='bbox 2948 699 3347 763; x_wconf 82' lang='lat' dir='ltr'><strong>revolutione</strong></span> <span class='ocrx_word' id='word_1_317' title='bbox 3378 723 3393 762; x_wconf 90' lang='lat'>:</span> <span class='ocrx_word' id='word_1_318' title='bbox 3429 721 3459 759; x_wconf 72' lang='lat' dir='ltr'><strong>n</strong></span> <span class='ocrx_word' id='word_1_319' title='bbox 3486 705 3549 764; x_wconf 90' lang='lat' dir='ltr'><strong>et</strong></span> <span class='ocrx_word' id='word_1_320' title='bbox 3572 701 3694 765; x_wconf 89' lang='lat' dir='ltr'><strong>hoc</strong></span> <span class='ocrx_word' id='word_1_321' title='bbox 3719 702 3890 769; x_wconf 82' lang='lat' dir='ltr'><strong>habi·</strong></span> <span class='ocrx_word' id='word_1_322' title='bbox 4020 709 4029 720; x_wconf 91' lang='grc'><em>“</em></span> 
     </span>
    </p>
   </div>
   <div class='ocr_carea' id='block_1_9' title="bbox 2356 807 3889 1104">
    <p class='ocr_par' dir='ltr' id='par_1_13' title="bbox 2356 807 3889 1104">
     <span class='ocr_line' id='line_1_49' title="bbox 2356 807 3889 891; baseline 0.001 -18"><span class='ocrx_word' id='word_1_323' title='bbox 2356 813 2500 873; x_wconf 88' lang='lat' dir='ltr'><strong>tum</strong></span> <span class='ocrx_word' id='word_1_324' title='bbox 2528 810 2647 873; x_wconf 87' lang='lat' dir='ltr'><strong>fuit</strong></span> <span class='ocrx_word' id='word_1_325' title='bbox 2675 810 2745 872; x_wconf 90' lang='lat' dir='ltr'><strong>in</strong></span> <span class='ocrx_word' id='word_1_326' title='bbox 2771 807 3143 873; x_wconf 80' lang='lat' dir='ltr'><strong>auctoritate</strong></span> <span class='ocrx_word' id='word_1_327' title='bbox 3185 808 3365 889; x_wconf 89' lang='lat' dir='ltr'><strong>prius</strong></span> <span class='ocrx_word' id='word_1_328' title='bbox 3391 808 3596 890; x_wconf 87' lang='lat' dir='ltr'><strong>posita</strong></span> <span class='ocrx_word' id='word_1_329' title='bbox 3622 828 3767 891; x_wconf 84' lang='lat' dir='ltr'><strong>quae</strong></span> <span class='ocrx_word' id='word_1_330' title='bbox 3794 811 3889 875; x_wconf 87' lang='lat' dir='ltr'><strong>in-</strong></span> 
     </span>
     <span class='ocr_line' id='line_1_50' title="bbox 2359 913 3887 999; baseline 0.002 -19"><span class='ocrx_word' id='word_1_331' title='bbox 2359 917 2616 981; x_wconf 87' lang='lat' dir='ltr'><strong>ducitur</strong></span> <span class='ocrx_word' id='word_1_332' title='bbox 2656 916 2724 979; x_wconf 86' lang='lat' dir='ltr'><strong>in</strong></span> <span class='ocrx_word' id='word_1_333' title='bbox 2763 915 2972 980; x_wconf 89' lang='lat' dir='ltr'><strong>littera</strong></span> <span class='ocrx_word' id='word_1_334' title='bbox 3006 933 3024 978; x_wconf 75' lang='grc' dir='ltr'>ε</span> <span class='ocrx_word' id='word_1_335' title='bbox 3057 937 3088 975; x_wconf 73' lang='grc' dir='ltr'><strong>«ι</strong></span> <span class='ocrx_word' id='word_1_336' title='bbox 3120 913 3452 979; x_wconf 89' lang='lat' dir='ltr'><strong>Occidente</strong></span> <span class='ocrx_word' id='word_1_337' title='bbox 3492 914 3632 981; x_wconf 88' lang='lat' dir='ltr'><strong>luce</strong></span> <span class='ocrx_word' id='word_1_338' title='bbox 3672 919 3887 999; x_wconf 85' lang='lat' dir='ltr'><strong>paula·</strong></span> 
     </span>
     <span class='ocr_line' id='line_1_51' title="bbox 2359 1024 2715 1104; baseline -0.003 -15"><span class='ocrx_word' id='word_1_339' title='bbox 2359 1024 2498 1104; x_wconf 88' lang='lat' dir='ltr'><strong>tim,</strong></span> <span class='ocrx_word' id='word_1_340' title='bbox 2530 1046 2561 1083; x_wconf 72' lang='lat'><strong>&gt;2</strong></span> <span class='ocrx_word' id='word_1_341' title='bbox 2594 1030 2715 1089; x_wconf 87' lang='lat' dir='ltr'><strong>etc.</strong></span> 
     </span>
    </p>
   </div>
   <div class='ocr_carea' id='block_1_10' title="bbox 2439 1105 4071 1216">
    <p class='ocr_par' dir='ltr' id='par_1_14' title="bbox 2439 1105 4071 1216">
     <span class='ocr_line' id='line_1_52' title="bbox 2439 1105 4071 1216; baseline 0.001 -20"><span class='ocrx_word' id='word_1_342' title='bbox 2439 1132 2669 1196; x_wconf 88' lang='lat' dir='ltr'><strong>Contra</strong></span> <span class='ocrx_word' id='word_1_343' title='bbox 2694 1105 2982 1214; x_wconf 83' lang='lat' dir='ltr'><strong>primum</strong></span> <span class='ocrx_word' id='word_1_344' title='bbox 3010 1129 3259 1194; x_wconf 90' lang='lat' dir='ltr'><strong>dicendi</strong></span> <span class='ocrx_word' id='word_1_345' title='bbox 3299 1130 3565 1195; x_wconf 91' lang='lat' dir='ltr'><strong>modum</strong></span> <span class='ocrx_word' id='word_1_346' title='bbox 3606 1134 3893 1216; x_wconf 85' lang='lat' dir='ltr'><strong>objicitur</strong></span> <span class='ocrx_word' id='word_1_347' title='bbox 3917 1142 4071 1186; x_wconf 62' lang='lat' dir='ltr'><strong>Fun&amp;-</strong></span> 
     </span>
    </p>
   </div>
   <div class='ocr_carea' id='block_1_11' title="bbox 2355 1236 3901 2615">
    <p class='ocr_par' dir='ltr' id='par_1_15' title="bbox 2355 1236 3899 1955">
     <span class='ocr_line' id='line_1_53' title="bbox 2358 1236 3894 1320; baseline 0.002 -16"><span class='ocrx_word' id='word_1_348' title='bbox 2358 1240 2450 1304; x_wconf 90' lang='lat' dir='ltr'><strong>sic</strong></span> <span class='ocrx_word' id='word_1_349' title='bbox 2494 1262 2510 1304; x_wconf 90' lang='lat'>:</span> <span class='ocrx_word' id='word_1_350' title='bbox 2555 1237 2772 1303; x_wconf 92' lang='lat' dir='ltr'><strong>Primo</strong></span> <span class='ocrx_word' id='word_1_351' title='bbox 2830 1237 3157 1320; x_wconf 88' lang='lat' dir='ltr'><strong>Scriptura</strong></span> <span class='ocrx_word' id='word_1_352' title='bbox 3191 1236 3339 1300; x_wconf 88' lang='lat' dir='ltr'><strong>dicit</strong></span> <span class='ocrx_word' id='word_1_353' title='bbox 3384 1256 3402 1298; x_wconf 74' lang='grc' dir='ltr'>ε</span> <span class='ocrx_word' id='word_1_354' title='bbox 3450 1238 3700 1306; x_wconf 75' lang='lat' dir='ltr'><strong>Divisit</strong></span> <span class='ocrx_word' id='word_1_355' title='bbox 3742 1243 3894 1307; x_wconf 73' lang='lat' dir='ltr'><strong>Deus</strong></span> 
     </span>
     <span class='ocr_line' id='line_1_54' title="bbox 2359 1344 3891 1427; baseline -0.001 -14"><span class='ocrx_word' id='word_1_356' title='bbox 2359 1348 2554 1414; x_wconf 80' lang='lat' dir='ltr'><strong>lucem</strong></span> <span class='ocrx_word' id='word_1_357' title='bbox 2589 1365 2633 1413; x_wconf 84' lang='lat' dir='ltr'><strong>a</strong></span> <span class='ocrx_word' id='word_1_358' title='bbox 2667 1346 2942 1414; x_wconf 77' lang='lat' dir='ltr'><strong>tenebris</strong></span> <span class='ocrx_word' id='word_1_359' title='bbox 2981 1367 3005 1409; x_wconf 90' lang='grc'><strong>.·</strong></span> <span class='ocrx_word' id='word_1_360' title='bbox 3042 1363 3201 1427; x_wconf 87' lang='lat' dir='ltr'><strong>ergo</strong></span> <span class='ocrx_word' id='word_1_361' title='bbox 3253 1344 3451 1407; x_wconf 87' lang='lat' dir='ltr'><strong>simul</strong></span> <span class='ocrx_word' id='word_1_362' title='bbox 3488 1346 3751 1410; x_wconf 85' lang='lat' dir='ltr'><strong>suerunt</strong></span> <span class='ocrx_word' id='word_1_363' title='bbox 3787 1348 3891 1413; x_wconf 78' lang='lat' dir='ltr'><strong>lux</strong></span> 
     </span>
     <span class='ocr_line' id='line_1_55' title="bbox 2358 1456 3897 1524; baseline -0.001 0"><span class='ocrx_word' id='word_1_364' title='bbox 2358 1463 2422 1524; x_wconf 88' lang='lat' dir='ltr'><strong>et</strong></span> <span class='ocrx_word' id='word_1_365' title='bbox 2460 1459 2738 1524; x_wconf 84' lang='lat' dir='ltr'><strong>tenebrae</strong></span> <span class='ocrx_word' id='word_1_366' title='bbox 2768 1481 2784 1522; x_wconf 90' lang='lat'>:</span> <span class='ocrx_word' id='word_1_367' title='bbox 2823 1458 2934 1522; x_wconf 90' lang='lat' dir='ltr'><strong>sed</strong></span> <span class='ocrx_word' id='word_1_368' title='bbox 2985 1458 3039 1521; x_wconf 89' lang='lat' dir='ltr'><strong>si</strong></span> <span class='ocrx_word' id='word_1_369' title='bbox 3069 1457 3187 1521; x_wconf 83' lang='lat' dir='ltr'><strong>lux</strong></span> <span class='ocrx_word' id='word_1_370' title='bbox 3230 1456 3337 1519; x_wconf 86' lang='lat' dir='ltr'><strong>illa</strong></span> <span class='ocrx_word' id='word_1_371' title='bbox 3370 1457 3603 1520; x_wconf 85' lang='lat' dir='ltr'><strong>faceret</strong></span> <span class='ocrx_word' id='word_1_372' title='bbox 3646 1457 3815 1522; x_wconf 90' lang='lat' dir='ltr'><strong>diem</strong></span> <span class='ocrx_word' id='word_1_373' title='bbox 3840 1464 3897 1522; x_wconf 88' lang='lat' dir='ltr'><strong>et</strong></span> 
     </span>
     <span class='ocr_line' id='line_1_56' title="bbox 2355 1563 3896 1650; baseline -0.001 -18"><span class='ocrx_word' id='word_1_374' title='bbox 2355 1572 2611 1632; x_wconf 91' lang='lat' dir='ltr'><strong>noctem</strong></span> <span class='ocrx_word' id='word_1_375' title='bbox 2688 1585 2803 1650; x_wconf 87' lang='lat' dir='ltr'><strong>per</strong></span> <span class='ocrx_word' id='word_1_376' title='bbox 2859 1563 3266 1631; x_wconf 84' lang='lat' dir='ltr'><strong>emissionem</strong></span> <span class='ocrx_word' id='word_1_377' title='bbox 3325 1568 3389 1628; x_wconf 90' lang='lat' dir='ltr'><strong>et</strong></span> <span class='ocrx_word' id='word_1_378' title='bbox 3460 1566 3896 1630; x_wconf 86' lang='lat' dir='ltr'><strong>retractionem</strong></span> 
     </span>
     <span class='ocr_line' id='line_1_57' title="bbox 2359 1671 3899 1754; baseline -0.002 -16"><span class='ocrx_word' id='word_1_379' title='bbox 2359 1673 2689 1738; x_wconf 89' lang='lat' dir='ltr'><strong>radiorum</strong></span> <span class='ocrx_word' id='word_1_380' title='bbox 2712 1722 2731 1754; x_wconf 94' lang='lat'><strong>,</strong></span> <span class='ocrx_word' id='word_1_381' title='bbox 2787 1692 2936 1738; x_wconf 89' lang='lat' dir='ltr'><strong>cum</strong></span> <span class='ocrx_word' id='word_1_382' title='bbox 2976 1691 3110 1737; x_wconf 88' lang='lat' dir='ltr'><strong>non</strong></span> <span class='ocrx_word' id='word_1_383' title='bbox 3160 1671 3241 1735; x_wconf 91' lang='lat' dir='ltr'><strong>sit</strong></span> <span class='ocrx_word' id='word_1_384' title='bbox 3287 1671 3484 1734; x_wconf 90' lang='lat' dir='ltr'><strong>simul</strong></span> <span class='ocrx_word' id='word_1_385' title='bbox 3537 1672 3795 1737; x_wconf 77' lang='lat' dir='ltr'><strong>emissio</strong></span> <span class='ocrx_word' id='word_1_386' title='bbox 3842 1688 3899 1735; x_wconf 85' lang='lat' dir='ltr'><strong>et</strong></span> 
     </span>
     <span class='ocr_line' id='line_1_58' title="bbox 2357 1778 3894 1861; baseline -0.001 -16"><span class='ocrx_word' id='word_1_387' title='bbox 2357 1782 2676 1861; x_wconf 87' lang='lat' dir='ltr'><strong>retractio,</strong></span> <span class='ocrx_word' id='word_1_388' title='bbox 2716 1800 2848 1846; x_wconf 89' lang='lat' dir='ltr'><strong>non</strong></span> <span class='ocrx_word' id='word_1_389' title='bbox 2888 1785 3051 1846; x_wconf 90' lang='lat' dir='ltr'><strong>esset</strong></span> <span class='ocrx_word' id='word_1_390' title='bbox 3088 1778 3284 1843; x_wconf 89' lang='lat' dir='ltr'><strong>simul</strong></span> <span class='ocrx_word' id='word_1_391' title='bbox 3314 1778 3477 1842; x_wconf 90' lang='lat' dir='ltr'><strong>lucis</strong></span> <span class='ocrx_word' id='word_1_392' title='bbox 3499 1782 3564 1843; x_wconf 89' lang='lat' dir='ltr'><strong>et</strong></span> <span class='ocrx_word' id='word_1_393' title='bbox 3601 1780 3894 1844; x_wconf 86' lang='lat' dir='ltr'><strong>tenebra-</strong></span> 
     </span>
     <span class='ocr_line' id='line_1_59' title="bbox 2358 1889 2785 1955; baseline -0.005 -1"><span class='ocrx_word' id='word_1_394' title='bbox 2358 1908 2510 1954; x_wconf 91' lang='lat' dir='ltr'><strong>rum</strong></span> <span class='ocrx_word' id='word_1_395' title='bbox 2535 1889 2785 1955; x_wconf 84' lang='lat' dir='ltr'><strong>divisio.</strong></span> 
     </span>
    </p>

    <p class='ocr_par' dir='ltr' id='par_1_16' title="bbox 2357 1993 3901 2615">
     <span class='ocr_line' id='line_1_60' title="bbox 2439 1993 3899 2080; baseline -0.002 -19"><span class='ocrx_word' id='word_1_396' title='bbox 2439 1995 2598 2061; x_wconf 89' lang='lat' dir='ltr'><strong>Item</strong></span> <span class='ocrx_word' id='word_1_397' title='bbox 2615 1996 2942 2080; x_wconf 88' lang='lat' dir='ltr'><strong>Scriptura</strong></span> <span class='ocrx_word' id='word_1_398' title='bbox 2960 1995 3133 2074; x_wconf 87' lang='lat' dir='ltr'><strong>dicit,</strong></span> <span class='ocrx_word' id='word_1_399' title='bbox 3155 1993 3325 2077; x_wconf 87' lang='lat' dir='ltr'><strong>quod</strong></span> <span class='ocrx_word' id='word_1_400' title='bbox 3338 1994 3455 2060; x_wconf 83' lang='lat' dir='ltr'><strong>lux</strong></span> <span class='ocrx_word' id='word_1_401' title='bbox 3465 1994 3598 2072; x_wconf 89' lang='lat' dir='ltr'><strong>illa,</strong></span> <span class='ocrx_word' id='word_1_402' title='bbox 3622 1993 3899 2058; x_wconf 85' lang='lat' dir='ltr'><strong>faciendo</strong></span> 
     </span>
     <span class='ocr_line' id='line_1_61' title="bbox 2357 2102 3901 2188; baseline -0.003 -18"><span class='ocrx_word' id='word_1_403' title='bbox 2357 2105 2527 2171; x_wconf 87' lang='lat' dir='ltr'><strong>diem</strong></span> <span class='ocrx_word' id='word_1_404' title='bbox 2546 2153 2564 2183; x_wconf 92' lang='lat'><strong>,</strong></span> <span class='ocrx_word' id='word_1_405' title='bbox 2594 2105 2860 2171; x_wconf 84' lang='lat' dir='ltr'><strong>faciebat</strong></span> <span class='ocrx_word' id='word_1_406' title='bbox 2887 2121 3150 2188; x_wconf 84' lang='lat' dir='ltr'><strong>vespere</strong></span> <span class='ocrx_word' id='word_1_407' title='bbox 3184 2107 3246 2167; x_wconf 92' lang='lat' dir='ltr'><strong>et</strong></span> <span class='ocrx_word' id='word_1_408' title='bbox 3273 2120 3463 2167; x_wconf 90' lang='lat' dir='ltr'><strong>mane</strong></span> <span class='ocrx_word' id='word_1_409' title='bbox 3496 2126 3511 2167; x_wconf 75' lang='grc' dir='ltr'>ε</span> <span class='ocrx_word' id='word_1_410' title='bbox 3542 2104 3659 2168; x_wconf 89' lang='lat' dir='ltr'><strong>sed</strong></span> <span class='ocrx_word' id='word_1_411' title='bbox 3698 2103 3753 2166; x_wconf 89' lang='lat' dir='ltr'><strong>si</strong></span> <span class='ocrx_word' id='word_1_412' title='bbox 3779 2102 3901 2167; x_wconf 82' lang='lat' dir='ltr'><strong>sola</strong></span> 
     </span>
     <span class='ocr_line' id='line_1_62' title="bbox 2358 2209 3900 2287; baseline -0.003 -10"><span class='ocrx_word' id='word_1_413' title='bbox 2358 2214 2686 2278; x_wconf 87' lang='lat' dir='ltr'><strong>radiorum</strong></span> <span class='ocrx_word' id='word_1_414' title='bbox 2712 2212 3049 2277; x_wconf 87' lang='lat' dir='ltr'><strong>emissione</strong></span> <span class='ocrx_word' id='word_1_415' title='bbox 3076 2212 3256 2275; x_wconf 83' lang='lat' dir='ltr'><strong>fleret</strong></span> <span class='ocrx_word' id='word_1_416' title='bbox 3293 2209 3455 2287; x_wconf 77' lang='lat' dir='ltr'><strong>dieS,</strong></span> <span class='ocrx_word' id='word_1_417' title='bbox 3487 2214 3550 2273; x_wconf 89' lang='lat' dir='ltr'><strong>et</strong></span> <span class='ocrx_word' id='word_1_418' title='bbox 3576 2209 3714 2273; x_wconf 87' lang='lat' dir='ltr'><strong>sola</strong></span> <span class='ocrx_word' id='word_1_419' title='bbox 3748 2227 3900 2273; x_wconf 88' lang='lat' dir='ltr'><strong>con-</strong></span> 
     </span>
     <span class='ocr_line' id='line_1_63' title="bbox 2358 2321 3900 2401; baseline -0.002 -18"><span class='ocrx_word' id='word_1_420' title='bbox 2358 2321 2663 2385; x_wconf 86' lang='lat' dir='ltr'><strong>tractione</strong></span> <span class='ocrx_word' id='word_1_421' title='bbox 2686 2322 2868 2385; x_wconf 81' lang='lat' dir='ltr'><strong>fleret</strong></span> <span class='ocrx_word' id='word_1_422' title='bbox 2900 2338 3054 2401; x_wconf 85' lang='lat' dir='ltr'><strong>nox,</strong></span> <span class='ocrx_word' id='word_1_423' title='bbox 3087 2337 3430 2401; x_wconf 86' lang='lat' dir='ltr'><strong>nunquam</strong></span> <span class='ocrx_word' id='word_1_424' title='bbox 3459 2321 3624 2382; x_wconf 85' lang='lat' dir='ltr'><strong>esset</strong></span> <span class='ocrx_word' id='word_1_425' title='bbox 3652 2335 3900 2400; x_wconf 88' lang='lat' dir='ltr'><strong>vespere</strong></span> 
     </span>
     <span class='ocr_line' id='line_1_64' title="bbox 2361 2423 3901 2510; baseline -0.004 -18"><span class='ocrx_word' id='word_1_426' title='bbox 2361 2433 2424 2492; x_wconf 92' lang='lat' dir='ltr'><strong>et</strong></span> <span class='ocrx_word' id='word_1_427' title='bbox 2452 2447 2643 2493; x_wconf 86' lang='lat' dir='ltr'><strong>mane</strong></span> <span class='ocrx_word' id='word_1_428' title='bbox 2662 2477 2681 2509; x_wconf 90' lang='lat'><strong>,</strong></span> <span class='ocrx_word' id='word_1_429' title='bbox 2712 2430 2822 2493; x_wconf 90' lang='lat' dir='ltr'><strong>sed</strong></span> <span class='ocrx_word' id='word_1_430' title='bbox 2863 2445 3117 2510; x_wconf 89' lang='lat' dir='ltr'><strong>semper</strong></span> <span class='ocrx_word' id='word_1_431' title='bbox 3158 2428 3321 2488; x_wconf 89' lang='lat' dir='ltr'><strong>esset</strong></span> <span class='ocrx_word' id='word_1_432' title='bbox 3358 2424 3569 2488; x_wconf 87' lang='lat' dir='ltr'><strong>clarus</strong></span> <span class='ocrx_word' id='word_1_433' title='bbox 3594 2425 3734 2488; x_wconf 88' lang='lat' dir='ltr'><strong>dies</strong></span> <span class='ocrx_word' id='word_1_434' title='bbox 3754 2472 3771 2502; x_wconf 95' lang='lat'><strong>,</strong></span> <span class='ocrx_word' id='word_1_435' title='bbox 3803 2423 3901 2488; x_wconf 90' lang='lat' dir='ltr'><strong>vel</strong></span> 
     </span>
     <span class='ocr_line' id='line_1_65' title="bbox 2363 2529 3901 2615; baseline -0.005 -15"><span class='ocrx_word' id='word_1_436' title='bbox 2363 2535 2636 2600; x_wconf 90' lang='lat' dir='ltr'><strong>obscura</strong></span> <span class='ocrx_word' id='word_1_437' title='bbox 2660 2553 2796 2599; x_wconf 87' lang='lat' dir='ltr'><strong>nox</strong></span> <span class='ocrx_word' id='word_1_438' title='bbox 2826 2557 2841 2599; x_wconf 89' lang='lat'>:</span> <span class='ocrx_word' id='word_1_439' title='bbox 2886 2551 3045 2615; x_wconf 85' lang='lat' dir='ltr'><strong>ergo</strong></span> <span class='ocrx_word' id='word_1_440' title='bbox 3081 2532 3186 2594; x_wconf 89' lang='lat' dir='ltr'><strong>ille</strong></span> <span class='ocrx_word' id='word_1_441' title='bbox 3215 2530 3444 2594; x_wconf 90' lang='lat' dir='ltr'><strong>modus</strong></span> <span class='ocrx_word' id='word_1_442' title='bbox 3479 2529 3734 2594; x_wconf 88' lang='lat' dir='ltr'><strong>dicendi</strong></span> <span class='ocrx_word' id='word_1_443' title='bbox 3777 2547 3901 2593; x_wconf 87' lang='lat' dir='ltr'><strong>non</strong></span> 
     </span>
    </p>
   </div>
   <div class='ocr_carea' id='block_1_12' title="bbox 2361 2638 3905 2825">
    <p class='ocr_par' dir='ltr' id='par_1_17' title="bbox 2361 2638 3905 2825">
     <span class='ocr_line' id='line_1_66' title="bbox 2361 2638 3282 2725; baseline -0.005 -19"><span class='ocrx_word' id='word_1_444' title='bbox 2361 2642 2663 2725; x_wconf 86' lang='lat' dir='ltr'><strong>competit</strong></span> <span class='ocrx_word' id='word_1_445' title='bbox 2686 2658 2884 2705; x_wconf 82' lang='lat' dir='ltr'><strong>sacrae</strong></span> <span class='ocrx_word' id='word_1_446' title='bbox 2912 2638 3282 2720; x_wconf 84' lang='lat' dir='ltr'><strong>Scripturae.</strong></span> 
     </span>
     <span class='ocr_line' id='line_1_67' title="bbox 2442 2742 3905 2825; baseline -0.005 -13"><span class='ocrx_word' id='word_1_447' title='bbox 2442 2747 2602 2812; x_wconf 89' lang='lat' dir='ltr'><strong>Item</strong></span> <span class='ocrx_word' id='word_1_448' title='bbox 2635 2748 2944 2825; x_wconf 86' lang='lat' dir='ltr'><strong>emittere,</strong></span> <span class='ocrx_word' id='word_1_449' title='bbox 2983 2748 3046 2809; x_wconf 88' lang='lat' dir='ltr'><strong>et</strong></span> <span class='ocrx_word' id='word_1_450' title='bbox 3075 2743 3447 2808; x_wconf 87' lang='lat' dir='ltr'><strong>contrahere</strong></span> <span class='ocrx_word' id='word_1_451' title='bbox 3477 2742 3693 2806; x_wconf 88' lang='lat' dir='ltr'><strong>radios</strong></span> <span class='ocrx_word' id='word_1_452' title='bbox 3715 2790 3734 2822; x_wconf 92' lang='lat'><strong>,</strong></span> <span class='ocrx_word' id='word_1_453' title='bbox 3767 2744 3905 2805; x_wconf 88' lang='lat' dir='ltr'><strong>sunt</strong></span> 
     </span>
    </p>
   </div>
   <div class='ocr_carea' id='block_1_13' title="bbox 2361 2847 3905 3262">
    <p class='ocr_par' dir='ltr' id='par_1_18' title="bbox 2361 2847 3905 3262">
     <span class='ocr_line' id='line_1_68' title="bbox 2362 2847 3901 2938; baseline -0.006 -18"><span class='ocrx_word' id='word_1_454' title='bbox 2362 2854 2863 2938; x_wconf 88' lang='lat' dir='ltr'><strong>comparationes</strong></span> <span class='ocrx_word' id='word_1_455' title='bbox 2904 2850 3211 2934; x_wconf 82' lang='lat' dir='ltr'><strong>oppositae</strong></span> <span class='ocrx_word' id='word_1_456' title='bbox 3270 2872 3285 2913; x_wconf 88' lang='lat'>:</span> <span class='ocrx_word' id='word_1_457' title='bbox 3343 2867 3501 2930; x_wconf 84' lang='lat' dir='ltr'><strong>ergo</strong></span> <span class='ocrx_word' id='word_1_458' title='bbox 3554 2867 3712 2912; x_wconf 90' lang='lat' dir='ltr'><strong>cum</strong></span> <span class='ocrx_word' id='word_1_459' title='bbox 3766 2847 3901 2912; x_wconf 82' lang='lat' dir='ltr'><strong>solae</strong></span> 
     </span>
     <span class='ocr_line' id='line_1_69' title="bbox 2362 2955 3905 3047; baseline -0.006 -18"><span class='ocrx_word' id='word_1_460' title='bbox 2362 2966 2699 3047; x_wconf 85' lang='lat' dir='ltr'><strong>potestates</strong></span> <span class='ocrx_word' id='word_1_461' title='bbox 2724 2960 3069 3026; x_wconf 89' lang='lat' dir='ltr'><strong>rationales</strong></span> <span class='ocrx_word' id='word_1_462' title='bbox 3100 2958 3229 3021; x_wconf 89' lang='lat' dir='ltr'><strong>sint</strong></span> <span class='ocrx_word' id='word_1_463' title='bbox 3258 2957 3339 3022; x_wconf 87' lang='lat' dir='ltr'><strong>ad</strong></span> <span class='ocrx_word' id='word_1_464' title='bbox 3379 2956 3695 3040; x_wconf 89' lang='lat' dir='ltr'><strong>opposita,</strong></span> <span class='ocrx_word' id='word_1_465' title='bbox 3733 2955 3905 3020; x_wconf 88' lang='lat' dir='ltr'><strong>vide-</strong></span> 
     </span>
     <span class='ocr_line' id='line_1_70' title="bbox 2361 3063 3897 3156; baseline -0.005 -21"><span class='ocrx_word' id='word_1_466' title='bbox 2361 3075 2474 3136; x_wconf 89' lang='lat' dir='ltr'><strong>tur</strong></span> <span class='ocrx_word' id='word_1_467' title='bbox 2497 3072 2671 3156; x_wconf 87' lang='lat' dir='ltr'><strong>quod</strong></span> <span class='ocrx_word' id='word_1_468' title='bbox 2694 3069 2811 3135; x_wconf 86' lang='lat' dir='ltr'><strong>lux</strong></span> <span class='ocrx_word' id='word_1_469' title='bbox 2832 3068 2943 3134; x_wconf 88' lang='lat' dir='ltr'><strong>illa</strong></span> <span class='ocrx_word' id='word_1_470' title='bbox 2968 3070 3130 3132; x_wconf 87' lang='lat' dir='ltr'><strong>esset</strong></span> <span class='ocrx_word' id='word_1_471' title='bbox 3155 3064 3483 3130; x_wconf 83' lang='lat' dir='ltr'><strong>rationalis</strong></span> <span class='ocrx_word' id='word_1_472' title='bbox 3506 3063 3897 3129; x_wconf 86' lang='lat' dir='ltr'><strong>substantia:</strong></span> 
     </span>
     <span class='ocr_line' id='line_1_71' title="bbox 2363 3172 3897 3262; baseline -0.006 -18"><span class='ocrx_word' id='word_1_473' title='bbox 2363 3180 2418 3243; x_wconf 88' lang='lat' dir='ltr'><strong>si</strong></span> <span class='ocrx_word' id='word_1_474' title='bbox 2443 3197 2604 3262; x_wconf 79' lang='lat' dir='ltr'><strong>ergo</strong></span> <span class='ocrx_word' id='word_1_475' title='bbox 2645 3180 2768 3244; x_wconf 89' lang='lat' dir='ltr'><strong>hoc</strong></span> <span class='ocrx_word' id='word_1_476' title='bbox 2810 3181 2904 3242; x_wconf 68' lang='lat' dir='ltr'><strong>oet</strong></span> <span class='ocrx_word' id='word_1_477' title='bbox 2941 3174 3293 3240; x_wconf 79' lang='lat' dir='ltr'><strong>absurdum</strong></span> <span class='ocrx_word' id='word_1_478' title='bbox 3327 3172 3534 3237; x_wconf 86' lang='lat' dir='ltr'><strong>dicere</strong></span> <span class='ocrx_word' id='word_1_479' title='bbox 3554 3220 3573 3251; x_wconf 98' lang='lat'><strong>,</strong></span> <span class='ocrx_word' id='word_1_480' title='bbox 3622 3172 3897 3250; x_wconf 88' lang='lat' dir='ltr'><strong>videtur,</strong></span> 
     </span>
    </p>
   </div>
   <div class='ocr_carea' id='block_1_14' title="bbox 2365 3289 3907 3475">
    <p class='ocr_par' dir='ltr' id='par_1_19' title="bbox 2365 3289 3907 3475">
     <span class='ocr_line' id='line_1_72' title="bbox 2365 3289 3907 3475; baseline -0.004 -20"><span class='ocrx_word' id='word_1_481' title='bbox 2365 3289 2632 3470; x_wconf 61' lang='lat' dir='ltr'><strong>etcltem,</strong></span> <span class='ocrx_word' id='word_1_482' title='bbox 2675 3391 2847 3475; x_wconf 88' lang='lat' dir='ltr'><strong>quod</strong></span> <span class='ocrx_word' id='word_1_483' title='bbox 2893 3388 3010 3452; x_wconf 83' lang='lat' dir='ltr'><strong>lux</strong></span> <span class='ocrx_word' id='word_1_484' title='bbox 3046 3387 3405 3466; x_wconf 89' lang='lat' dir='ltr'><strong>illuminet,</strong></span> <span class='ocrx_word' id='word_1_485' title='bbox 3434 3385 3553 3449; x_wconf 88' lang='lat' dir='ltr'><strong>iste</strong></span> <span class='ocrx_word' id='word_1_486' title='bbox 3596 3388 3699 3449; x_wconf 62' lang='lat' dir='ltr'><strong>est</strong></span> <span class='ocrx_word' id='word_1_487' title='bbox 3739 3388 3907 3449; x_wconf 85' lang='lat' dir='ltr'><strong>actus</strong></span> 
     </span>
    </p>
   </div>
   <div class='ocr_carea' id='block_1_15' title="bbox 2369 3492 3913 4014">
    <p class='ocr_par' dir='ltr' id='par_1_20' title="bbox 2369 3492 3913 4014">
     <span class='ocr_line' id='line_1_73' title="bbox 2370 3492 3909 3575; baseline -0.004 -13"><span class='ocrx_word' id='word_1_488' title='bbox 2370 3499 2680 3564; x_wconf 89' lang='lat' dir='ltr'><strong>naturalis</strong></span> <span class='ocrx_word' id='word_1_489' title='bbox 2706 3503 2770 3562; x_wconf 91' lang='lat' dir='ltr'><strong>et</strong></span> <span class='ocrx_word' id='word_1_490' title='bbox 2793 3493 3192 3561; x_wconf 85' lang='lat' dir='ltr'><strong>necessarius</strong></span> <span class='ocrx_word' id='word_1_491' title='bbox 3233 3513 3251 3556; x_wconf 73' lang='grc' dir='ltr'><strong><em>ε</em></strong></span> <span class='ocrx_word' id='word_1_492' title='bbox 3290 3493 3346 3557; x_wconf 88' lang='lat' dir='ltr'><strong>si</strong></span> <span class='ocrx_word' id='word_1_493' title='bbox 3372 3511 3532 3575; x_wconf 79' lang='lat' dir='ltr'><strong>ergo</strong></span> <span class='ocrx_word' id='word_1_494' title='bbox 3560 3493 3748 3557; x_wconf 89' lang='lat' dir='ltr'><strong>nulla</strong></span> <span class='ocrx_word' id='word_1_495' title='bbox 3772 3492 3909 3556; x_wconf 88' lang='lat' dir='ltr'><strong>sub-</strong></span> 
     </span>
     <span class='ocr_line' id='line_1_74' title="bbox 2369 3599 3910 3690; baseline -0.005 -19"><span class='ocrx_word' id='word_1_496' title='bbox 2369 3608 2604 3670; x_wconf 87' lang='lat' dir='ltr'><strong>stantia</strong></span> <span class='ocrx_word' id='word_1_497' title='bbox 2618 3609 2822 3690; x_wconf 90' lang='lat' dir='ltr'><strong>potest</strong></span> <span class='ocrx_word' id='word_1_498' title='bbox 2848 3604 3124 3686; x_wconf 89' lang='lat' dir='ltr'><strong>seipsam</strong></span> <span class='ocrx_word' id='word_1_499' title='bbox 3147 3601 3401 3684; x_wconf 87' lang='lat' dir='ltr'><strong>privare</strong></span> <span class='ocrx_word' id='word_1_500' title='bbox 3427 3619 3547 3665; x_wconf 91' lang='lat' dir='ltr'><strong>sua</strong></span> <span class='ocrx_word' id='word_1_501' title='bbox 3564 3599 3910 3666; x_wconf 87' lang='lat' dir='ltr'><strong>necessaria</strong></span> 
     </span>
     <span class='ocr_line' id='line_1_75' title="bbox 2369 3708 3912 3795; baseline -0.006 -16"><span class='ocrx_word' id='word_1_502' title='bbox 2369 3718 2432 3779; x_wconf 91' lang='lat' dir='ltr'><strong>et</strong></span> <span class='ocrx_word' id='word_1_503' title='bbox 2455 3713 2733 3780; x_wconf 88' lang='lat' dir='ltr'><strong>naturali</strong></span> <span class='ocrx_word' id='word_1_504' title='bbox 2763 3712 3156 3795; x_wconf 83' lang='lat' dir='ltr'><strong>operatione,</strong></span> <span class='ocrx_word' id='word_1_505' title='bbox 3177 3710 3430 3775; x_wconf 87' lang='lat' dir='ltr'><strong>videtur</strong></span> <span class='ocrx_word' id='word_1_506' title='bbox 3441 3709 3615 3791; x_wconf 87' lang='lat' dir='ltr'><strong>quod</strong></span> <span class='ocrx_word' id='word_1_507' title='bbox 3627 3709 3774 3789; x_wconf 84' lang='lat' dir='ltr'><strong>lux,</strong></span> <span class='ocrx_word' id='word_1_508' title='bbox 3804 3708 3912 3772; x_wconf 90' lang='lat' dir='ltr'><strong>ubi</strong></span> 
     </span>
     <span class='ocr_line' id='line_1_76' title="bbox 2370 3818 3913 3904; baseline -0.006 -17"><span class='ocrx_word' id='word_1_509' title='bbox 2370 3826 2528 3903; x_wconf 83' lang='lat' dir='ltr'><strong>erat,</strong></span> <span class='ocrx_word' id='word_1_510' title='bbox 2565 3840 2696 3887; x_wconf 89' lang='lat' dir='ltr'><strong>non</strong></span> <span class='ocrx_word' id='word_1_511' title='bbox 2727 3823 2970 3904; x_wconf 87' lang='lat' dir='ltr'><strong>poterat</strong></span> <span class='ocrx_word' id='word_1_512' title='bbox 2990 3837 3127 3883; x_wconf 89' lang='lat' dir='ltr'><strong>non</strong></span> <span class='ocrx_word' id='word_1_513' title='bbox 3157 3818 3524 3883; x_wconf 89' lang='lat' dir='ltr'><strong>illuminare</strong></span> <span class='ocrx_word' id='word_1_514' title='bbox 3553 3839 3570 3882; x_wconf 70' lang='grc' dir='ltr'>ε</span> <span class='ocrx_word' id='word_1_515' title='bbox 3603 3835 3769 3901; x_wconf 81' lang='lat' dir='ltr'><strong>ergo</strong></span> <span class='ocrx_word' id='word_1_516' title='bbox 3792 3833 3913 3881; x_wconf 90' lang='lat' dir='ltr'><strong>non</strong></span> 
     </span>
     <span class='ocr_line' id='line_1_77' title="bbox 2370 3925 3455 4014; baseline -0.005 -19"><span class='ocrx_word' id='word_1_517' title='bbox 2370 3932 2616 4014; x_wconf 87' lang='lat' dir='ltr'><strong>poterat</strong></span> <span class='ocrx_word' id='word_1_518' title='bbox 2640 3928 2852 3994; x_wconf 90' lang='lat' dir='ltr'><strong>radios</strong></span> <span class='ocrx_word' id='word_1_519' title='bbox 2876 3944 3028 3991; x_wconf 89' lang='lat' dir='ltr'><strong>suos</strong></span> <span class='ocrx_word' id='word_1_520' title='bbox 3053 3925 3455 3990; x_wconf 87' lang='lat' dir='ltr'><strong>contrahere.</strong></span> 
     </span>
    </p>
   </div>
   <div class='ocr_carea' id='block_1_16' title="bbox 2454 4031 4083 4115">
    <p class='ocr_par' dir='ltr' id='par_1_21' title="bbox 2454 4031 4083 4115">
     <span class='ocr_line' id='line_1_78' title="bbox 2454 4031 4083 4115; baseline -0.002 -12"><span class='ocrx_word' id='word_1_521' title='bbox 2454 4037 2684 4103; x_wconf 90' lang='lat' dir='ltr'><strong>Contra</strong></span> <span class='ocrx_word' id='word_1_522' title='bbox 2700 4034 3056 4100; x_wconf 90' lang='lat' dir='ltr'><strong>secundum</strong></span> <span class='ocrx_word' id='word_1_523' title='bbox 3073 4033 3341 4098; x_wconf 91' lang='lat' dir='ltr'><strong>modum</strong></span> <span class='ocrx_word' id='word_1_524' title='bbox 3354 4031 3663 4115; x_wconf 76' lang='lat' dir='ltr'><strong>obiicitur</strong></span> <span class='ocrx_word' id='word_1_525' title='bbox 3686 4032 3779 4096; x_wconf 88' lang='lat' dir='ltr'><strong>sic</strong></span> <span class='ocrx_word' id='word_1_526' title='bbox 3810 4049 3828 4096; x_wconf 72' lang='lat' dir='ltr'><em>z</em></span> <span class='ocrx_word' id='word_1_527' title='bbox 3856 4036 3910 4094; x_wconf 77' lang='lat'><strong>1.</strong></span> <span class='ocrx_word' id='word_1_528' title='bbox 3939 4054 3993 4100; x_wconf 78' lang='lat' dir='ltr'><strong>u</strong></span> <span class='ocrx_word' id='word_1_529' title='bbox 4014 4062 4083 4107; x_wconf 59' lang='lat' dir='ltr'><strong>m</strong></span> 
     </span>
    </p>
   </div>
   <div class='ocr_carea' id='block_1_17' title="bbox 2372 4137 3917 4856">
    <p class='ocr_par' dir='ltr' id='par_1_22' title="bbox 2372 4137 3917 4856">
     <span class='ocr_line' id='line_1_79' title="bbox 2372 4137 3915 4226; baseline -0.006 -17"><span class='ocrx_word' id='word_1_530' title='bbox 2372 4144 2471 4209; x_wconf 85' lang='lat' dir='ltr'><strong>Ad</strong></span> <span class='ocrx_word' id='word_1_531' title='bbox 2514 4144 2638 4208; x_wconf 89' lang='lat' dir='ltr'><strong>hoc</strong></span> <span class='ocrx_word' id='word_1_532' title='bbox 2683 4143 2854 4226; x_wconf 84' lang='lat' dir='ltr'><strong>quod</strong></span> <span class='ocrx_word' id='word_1_533' title='bbox 2898 4143 3011 4207; x_wconf 88' lang='lat' dir='ltr'><strong>fiat</strong></span> <span class='ocrx_word' id='word_1_534' title='bbox 3048 4144 3266 4205; x_wconf 88' lang='lat' dir='ltr'><strong>motus</strong></span> <span class='ocrx_word' id='word_1_535' title='bbox 3307 4139 3583 4220; x_wconf 65' lang='lat' dir='ltr'><strong>alicuius</strong></span> <span class='ocrx_word' id='word_1_536' title='bbox 3637 4137 3915 4221; x_wconf 88' lang='lat' dir='ltr'><strong>corporis</strong></span> 
     </span>
     <span class='ocr_line' id='line_1_80' title="bbox 2372 4246 3913 4333; baseline -0.005 -17"><span class='ocrx_word' id='word_1_537' title='bbox 2372 4251 2690 4333; x_wconf 81' lang='lat' dir='ltr'><strong>regularis</strong></span> <span class='ocrx_word' id='word_1_538' title='bbox 2708 4254 2774 4315; x_wconf 88' lang='lat' dir='ltr'><strong>et</strong></span> <span class='ocrx_word' id='word_1_539' title='bbox 2792 4248 3150 4328; x_wconf 76' lang='lat' dir='ltr'><strong>uniformiS,</strong></span> <span class='ocrx_word' id='word_1_540' title='bbox 3178 4265 3313 4312; x_wconf 87' lang='lat' dir='ltr'><strong>non</strong></span> <span class='ocrx_word' id='word_1_541' title='bbox 3329 4246 3540 4310; x_wconf 91' lang='lat' dir='ltr'><strong>solum</strong></span> <span class='ocrx_word' id='word_1_542' title='bbox 3566 4246 3913 4328; x_wconf 81' lang='lat' dir='ltr'><strong>requiritur</strong></span> 
     </span>
     <span class='ocr_line' id='line_1_81' title="bbox 2373 4351 3916 4436; baseline -0.007 -13"><span class='ocrx_word' id='word_1_543' title='bbox 2373 4359 2583 4424; x_wconf 89' lang='lat' dir='ltr'><strong>virtus</strong></span> <span class='ocrx_word' id='word_1_544' title='bbox 2610 4357 2895 4436; x_wconf 79' lang='lat' dir='ltr'><strong>motoriS,</strong></span> <span class='ocrx_word' id='word_1_545' title='bbox 2920 4354 3031 4420; x_wconf 90' lang='lat' dir='ltr'><strong>sed</strong></span> <span class='ocrx_word' id='word_1_546' title='bbox 3058 4355 3253 4420; x_wconf 90' lang='lat' dir='ltr'><strong>etiam</strong></span> <span class='ocrx_word' id='word_1_547' title='bbox 3281 4371 3571 4436; x_wconf 84' lang='lat' dir='ltr'><strong>congrua</strong></span> <span class='ocrx_word' id='word_1_548' title='bbox 3597 4351 3916 4435; x_wconf 86' lang='lat' dir='ltr'><strong>dispositio</strong></span> 
     </span>
     <span class='ocr_line' id='line_1_82' title="bbox 2376 4461 3917 4552; baseline -0.005 -18"><span class='ocrx_word' id='word_1_549' title='bbox 2376 4487 2460 4534; x_wconf 84' lang='lat' dir='ltr'><strong>ex</strong></span> <span class='ocrx_word' id='word_1_550' title='bbox 2487 4472 2665 4552; x_wconf 89' lang='lat' dir='ltr'><strong>parte</strong></span> <span class='ocrx_word' id='word_1_551' title='bbox 2694 4466 2965 4543; x_wconf 78' lang='lat' dir='ltr'><strong>mobiliS,</strong></span> <span class='ocrx_word' id='word_1_552' title='bbox 2987 4469 3052 4530; x_wconf 92' lang='lat' dir='ltr'><strong>et</strong></span> <span class='ocrx_word' id='word_1_553' title='bbox 3079 4483 3162 4529; x_wconf 82' lang='lat' dir='ltr'><strong>ex</strong></span> <span class='ocrx_word' id='word_1_554' title='bbox 3186 4468 3364 4547; x_wconf 86' lang='lat' dir='ltr'><strong>parte</strong></span> <span class='ocrx_word' id='word_1_555' title='bbox 3390 4464 3575 4547; x_wconf 86' lang='lat' dir='ltr'><strong>spatii</strong></span> <span class='ocrx_word' id='word_1_556' title='bbox 3609 4485 3625 4528; x_wconf 70' lang='grc' dir='ltr'>ι</span> <span class='ocrx_word' id='word_1_557' title='bbox 3657 4481 3841 4545; x_wconf 84' lang='lat' dir='ltr'><strong>ergo,</strong></span> <span class='ocrx_word' id='word_1_558' title='bbox 3868 4461 3917 4523; x_wconf 89' lang='lat' dir='ltr'><strong>si</strong></span> 
     </span>
     <span class='ocr_line' id='line_1_83' title="bbox 2376 4569 3915 4652; baseline -0.004 -11"><span class='ocrx_word' id='word_1_559' title='bbox 2376 4577 2585 4642; x_wconf 89' lang='lat' dir='ltr'><strong>adhuc</strong></span> <span class='ocrx_word' id='word_1_560' title='bbox 2621 4594 2754 4640; x_wconf 89' lang='lat' dir='ltr'><strong>non</strong></span> <span class='ocrx_word' id='word_1_561' title='bbox 2778 4579 2915 4639; x_wconf 88' lang='lat' dir='ltr'><strong>erat</strong></span> <span class='ocrx_word' id='word_1_562' title='bbox 2940 4575 3104 4637; x_wconf 83' lang='lat' dir='ltr'><strong>facta</strong></span> <span class='ocrx_word' id='word_1_563' title='bbox 3141 4572 3397 4636; x_wconf 89' lang='lat' dir='ltr'><strong>orbium</strong></span> <span class='ocrx_word' id='word_1_564' title='bbox 3429 4571 3777 4652; x_wconf 86' lang='lat' dir='ltr'><strong>distinctio,</strong></span> <span class='ocrx_word' id='word_1_565' title='bbox 3822 4569 3915 4635; x_wconf 86' lang='lat' dir='ltr'><strong>vi·</strong></span> 
     </span>
     <span class='ocr_line' id='line_1_84' title="bbox 2376 4676 3917 4766; baseline -0.005 -18"><span class='ocrx_word' id='word_1_566' title='bbox 2376 4683 2563 4748; x_wconf 89' lang='lat' dir='ltr'><strong>detur</strong></span> <span class='ocrx_word' id='word_1_567' title='bbox 2587 4682 2763 4766; x_wconf 84' lang='lat' dir='ltr'><strong>quod</strong></span> <span class='ocrx_word' id='word_1_568' title='bbox 2787 4680 2967 4746; x_wconf 88' lang='lat' dir='ltr'><strong>nulla</strong></span> <span class='ocrx_word' id='word_1_569' title='bbox 2992 4682 3176 4745; x_wconf 86' lang='lat' dir='ltr'><strong>fieret</strong></span> <span class='ocrx_word' id='word_1_570' title='bbox 3198 4679 3396 4762; x_wconf 86' lang='lat' dir='ltr'><strong>hujus</strong></span> <span class='ocrx_word' id='word_1_571' title='bbox 3423 4676 3708 4761; x_wconf 87' lang='lat' dir='ltr'><strong>corporis</strong></span> <span class='ocrx_word' id='word_1_572' title='bbox 3737 4694 3917 4744; x_wconf 79' lang='lat' dir='ltr'><strong>revo-</strong></span> 
     </span>
     <span class='ocr_line' id='line_1_85' title="bbox 2378 4791 2565 4856; baseline 0 -1"><span class='ocrx_word' id='word_1_573' title='bbox 2378 4791 2565 4856; x_wconf 88' lang='lat' dir='ltr'><strong>lutio.</strong></span> 
     </span>
    </p>
   </div>
   <div class='ocr_carea' id='block_1_18' title="bbox 2377 4892 3919 5303">
    <p class='ocr_par' dir='ltr' id='par_1_23' title="bbox 2377 4892 3919 5303">
     <span class='ocr_line' id='line_1_86' title="bbox 2458 4892 3919 4975; baseline -0.005 -13"><span class='ocrx_word' id='word_1_574' title='bbox 2458 4903 2519 4963; x_wconf 74' lang='lat'><strong>2.</strong></span> <span class='ocrx_word' id='word_1_575' title='bbox 2564 4895 2725 4962; x_wconf 89' lang='lat' dir='ltr'><strong>Item</strong></span> <span class='ocrx_word' id='word_1_576' title='bbox 2772 4895 3038 4961; x_wconf 86' lang='lat' dir='ltr'><strong>materia</strong></span> <span class='ocrx_word' id='word_1_577' title='bbox 3077 4912 3159 4960; x_wconf 85' lang='lat' dir='ltr'><strong>ex</strong></span> <span class='ocrx_word' id='word_1_578' title='bbox 3185 4892 3363 4958; x_wconf 90' lang='lat' dir='ltr'><strong>omni</strong></span> <span class='ocrx_word' id='word_1_579' title='bbox 3413 4895 3592 4975; x_wconf 87' lang='lat' dir='ltr'><strong>parte</strong></span> <span class='ocrx_word' id='word_1_580' title='bbox 3628 4911 3754 4958; x_wconf 90' lang='lat' dir='ltr'><strong>sua</strong></span> <span class='ocrx_word' id='word_1_581' title='bbox 3794 4894 3919 4957; x_wconf 88' lang='lat' dir='ltr'><strong>erat</strong></span> 
     </span>
     <span class='ocr_line' id='line_1_87' title="bbox 2377 4997 3918 5083; baseline -0.006 -12"><span class='ocrx_word' id='word_1_582' title='bbox 2377 5003 2715 5071; x_wconf 81' lang='lat' dir='ltr'><strong>uniformis</strong></span> <span class='ocrx_word' id='word_1_583' title='bbox 2748 5025 2763 5066; x_wconf 71' lang='grc' dir='ltr'>ε</span> <span class='ocrx_word' id='word_1_584' title='bbox 2802 5003 2857 5066; x_wconf 88' lang='lat' dir='ltr'><strong>si</strong></span> <span class='ocrx_word' id='word_1_585' title='bbox 2900 5019 3058 5083; x_wconf 85' lang='lat' dir='ltr'><strong>ergo</strong></span> <span class='ocrx_word' id='word_1_586' title='bbox 3103 5004 3317 5063; x_wconf 90' lang='lat' dir='ltr'><strong>motus</strong></span> <span class='ocrx_word' id='word_1_587' title='bbox 3361 5002 3454 5062; x_wconf 90' lang='lat' dir='ltr'><strong>est</strong></span> <span class='ocrx_word' id='word_1_588' title='bbox 3492 5004 3755 5081; x_wconf 90' lang='lat' dir='ltr'><strong>propter</strong></span> <span class='ocrx_word' id='word_1_589' title='bbox 3804 4997 3918 5062; x_wconf 89' lang='lat' dir='ltr'><strong>ali·-</strong></span> 
     </span>
     <span class='ocr_line' id='line_1_88' title="bbox 2379 5108 3915 5196; baseline -0.004 -20"><span class='ocrx_word' id='word_1_590' title='bbox 2379 5130 2574 5196; x_wconf 85' lang='lat' dir='ltr'><strong>quam</strong></span> <span class='ocrx_word' id='word_1_591' title='bbox 2595 5111 3053 5191; x_wconf 83' lang='lat' dir='ltr'><strong>diversitatem,</strong></span> <span class='ocrx_word' id='word_1_592' title='bbox 3072 5108 3177 5175; x_wconf 87' lang='lat' dir='ltr'><strong>vel</strong></span> <span class='ocrx_word' id='word_1_593' title='bbox 3203 5109 3274 5172; x_wconf 91' lang='lat' dir='ltr'><strong>in</strong></span> <span class='ocrx_word' id='word_1_594' title='bbox 3300 5126 3377 5172; x_wconf 84' lang='lat' dir='ltr'><strong>eo</strong></span> <span class='ocrx_word' id='word_1_595' title='bbox 3399 5108 3572 5190; x_wconf 83' lang='lat' dir='ltr'><strong>quod</strong></span> <span class='ocrx_word' id='word_1_596' title='bbox 3600 5112 3915 5182; x_wconf 87' lang='lat' dir='ltr'><strong>movetur,</strong></span> 
     </span>
     <span class='ocr_line' id='line_1_89' title="bbox 2377 5214 3917 5303; baseline -0.008 -14"><span class='ocrx_word' id='word_1_597' title='bbox 2377 5220 2483 5289; x_wconf 82' lang='lat' dir='ltr'><strong>vel</strong></span> <span class='ocrx_word' id='word_1_598' title='bbox 2510 5220 2582 5284; x_wconf 91' lang='lat' dir='ltr'><strong>in</strong></span> <span class='ocrx_word' id='word_1_599' title='bbox 2606 5238 2683 5286; x_wconf 91' lang='lat' dir='ltr'><strong>eo</strong></span> <span class='ocrx_word' id='word_1_600' title='bbox 2716 5221 2885 5285; x_wconf 90' lang='lat' dir='ltr'><strong>cirea</strong></span> <span class='ocrx_word' id='word_1_601' title='bbox 2910 5218 3084 5303; x_wconf 81' lang='lat' dir='ltr'><strong>quod</strong></span> <span class='ocrx_word' id='word_1_602' title='bbox 3114 5220 3435 5297; x_wconf 87' lang='lat' dir='ltr'><strong>movetur,</strong></span> <span class='ocrx_word' id='word_1_603' title='bbox 3473 5216 3730 5282; x_wconf 84' lang='lat' dir='ltr'><strong>videtur</strong></span> <span class='ocrx_word' id='word_1_604' title='bbox 3754 5214 3917 5299; x_wconf 86' lang='lat' dir='ltr'><strong>quod</strong></span> 
     </span>
    </p>
   </div>
   <div class='ocr_carea' id='block_1_19' title="bbox 2378 5374 3918 5539">
    <p class='ocr_par' dir='ltr' id='par_1_24' title="bbox 2378 5374 3918 5539">
     <span class='ocr_line' id='line_1_90' title="bbox 2380 5374 3918 5446; baseline -0.005 -13"><span class='ocrx_word' id='word_1_605' title='bbox 2380 5381 2588 5445; x_wconf 68' lang='lat' dir='ltr'><strong>Brulet„</strong></span> <span class='ocrx_word' id='word_1_606' title='bbox 2611 5382 2655 5432; x_wconf 88' lang='lat' dir='ltr'><strong>ll</strong></span> <span class='ocrx_word' id='word_1_607' title='bbox 2678 5380 2839 5446; x_wconf 69' lang='lat' dir='ltr'><strong>sent„</strong></span> <span class='ocrx_word' id='word_1_608' title='bbox 2867 5381 2986 5432; x_wconf 84' lang='lat' dir='ltr'><strong>dist.</strong></span> <span class='ocrx_word' id='word_1_609' title='bbox 3005 5390 3122 5443; x_wconf 79' lang='lat'><strong>1111,</strong></span> <span class='ocrx_word' id='word_1_610' title='bbox 3152 5391 3205 5442; x_wconf 87' lang='lat' dir='ltr'><strong>q.</strong></span> <span class='ocrx_word' id='word_1_611' title='bbox 3226 5389 3284 5429; x_wconf 90' lang='lat'><strong>11.</strong></span> <span class='ocrx_word' id='word_1_612' title='bbox 3303 5402 3365 5415; x_wconf 91' lang='lat'>—</span> <span class='ocrx_word' id='word_1_613' title='bbox 3381 5377 3690 5442; x_wconf 67' lang='lat' dir='ltr'><strong>¹Damaso„</strong></span> <span class='ocrx_word' id='word_1_614' title='bbox 3708 5376 3772 5427; x_wconf 75' lang='lat' dir='ltr'><strong>de</strong></span> <span class='ocrx_word' id='word_1_615' title='bbox 3796 5374 3918 5428; x_wconf 68' lang='lat' dir='ltr'><strong>Fide</strong></span> 
     </span>
     <span class='ocr_line' id='line_1_91' title="bbox 2378 5449 3457 5539; baseline -0.005 -35"><span class='ocrx_word' id='word_1_616' title='bbox 2378 5453 2596 5539; x_wconf 66' lang='lat' dir='ltr'><strong>orthod„</strong></span> <span class='ocrx_word' id='word_1_617' title='bbox 2622 5452 2708 5507; x_wconf 86' lang='lat' dir='ltr'><strong>lib.</strong></span> <span class='ocrx_word' id='word_1_618' title='bbox 2731 5453 2806 5519; x_wconf 86' lang='lat'><strong>11,</strong></span> <span class='ocrx_word' id='word_1_619' title='bbox 2835 5468 2883 5504; x_wconf 93' lang='lat' dir='ltr'><strong>c.</strong></span> <span class='ocrx_word' id='word_1_620' title='bbox 2905 5449 3144 5515; x_wconf 55' lang='lat' dir='ltr'><strong>vta—(a)</strong></span> <span class='ocrx_word' id='word_1_621' title='bbox 3170 5449 3259 5501; x_wconf 74' lang='lat' dir='ltr'><strong>Al.</strong></span> <span class='ocrx_word' id='word_1_622' title='bbox 3286 5463 3457 5515; x_wconf 86' lang='lat' dir='ltr'><strong>super.</strong></span> 
     </span>
    </p>
   </div>
  </div>
 </body>
</html>
