4125 6225
1087 354 1280 420 DIST.
1318 353 1442 427 xl..
1487 349 1670 423 ΛΒΤ.
1715 349 1820 421 lv.
1865 350 2168 429 QUAEST.
2213 354 2261 418 Ι.

700 606 1063 687 QUAESTIO
1103 606 1155 673 I.

401 762 494 820 An
518 760 803 819 obduratio
826 764 903 819 sit
921 777 1107 836 pcena,
1133 761 1220 820 vel
1247 761 1410 834 eulpa
1428 760 1467 814 ¹.

93 938 215 984 rau.
288 921 430 1001 Quod
450 924 664 986 autem
690 919 1029 987 obduratio
1045 919 1128 984 sit
1152 937 1372 1002 poma,
1393 919 1484 985 sic
1501 921 1708 987 osten·

230 1031 480 1112 diturper
503 1027 659 1092 illud
679 1033 704 1068 ¹
739 1047 758 1092 :
788 1026 994 1110 Cw‘us
1024 1027 1164 1095 vult
1197 1029 1553 1108 miseretur,
1582 1033 1703 1095 etc.

233 1136 395 1203 Glossa
432 1134 780 1217 Augustini
806 1136 830 1172 ⁸
873 1157 890 1201 ε
937 1158 971 1197 ι
1009 1134 1356 1200 obduratio
1399 1137 1495 1200 est
1535 1135 1707 1201 nolle

228 1242 498 1309 misereri:
521 1265 551 1303 n
580 1242 690 1307 sed
709 1241 883 1307 nolle
908 1241 1195 1308 universi
1217 1260 1352 1308 non
1377 1246 1473 1307 est
1493 1242 1702 1326 culpa,

226 1351 304 1417 sed
319 1368 487 1433 poena
504 1368 524 1413 ε
543 1362 725 1431 erge,
744 1351 869 1415 etc.

281 1455 438 1535 item,
480 1455 714 1520 ibidem
749 1461 775 1496 ⁸
817 1478 834 1520 ι
887 1480 922 1517 α
966 1454 1299 1521 Miseretur
1348 1456 1707 1523 secundum

227 1564 449 1647 glatiem
489 1581 634 1646 quae
676 1563 883 1645 gratis
915 1564 1137 1643 datur;
1185 1564 1461 1630 obdurat
1490 1567 1709 1631 autem

227 1672 520 1737 secundum
535 1671 858 1755 judicium
881 1671 1058 1754 quod
1070 1671 1313 1737 meritis
1330 1672 1638 1738 redditur.
1672 1696 1705 1735 n

225 1776 316 1843 Sed
333 1782 554 1844 constat
574 1779 746 1863 quod
764 1796 900 1843 non
922 1779 1207 1844 redditur
1225 1779 1410 1845 bonis
1429 1780 1703 1846 meritis:

226 1901 344 1966 ergo
361 1884 534 1949 malis
559 1906 575 1950 ε
601 1885 713 1950 sed
736 1885 908 1968 quod
935 1885 1119 1950 malis
1135 1885 1382 1951 meritis
1396 1886 1706 1964 redditur,

224 1997 296 2057 est
313 2010 481 2074 poena
508 2014 526 2057 ε
557 2009 711 2074 ergo
736 1992 1077 2057 obduratio
1108 1996 1205 2058 est
1227 2011 1443 2076 poena.

288 2097 424 2163 Item
448 2098 564 2164 hoc
596 2100 814 2182 ipsum
858 2098 1113 2165 videtur
1151 2100 1431 2180 ratione;
1460 2100 1614 2184 quia
1640 2101 1710 2166 in

225 2205 322 2270 hoc
340 2206 533 2272 differt
553 2207 742 2290 culpa
767 2210 834 2271 et
849 2225 1068 2291 poena,
1098 2209 1254 2292 quia
1278 2208 1467 2292 culpa
1492 2213 1589 2275 est
1614 2210 1712 2274 af-

225 2315 371 2379 fectio
393 2315 773 2396 voluntaria,
802 2334 997 2400 poena
1019 2321 1117 2382 est
1139 2317 1390 2382 affectio
1408 2318 1713 2393 involun-

224 2423 353 2487 taria
382 2445 398 2489 ε
427 2424 526 2489 sed
552 2425 891 2490 obduratio
916 2425 1123 2489 cordis
1144 2430 1238 2491 est
1253 2425 1709 2507 involuntaria,-

225 2528 349 2610 quia
363 2530 564 2596 nullus
585 2530 728 2596 vult
753 2530 1179 2612 dehabilitari,
1203 2530 1340 2598 sive
1363 2532 1665 2597 obdurari
1691 2555 1708 2596 ε

398 2641 505 2702 etc.

226 2653 447 2822 affetu,
475 2744 632 2810 sicut
658 2762 728 2810 se
751 2743 947 2809 habet
972 2743 1313 2809 excaecatio
1330 2744 1409 2810 ad
1427 2744 1715 2811 intellec-

227 2854 367 2933 tum,
391 2853 473 2918 sic
501 2853 836 2919 obduratio
868 2853 951 2918 ad
977 2854 1275 2918 effectum
1308 2874 1325 2918 ε
1368 2853 1477 2918 sed
1505 2872 1712 2919 excae-

226 2959 357 3023 oetio
381 2960 516 3026 dicit
542 2977 832 3045 poenam,
855 2978 988 3025 non
1007 2959 1263 3044 culpam
1292 2979 1311 3025 ε
1339 2978 1499 3044 ergo
1524 2966 1588 3026 et
1604 2963 1714 3027 ob-

230 3065 452 3134 duratio.

89 3186 130 3229 u
145 3200 211 3246 qt
290 3173 486 3241 Contra
505 3196 523 3239 ι
545 3180 605 3240 1.
636 3193 755 3259 per
778 3173 938 3239 illud
961 3174 1248 3258 Apostoli
1267 3180 1289 3215 ⁸
1313 3174 1714 3244 :Secundum

229 3280 518 3363 dutitiam,
563 3286 684 3348 etc.
732 3281 951 3346 Glossa
990 3282 1080 3347 ait
1124 3300 1142 3346 t
1182 3304 1215 3344 α
1256 3280 1585 3347 Induratio
1620 3286 1716 3348 est

231 3390 597 3467 perseveratio
619 3388 856 3454 mentis
875 3389 946 3452 in
971 3388 1212 3456 malitia
1231 3389 1572 3473 pertinaci,
1599 3409 1716 3474 per
1793 3391 1799 3398 '

235 3512 389 3575 qnam
409 3499 472 3562 fit
508 3496 704 3562 homo
735 3497 1142 3580 impoenitens
1175 3519 1193 3563 z
1218 3517 1251 3557 1>
1279 3497 1392 3562 sed
1413 3497 1539 3564 1100
1564 3499 1716 3565 dicit

234 3601 436 3685 culpam
464 3627 481 3669 ;
508 3622 688 3688 erge,
711 3607 834 3672 etc.

295 3713 343 3775 2.
377 3711 522 3777 Item
547 3712 983 3796 AugustinuS,
1020 3712 1101 3778 de
1141 3711 1715 3784 praedestinatione

235 3816 558 3888 Sanctorum
599 3828 623 3864 ⁸
673 3840 692 3886 z
740 3843 772 3881 α
804 3820 1150 3887 Obduratio
1199 3820 1361 3884 nihil
1402 3820 1576 3885 aliud
1621 3827 1717 3887 est

233 3941 392 4005 quam
421 3928 524 3993 Dei
549 3928 807 3995 obviare
842 3929 1178 3994 mandatis
1207 3949 1241 3988 ι)
1286 3926 1411 3993 Sed
1450 3928 1715 3996 obviare

238 4031 495 4097 mandatis
515 4033 663 4100 dicit
696 4034 1194 4099 inobedientiam
1226 4058 1243 4101 t
1286 4036 1398 4102 sed
1432 4061 1464 4100 α
1490 4055 1716 4121 pecca-

238 4139 376 4218 tum,
401 4144 468 4205 ut
496 4141 642 4206 dicit
678 4141 1059 4206 Ambrosius
1096 4148 1119 4184 ⁷
1133 4191 1152 4223 ‚

243 4259 398 4323 quam
427 4248 849 4332 praevaricatio
890 4248 1055 4331 legis
1094 4249 1333 4315 divinae
1343 4296 1367 4330 ‚
1400 4256 1465 4317 et
1490 4252 1715 4318 coeles-

245 4347 375 4416 tium
395 4354 791 4422 inobedientia
821 4356 1272 4426 mandatorum
1302 4380 1320 4424 :
1350 4380 1383 4420 1>
1414 4378 1573 4443 ergo
1597 4361 1714 4427 ob-

251 4453 450 4526 duratio
467 4462 602 4530 dicit
623 4467 983 4546 peccatum.

322 4565 366 4626 3.
390 4564 528 4631 ltem
557 4570 795 4635 ratione
828 4570 1109 4650 videtur,
1139 4571 1295 4655 quia
1321 4572 1503 4639 nulla
1525 4592 1718 4657 poena

257 4672 589 4758 temporalis,
645 4677 997 4746 secundum
1069 4678 1243 4762 quod
1299 4680 1676 4763 hujusmodi
1693 4731 1713 4761 ,

259 4784 541 4860 opponitur
556 4786 770 4865 gratiae
787 4784 1172 4868 gratificanti
1204 4804 1223 4850 2
1248 4786 1358 4852 sed
1381 4788 1717 4854 obduratio

258 4887 546 4966 opponitur
585 4893 801 4974 gratiae
852 4892 1236 4974 gratificanti
1256 4941 1275 4973 ‚
1326 4896 1391 4959 et
1433 4895 1717 4962 maxime

318 5045 335 5078 ¹
354 5043 421 5106 Cf.
445 5047 566 5098 Alex.
587 5051 797 5114 AlensiS,
819 5066 873 5116 p.
897 5054 951 5118 1,
979 5067 1031 5118 q.
1056 5064 1183 5104 xxlx
1200 5087 1214 5111 ‚
1241 5056 1433 5107 memb.
1455 5058 1505 5120 4,
1533 5061 1631 5108 art.
1659 5062 1714 5123 ¹,

265 5112 822 5186 5¹3mchara,1sent.,
861 5124 976 5176 dist.
1010 5136 1099 5189 n,
1140 5129 1233 5176 art.
1267 5129 1316 5191 3,
1351 5142 1401 5193 q.
1437 5140 1505 5191 υς
1537 5130 1718 5194 steph.

264 5183 450 5252 Bmlei„
477 5191 496 5240 1
528 5193 670 5255 Sent„
695 5194 805 5246 dist.
824 5207 922 5257 η,
965 5210 1019 5261 q.
1043 5208 1138 5259 113
1175 5200 1352 5249 Petrus
1389 5200 1454 5250 de
1490 5203 1717 5267 Tarant,

267 5256 285 5304 Ι
311 5257 456 5337 Soet..
473 5262 572 5314 diet.
588 5276 682 5330 11,
707 5281 755 5333 q.
772 5265 842 5332 13‘
862 5268 1016 5319 Gahr.
1042 5269 1150 5320 Biel
1163 5306 1183 5335 ,
1209 5273 1229 5322 1
1265 5273 1423 5335 Sena,
1453 5273 1570 5325 dist.
1594 5287 1718 5340 xm,

267 5337 314 5390 q-
335 5333 715 5400 nme-mom„
736 5349 815 5404 tx,
843 5341 918 5391 18.
936 5366 1003 5380 —
1020 5339 1210 5408 ⁸Aug.,
1234 5342 1295 5400 de
1313 5343 1418 5395 div.
1442 5346 1623 5411 Quoest.
1651 5346 1723 5398 ad

1199 4143 1364 4207 nihil
1395 4144 1569 4209 atiud
1622 4151 1718 4210 est
1759 4119 1766 4128 ’

3233 362 3348 421 1OE

1813 488 2045 570 gratiae
2067 489 2246 559 finali
2275 512 2293 558 z
2317 507 2478 574 ergo
2509 491 2843 558 obduratio
2863 508 2999 559 non
3014 496 3111 558 est
3136 510 3348 577 poena,

1813 596 1923 662 sed
1944 597 2154 681 culpa.

1889 709 1953 770 4.
1980 705 2141 771 Item
2165 706 2235 772 in
2256 705 2379 772 1100
2405 711 2502 773 est
2524 706 2882 772 differentia
2905 705 3071 772 inter
3096 724 3353 790 poenam

1810 814 1875 878 et
1891 812 2171 895 culpam,
2199 813 2375 896 quia,
2401 815 2478 878 ut
2500 812 2652 878 dicit
2679 811 3146 895 Augustinus⁸‚
3167 832 3358 896 poena

1810 923 1907 986 est
1930 921 2180 987 malum
2199 920 2374 1005 quod
2397 920 2700 1005 patimur,
2721 921 2910 1003 culpa
2925 938 3081 986 vero
3108 922 3356 987 malum

1811 1030 1985 1112 quod
2019 1029 2307 1111 agimus3
2338 1028 2449 1095 sed
2482 1028 2969 1093 obdurationem
3003 1029 3357 1111 unusquis-

1812 1154 1939 1220 que
1964 1136 2114 1201 facit
2137 1135 2279 1216 sibi,
2307 1135 2473 1201 sicut
2498 1134 2648 1201 dicit
2672 1134 3077 1217 Augustinus
3096 1135 3169 1199 in
3189 1135 3358 1201 libro

1813 1244 1893 1311 de
1947 1246 2178 1313 Gratia
2213 1250 2275 1312 et
2318 1244 2507 1311 libero
2551 1244 2822 1311 arbitrio
2856 1244 2878 1279 ⁹
2915 1265 2942 1310 .·
2974 1265 3007 1306 a
3032 1240 3361 1308 Induravit
3460 1266 3466 1271 ·

1811 1351 1979 1418 Deus
2014 1352 2413 1417 Pharaonem
2448 1354 2625 1436 justo
2659 1351 2945 1436 judici03
2977 1350 3087 1416 sed
3121 1351 3258 1433 ipse
3290 1368 3359 1415 se

1812 1477 1928 1543 per
1947 1459 2225 1525 liberum
2252 1459 2612 1524 arbitrium.
2638 1480 2671 1519 1>
2705 1456 2786 1523 Et
2809 1458 2982 1541 quod
3022 1457 3358 1523 obduratio

1814 1566 1897 1630 sit
1934 1584 1977 1629 a
2011 1565 2229 1646 nobis,
2271 1568 2477 1649 patet3
2514 1565 2669 1649 quia
2706 1566 2780 1630 in
2821 1565 3074 1632 Psalmo
3109 1565 3359 1630 dissua-

1815 1672 2001 1737 detur
2046 1674 2093 1710 ¹⁰
2149 1693 2167 1737 :
2235 1672 2443 1741 Nolite
2495 1673 2807 1743 obdurare
2857 1673 3056 1742 corda
3116 1676 3357 1741 vestra.

1814 1799 1995 1863 ergo,
2026 1782 2151 1847 etc.

2358 1974 2812 2044 CONCLUSIO.

1816 2139 2148 2213 obduratio,
2171 2144 2237 2198 ut
2263 2139 2399 2197 dicit
2425 2139 2838 2196 inhabilitatem
2866 2137 2940 2195 ad
2964 2139 3365 2211 impressionem

1889 2232 2119 2301 qratia,
2158 2231 2236 2286 sic
2263 2234 2340 2287 est
2374 2246 2541 2303 poena
2563 2232 2814 2303 peecati3
2844 2232 2908 2285 ut
2933 2243 3056 2285 vero
3088 2229 3369 2298 siqnificat

1885 2320 2254 2376 stabilitatem
2278 2323 2340 2377 in
2354 2325 2590 2393 peccato,
2616 2324 2693 2376 est
2710 2319 2992 2391 dispositio
3014 2317 3368 2391 praecedentis

1882 2413 2098 2482 peccati
2115 2428 2135 2481 ;
2184 2414 2247 2466 ut
2284 2425 2407 2466 vero
2448 2410 2583 2466 dicit
2621 2410 2961 2465 voluntatem
3008 2404 3370 2479 impugnandi

1889 2500 2058 2554 Deum
2073 2541 2090 2563 ‚
2116 2503 2392 2572 praecepta
2420 2503 2472 2556 et
2497 2500 2737 2570 qratiam
2762 2513 2915 2555 suam
2931 2537 2950 2568 ,
2992 2499 3067 2553 oet
3088 2498 3368 2569 peccatum

1887 2591 1952 2645 in
1979 2590 2253 2662 Spiritum
2277 2594 2541 2648 sanctum.

1903 2749 2092 2833 Resp.
2134 2749 2214 2815 ad
2243 2749 2406 2832 Arg.
2435 2747 2786 2815 Dicendum
2818 2745 2990 2830 quod
3029 2744 3365 2811 obduratio

1818 2859 1892 2924 in
1914 2858 2241 2943 spiritibus
2272 2861 2366 2923 est
2391 2857 2756 2923 translative
2781 2855 2948 2921 dicta
2972 2855 3056 2920 ab
3092 2853 3369 2919 obdura-

1818 2966 1993 3033 tione
2040 2967 2113 3030 in
2152 2965 2544 3049 corporibus,
2594 2963 2669 3029 In
2725 2962 3097 3046 corporibus
3144 2963 3365 3025 autem

1821 3073 2126 3141 duritiam
2146 3071 2434 3157 sequitur
2457 3070 2693 3156 triplex
2713 3069 3069 3154 proprietas
3087 3116 3105 3147 ‚
3133 3086 3367 3152 quam-

1819 3182 1922 3248 vis
1953 3182 2106 3246 insit
2130 3180 2382 3265 corpori
2406 3198 2521 3264 per
2548 3179 2842 3244 eamdem
2868 3180 3168 3242 naturam
3187 3223 3206 3253 ,
3232 3193 3365 3240 non

1820 3289 1911 3354 sic
1931 3288 2209 3371 spiritui.
2240 3286 2487 3352 Durum
2512 3285 2685 3350 enim
2724 3288 2821 3350 est
2853 3283 3025 3366 quo'd
3054 3287 3149 3348 est
3178 3282 3368 3347 inha-
3439 3308 3604 3415 ntum

3393 3384 3480 3427 quo
3515 3383 3605 3416 mo·

1819 3397 1947 3463 bile
1975 3395 2058 3461 ad
2084 3394 2561 3479 suscipiendum
2575 3443 2595 3474 ,
2625 3396 2722 3458 est
2754 3392 2975 3457 stabile
3002 3392 3083 3456 ad
3109 3409 3367 3475 perma-
3395 3436 3480 3480 di..

1820 3503 2109 3572 nendum
2133 3551 2152 3583 ,
2183 3506 2278 3568 est
2303 3503 2537 3568 iterum
2580 3502 2741 3566 forte
2781 3500 2862 3564 ad
2887 3498 3329 3564 rebellandum
3343 3548 3363 3581 ,

1822 3611 1956 3679 sive
1982 3610 2428 3686 resistendum.
2460 3607 2827 3674 Secundum
2852 3606 3029 3672 hunc
3053 3606 3367 3689 triplicem

1821 3716 2090 3781 modum
2107 3733 2216 3781 cor
2226 3713 2529 3779 obdurari
2537 3712 2767 3778 dicitur
2777 3711 3125 3794 tripliciter.
3148 3709 3368 3776 Primo

1823 3825 2013 3890 modo
2043 3824 2279 3889 dicitur
2310 3840 2420 3887 cor
2445 3821 2746 3887 obdurari
2777 3839 2862 3886 ex
2887 3819 3044 3899 hoc,
3073 3820 3247 3903 quod
3274 3822 3372 3885 est

1822 3931 2104 3997 inhabile
2130 3932 2211 3997 ad
2234 3929 2716 4014 impressionem
2743 3928 2975 4011 gratiae
3008 3927 3369 4011 suscipien-

1824 4039 1973 4105 dam
2007 4062 2024 4105 2
2070 4042 2134 4105 et
2168 4038 2291 4103 hoc
2327 4037 2516 4103 modo
2550 4041 2735 4102 sonat
2766 4035 3218 4119 impassionem
3247 4038 3329 4116 (a)
3345 4084 3366 4117 ‚

1825 4148 1889 4211 et
1924 4149 2021 4211 est
2067 4163 2257 4228 poena
2298 4159 2693 4226 consequens
2744 4141 3024 4225 culpam.
3076 4140 3370 4206 Secundo

1824 4252 2015 4318 modo
2050 4251 2284 4318 dicitur
2325 4268 2435 4314 cor
2474 4249 2861 4314 obduratum
2876 4295 2895 4325 ,
2941 4247 3113 4332 quod
3161 4250 3256 4313 est
3299 4247 3371 4312 in

1823 4362 2082 4444 peccato
2115 4357 2466 4423 stabilitum
2481 4405 2500 4437 ‚
2530 4355 2704 4439 quod
2743 4359 2837 4420 est
2872 4356 3156 4420 multum
3194 4373 3373 4419 com-

1824 4472 2084 4552 pactum
2128 4467 2210 4532 ad
2251 4482 2538 4531 amorem
2576 4464 2816 4548 peccati
2856 4484 2875 4528 z
2918 4466 2983 4528 et
3020 4463 3145 4528 hoc
3180 4462 3371 4528 modo

1825 4574 2160 4640 obduratio
2203 4576 2299 4638 est
2344 4575 2676 4656 peccatum
2719 4588 2871 4635 cum
2920 4569 3328 4653 dispositione
3344 4618 3363 4649 ‚

1826 4681 1962 4749 sive
2014 4680 2339 4764 dispositio
2384 4677 2627 4762 peccati
2678 4677 3112 4761 praecedentia.
3162 4675 3374 4741 Tertio

1826 4793 2018 4857 modo
2035 4791 2265 4857 dicitur
2278 4809 2388 4856 cor
2403 4790 2789 4855 obduratum
2804 4805 2915 4853 cor
2928 4786 3183 4867 rebelle,
3199 4785 3374 4870 quod

1828 4908 2168 4974 Simplicium,
2200 4907 2289 4957 lib.
2332 4908 2387 4970 1,
2415 4921 2467 4971 q.
2488 4918 2562 4970 11,
2598 4920 2654 4957 n.
2696 4907 2773 4956 15.
2799 4931 2855 4942 —
2883 4902 2906 4938 ὗ
2925 4902 3021 4956 Vel
3044 4902 3247 4966 potius,
3278 4903 3369 4966 Op.

1828 4983 2106 5047 imperfect.
2136 4986 2263 5031 cont.
2286 4979 2500 5043 Julian„
2529 4978 2618 5028 lib.
2642 4979 2682 5042 1,
2713 4992 2756 5027 0.
2778 4988 2916 5029 cxm.
2935 5001 3000 5013 —
3015 4975 3036 5010 ⁸
3056 4975 3213 5037 Rom„
3237 4985 3297 5037 11,
3317 4978 3364 5025 5.

1825 5080 1889 5091 —
1904 5055 1927 5089 ⁶
1947 5056 2100 5117 Aug„
2124 5053 2184 5102 de
2214 5050 2654 5103 Pru-destinatione
2671 5049 3049 5098 Sanctorum—
3069 5046 3091 5081 ‘¹
3110 5046 3369 5109 Ambr03.,

1826 5125 1886 5175 de
1911 5124 2175 5186 Paradiw,
2200 5139 2247 5174 0.
2268 5134 2383 5187 vm,
2410 5135 2466 5172 n.
2485 5124 2563 5172 39.
2595 5116 2698 5158 —-ss⁸
2714 5121 2868 5182 Aug„
2896 5118 3037 5169 Cont.
3067 5116 3233 5166 Adim.
3262 5117 3370 5166 Ha·

1826 5197 1983 5261 nich„
2024 5211 2070 5249 0.
2098 5207 2243 5247 xxvi.
2275 5221 2340 5233 -
2372 5194 2396 5230 ⁹
2442 5195 2595 5257 Aug„
2636 5191 2698 5242 de
2759 5191 2905 5243 Grat.
2956 5193 3007 5240 et
3049 5186 3141 5239 lib.
3187 5185 3368 5250 arbit„

1828 5284 1874 5321 0.
1902 5279 2071 5330 xxm,
2096 5281 2151 5317 n.
2174 5270 2315 5320 45.—
2343 5266 2384 5302 ¹⁰
2398 5266 2482 5316 Pe.
2503 5275 2648 5329 xcrv,
2668 5265 2720 5316 8.

1894 5347 1961 5415 (a)
1982 5347 2108 5400 Gaet.
2130 5348 2250 5401 edit.
2278 5346 2335 5400 in
2353 5344 2668 5414 passionem.
