4125 6225
911 353 916 359 ’
1021 357 1217 425 DIST.
1268 357 1424 425 VIII.
1469 357 1698 425 PART.
1743 357 1829 428 ns
1864 357 2048 425 ΛΒΤ.
2093 360 2144 425 Ι.
2188 359 2485 438 QUAEST.
2525 361 2628 428 IV.

237 490 405 558 mala
435 506 789 575 suggerem
802 541 820 570 ,
863 510 1022 576 ergo
1060 497 1266 577 potest
1302 493 1504 559 malas
1530 495 1778 577 cogita-

240 599 445 663 tiones
468 599 834 663 immittere.

31 725 86 769 Aa
117 736 208 781 opp.
313 705 543 771 Contra
572 727 589 770 :
623 706 692 771 in
719 707 1018 775 Matthoeo
1038 752 1060 787 ,
1085 696 1275 791 super
1308 708 1503 775 illud¹
1541 729 1558 773 :
1592 709 1779 777 Nihil

234 813 405 898 quod
435 816 511 880 in
535 829 607 881 os
631 817 840 882 intrat
874 817 1253 897 coinquinat
1279 819 1598 897 animam,
1630 818 1778 883 dicit

235 920 450 987 Glossa
465 920 675 1001 Bedae,
696 923 868 1005 quod
891 922 1179 987 diabolus
1196 941 1326 988 non
1344 929 1438 989 est
1459 926 1776 991 malarum

234 1031 693 1113 cogitationum
722 1032 1065 1099 immissor.

313 1137 473 1203 Item
491 1186 509 1219 ,
556 1137 610 1201 si
660 1142 863 1221 potest
906 1141 1355 1222 cogitationem
1393 1139 1736 1205 immittere
1752 1188 1771 1219 ‚

235 1265 384 1311 cum
410 1246 481 1311 in
500 1247 882 1329 cogitatione
904 1248 1214 1316 formetur
1235 1250 1402 1315 acies
1418 1248 1776 1331 intelligen-

232 1355 339 1419 tiae
354 1403 374 1435 ,
405 1373 564 1436 ergo
587 1358 789 1438 potest
816 1361 1100 1422 mentem
1138 1360 1422 1422 nostram
1447 1356 1722 1421 formare
1753 1377 1768 1420 t

233 1461 656 1545 quodfalsum
673 1466 788 1539 est,
819 1483 967 1528 cum
991 1464 1114 1530 hoc
1138 1464 1305 1529 dicat
1329 1463 1735 1545 Augustinus
1750 1465 1774 1500 ²

234 1586 366 1634 esse
388 1570 722 1653 proprium
748 1573 1032 1637 veritatis
1059 1573 1305 1657 primae.

313 1678 475 1743 Item
497 1679 659 1743 nibil
683 1680 867 1744 nobis
891 1682 1180 1746 intimius
1206 1684 1303 1745 est
1335 1696 1530 1764 quam
1557 1683 1774 1745 nostra

235 1786 535 1869 cogitatio
569 1805 586 1850 ε
621 1805 780 1870 ergo
807 1788 861 1852 si
898 1788 1186 1853 diabolus
1209 1791 1414 1872 potest
1437 1787 1767 1870 cogitatio-

234 1912 347 1958 nes
371 1894 737 1975 immittere,
767 1914 927 1978 ergo
952 1900 1176 1979 potest,
1213 1895 1470 1979 quando
1499 1895 1661 1976 vult,
1691 1896 1773 1961 ad

233 2001 536 2066 interiora
555 2006 774 2068 nostra
798 2003 1151 2087 spiritualia
1172 2002 1435 2068 introire
1468 2023 1484 2066 t
1517 2002 1624 2067 sed
1652 2002 1773 2068 hoc

231 2108 391 2173 nibil
416 2109 593 2174 aliud
616 2114 710 2175 est
734 2129 933 2194 quam
957 2111 1133 2175 illabi
1160 2133 1175 2175 ε
1205 2128 1363 2193 ergo
1397 2111 1598 2175 menti
1622 2128 1774 2175 nos-

232 2219 348 2282 trae
379 2216 556 2282 illabi
589 2222 792 2301 potest
834 2237 852 2282 ε
896 2219 1069 2302 quod
1113 2237 1307 2302 supra
1338 2218 1770 2300 improbatum

233 2326 345 2388 est.

308 2431 471 2496 Item
491 2480 511 2512 ,
566 2432 621 2495 si
671 2434 878 2516 potest
922 2432 1339 2514 cogitationes
1389 2433 1734 2501 immittere
1750 2484 1768 2513 ,

236 2558 391 2623 ergo
429 2543 672 2623 potest,
729 2539 985 2622 quando
1038 2538 1215 2617 vult,
1267 2540 1513 2606 malum
1566 2542 1773 2607 facere

233 2647 515 2729 cogitare
541 2668 557 2712 t
589 2646 699 2712 sed
723 2647 860 2730 ipse
886 2647 1186 2711 continue
1214 2648 1399 2712 nohis
1424 2652 1596 2732 optat
1624 2667 1770 2712 ma—

229 2754 366 2819 lum
400 2774 418 2819 :
446 2773 606 2837 ergo
629 2773 967 2838 nunquam
995 2755 1391 2836 permitteret
1425 2773 1544 2819 nos
1581 2774 1622 2820 a
1657 2773 1771 2820 co-

229 2862 643 2942 gitationibus
668 2862 852 2945 malis
874 2863 1211 2928 desistere:
1243 2864 1412 2947 quod
1445 2863 1771 2930 manifeste

227 2971 457 3036 falsum
478 2975 594 3036 est.
617 2971 726 3036 Est
739 2972 936 3054 igitur
948 2974 1237 3055 quaestio,
1258 2977 1572 3056 quantum
1589 2991 1770 3055 posse

224 3077 456 3146 babeat
498 3080 787 3146 diabolus
820 3085 1110 3164 respectu
1151 3081 1610 3164 cogitationum
1651 3099 1770 3164 ge-

225 3188 659 3253 nerandarum
696 3188 763 3252 in
797 3189 1007 3264 nobie,
1038 3193 1259 3254 utrum
1306 3188 1540 3253 scilicet
1573 3190 1771 3273 possit

226 3293 474 3358 efficere
494 3342 512 3375 ,
557 3294 662 3361 vel
698 3299 951 3360 tantum
978 3295 1242 3374 offerre3
1272 3298 1334 3360 et
1350 3343 1368 3372 ,
1399 3296 1457 3358 si
1500 3296 1728 3360 offerre
1748 3343 1765 3373 ‚

225 3404 445 3464 utrum
487 3401 840 3465 necessario
884 3402 1085 3484 possit
1123 3419 1241 3466 nos
1277 3401 1653 3484 compellere
1688 3401 1770 3467 ad

224 3505 344 3572 hoc
367 3508 543 3592 quod
571 3526 688 3572 nos
724 3508 1107 3591 recipiamus
1136 3508 1445 3573 oblatum.
1483 3508 1561 3573 Et
1595 3509 1770 3593 quod

224 3614 331 3695 sic,
359 3616 643 3696 videtur,
672 3617 828 3699 quia
858 3617 913 3679 si
941 3616 1182 3698 aliquid
1209 3619 1629 3698 praesentatur
1659 3635 1770 3681 as-

222 3724 434 3805 pectui
489 3724 824 3789 oculorum
872 3729 1239 3789 nostrorum
1262 3771 1281 3804 ,
1339 3725 1767 3789 necessarium

221 3834 315 3895 est
338 3849 459 3896 nos
482 3831 717 3911 videre,
749 3835 813 3897 et
844 3831 936 3895 sic
966 3831 1044 3895 de
1071 3832 1211 3895 aliis
1236 3832 1530 3896 sensibus
1557 3852 1576 3896 ε
1608 3851 1766 3915 ergo

221 3935 512 4002 similiter
537 3937 793 4001 videtur
828 3937 907 4002 de
948 3937 1462 4020 cogitationibus,
1494 3937 1672 4016 Quod
1709 3939 1765 4003 si

221 4059 453 4108 verum
480 4050 611 4123 est,
642 4045 899 4110 videtur
924 4044 1096 4128 quod
1138 4064 1179 4108 a
1205 4045 1391 4110 malis
1433 4046 1765 4128 cogitatio-

220 4149 408 4216 nibus
433 4169 570 4215 non
611 4169 953 4234 possumus
977 4152 1244 4216 evadere
1260 4200 1278 4233 ,
1309 4156 1373 4217 et
1399 4154 1570 4237 quod
1595 4155 1767 4220 mala

222 4258 502 4340 cogitare
528 4277 660 4324 non
689 4259 771 4323 sit
796 4259 1293 4342 reprehensibile
1308 4309 1327 4337 ,
1358 4279 1508 4325 cum
1546 4265 1765 4327 tamen

222 4363 531 4430 Dominus
568 4364 987 4449 reprehendat
1028 4366 1098 4430 in
1136 4367 1436 4436 Matthaeo
1460 4369 1483 4405 ⁸
1523 4390 1545 4431 .·
1598 4370 1766 4444 Quid

223 4473 524 4554 cecitatis
547 4472 718 4540 mala
744 4473 822 4538 in
846 4471 1143 4540 cordibus
1168 4477 1397 4542 vestris
1413 4476 1447 4540 ἲ

774 4729 1225 4799 CONCLUSIO.

225 4886 442 4944 Daemon
461 4889 641 4960 potest
674 4889 872 4944 anima
892 4888 1140 4944 humanm
1166 4890 1516 4958 ooqitationae
1550 4893 1761 4948 immit-

297 4980 434 5048 tere,
467 4991 575 5032 non
599 4976 812 5048 quidem
835 4981 899 5033 ut
920 4977 1234 5050 principale
1256 4993 1418 5048 agens
1446 4980 1578 5037 talis
1604 4982 1760 5054 effec-

297 5068 401 5136 tus,
431 5065 526 5123 sed
547 5071 610 5122 ut
631 5068 875 5124 excitans
901 5069 1063 5138 atque
1088 5068 1386 5140 impellens.

302 5225 491 5310 Resp.
540 5227 620 5291 ad
655 5226 817 5309 Arg.
863 5226 1209 5293 Dicendum
1243 5229 1416 5312 qnod
1455 5230 1762 5296 immissio

225 5331 377 5398 dicit
398 5335 619 5398 actum
637 5381 657 5412 ,
685 5335 872 5416 cuius
904 5333 1165 5400 effectus
1189 5335 1567 5404 terminatur
1593 5337 1661 5402 in
1687 5357 1762 5403 eo

3317 373 3439 435 453

1890 494 2064 578 quod
2096 495 2269 561 intus
2307 500 2448 562 est:
2481 496 2662 563 hunc
2700 500 2920 565 autem
2960 502 3179 568 actum
3220 501 3433 589 dupli·

1888 604 2043 669 citer
2087 607 2291 687 potest
2331 604 2539 671 dicere
2582 610 2875 690 respectu
2918 607 3092 674 illius
3133 610 3396 677 effectus
3412 660 3431 691 ,

1886 714 2000 775 aut
2025 711 2191 776 sicut
2215 729 2426 777 causae
2454 712 2882 797 principaliter
2916 716 3170 799 agentis
3202 722 3267 785 et
3292 719 3433 785 effl-

1886 818 2114 883 cientis
2128 867 2147 898 ,
2182 823 2295 883 aut
2335 819 2501 886 sicut
2527 821 2858 888 excitantis
2882 825 2989 889 vel
3023 825 3428 910 impellentis.

1885 923 2103 990 Primo
2120 926 2310 991 modo
2323 928 2577 1011 proprie
2595 929 2924 1013 accipitur,
2946 934 3008 997 et
3025 933 3118 998 sic
3132 935 3434 1018 competit

1885 1032 2004 1097 soli
2029 1031 2157 1098 Deo
2186 1039 2478 1118 respectu
2516 1037 2754 1103 animae
2801 1055 2820 1101 z
2868 1039 3006 1122 ipse
3036 1041 3214 1106 enim
3257 1042 3432 1108 solus

1884 1144 1979 1205 est
2002 1141 2116 1224 qui
2147 1160 2262 1226 per
2286 1144 2552 1209 modum
2573 1144 2936 1228 principalis
2960 1148 3211 1232 agentis
3227 1153 3431 1232 potest

1883 1247 1954 1311 in
2006 1250 2148 1332 eJus
2200 1249 2445 1315 intimis
2497 1252 2913 1334 cogitationes
2957 1258 3021 1320 et
3070 1254 3432 1323 affectiones

1883 1357 2157 1439 gignere
2210 1362 2273 1423 et
2328 1359 2626 1424 formare.
2684 1360 2829 1427 Alio
2879 1362 3069 1427 modo
3122 1362 3431 1446 accipitur

1880 1465 2062 1549 large
2089 1470 2154 1531 et
2176 1469 2397 1532 minus
2424 1470 2700 1553 proprie.
2730 1469 2809 1535 Et
2832 1471 3140 1555 quoniam
3176 1472 3423 1536 immis-

1881 1574 1999 1654 sio,
2027 1575 2106 1640 de
2130 1577 2378 1641 ratione
2405 1579 2507 1642 sui
2534 1578 2833 1660 nominis,
2858 1580 3205 1663 quamdam
3223 1581 3427 1646 virtu·

1881 1684 2011 1745 tem
2063 1686 2129 1747 et
2181 1685 2622 1751 auctoritatem
2671 1686 3093 1753 sufficientem
3134 1692 3428 1772 respectu

1880 1789 2143 1855 effectus
2166 1791 2498 1875 importat;
2540 1794 2683 1858 ideo
2696 1841 2715 1873 ,
2744 1794 3002 1877 quando
3027 1795 3427 1861 solummodo

1880 1896 2034 1962 dicit
2072 1899 2519 1965 excitationem
2559 1899 2664 1964 vel
2704 1899 3157 1983 impulsionem
3179 1948 3198 1981 ,
3242 1901 3425 1984 large

1880 2000 2190 2084 accipitur
2215 2005 2275 2065 et
2318 2001 2538 2067 minus
2563 2001 2840 2084 proprie.
2884 2001 2963 2066 Et
2998 2002 3093 2067 sic
3125 2003 3428 2088 competit

1882 2107 2162 2173 daemoni
2187 2112 2480 2191 respectu
2505 2108 2742 2174 animae
2760 2157 2777 2188 ‚
2806 2110 3114 2194 quoniam
3149 2113 3292 2194 ejus
3329 2112 3427 2177 of-

1879 2216 2102 2281 ficium
2129 2221 2226 2282 est
2240 2264 2260 2296 ,
2293 2216 2431 2281 sive
2455 2234 2832 2299 perversum
2862 2218 3148 2283 studium
3169 2266 3188 2298 ,
3219 2219 3426 2287 eidem

1881 2324 2082 2390 malas
2119 2324 2534 2407 cogitationes
2578 2341 2952 2407 suggerere.
2999 2324 3078 2390 Et
3121 2325 3212 2391 sic
3252 2332 3427 2411 patet

1879 2432 2207 2515 responsio
2233 2432 2315 2496 ad
2339 2431 2618 2497 rationes
2652 2430 2733 2496 ad
2767 2435 3108 2516 utramque
3150 2438 3419 2518 partem.

1880 2537 1935 2604 N
1938 2558 2046 2604 am
2103 2539 2381 2605 rationes
2433 2543 2496 2603 et
2553 2539 2955 2605 auctoritates
3006 2539 3088 2605 ad
3147 2541 3424 2624 primam

1877 2651 2125 2730 partem
2169 2647 2446 2712 inductae
2494 2645 2845 2729 procedunt
2889 2646 2967 2712 de
3012 2647 3312 2713 missione
3360 2654 3425 2714 et

1878 2753 2270 2819 immissione
2298 2753 2722 2818 communiter
2742 2752 2940 2832 dicta3
2969 2754 3247 2820 rationes
3267 2775 3423 2823 vero

1877 2862 1957 2926 ad
1986 2863 2348 2946 oppositum
2371 2860 2719 2944 procedunt
2743 2860 2821 2927 de
2846 2860 3240 2928 immissione
3266 2883 3422 2947 pro-

1876 2971 2014 3053 prie
2041 2970 2228 3034 dicta.

1955 3077 2054 3142 Ad
2106 3077 2265 3143 illud
2325 3094 2480 3142 vero
2547 3075 2722 3159 quod
2779 3074 3099 3160 quaeritur
3148 3076 3378 3146 ultimo
3399 3129 3418 3162 ,

1875 3190 2195 3269 quantum
2238 3203 2422 3269 posse
2456 3183 2737 3249 habeant
2773 3183 3096 3249 daemones
3131 3193 3423 3270 respectu

1876 3293 2194 3358 malarum
2241 3292 2704 3375 cogitationum
2745 3295 3113 3356 nostrarum
3134 3340 3152 3371 ,
3203 3293 3422 3359 dicen-

1876 3399 2032 3463 dum
2056 3398 2229 3482 quod
2256 3399 2699 3482 phantasmata
2726 3402 2993 3481 possunt
3009 3398 3259 3464 offerre.

1952 3507 2052 3572 Ad
2087 3506 2248 3572 illud
2281 3509 2499 3572 autem
2525 3504 2699 3589 quod
2720 3505 3031 3588 quaeritur
3058 3510 3278 3571 utrum
3305 3527 3423 3574 ne—

1873 3615 2143 3679 cessario
2178 3613 2425 3697 possint
2463 3612 2872 3695 compellere3
2917 3612 3341 3681 diversimode
3382 3637 3422 3683 a

1873 3722 2141 3789 diversis
2179 3721 2616 3804 respondetur.
2661 3718 2932 3797 Quidam
2980 3721 3155 3786 enim
3197 3723 3421 3789 dicunt

1871 3830 2046 3914 quod
2080 3828 2430 3895 necessario
2457 3828 2701 3911 possint
2725 3828 3103 3912 compellere
3129 3829 3211 3895 ad
3236 3832 3417 3914 cogi-

1871 3939 2142 4003 tationes
2167 3937 2508 4013 malorum,
2537 3952 2669 3998 non
2698 3936 2915 4000 tamen
2953 3936 3176 4002 malas.
3225 3937 3416 4022 Cogi-

1870 4047 2024 4110 tatio
2049 4046 2225 4110 enim
2249 4061 2396 4128 quae
2435 4045 2530 4107 est
2554 4042 2633 4108 de
2659 4042 2829 4107 malo
2850 4091 2870 4122 ,
2899 4061 3034 4108 non
3079 4048 3173 4109 est
3198 4045 3369 4112 mala
3391 4097 3409 4128 ,

1869 4154 1993 4218 nisi
2018 4170 2203 4235 aeque
2228 4152 2564 4216 comitetur
2588 4148 2837 4215 affectio
2876 4149 3045 4216 mala
3075 4173 3092 4215 z
3135 4169 3284 4234 quae
3319 4159 3415 4219 est

1870 4260 1940 4324 in
1988 4260 2294 4342 potestate
2340 4261 2579 4322 nostra.
2624 4255 2784 4320 Aliis
2820 4274 2976 4322 vero
3022 4257 3277 4323 videtur
3299 4307 3318 4340 ,
3348 4265 3413 4325 et

1870 4366 2258 4450 probabilius
2273 4414 2293 4445 ,
2334 4354 2508 4449 quod
2558 4381 2691 4429 non
2734 4367 3001 4448 possunt
3039 4365 3244 4431 facere
3287 4366 3411 4432 ali-

1869 4473 2024 4557 quid
2040 4522 2060 4554 ,
2110 4490 2240 4557 quo
2279 4472 2443 4537 facto
2484 4469 2837 4537 necessario
2871 4473 3230 4555 cogitemus
3263 4492 3410 4538 ma-

1868 4581 2008 4646 lum
2024 4628 2044 4660 ,
2088 4580 2212 4645 nisi
2247 4580 2315 4644 in
2350 4597 2503 4646 casu
2522 4628 2542 4659 ,
2577 4578 2872 4646 videlicet
2911 4597 3061 4646 cum
3109 4581 3410 4664 cogitatio

1868 4690 2104 4755 animae
2142 4707 2278 4754 non
2320 4692 2414 4753 est
2451 4687 2619 4753 circa
2657 4687 2843 4754 utilia
2883 4692 3207 4774 occupata.
3246 4688 3407 4757 Cum

1869 4798 2045 4863 enim
2069 4801 2382 4880 evagatur
2398 4801 2464 4862 et
2482 4799 2576 4862 est
2598 4796 2801 4862 otiosa
2824 4797 3009 4877 ratio,
3032 4801 3189 4863 tunc
3206 4801 3411 4882 potest

1869 4907 1931 4971 ei
1955 4905 2246 4970 diabolus
2269 4904 2497 4970 offerre
2530 4902 2885 4985 imaginem
2917 4906 3173 4988 turpem
3203 4909 3268 4970 et
3291 4923 3410 4972 va-

1868 5031 2022 5078 nam
2058 5034 2076 5078 :
2112 5016 2178 5077 et
2202 5012 2342 5078 ideo
2376 5011 2615 5079 volenti
2650 5010 2851 5076 malas
2885 5011 3300 5094 cogitationes
3342 5016 3408 5077 et

1944 5208 2180 5275 ’ΜαῐίΙι.,
2209 5221 2296 5273 XV,
2326 5213 2400 5260 Η.
2422 5233 2484 5245 -
2507 5207 2531 5242 ¹
2550 5209 2784 5271 August„
2810 5205 2899 5258 lib.
2926 5207 3179 5266 LXXXIII
3200 5208 3404 5271 Θεκωὲ,

1870 5299 1928 5408 {1¹
1947 5296 2028 5406 ιιι,
2052 5298 2106 5335 n.
2130 5287 2194 5347 23
2227 5282 2288 5333 de
2322 5281 2472 5334 ciou.
2503 5281 2627 5338 Dei.
2664 5279 2753 5330 lib.
2780 5281 2845 5332 xl
2864 5318 2877 5344 ,
2908 5295 2955 5331 c.
2988 5294 3050 5333 11.
3072 5280 3405 5345 —⁸uama.,

1932 5393 1947 5418 ,
2004 5393 2015 5406 .
