<?xml version="1.0" encoding="UTF-8"?>
<!DOCTYPE html PUBLIC "-//W3C//DTD XHTML 1.0 Transitional//EN"
    "http://www.w3.org/TR/xhtml1/DTD/xhtml1-transitional.dtd">
<html xmlns="http://www.w3.org/1999/xhtml" xml:lang="en" lang="en">
 <head>
  <title>
</title>
<meta http-equiv="Content-Type" content="text/html;charset=utf-8" />
  <meta name='ocr-system' content='tesseract 3.04.00' />
  <meta name='ocr-capabilities' content='ocr_page ocr_carea ocr_par ocr_line ocrx_word'/>
</head>
<body>
  <div class='ocr_page' id='page_1' title='image "./srecardinalissb01peltgoog_0380.png"; bbox 0 0 4125 6225; ppageno 0'>
   <div class='ocr_carea' id='block_1_1' title="bbox 697 367 2844 457">
    <p class='ocr_par' dir='ltr' id='par_1_1' title="bbox 697 367 2844 457">
     <span class='ocr_line' id='line_1_1' title="bbox 697 367 2844 457; baseline -0.004 0"><span class='ocrx_word' id='word_1_1' title='bbox 697 398 814 457; x_wconf 69' lang='lat'><strong>346</strong></span> <span class='ocrx_word' id='word_1_2' title='bbox 1006 367 1013 378; x_wconf 83' lang='lat'>&#39;</span> <span class='ocrx_word' id='word_1_3' title='bbox 1807 383 2428 451; x_wconf 78' lang='lat' dir='ltr'><strong>SENTENTIARUM</strong></span> <span class='ocrx_word' id='word_1_4' title='bbox 2469 387 2617 452; x_wconf 77' lang='lat' dir='ltr'><strong>Lm.</strong></span> <span class='ocrx_word' id='word_1_5' title='bbox 2659 386 2735 452; x_wconf 90' lang='lat'><strong>11.</strong></span> <span class='ocrx_word' id='word_1_6' title='bbox 2839 387 2844 390; x_wconf 93' lang='lat'>·</span> 
     </span>
    </p>
   </div>
   <div class='ocr_carea' id='block_1_2' title="bbox 695 521 3875 1666">
    <p class='ocr_par' dir='ltr' id='par_1_2' title="bbox 695 521 3875 1666">
     <span class='ocr_line' id='line_1_2' title="bbox 696 521 3861 620; baseline 0 -24"><span class='ocrx_word' id='word_1_7' title='bbox 696 536 883 597; x_wconf 90' lang='lat' dir='ltr'><strong>erant</strong></span> <span class='ocrx_word' id='word_1_8' title='bbox 908 528 1160 620; x_wconf 81' lang='lat' dir='ltr'><strong>praescii</strong></span> <span class='ocrx_word' id='word_1_9' title='bbox 1185 535 1460 598; x_wconf 87' lang='lat' dir='ltr'><strong>eventus</strong></span> <span class='ocrx_word' id='word_1_10' title='bbox 1484 525 1590 594; x_wconf 89' lang='lat' dir='ltr'><strong>sui</strong></span> <span class='ocrx_word' id='word_1_11' title='bbox 1609 576 1627 611; x_wconf 90' lang='lat'>,</span> <span class='ocrx_word' id='word_1_12' title='bbox 1658 545 1777 592; x_wconf 89' lang='lat' dir='ltr'><strong>nec</strong></span> <span class='ocrx_word' id='word_1_13' title='bbox 1805 521 1898 591; x_wconf 90' lang='lat' dir='ltr'><strong>eis</strong></span> <span class='ocrx_word' id='word_1_14' title='bbox 1928 521 2081 591; x_wconf 87' lang='lat' dir='ltr'><strong>data</strong></span> <span class='ocrx_word' id='word_1_15' title='bbox 2106 530 2201 590; x_wconf 87' lang='lat' dir='ltr'><strong>est</strong></span> <span class='ocrx_word' id='word_1_16' title='bbox 2243 523 2529 612; x_wconf 83' lang='lat' dir='ltr'>cognitio</span> <span class='ocrx_word' id='word_1_17' title='bbox 2553 544 2783 592; x_wconf 90' lang='lat' dir='ltr'><strong>eorum</strong></span> <span class='ocrx_word' id='word_1_18' title='bbox 2824 543 2976 616; x_wconf 80' lang='lat' dir='ltr'><strong>quae</strong></span> <span class='ocrx_word' id='word_1_19' title='bbox 3008 523 3236 592; x_wconf 78' lang='lat' dir='ltr'><strong>futura</strong></span> <span class='ocrx_word' id='word_1_20' title='bbox 3273 532 3460 593; x_wconf 81' lang='lat' dir='ltr'><strong>erant</strong></span> <span class='ocrx_word' id='word_1_21' title='bbox 3497 547 3695 617; x_wconf 86' lang='lat' dir='ltr'><strong>super</strong></span> <span class='ocrx_word' id='word_1_22' title='bbox 3730 550 3861 598; x_wconf 84' lang='lat' dir='ltr'><strong>eos.</strong></span> 
     </span>
     <span class='ocr_line' id='line_1_3' title="bbox 695 638 3863 736; baseline 0.001 -25"><span class='ocrx_word' id='word_1_23' title='bbox 695 644 864 712; x_wconf 91' lang='lat' dir='ltr'><strong>Boni</strong></span> <span class='ocrx_word' id='word_1_24' title='bbox 894 666 1050 713; x_wconf 90' lang='lat' dir='ltr'><strong>vero</strong></span> <span class='ocrx_word' id='word_1_25' title='bbox 1089 651 1153 712; x_wconf 92' lang='lat' dir='ltr'><strong>et</strong></span> <span class='ocrx_word' id='word_1_26' title='bbox 1179 644 1296 736; x_wconf 90' lang='lat' dir='ltr'><strong>qui</strong></span> <span class='ocrx_word' id='word_1_27' title='bbox 1325 642 1770 734; x_wconf 87' lang='lat' dir='ltr'><strong>perstiterunt,</strong></span> <span class='ocrx_word' id='word_1_28' title='bbox 1802 638 1966 707; x_wconf 89' lang='lat' dir='ltr'><strong>forte</strong></span> <span class='ocrx_word' id='word_1_29' title='bbox 1994 661 2132 708; x_wconf 79' lang='lat' dir='ltr'><strong>suae</strong></span> <span class='ocrx_word' id='word_1_30' title='bbox 2151 639 2573 709; x_wconf 79' lang='lat' dir='ltr'><strong>beatitudinis</strong></span> <span class='ocrx_word' id='word_1_31' title='bbox 2596 641 2848 731; x_wconf 75' lang='lat' dir='ltr'><strong>praescii</strong></span> <span class='ocrx_word' id='word_1_32' title='bbox 2874 640 3167 710; x_wconf 89' lang='lat' dir='ltr'><strong>fuerunt.</strong></span> <span class='ocrx_word' id='word_1_33' title='bbox 3201 640 3395 709; x_wconf 84' lang='lat' dir='ltr'>Unde</span> <span class='ocrx_word' id='word_1_34' title='bbox 3422 641 3863 732; x_wconf 81' lang='lat' dir='ltr'><strong>AugustinuS,</strong></span> 
     </span>
     <span class='ocr_line' id='line_1_4' title="bbox 698 755 3873 853; baseline -0 -24"><span class='ocrx_word' id='word_1_35' title='bbox 698 784 889 853; x_wconf 76' lang='lat' dir='ltr'><strong>super</strong></span> <span class='ocrx_word' id='word_1_36' title='bbox 922 762 1226 832; x_wconf 80' lang='lat' dir='ltr'><strong>Genesim</strong></span> <span class='ocrx_word' id='word_1_37' title='bbox 1259 766 1277 797; x_wconf 86' lang='lat'><strong>¹</strong></span> <span class='ocrx_word' id='word_1_38' title='bbox 1314 785 1333 829; x_wconf 88' lang='lat'><em>:</em></span> <span class='ocrx_word' id='word_1_39' title='bbox 1376 757 1779 841; x_wconf 90' lang='lat' dir='ltr'><strong>«Quomodo</strong></span> <span class='ocrx_word' id='word_1_40' title='bbox 1800 809 1818 843; x_wconf 90' lang='lat'>,</span> <span class='ocrx_word' id='word_1_41' title='bbox 1848 755 2068 848; x_wconf 90' lang='lat' dir='ltr'><strong>inquit</strong></span> <span class='ocrx_word' id='word_1_42' title='bbox 2088 810 2106 842; x_wconf 89' lang='lat'>,</span> <span class='ocrx_word' id='word_1_43' title='bbox 2135 757 2365 825; x_wconf 89' lang='lat' dir='ltr'><strong>beatus</strong></span> <span class='ocrx_word' id='word_1_44' title='bbox 2393 757 2564 826; x_wconf 91' lang='lat' dir='ltr'><strong>inter</strong></span> <span class='ocrx_word' id='word_1_45' title='bbox 2590 757 2855 846; x_wconf 79' lang='lat' dir='ltr'>angelos</span> <span class='ocrx_word' id='word_1_46' title='bbox 2880 757 3009 825; x_wconf 84' lang='lat' dir='ltr'><strong>fuit</strong></span> <span class='ocrx_word' id='word_1_47' title='bbox 3035 810 3053 842; x_wconf 89' lang='lat'>,</span> <span class='ocrx_word' id='word_1_48' title='bbox 3098 757 3215 849; x_wconf 92' lang='lat' dir='ltr'><strong>qui</strong></span> <span class='ocrx_word' id='word_1_49' title='bbox 3249 757 3460 826; x_wconf 78' lang='lat' dir='ltr'><strong>futuri</strong></span> <span class='ocrx_word' id='word_1_50' title='bbox 3495 760 3740 849; x_wconf 89' lang='lat' dir='ltr'><strong>peccati</strong></span> <span class='ocrx_word' id='word_1_51' title='bbox 3775 769 3873 829; x_wconf 90' lang='lat' dir='ltr'><strong>at—</strong></span> 
     </span>
     <span class='ocr_line' id='line_1_5' title="bbox 698 871 3871 968; baseline 0.001 -24"><span class='ocrx_word' id='word_1_52' title='bbox 698 900 827 968; x_wconf 86' lang='lat' dir='ltr'><strong>que</strong></span> <span class='ocrx_word' id='word_1_53' title='bbox 854 876 1157 968; x_wconf 89' lang='lat' dir='ltr'><strong>supplicii</strong></span> <span class='ocrx_word' id='word_1_54' title='bbox 1175 875 1482 968; x_wconf 82' lang='lat' dir='ltr'><strong>praescius</strong></span> <span class='ocrx_word' id='word_1_55' title='bbox 1509 873 1837 942; x_wconf 74' lang='lat' dir='ltr'><strong>nonfuit?</strong></span> <span class='ocrx_word' id='word_1_56' title='bbox 1860 871 2198 953; x_wconf 85' lang='lat' dir='ltr'><strong>Quaeritur</strong></span> <span class='ocrx_word' id='word_1_57' title='bbox 2223 880 2441 942; x_wconf 90' lang='lat' dir='ltr'><strong>autem</strong></span> <span class='ocrx_word' id='word_1_58' title='bbox 2465 896 2584 941; x_wconf 92' lang='lat' dir='ltr'><strong>cur</strong></span> <span class='ocrx_word' id='word_1_59' title='bbox 2605 896 2739 942; x_wconf 91' lang='lat' dir='ltr'><strong>non</strong></span> <span class='ocrx_word' id='word_1_60' title='bbox 2765 874 2992 942; x_wconf 86' lang='lat' dir='ltr'><strong>fuerit.</strong></span> <span class='ocrx_word' id='word_1_61' title='bbox 3013 873 3207 944; x_wconf 83' lang='lat' dir='ltr'>Forte</span> <span class='ocrx_word' id='word_1_62' title='bbox 3231 874 3353 942; x_wconf 92' lang='lat' dir='ltr'><strong>hoc</strong></span> <span class='ocrx_word' id='word_1_63' title='bbox 3379 874 3551 942; x_wconf 90' lang='lat' dir='ltr'><strong>Deus</strong></span> <span class='ocrx_word' id='word_1_64' title='bbox 3577 876 3871 947; x_wconf 89' lang='lat' dir='ltr'><strong>revelare</strong></span> 
     </span>
     <span class='ocr_line' id='line_1_6' title="bbox 698 988 3871 1084; baseline 0 -23"><span class='ocrx_word' id='word_1_65' title='bbox 698 992 958 1062; x_wconf 89' lang='lat' dir='ltr'><strong>diabolo</strong></span> <span class='ocrx_word' id='word_1_66' title='bbox 986 993 1200 1061; x_wconf 88' lang='lat' dir='ltr'><strong>noluit</strong></span> <span class='ocrx_word' id='word_1_67' title='bbox 1223 1045 1241 1079; x_wconf 90' lang='lat'>,</span> <span class='ocrx_word' id='word_1_68' title='bbox 1273 991 1435 1084; x_wconf 91' lang='lat' dir='ltr'><strong>quid</strong></span> <span class='ocrx_word' id='word_1_69' title='bbox 1463 991 1756 1058; x_wconf 80' lang='lat' dir='ltr'><strong>facturus</strong></span> <span class='ocrx_word' id='word_1_70' title='bbox 1774 1041 1793 1075; x_wconf 87' lang='lat'><strong><em>,</em></strong></span> <span class='ocrx_word' id='word_1_71' title='bbox 1823 988 1927 1056; x_wconf 87' lang='lat' dir='ltr'><strong>vel</strong></span> <span class='ocrx_word' id='word_1_72' title='bbox 1954 1011 2265 1080; x_wconf 89' lang='lat' dir='ltr'><strong>passurus</strong></span> <span class='ocrx_word' id='word_1_73' title='bbox 2292 997 2455 1058; x_wconf 88' lang='lat' dir='ltr'><strong>esset</strong></span> <span class='ocrx_word' id='word_1_74' title='bbox 2490 1015 2504 1056; x_wconf 73' lang='grc' dir='ltr'><strong><em>ι</em></strong></span> <span class='ocrx_word' id='word_1_75' title='bbox 2539 989 2786 1058; x_wconf 82' lang='lat' dir='ltr'><strong>caeteris</strong></span> <span class='ocrx_word' id='word_1_76' title='bbox 2833 1012 2988 1058; x_wconf 92' lang='lat' dir='ltr'><strong>vero</strong></span> <span class='ocrx_word' id='word_1_77' title='bbox 3017 989 3306 1058; x_wconf 90' lang='lat' dir='ltr'><strong>revelare</strong></span> <span class='ocrx_word' id='word_1_78' title='bbox 3346 988 3560 1059; x_wconf 83' lang='lat' dir='ltr'><strong>voluit</strong></span> <span class='ocrx_word' id='word_1_79' title='bbox 3586 992 3770 1082; x_wconf 90' lang='lat' dir='ltr'><strong>quod</strong></span> <span class='ocrx_word' id='word_1_80' title='bbox 3803 993 3871 1061; x_wconf 89' lang='lat' dir='ltr'><strong>in</strong></span> 
     </span>
     <span class='ocr_line' id='line_1_7' title="bbox 700 1103 3872 1199; baseline -0 -21"><span class='ocrx_word' id='word_1_81' title='bbox 700 1110 970 1179; x_wconf 86' lang='lat' dir='ltr'><strong>veritate</strong></span> <span class='ocrx_word' id='word_1_82' title='bbox 1023 1109 1319 1177; x_wconf 89' lang='lat' dir='ltr'><strong>mansuri</strong></span> <span class='ocrx_word' id='word_1_83' title='bbox 1372 1115 1603 1176; x_wconf 89' lang='lat' dir='ltr'><strong>essent.</strong></span> <span class='ocrx_word' id='word_1_84' title='bbox 1632 1131 1665 1171; x_wconf 61' lang='lat'><strong>³&gt;</strong></span> <span class='ocrx_word' id='word_1_85' title='bbox 1702 1105 1821 1172; x_wconf 90' lang='lat' dir='ltr'><strong>His</strong></span> <span class='ocrx_word' id='word_1_86' title='bbox 1873 1105 2091 1174; x_wconf 89' lang='lat' dir='ltr'><strong>verbis</strong></span> <span class='ocrx_word' id='word_1_87' title='bbox 2129 1105 2392 1173; x_wconf 87' lang='lat' dir='ltr'><strong>videtur</strong></span> <span class='ocrx_word' id='word_1_88' title='bbox 2417 1105 2832 1195; x_wconf 81' lang='lat' dir='ltr'><strong>Augustinus</strong></span> <span class='ocrx_word' id='word_1_89' title='bbox 2870 1103 3266 1195; x_wconf 90' lang='lat' dir='ltr'><strong>significare,</strong></span> <span class='ocrx_word' id='word_1_90' title='bbox 3299 1105 3475 1197; x_wconf 91' lang='lat' dir='ltr'><strong>quod</strong></span> <span class='ocrx_word' id='word_1_91' title='bbox 3502 1106 3731 1196; x_wconf 89' lang='lat' dir='ltr'><strong>angeli</strong></span> <span class='ocrx_word' id='word_1_92' title='bbox 3757 1109 3872 1199; x_wconf 92' lang='lat' dir='ltr'><strong>qui</strong></span> 
     </span>
     <span class='ocr_line' id='line_1_8' title="bbox 699 1203 3874 1314; baseline -0.001 -20"><span class='ocrx_word' id='word_1_93' title='bbox 699 1233 1090 1294; x_wconf 90' lang='lat' dir='ltr'><strong>corruerunt</strong></span> <span class='ocrx_word' id='word_1_94' title='bbox 1114 1278 1131 1311; x_wconf 90' lang='lat'>‚</span> <span class='ocrx_word' id='word_1_95' title='bbox 1163 1248 1296 1293; x_wconf 91' lang='lat' dir='ltr'><strong>non</strong></span> <span class='ocrx_word' id='word_1_96' title='bbox 1324 1203 1878 1313; x_wconf 42' lang='lat' dir='ltr'><strong>fuerunt‘praescii</strong></span> <span class='ocrx_word' id='word_1_97' title='bbox 1907 1222 2011 1290; x_wconf 92' lang='lat' dir='ltr'><strong>sui</strong></span> <span class='ocrx_word' id='word_1_98' title='bbox 2038 1244 2257 1307; x_wconf 66' lang='lat' dir='ltr'><strong>casm,</strong></span> <span class='ocrx_word' id='word_1_99' title='bbox 2294 1221 2572 1313; x_wconf 90' lang='lat' dir='ltr'><strong>ideoque</strong></span> <span class='ocrx_word' id='word_1_100' title='bbox 2598 1221 2772 1291; x_wconf 86' lang='lat' dir='ltr'><strong>beati</strong></span> <span class='ocrx_word' id='word_1_101' title='bbox 2808 1244 2943 1290; x_wconf 89' lang='lat' dir='ltr'><strong>non</strong></span> <span class='ocrx_word' id='word_1_102' title='bbox 2983 1221 3254 1290; x_wconf 82' lang='lat' dir='ltr'><strong>fuerunt</strong></span> <span class='ocrx_word' id='word_1_103' title='bbox 3273 1248 3291 1308; x_wconf 92' lang='lat'>;</span> <span class='ocrx_word' id='word_1_104' title='bbox 3335 1228 3399 1290; x_wconf 88' lang='lat' dir='ltr'><strong>et</strong></span> <span class='ocrx_word' id='word_1_105' title='bbox 3439 1222 3619 1314; x_wconf 90' lang='lat' dir='ltr'><strong>quod</strong></span> <span class='ocrx_word' id='word_1_106' title='bbox 3656 1224 3874 1313; x_wconf 88' lang='lat' dir='ltr'><strong>angeli</strong></span> 
     </span>
     <span class='ocr_line' id='line_1_9' title="bbox 702 1337 3875 1435; baseline -0.001 -25"><span class='ocrx_word' id='word_1_107' title='bbox 702 1342 820 1435; x_wconf 91' lang='lat' dir='ltr'><strong>qui</strong></span> <span class='ocrx_word' id='word_1_108' title='bbox 847 1341 1310 1434; x_wconf 87' lang='lat' dir='ltr'><strong>perstiterunt,</strong></span> <span class='ocrx_word' id='word_1_109' title='bbox 1342 1339 1814 1409; x_wconf 89' lang='lat' dir='ltr'><strong>beatitudinem</strong></span> <span class='ocrx_word' id='word_1_110' title='bbox 1842 1338 1968 1406; x_wconf 89' lang='lat' dir='ltr'><strong>sibi</strong></span> <span class='ocrx_word' id='word_1_111' title='bbox 1995 1338 2351 1407; x_wconf 87' lang='lat' dir='ltr'><strong>affuturam</strong></span> <span class='ocrx_word' id='word_1_112' title='bbox 2378 1338 2873 1430; x_wconf 64' lang='lat' dir='ltr'><strong>praesciverunt,</strong></span> <span class='ocrx_word' id='word_1_113' title='bbox 2907 1346 3104 1428; x_wconf 86' lang='lat' dir='ltr'><strong>atque</strong></span> <span class='ocrx_word' id='word_1_114' title='bbox 3132 1337 3212 1404; x_wconf 91' lang='lat' dir='ltr'><strong>de</strong></span> <span class='ocrx_word' id='word_1_115' title='bbox 3239 1359 3316 1405; x_wconf 88' lang='lat' dir='ltr'><strong>ea</strong></span> <span class='ocrx_word' id='word_1_116' title='bbox 3340 1338 3499 1405; x_wconf 90' lang='lat' dir='ltr'><strong>certi</strong></span> <span class='ocrx_word' id='word_1_117' title='bbox 3524 1338 3598 1406; x_wconf 88' lang='lat' dir='ltr'><strong>in</strong></span> <span class='ocrx_word' id='word_1_118' title='bbox 3623 1362 3738 1429; x_wconf 85' lang='lat' dir='ltr'><strong>spe</strong></span> <span class='ocrx_word' id='word_1_119' title='bbox 3769 1363 3875 1408; x_wconf 83' lang='lat' dir='ltr'><strong>ex-</strong></span> 
     </span>
     <span class='ocr_line' id='line_1_10' title="bbox 707 1454 3872 1550; baseline -0.001 -23"><span class='ocrx_word' id='word_1_120' title='bbox 707 1459 979 1527; x_wconf 89' lang='lat' dir='ltr'><strong>titerunt</strong></span> <span class='ocrx_word' id='word_1_121' title='bbox 1010 1483 1024 1525; x_wconf 92' lang='lat'><strong>:</strong></span> <span class='ocrx_word' id='word_1_122' title='bbox 1064 1458 1239 1526; x_wconf 92' lang='lat' dir='ltr'><strong>unde</strong></span> <span class='ocrx_word' id='word_1_123' title='bbox 1272 1457 1755 1550; x_wconf 87' lang='lat' dir='ltr'><strong>quodammodo</strong></span> <span class='ocrx_word' id='word_1_124' title='bbox 1793 1455 1934 1547; x_wconf 87' lang='lat' dir='ltr'><strong>jam</strong></span> <span class='ocrx_word' id='word_1_125' title='bbox 1970 1455 2145 1524; x_wconf 88' lang='lat' dir='ltr'><strong>beati</strong></span> <span class='ocrx_word' id='word_1_126' title='bbox 2174 1463 2404 1524; x_wconf 88' lang='lat' dir='ltr'><strong>erant..</strong></span> <span class='ocrx_word' id='word_1_127' title='bbox 2431 1455 2513 1523; x_wconf 90' lang='lat' dir='ltr'><strong>Et</strong></span> <span class='ocrx_word' id='word_1_128' title='bbox 2539 1477 2767 1524; x_wconf 89' lang='lat' dir='ltr'><strong>revera</strong></span> <span class='ocrx_word' id='word_1_129' title='bbox 2791 1455 2848 1524; x_wconf 87' lang='lat' dir='ltr'><strong>si</strong></span> <span class='ocrx_word' id='word_1_130' title='bbox 2872 1455 2967 1523; x_wconf 89' lang='lat' dir='ltr'><strong>ita</strong></span> <span class='ocrx_word' id='word_1_131' title='bbox 3007 1454 3236 1522; x_wconf 77' lang='lat' dir='ltr'><strong>fuisset</strong></span> <span class='ocrx_word' id='word_1_132' title='bbox 3257 1506 3275 1540; x_wconf 91' lang='lat'>,</span> <span class='ocrx_word' id='word_1_133' title='bbox 3313 1462 3526 1544; x_wconf 89' lang='lat' dir='ltr'><strong>posset</strong></span> <span class='ocrx_word' id='word_1_134' title='bbox 3567 1455 3725 1525; x_wconf 87' lang='lat' dir='ltr'><strong>illos</strong></span> <span class='ocrx_word' id='word_1_135' title='bbox 3751 1457 3872 1524; x_wconf 89' lang='lat' dir='ltr'><strong>dici</strong></span> 
     </span>
     <span class='ocr_line' id='line_1_11' title="bbox 704 1572 3424 1666; baseline -0.002 -22"><span class='ocrx_word' id='word_1_136' title='bbox 704 1575 929 1666; x_wconf 91' lang='lat' dir='ltr'><strong>aliquo</strong></span> <span class='ocrx_word' id='word_1_137' title='bbox 957 1575 1149 1643; x_wconf 91' lang='lat' dir='ltr'><strong>modo</strong></span> <span class='ocrx_word' id='word_1_138' title='bbox 1179 1574 1378 1642; x_wconf 86' lang='lat' dir='ltr'><strong>fuisse</strong></span> <span class='ocrx_word' id='word_1_139' title='bbox 1403 1575 1663 1659; x_wconf 88' lang='lat' dir='ltr'><strong>beatos;</strong></span> <span class='ocrx_word' id='word_1_140' title='bbox 1698 1572 1861 1641; x_wconf 88' lang='lat' dir='ltr'><strong>alios</strong></span> <span class='ocrx_word' id='word_1_141' title='bbox 1888 1594 2046 1640; x_wconf 92' lang='lat' dir='ltr'><strong>vero</strong></span> <span class='ocrx_word' id='word_1_142' title='bbox 2076 1595 2210 1640; x_wconf 90' lang='lat' dir='ltr'><strong>non</strong></span> <span class='ocrx_word' id='word_1_143' title='bbox 2227 1623 2245 1658; x_wconf 90' lang='lat'>‚</span> <span class='ocrx_word' id='word_1_144' title='bbox 2276 1573 2393 1663; x_wconf 89' lang='lat' dir='ltr'><strong>qui</strong></span> <span class='ocrx_word' id='word_1_145' title='bbox 2422 1573 2836 1640; x_wconf 85' lang='lat' dir='ltr'><strong>nesciverunt</strong></span> <span class='ocrx_word' id='word_1_146' title='bbox 2861 1578 3170 1640; x_wconf 89' lang='lat' dir='ltr'><strong>eventum</strong></span> <span class='ocrx_word' id='word_1_147' title='bbox 3199 1593 3424 1640; x_wconf 89' lang='lat' dir='ltr'><strong>suum.</strong></span> 
     </span>
    </p>
   </div>
   <div class='ocr_carea' id='block_1_3' title="bbox 467 1687 3877 1809">
    <p class='ocr_par' dir='ltr' id='par_1_3' title="bbox 467 1687 3877 1809">
     <span class='ocr_line' id='line_1_12' title="bbox 467 1687 3877 1809; baseline -0.001 -48"><span class='ocrx_word' id='word_1_148' title='bbox 467 1692 679 1809; x_wconf 56' lang='lat' dir='ltr'><strong>opffiffio</strong></span> <span class='ocrx_word' id='word_1_149' title='bbox 797 1691 926 1760; x_wconf 88' lang='lat' dir='ltr'><strong>Sed</strong></span> <span class='ocrx_word' id='word_1_150' title='bbox 952 1691 1074 1759; x_wconf 91' lang='lat' dir='ltr'><strong>hoc</strong></span> <span class='ocrx_word' id='word_1_151' title='bbox 1100 1691 1310 1779; x_wconf 83' lang='lat' dir='ltr'><strong>magis</strong></span> <span class='ocrx_word' id='word_1_152' title='bbox 1336 1689 1666 1781; x_wconf 87' lang='lat' dir='ltr'><strong>opinando</strong></span> <span class='ocrx_word' id='word_1_153' title='bbox 1694 1696 1757 1756; x_wconf 91' lang='lat' dir='ltr'><strong>et</strong></span> <span class='ocrx_word' id='word_1_154' title='bbox 1771 1688 2125 1779; x_wconf 83' lang='lat' dir='ltr'><strong>quaerendo</strong></span> <span class='ocrx_word' id='word_1_155' title='bbox 2154 1687 2311 1755; x_wconf 88' lang='lat' dir='ltr'><strong>dicit</strong></span> <span class='ocrx_word' id='word_1_156' title='bbox 2331 1687 2772 1777; x_wconf 79' lang='lat' dir='ltr'><strong>AugustinuS,</strong></span> <span class='ocrx_word' id='word_1_157' title='bbox 2792 1710 2992 1778; x_wconf 89' lang='lat' dir='ltr'><strong>quam</strong></span> <span class='ocrx_word' id='word_1_158' title='bbox 3013 1687 3356 1756; x_wconf 87' lang='lat' dir='ltr'><strong>asserendo</strong></span> <span class='ocrx_word' id='word_1_159' title='bbox 3382 1712 3399 1754; x_wconf 72' lang='grc' dir='ltr'><strong>ε</strong></span> <span class='ocrx_word' id='word_1_160' title='bbox 3422 1688 3600 1757; x_wconf 87' lang='lat' dir='ltr'><strong>unde</strong></span> <span class='ocrx_word' id='word_1_161' title='bbox 3627 1696 3699 1758; x_wconf 85' lang='lat' dir='ltr'><strong>et</strong></span> <span class='ocrx_word' id='word_1_162' title='bbox 3726 1690 3877 1759; x_wconf 87' lang='lat' dir='ltr'><strong>huic</strong></span> 
     </span>
    </p>
   </div>
   <div class='ocr_carea' id='block_1_4' title="bbox 485 1803 3879 1899">
    <p class='ocr_par' dir='ltr' id='par_1_4' title="bbox 485 1803 3879 1899">
     <span class='ocr_line' id='line_1_13' title="bbox 485 1803 3879 1899; baseline 0.001 -28"><span class='ocrx_word' id='word_1_163' title='bbox 485 1814 681 1872; x_wconf 66' lang='lat' dir='ltr'><strong>Augusti·</strong></span> <span class='ocrx_word' id='word_1_164' title='bbox 708 1807 1002 1898; x_wconf 91' lang='lat' dir='ltr'><strong>opinioni</strong></span> <span class='ocrx_word' id='word_1_165' title='bbox 1036 1829 1371 1899; x_wconf 87' lang='lat' dir='ltr'><strong>opponens</strong></span> <span class='ocrx_word' id='word_1_166' title='bbox 1402 1812 1872 1896; x_wconf 89' lang='lat' dir='ltr'><strong>consequenter</strong></span> <span class='ocrx_word' id='word_1_167' title='bbox 1898 1804 2121 1873; x_wconf 81' lang='lat' dir='ltr'><strong>subdit</strong></span> <span class='ocrx_word' id='word_1_168' title='bbox 2149 1806 2170 1840; x_wconf 80' lang='lat'>⁸</span> <span class='ocrx_word' id='word_1_169' title='bbox 2202 1828 2218 1870; x_wconf 75' lang='grc' dir='ltr'><strong>ε</strong></span> <span class='ocrx_word' id='word_1_170' title='bbox 2255 1829 2290 1870; x_wconf 74' lang='grc' dir='ltr'><strong>ε(</strong></span> <span class='ocrx_word' id='word_1_171' title='bbox 2321 1804 2450 1872; x_wconf 85' lang='lat' dir='ltr'><strong>Sed</strong></span> <span class='ocrx_word' id='word_1_172' title='bbox 2480 1826 2683 1895; x_wconf 91' lang='lat' dir='ltr'><strong>quare</strong></span> <span class='ocrx_word' id='word_1_173' title='bbox 2719 1803 3251 1872; x_wconf 82' lang='lat' dir='ltr'><strong>discernebantur</strong></span> <span class='ocrx_word' id='word_1_174' title='bbox 3277 1804 3381 1872; x_wconf 92' lang='lat' dir='ltr'><strong>illi</strong></span> <span class='ocrx_word' id='word_1_175' title='bbox 3407 1828 3446 1871; x_wconf 91' lang='lat' dir='ltr'><strong>a</strong></span> <span class='ocrx_word' id='word_1_176' title='bbox 3473 1806 3729 1873; x_wconf 83' lang='lat' dir='ltr'><strong>caeteris</strong></span> <span class='ocrx_word' id='word_1_177' title='bbox 3757 1859 3776 1892; x_wconf 87' lang='lat'><strong><em>‚</em></strong></span> <span class='ocrx_word' id='word_1_178' title='bbox 3807 1816 3879 1875; x_wconf 88' lang='lat' dir='ltr'><strong>ut</strong></span> 
     </span>
    </p>
   </div>
   <div class='ocr_carea' id='block_1_5' title="bbox 480 1878 679 1920">
    <p class='ocr_par' dir='ltr' id='par_1_5' title="bbox 480 1878 679 1920">
     <span class='ocr_line' id='line_1_14' title="bbox 480 1878 679 1920; baseline 0.005 -1"><span class='ocrx_word' id='word_1_179' title='bbox 480 1890 559 1919; x_wconf 83' lang='lat' dir='ltr'><strong>nus</strong></span> <span class='ocrx_word' id='word_1_180' title='bbox 591 1878 679 1920; x_wconf 80' lang='lat' dir='ltr'><strong>haec</strong></span> 
     </span>
    </p>
   </div>
   <div class='ocr_carea' id='block_1_6' title="bbox 468 1919 3878 2020">
    <p class='ocr_par' dir='ltr' id='par_1_6' title="bbox 468 1919 3878 2020">
     <span class='ocr_line' id='line_1_15' title="bbox 468 1919 3878 2020; baseline 0 -30"><span class='ocrx_word' id='word_1_181' title='bbox 468 1939 573 1981; x_wconf 79' lang='lat' dir='ltr'><strong>dixit</strong></span> <span class='ocrx_word' id='word_1_182' title='bbox 595 1952 680 1982; x_wconf 84' lang='lat' dir='ltr'><strong>non</strong></span> <span class='ocrx_word' id='word_1_183' title='bbox 709 1923 882 1992; x_wconf 90' lang='lat' dir='ltr'><strong>Deus</strong></span> <span class='ocrx_word' id='word_1_184' title='bbox 907 1922 1047 1990; x_wconf 87' lang='lat' dir='ltr'><strong>istis</strong></span> <span class='ocrx_word' id='word_1_185' title='bbox 1073 1945 1220 2014; x_wconf 84' lang='lat' dir='ltr'><strong>quae</strong></span> <span class='ocrx_word' id='word_1_186' title='bbox 1249 1923 1331 1990; x_wconf 93' lang='lat' dir='ltr'><strong>ad</strong></span> <span class='ocrx_word' id='word_1_187' title='bbox 1357 1924 1528 2013; x_wconf 90' lang='lat' dir='ltr'><strong>ipsos</strong></span> <span class='ocrx_word' id='word_1_188' title='bbox 1555 1920 1996 2020; x_wconf 76' lang='lat' dir='ltr'><strong>pertinerent,</strong></span> <span class='ocrx_word' id='word_1_189' title='bbox 2031 1943 2165 1988; x_wconf 90' lang='lat' dir='ltr'><strong>non</strong></span> <span class='ocrx_word' id='word_1_190' title='bbox 2195 1919 2554 2004; x_wconf 89' lang='lat' dir='ltr'><strong>revelaret,</strong></span> <span class='ocrx_word' id='word_1_191' title='bbox 2597 1919 2745 1986; x_wconf 90' lang='lat' dir='ltr'><strong>aliis</strong></span> <span class='ocrx_word' id='word_1_192' title='bbox 2772 1940 2931 1987; x_wconf 89' lang='lat' dir='ltr'><strong>vero</strong></span> <span class='ocrx_word' id='word_1_193' title='bbox 2956 1919 3312 2005; x_wconf 88' lang='lat' dir='ltr'><strong>revelaret,</strong></span> <span class='ocrx_word' id='word_1_194' title='bbox 3344 1941 3497 1988; x_wconf 90' lang='lat' dir='ltr'><strong>cum</strong></span> <span class='ocrx_word' id='word_1_195' title='bbox 3527 1942 3666 1990; x_wconf 91' lang='lat' dir='ltr'><strong>non</strong></span> <span class='ocrx_word' id='word_1_196' title='bbox 3696 1922 3878 2014; x_wconf 89' lang='lat' dir='ltr'><strong>prius</strong></span> 
     </span>
    </p>
   </div>
   <div class='ocr_carea' id='block_1_7' title="bbox 468 2015 3879 2129">
    <p class='ocr_par' dir='ltr' id='par_1_7' title="bbox 468 2015 3879 2129">
     <span class='ocr_line' id='line_1_16' title="bbox 468 2015 3879 2129; baseline 0 -23"><span class='ocrx_word' id='word_1_197' title='bbox 468 2015 682 2116; x_wconf 58' lang='lat' dir='ltr'><strong>gj‘ffij</strong></span> <span class='ocrx_word' id='word_1_198' title='bbox 708 2040 791 2107; x_wconf 88' lang='lat' dir='ltr'><strong>sit</strong></span> <span class='ocrx_word' id='word_1_199' title='bbox 816 2039 953 2129; x_wconf 90' lang='lat' dir='ltr'><strong>ipse</strong></span> <span class='ocrx_word' id='word_1_200' title='bbox 981 2040 1180 2121; x_wconf 87' lang='lat' dir='ltr'><strong>ultor,</strong></span> <span class='ocrx_word' id='word_1_201' title='bbox 1215 2060 1416 2128; x_wconf 90' lang='lat' dir='ltr'><strong>quam</strong></span> <span class='ocrx_word' id='word_1_202' title='bbox 1445 2037 1686 2128; x_wconf 86' lang='lat' dir='ltr'><strong>aliquis</strong></span> <span class='ocrx_word' id='word_1_203' title='bbox 1724 2045 2016 2127; x_wconf 88' lang='lat' dir='ltr'><strong>peccator</strong></span> <span class='ocrx_word' id='word_1_204' title='bbox 2043 2041 2075 2103; x_wconf 69' lang='grc' dir='ltr'><strong><em>Ἰ</em></strong></span> <span class='ocrx_word' id='word_1_205' title='bbox 2107 2058 2242 2104; x_wconf 91' lang='lat' dir='ltr'><strong>non</strong></span> <span class='ocrx_word' id='word_1_206' title='bbox 2271 2036 2446 2103; x_wconf 90' lang='lat' dir='ltr'><strong>enim</strong></span> <span class='ocrx_word' id='word_1_207' title='bbox 2489 2035 2757 2103; x_wconf 90' lang='lat' dir='ltr'><strong>damnat</strong></span> <span class='ocrx_word' id='word_1_208' title='bbox 2795 2035 2931 2127; x_wconf 89' lang='lat' dir='ltr'><strong>ipse</strong></span> <span class='ocrx_word' id='word_1_209' title='bbox 2959 2036 3358 2104; x_wconf 64' lang='lat' dir='ltr'><strong>innocentes».</strong></span> <span class='ocrx_word' id='word_1_210' title='bbox 3396 2061 3432 2102; x_wconf 62' lang='lat' dir='ltr'><em>w</em></span> <span class='ocrx_word' id='word_1_211' title='bbox 3462 2036 3585 2105; x_wconf 91' lang='lat' dir='ltr'><strong>Hic</strong></span> <span class='ocrx_word' id='word_1_212' title='bbox 3609 2039 3879 2108; x_wconf 88' lang='lat' dir='ltr'><strong>videtur</strong></span> 
     </span>
    </p>
   </div>
   <div class='ocr_carea' id='block_1_8' title="bbox 467 2128 3879 2245">
    <p class='ocr_par' dir='ltr' id='par_1_8' title="bbox 467 2128 3879 2245">
     <span class='ocr_line' id='line_1_17' title="bbox 467 2128 3879 2245; baseline 0 -22"><span class='ocrx_word' id='word_1_213' title='bbox 467 2128 681 2244; x_wconf 53' lang='grc' dir='ltr'><strong>οῗῃξὲἷῖᾱ</strong></span> <span class='ocrx_word' id='word_1_214' title='bbox 708 2156 985 2223; x_wconf 91' lang='lat' dir='ltr'><strong>innuere</strong></span> <span class='ocrx_word' id='word_1_215' title='bbox 1013 2154 1189 2245; x_wconf 91' lang='lat' dir='ltr'><strong>quod</strong></span> <span class='ocrx_word' id='word_1_216' title='bbox 1220 2176 1337 2222; x_wconf 89' lang='lat' dir='ltr'><strong>nec</strong></span> <span class='ocrx_word' id='word_1_217' title='bbox 1365 2154 1723 2245; x_wconf 81' lang='lat' dir='ltr'><strong>peccaturis</strong></span> <span class='ocrx_word' id='word_1_218' title='bbox 1751 2153 2053 2222; x_wconf 88' lang='lat' dir='ltr'><strong>futurum</strong></span> <span class='ocrx_word' id='word_1_219' title='bbox 2084 2149 2330 2221; x_wconf 87' lang='lat' dir='ltr'><strong>malum</strong></span> <span class='ocrx_word' id='word_1_220' title='bbox 2352 2203 2370 2237; x_wconf 91' lang='lat'>,</span> <span class='ocrx_word' id='word_1_221' title='bbox 2405 2173 2524 2219; x_wconf 90' lang='lat' dir='ltr'><strong>nec</strong></span> <span class='ocrx_word' id='word_1_222' title='bbox 2550 2153 2991 2242; x_wconf 89' lang='lat' dir='ltr'><strong>permansuris</strong></span> <span class='ocrx_word' id='word_1_223' title='bbox 3019 2153 3319 2221; x_wconf 77' lang='lat' dir='ltr'><strong>futurum</strong></span> <span class='ocrx_word' id='word_1_224' title='bbox 3344 2154 3595 2222; x_wconf 89' lang='lat' dir='ltr'><strong>bonum</strong></span> <span class='ocrx_word' id='word_1_225' title='bbox 3623 2154 3879 2225; x_wconf 89' lang='lat' dir='ltr'><strong>revela-</strong></span> 
     </span>
    </p>
   </div>
   <div class='ocr_carea' id='block_1_9' title="bbox 467 2263 3881 2367">
    <p class='ocr_par' dir='ltr' id='par_1_9' title="bbox 467 2263 3881 2367">
     <span class='ocr_line' id='line_1_18' title="bbox 467 2263 3881 2367; baseline 0.001 -29"><span class='ocrx_word' id='word_1_226' title='bbox 467 2263 682 2367; x_wconf 55' lang='lat' dir='ltr'><strong>ffissssrflssf,</strong></span> <span class='ocrx_word' id='word_1_227' title='bbox 711 2271 899 2340; x_wconf 90' lang='lat' dir='ltr'><strong>verit.</strong></span> <span class='ocrx_word' id='word_1_228' title='bbox 930 2271 1214 2362; x_wconf 88' lang='lat' dir='ltr'><strong>Ideoque</strong></span> <span class='ocrx_word' id='word_1_229' title='bbox 1242 2270 1488 2340; x_wconf 89' lang='lat' dir='ltr'><strong>necilli</strong></span> <span class='ocrx_word' id='word_1_230' title='bbox 1517 2269 1638 2362; x_wconf 92' lang='lat' dir='ltr'><strong>qui</strong></span> <span class='ocrx_word' id='word_1_231' title='bbox 1664 2268 2037 2338; x_wconf 88' lang='lat' dir='ltr'><strong>ceciderunt</strong></span> <span class='ocrx_word' id='word_1_232' title='bbox 2072 2291 2370 2359; x_wconf 88' lang='lat' dir='ltr'><strong>unquam</strong></span> <span class='ocrx_word' id='word_1_233' title='bbox 2395 2319 2414 2353; x_wconf 87' lang='lat'><strong><em>,</em></strong></span> <span class='ocrx_word' id='word_1_234' title='bbox 2452 2291 2572 2335; x_wconf 88' lang='lat' dir='ltr'><strong>nec</strong></span> <span class='ocrx_word' id='word_1_235' title='bbox 2605 2267 2708 2335; x_wconf 90' lang='lat' dir='ltr'><strong>illi</strong></span> <span class='ocrx_word' id='word_1_236' title='bbox 2737 2267 2852 2358; x_wconf 89' lang='lat' dir='ltr'><strong>qui</strong></span> <span class='ocrx_word' id='word_1_237' title='bbox 2893 2269 3316 2359; x_wconf 88' lang='lat' dir='ltr'><strong>perstiterunt</strong></span> <span class='ocrx_word' id='word_1_238' title='bbox 3344 2291 3553 2361; x_wconf 89' lang='lat' dir='ltr'><strong>usque</strong></span> <span class='ocrx_word' id='word_1_239' title='bbox 3598 2270 3689 2339; x_wconf 88' lang='lat' dir='ltr'><strong>ad</strong></span> <span class='ocrx_word' id='word_1_240' title='bbox 3728 2293 3881 2339; x_wconf 90' lang='lat' dir='ltr'><strong>con-</strong></span> 
     </span>
    </p>
   </div>
   <div class='ocr_carea' id='block_1_10' title="bbox 496 2378 3879 2476">
    <p class='ocr_par' dir='ltr' id='par_1_10' title="bbox 496 2378 3879 2476">
     <span class='ocr_line' id='line_1_19' title="bbox 496 2378 3879 2476; baseline 0.001 -24"><span class='ocrx_word' id='word_1_241' title='bbox 496 2378 661 2431; x_wconf 61' lang='lat' dir='ltr'><strong>p‘ffl‘i</strong></span> <span class='ocrx_word' id='word_1_242' title='bbox 707 2389 1212 2457; x_wconf 86' lang='lat' dir='ltr'><strong>summationem</strong></span> <span class='ocrx_word' id='word_1_243' title='bbox 1240 2388 1413 2455; x_wconf 87' lang='lat' dir='ltr'><strong>beati</strong></span> <span class='ocrx_word' id='word_1_244' title='bbox 1440 2387 1709 2455; x_wconf 82' lang='lat' dir='ltr'><strong>fuerunt</strong></span> <span class='ocrx_word' id='word_1_245' title='bbox 1733 2437 1751 2471; x_wconf 91' lang='lat'>,</span> <span class='ocrx_word' id='word_1_246' title='bbox 1794 2384 1951 2476; x_wconf 90' lang='lat' dir='ltr'><strong>quia</strong></span> <span class='ocrx_word' id='word_1_247' title='bbox 1976 2384 2150 2453; x_wconf 88' lang='lat' dir='ltr'><strong>beati</strong></span> <span class='ocrx_word' id='word_1_248' title='bbox 2179 2408 2313 2453; x_wconf 92' lang='lat' dir='ltr'><strong>non</strong></span> <span class='ocrx_word' id='word_1_249' title='bbox 2340 2392 2641 2476; x_wconf 88' lang='lat' dir='ltr'><strong>poterant</strong></span> <span class='ocrx_word' id='word_1_250' title='bbox 2667 2407 2839 2470; x_wconf 89' lang='lat' dir='ltr'><strong>esse,</strong></span> <span class='ocrx_word' id='word_1_251' title='bbox 2894 2385 2948 2452; x_wconf 90' lang='lat' dir='ltr'><strong>si</strong></span> <span class='ocrx_word' id='word_1_252' title='bbox 2983 2386 3063 2454; x_wconf 93' lang='lat' dir='ltr'><strong>de</strong></span> <span class='ocrx_word' id='word_1_253' title='bbox 3112 2385 3516 2454; x_wconf 87' lang='lat' dir='ltr'><strong>beatitudine</strong></span> <span class='ocrx_word' id='word_1_254' title='bbox 3552 2388 3719 2456; x_wconf 90' lang='lat' dir='ltr'><strong>certi</strong></span> <span class='ocrx_word' id='word_1_255' title='bbox 3746 2412 3879 2458; x_wconf 91' lang='lat' dir='ltr'><strong>non</strong></span> 
     </span>
    </p>
   </div>
   <div class='ocr_carea' id='block_1_11' title="bbox 490 2439 661 2482">
    <p class='ocr_par' dir='ltr' id='par_1_11' title="bbox 490 2439 661 2482">
     <span class='ocr_line' id='line_1_20' title="bbox 490 2439 661 2482; baseline 0.006 -2"><span class='ocrx_word' id='word_1_256' title='bbox 490 2439 661 2482; x_wconf 80' lang='lat' dir='ltr'><strong>fuerunt</strong></span> 
     </span>
    </p>
   </div>
   <div class='ocr_carea' id='block_1_12' title="bbox 510 2473 3872 2607">
    <p class='ocr_par' dir='ltr' id='par_1_12' title="bbox 510 2473 3872 2607">
     <span class='ocr_line' id='line_1_21' title="bbox 510 2473 3872 2607; baseline 0.001 -38"><span class='ocrx_word' id='word_1_257' title='bbox 510 2501 639 2607; x_wconf 45' lang='grc' dir='ltr'><strong>ἓξὲξ</strong></span> <span class='ocrx_word' id='word_1_258' title='bbox 708 2512 923 2592; x_wconf 87' lang='lat' dir='ltr'><strong>erant,</strong></span> <span class='ocrx_word' id='word_1_259' title='bbox 958 2504 1063 2572; x_wconf 87' lang='lat' dir='ltr'><strong>vel</strong></span> <span class='ocrx_word' id='word_1_260' title='bbox 1091 2504 1147 2570; x_wconf 90' lang='lat' dir='ltr'><strong>si</strong></span> <span class='ocrx_word' id='word_1_261' title='bbox 1172 2502 1609 2571; x_wconf 89' lang='lat' dir='ltr'><strong>damnationis</strong></span> <span class='ocrx_word' id='word_1_262' title='bbox 1636 2501 1866 2569; x_wconf 87' lang='lat' dir='ltr'><strong>incerti</strong></span> <span class='ocrx_word' id='word_1_263' title='bbox 1895 2510 2103 2570; x_wconf 87' lang='lat' dir='ltr'><strong>erant.</strong></span> <span class='ocrx_word' id='word_1_264' title='bbox 2135 2501 2326 2570; x_wconf 88' lang='lat' dir='ltr'><strong>Unde</strong></span> <span class='ocrx_word' id='word_1_265' title='bbox 2352 2501 2766 2590; x_wconf 84' lang='lat' dir='ltr'><strong>Augustinus</strong></span> <span class='ocrx_word' id='word_1_266' title='bbox 2791 2500 2863 2568; x_wconf 92' lang='lat' dir='ltr'><strong>in</strong></span> <span class='ocrx_word' id='word_1_267' title='bbox 2891 2501 3119 2569; x_wconf 91' lang='lat' dir='ltr'><strong>eodem</strong></span> <span class='ocrx_word' id='word_1_268' title='bbox 3148 2505 3169 2540; x_wconf 77' lang='lat'><strong>⁸</strong></span> <span class='ocrx_word' id='word_1_269' title='bbox 3194 2473 3218 2568; x_wconf 81' lang='lat'><strong>¹:</strong></span> <span class='ocrx_word' id='word_1_270' title='bbox 3263 2502 3583 2590; x_wconf 84' lang='lat' dir='ltr'><strong>«Dicere,</strong></span> <span class='ocrx_word' id='word_1_271' title='bbox 3614 2504 3872 2598; x_wconf 88' lang='lat' dir='ltr'><strong>inquit,</strong></span> 
     </span>
    </p>
   </div>
   <div class='ocr_carea' id='block_1_13' title="bbox 523 2617 3880 3060">
    <p class='ocr_par' dir='ltr' id='par_1_13' title="bbox 707 2617 3880 2945">
     <span class='ocr_line' id='line_1_22' title="bbox 708 2617 3878 2714; baseline 0.001 -27"><span class='ocrx_word' id='word_1_272' title='bbox 708 2621 788 2689; x_wconf 91' lang='lat' dir='ltr'><strong>de</strong></span> <span class='ocrx_word' id='word_1_273' title='bbox 817 2619 1091 2709; x_wconf 77' lang='lat' dir='ltr'><strong>angeliS,</strong></span> <span class='ocrx_word' id='word_1_274' title='bbox 1123 2618 1301 2712; x_wconf 89' lang='lat' dir='ltr'><strong>quod</strong></span> <span class='ocrx_word' id='word_1_275' title='bbox 1330 2619 1400 2686; x_wconf 89' lang='lat' dir='ltr'><strong>in</strong></span> <span class='ocrx_word' id='word_1_276' title='bbox 1431 2640 1551 2686; x_wconf 90' lang='lat' dir='ltr'><strong>suo</strong></span> <span class='ocrx_word' id='word_1_277' title='bbox 1581 2640 1817 2707; x_wconf 83' lang='lat' dir='ltr'><strong>genere</strong></span> <span class='ocrx_word' id='word_1_278' title='bbox 1842 2618 2014 2686; x_wconf 88' lang='lat' dir='ltr'><strong>beati</strong></span> <span class='ocrx_word' id='word_1_279' title='bbox 2044 2641 2179 2686; x_wconf 89' lang='lat' dir='ltr'><strong>esse</strong></span> <span class='ocrx_word' id='word_1_280' title='bbox 2206 2625 2466 2709; x_wconf 86' lang='lat' dir='ltr'><strong>possent</strong></span> <span class='ocrx_word' id='word_1_281' title='bbox 2492 2617 2930 2686; x_wconf 87' lang='lat' dir='ltr'><strong>damnationis</strong></span> <span class='ocrx_word' id='word_1_282' title='bbox 2958 2617 3061 2684; x_wconf 91' lang='lat' dir='ltr'><strong>vel</strong></span> <span class='ocrx_word' id='word_1_283' title='bbox 3087 2617 3315 2687; x_wconf 89' lang='lat' dir='ltr'><strong>salutis</strong></span> <span class='ocrx_word' id='word_1_284' title='bbox 3341 2618 3598 2707; x_wconf 88' lang='lat' dir='ltr'><strong>incerti,</strong></span> <span class='ocrx_word' id='word_1_285' title='bbox 3630 2622 3878 2714; x_wconf 88' lang='lat' dir='ltr'><strong>quibus</strong></span> 
     </span>
     <span class='ocr_line' id='line_1_23' title="bbox 709 2733 3880 2828; baseline 0.001 -24"><span class='ocrx_word' id='word_1_286' title='bbox 709 2758 828 2804; x_wconf 88' lang='lat' dir='ltr'><strong>nec</strong></span> <span class='ocrx_word' id='word_1_287' title='bbox 854 2759 997 2828; x_wconf 87' lang='lat' dir='ltr'><strong>spes</strong></span> <span class='ocrx_word' id='word_1_288' title='bbox 1024 2743 1186 2804; x_wconf 89' lang='lat' dir='ltr'><strong>esset</strong></span> <span class='ocrx_word' id='word_1_289' title='bbox 1222 2734 1399 2826; x_wconf 90' lang='lat' dir='ltr'><strong>quod</strong></span> <span class='ocrx_word' id='word_1_290' title='bbox 1431 2733 1730 2802; x_wconf 84' lang='lat' dir='ltr'><strong>mutandi</strong></span> <span class='ocrx_word' id='word_1_291' title='bbox 1759 2743 1970 2801; x_wconf 85' lang='lat' dir='ltr'><strong>essent</strong></span> <span class='ocrx_word' id='word_1_292' title='bbox 2013 2734 2085 2801; x_wconf 91' lang='lat' dir='ltr'><strong>in</strong></span> <span class='ocrx_word' id='word_1_293' title='bbox 2126 2734 2363 2802; x_wconf 90' lang='lat' dir='ltr'><strong>melius</strong></span> <span class='ocrx_word' id='word_1_294' title='bbox 2386 2786 2404 2820; x_wconf 90' lang='lat'>‚</span> <span class='ocrx_word' id='word_1_295' title='bbox 2461 2734 2669 2801; x_wconf 90' lang='lat' dir='ltr'><strong>nimia</strong></span> <span class='ocrx_word' id='word_1_296' title='bbox 2708 2733 3128 2825; x_wconf 58' lang='lat' dir='ltr'><strong>praesumptio</strong></span> <span class='ocrx_word' id='word_1_297' title='bbox 3156 2741 3271 2802; x_wconf 88' lang='lat' dir='ltr'><strong>est.</strong></span> <span class='ocrx_word' id='word_1_298' title='bbox 3319 2733 3664 2815; x_wconf 85' lang='lat' dir='ltr'><strong>Quomodo</strong></span> <span class='ocrx_word' id='word_1_299' title='bbox 3701 2738 3880 2806; x_wconf 91' lang='lat' dir='ltr'><strong>enim</strong></span> 
     </span>
     <span class='ocr_line' id='line_1_24' title="bbox 707 2849 2676 2945; baseline -0.003 -25"><span class='ocrx_word' id='word_1_300' title='bbox 707 2852 881 2921; x_wconf 91' lang='lat' dir='ltr'><strong>beati</strong></span> <span class='ocrx_word' id='word_1_301' title='bbox 909 2875 1043 2921; x_wconf 87' lang='lat' dir='ltr'><strong>esse</strong></span> <span class='ocrx_word' id='word_1_302' title='bbox 1070 2860 1378 2945; x_wconf 88' lang='lat' dir='ltr'><strong>possunt,</strong></span> <span class='ocrx_word' id='word_1_303' title='bbox 1410 2852 1655 2942; x_wconf 90' lang='lat' dir='ltr'><strong>quibus</strong></span> <span class='ocrx_word' id='word_1_304' title='bbox 1683 2857 1779 2918; x_wconf 89' lang='lat' dir='ltr'><strong>est</strong></span> <span class='ocrx_word' id='word_1_305' title='bbox 1806 2850 2055 2919; x_wconf 90' lang='lat' dir='ltr'><strong>incerta</strong></span> <span class='ocrx_word' id='word_1_306' title='bbox 2079 2874 2200 2918; x_wconf 91' lang='lat' dir='ltr'><strong>sua</strong></span> <span class='ocrx_word' id='word_1_307' title='bbox 2226 2849 2602 2919; x_wconf 68' lang='lat' dir='ltr'><strong>beatitudo?</strong></span> <span class='ocrx_word' id='word_1_308' title='bbox 2641 2875 2676 2916; x_wconf 86' lang='lat'>»</span> 
     </span>
    </p>

    <p class='ocr_par' dir='ltr' id='par_1_14' title="bbox 523 2967 3880 3060">
     <span class='ocr_line' id='line_1_25' title="bbox 523 2967 3880 3060; baseline 0.001 -24"><span class='ocrx_word' id='word_1_309' title='bbox 523 2971 649 3015; x_wconf 67' lang='lat' dir='ltr'><strong>Sum·</strong></span> <span class='ocrx_word' id='word_1_310' title='bbox 797 2969 896 3036; x_wconf 83' lang='lat' dir='ltr'><strong>Ex</strong></span> <span class='ocrx_word' id='word_1_311' title='bbox 923 2969 1248 3060; x_wconf 83' lang='lat' dir='ltr'><strong>praedictis</strong></span> <span class='ocrx_word' id='word_1_312' title='bbox 1274 2968 1721 3058; x_wconf 85' lang='lat' dir='ltr'><strong>consequitur,</strong></span> <span class='ocrx_word' id='word_1_313' title='bbox 1756 2967 1936 3059; x_wconf 92' lang='lat' dir='ltr'><strong>quod</strong></span> <span class='ocrx_word' id='word_1_314' title='bbox 1960 2969 2180 3057; x_wconf 90' lang='lat' dir='ltr'><strong>angeli</strong></span> <span class='ocrx_word' id='word_1_315' title='bbox 2202 2967 2320 3059; x_wconf 92' lang='lat' dir='ltr'><strong>qui</strong></span> <span class='ocrx_word' id='word_1_316' title='bbox 2347 2974 2737 3035; x_wconf 85' lang='lat' dir='ltr'><strong>corruerunt</strong></span> <span class='ocrx_word' id='word_1_317' title='bbox 2755 3019 2773 3053; x_wconf 88' lang='lat'>,</span> <span class='ocrx_word' id='word_1_318' title='bbox 2807 2984 3161 3058; x_wconf 73' lang='lat' dir='ltr'><strong>nunquam</strong></span> <span class='ocrx_word' id='word_1_319' title='bbox 3196 2968 3368 3037; x_wconf 88' lang='lat' dir='ltr'><strong>beati</strong></span> <span class='ocrx_word' id='word_1_320' title='bbox 3394 2969 3667 3038; x_wconf 77' lang='lat' dir='ltr'><strong>fuerunt</strong></span> <span class='ocrx_word' id='word_1_321' title='bbox 3693 3022 3713 3058; x_wconf 88' lang='lat'>,</span> <span class='ocrx_word' id='word_1_322' title='bbox 3757 2971 3880 3039; x_wconf 85' lang='lat' dir='ltr'><strong>nisi</strong></span> 
     </span>
    </p>
   </div>
   <div class='ocr_carea' id='block_1_14' title="bbox 470 3033 681 3076">
    <p class='ocr_par' dir='ltr' id='par_1_15' title="bbox 470 3033 681 3076">
     <span class='ocr_line' id='line_1_26' title="bbox 470 3033 681 3076; baseline 0.005 -1"><span class='ocrx_word' id='word_1_323' title='bbox 470 3045 581 3075; x_wconf 76' lang='lat' dir='ltr'><strong>mam</strong></span> <span class='ocrx_word' id='word_1_324' title='bbox 595 3033 681 3076; x_wconf 87' lang='lat' dir='ltr'><strong>col-</strong></span> 
     </span>
    </p>
   </div>
   <div class='ocr_carea' id='block_1_15' title="bbox 472 3083 3874 3179">
    <p class='ocr_par' dir='ltr' id='par_1_16' title="bbox 472 3083 3874 3179">
     <span class='ocr_line' id='line_1_27' title="bbox 472 3083 3874 3179; baseline 0.002 -30"><span class='ocrx_word' id='word_1_325' title='bbox 472 3094 681 3152; x_wconf 71' lang='lat' dir='ltr'><strong>lisitproe·</strong></span> <span class='ocrx_word' id='word_1_326' title='bbox 709 3084 1179 3155; x_wconf 88' lang='lat' dir='ltr'><strong>beatitudinem</strong></span> <span class='ocrx_word' id='word_1_327' title='bbox 1206 3084 1448 3177; x_wconf 90' lang='lat' dir='ltr'><strong>aliquis</strong></span> <span class='ocrx_word' id='word_1_328' title='bbox 1476 3084 1746 3175; x_wconf 85' lang='lat' dir='ltr'><strong>accipiat</strong></span> <span class='ocrx_word' id='word_1_329' title='bbox 1773 3085 1965 3154; x_wconf 90' lang='lat' dir='ltr'><strong>illum</strong></span> <span class='ocrx_word' id='word_1_330' title='bbox 1992 3092 2237 3153; x_wconf 88' lang='lat' dir='ltr'><strong>statum</strong></span> <span class='ocrx_word' id='word_1_331' title='bbox 2263 3083 2654 3153; x_wconf 82' lang='lat' dir='ltr'><strong>inn’ocentiae</strong></span> <span class='ocrx_word' id='word_1_332' title='bbox 2688 3138 2705 3171; x_wconf 92' lang='lat'>‚</span> <span class='ocrx_word' id='word_1_333' title='bbox 2737 3083 2808 3153; x_wconf 88' lang='lat' dir='ltr'><strong>in</strong></span> <span class='ocrx_word' id='word_1_334' title='bbox 2844 3107 2978 3176; x_wconf 91' lang='lat' dir='ltr'><strong>quo</strong></span> <span class='ocrx_word' id='word_1_335' title='bbox 3024 3084 3484 3156; x_wconf 67' lang='lat' dir='ltr'><strong>immutante</strong></span> <span class='ocrx_word' id='word_1_336' title='bbox 3511 3096 3874 3179; x_wconf 88' lang='lat' dir='ltr'><strong>peccatum.</strong></span> 
     </span>
    </p>
   </div>
   <div class='ocr_carea' id='block_1_16' title="bbox 472 3158 679 3202">
    <p class='ocr_par' dir='ltr' id='par_1_17' title="bbox 472 3158 679 3202">
     <span class='ocr_line' id='line_1_28' title="bbox 472 3158 679 3202; baseline 0.019 -4"><span class='ocrx_word' id='word_1_337' title='bbox 472 3158 679 3202; x_wconf 85' lang='lat' dir='ltr'><strong>dictorum</strong></span> 
     </span>
    </p>
   </div>
   <div class='ocr_carea' id='block_1_17' title="bbox 508 3201 3879 3295">
    <p class='ocr_par' dir='ltr' id='par_1_18' title="bbox 508 3201 3879 3295">
     <span class='ocr_line' id='line_1_29' title="bbox 508 3201 3879 3295; baseline 0.003 -32"><span class='ocrx_word' id='word_1_338' title='bbox 508 3221 658 3263; x_wconf 80' lang='lat' dir='ltr'><strong>confir·</strong></span> <span class='ocrx_word' id='word_1_339' title='bbox 709 3202 815 3270; x_wconf 90' lang='lat' dir='ltr'><strong>Illi</strong></span> <span class='ocrx_word' id='word_1_340' title='bbox 848 3225 1002 3271; x_wconf 89' lang='lat' dir='ltr'><strong>vero</strong></span> <span class='ocrx_word' id='word_1_341' title='bbox 1035 3204 1152 3295; x_wconf 92' lang='lat' dir='ltr'><strong>qui</strong></span> <span class='ocrx_word' id='word_1_342' title='bbox 1185 3203 1644 3294; x_wconf 88' lang='lat' dir='ltr'><strong>perstiterunt,</strong></span> <span class='ocrx_word' id='word_1_343' title='bbox 1695 3210 1812 3270; x_wconf 87' lang='lat' dir='ltr'><strong>aut</strong></span> <span class='ocrx_word' id='word_1_344' title='bbox 1850 3225 2038 3270; x_wconf 86' lang='lat' dir='ltr'><strong>suam</strong></span> <span class='ocrx_word' id='word_1_345' title='bbox 2075 3202 2550 3270; x_wconf 88' lang='lat' dir='ltr'><strong>beatitudinem</strong></span> <span class='ocrx_word' id='word_1_346' title='bbox 2591 3201 2886 3271; x_wconf 77' lang='lat' dir='ltr'><strong>futuram</strong></span> <span class='ocrx_word' id='word_1_347' title='bbox 2908 3255 2925 3287; x_wconf 92' lang='lat'>,</span> <span class='ocrx_word' id='word_1_348' title='bbox 2980 3201 3114 3271; x_wconf 92' lang='lat' dir='ltr'><strong>Deo</strong></span> <span class='ocrx_word' id='word_1_349' title='bbox 3160 3203 3491 3272; x_wconf 88' lang='lat' dir='ltr'><strong>revelante</strong></span> <span class='ocrx_word' id='word_1_350' title='bbox 3516 3258 3533 3290; x_wconf 92' lang='lat'>,</span> <span class='ocrx_word' id='word_1_351' title='bbox 3585 3205 3879 3295; x_wconf 81' lang='lat' dir='ltr'><strong>praescie-</strong></span> 
     </span>
    </p>
   </div>
   <div class='ocr_carea' id='block_1_18' title="bbox 518 3296 636 3326">
    <p class='ocr_par' dir='ltr' id='par_1_19' title="bbox 518 3296 636 3326">
     <span class='ocr_line' id='line_1_30' title="bbox 518 3296 636 3326; baseline 0.017 -2"><span class='ocrx_word' id='word_1_352' title='bbox 518 3296 636 3326; x_wconf 73' lang='grc' dir='ltr'><strong>1118.Πὸ</strong></span> 
     </span>
    </p>
   </div>
   <div class='ocr_carea' id='block_1_19' title="bbox 491 3318 3877 3462">
    <p class='ocr_par' dir='ltr' id='par_1_20' title="bbox 491 3318 3877 3462">
     <span class='ocr_line' id='line_1_31' title="bbox 513 3318 3877 3448; baseline 0.001 -62"><span class='ocrx_word' id='word_1_353' title='bbox 513 3357 659 3448; x_wconf 62' lang='lat' dir='ltr'><strong>omnles</strong></span> <span class='ocrx_word' id='word_1_354' title='bbox 714 3325 907 3401; x_wconf 88' lang='lat' dir='ltr'><strong>runt,</strong></span> <span class='ocrx_word' id='word_1_355' title='bbox 939 3318 1122 3386; x_wconf 88' lang='lat' dir='ltr'><strong>etita</strong></span> <span class='ocrx_word' id='word_1_356' title='bbox 1147 3319 1285 3409; x_wconf 89' lang='lat' dir='ltr'><strong>spei</strong></span> <span class='ocrx_word' id='word_1_357' title='bbox 1310 3318 1698 3386; x_wconf 83' lang='lat' dir='ltr'><strong>certitudine</strong></span> <span class='ocrx_word' id='word_1_358' title='bbox 1726 3318 1949 3408; x_wconf 87' lang='lat' dir='ltr'><strong>aliquo</strong></span> <span class='ocrx_word' id='word_1_359' title='bbox 1978 3319 2172 3387; x_wconf 89' lang='lat' dir='ltr'><strong>modo</strong></span> <span class='ocrx_word' id='word_1_360' title='bbox 2200 3318 2372 3387; x_wconf 87' lang='lat' dir='ltr'><strong>beati</strong></span> <span class='ocrx_word' id='word_1_361' title='bbox 2400 3318 2707 3404; x_wconf 84' lang='lat' dir='ltr'><strong>fuerunt3</strong></span> <span class='ocrx_word' id='word_1_362' title='bbox 2737 3320 2844 3387; x_wconf 90' lang='lat' dir='ltr'><strong>vel</strong></span> <span class='ocrx_word' id='word_1_363' title='bbox 2872 3319 3102 3388; x_wconf 88' lang='lat' dir='ltr'><strong>incerti</strong></span> <span class='ocrx_word' id='word_1_364' title='bbox 3131 3322 3480 3389; x_wconf 80' lang='lat' dir='ltr'><strong>extiterunt</strong></span> <span class='ocrx_word' id='word_1_365' title='bbox 3507 3344 3645 3389; x_wconf 82' lang='lat' dir='ltr'><strong>suae</strong></span> <span class='ocrx_word' id='word_1_366' title='bbox 3669 3323 3877 3390; x_wconf 89' lang='lat' dir='ltr'><strong>beati-</strong></span> 
     </span>
     <span class='ocr_line' id='line_1_32' title="bbox 491 3418 667 3462; baseline 0.023 -15"><span class='ocrx_word' id='word_1_367' title='bbox 491 3418 600 3462; x_wconf 70' lang='lat' dir='ltr'><strong>ange</strong></span> <span class='ocrx_word' id='word_1_368' title='bbox 620 3421 667 3451; x_wconf 67' lang='grc' dir='ltr'><strong>οι</strong></span> 
     </span>
    </p>
   </div>
   <div class='ocr_carea' id='block_1_20' title="bbox 471 3433 3874 3531">
    <p class='ocr_par' dir='ltr' id='par_1_21' title="bbox 471 3433 3874 3531">
     <span class='ocr_line' id='line_1_33' title="bbox 471 3433 3874 3531; baseline 0.002 -30"><span class='ocrx_word' id='word_1_369' title='bbox 471 3473 567 3511; x_wconf 58' lang='lat' dir='ltr'><strong>„ute</strong></span> <span class='ocrx_word' id='word_1_370' title='bbox 587 3483 685 3513; x_wconf 62' lang='lat' dir='ltr'><strong>con.</strong></span> <span class='ocrx_word' id='word_1_371' title='bbox 712 3433 885 3501; x_wconf 87' lang='lat' dir='ltr'><strong>dinis</strong></span> <span class='ocrx_word' id='word_1_372' title='bbox 907 3487 924 3518; x_wconf 93' lang='lat'>‚</span> <span class='ocrx_word' id='word_1_373' title='bbox 959 3436 1140 3502; x_wconf 85' lang='lat' dir='ltr'><strong>etita</strong></span> <span class='ocrx_word' id='word_1_374' title='bbox 1173 3435 1361 3504; x_wconf 84' lang='lat' dir='ltr'><strong>aliter</strong></span> <span class='ocrx_word' id='word_1_375' title='bbox 1388 3435 1560 3503; x_wconf 90' lang='lat' dir='ltr'><strong>beati</strong></span> <span class='ocrx_word' id='word_1_376' title='bbox 1589 3458 1722 3504; x_wconf 90' lang='lat' dir='ltr'><strong>non</strong></span> <span class='ocrx_word' id='word_1_377' title='bbox 1753 3436 2025 3504; x_wconf 86' lang='lat' dir='ltr'><strong>fuerunt</strong></span> <span class='ocrx_word' id='word_1_378' title='bbox 2050 3489 2069 3522; x_wconf 92' lang='lat'>,</span> <span class='ocrx_word' id='word_1_379' title='bbox 2111 3458 2311 3527; x_wconf 90' lang='lat' dir='ltr'><strong>quam</strong></span> <span class='ocrx_word' id='word_1_380' title='bbox 2341 3435 2584 3527; x_wconf 88' lang='lat' dir='ltr'><strong>reliqui</strong></span> <span class='ocrx_word' id='word_1_381' title='bbox 2613 3436 2732 3527; x_wconf 91' lang='lat' dir='ltr'><strong>qui</strong></span> <span class='ocrx_word' id='word_1_382' title='bbox 2758 3436 3335 3506; x_wconf 87' lang='lat' dir='ltr'><strong>ceciderunt.Mihi</strong></span> <span class='ocrx_word' id='word_1_383' title='bbox 3394 3445 3639 3528; x_wconf 89' lang='lat' dir='ltr'><strong>autem,</strong></span> <span class='ocrx_word' id='word_1_384' title='bbox 3695 3440 3874 3531; x_wconf 92' lang='lat' dir='ltr'><strong>quod</strong></span> 
     </span>
    </p>
   </div>
   <div class='ocr_carea' id='block_1_21' title="bbox 486 3530 684 3575">
    <p class='ocr_par' dir='ltr' id='par_1_22' title="bbox 486 3530 684 3575">
     <span class='ocr_line' id='line_1_34' title="bbox 486 3530 684 3575; baseline 0.015 -4"><span class='ocrx_word' id='word_1_385' title='bbox 486 3530 684 3575; x_wconf 79' lang='lat' dir='ltr'><strong>firmatio·</strong></span> 
     </span>
    </p>
   </div>
   <div class='ocr_carea' id='block_1_22' title="bbox 487 3550 2266 3708">
    <p class='ocr_par' dir='ltr' id='par_1_23' title="bbox 487 3550 2266 3708">
     <span class='ocr_line' id='line_1_35' title="bbox 487 3550 2266 3643; baseline 0 -23"><span class='ocrx_word' id='word_1_386' title='bbox 487 3602 585 3632; x_wconf 61' lang='lat' dir='ltr'><strong>„em</strong></span> <span class='ocrx_word' id='word_1_387' title='bbox 617 3593 685 3635; x_wconf 50' lang='lat' dir='ltr'><strong>vel</strong></span> <span class='ocrx_word' id='word_1_388' title='bbox 713 3550 1033 3641; x_wconf 88' lang='lat' dir='ltr'><strong>posterius</strong></span> <span class='ocrx_word' id='word_1_389' title='bbox 1058 3551 1304 3619; x_wconf 89' lang='lat' dir='ltr'><strong>dictum</strong></span> <span class='ocrx_word' id='word_1_390' title='bbox 1335 3560 1429 3620; x_wconf 90' lang='lat' dir='ltr'><strong>est</strong></span> <span class='ocrx_word' id='word_1_391' title='bbox 1457 3605 1473 3636; x_wconf 93' lang='lat'>‚</span> <span class='ocrx_word' id='word_1_392' title='bbox 1507 3552 1913 3643; x_wconf 89' lang='lat' dir='ltr'><strong>probabilius</strong></span> <span class='ocrx_word' id='word_1_393' title='bbox 1939 3552 2200 3620; x_wconf 88' lang='lat' dir='ltr'><strong>videtur</strong></span> <span class='ocrx_word' id='word_1_394' title='bbox 2221 3553 2266 3620; x_wconf 70' lang='lat'><strong>⁴.</strong></span> 
     </span>
     <span class='ocr_line' id='line_1_36' title="bbox 500 3651 664 3708; baseline 0.018 -15"><span class='ocrx_word' id='word_1_395' title='bbox 500 3651 664 3708; x_wconf 78' lang='lat' dir='ltr'><strong>lapsum</strong></span> 
     </span>
    </p>
   </div>
   <div class='ocr_carea' id='block_1_23' title="bbox 470 3666 3874 3878">
    <p class='ocr_par' dir='ltr' id='par_1_24' title="bbox 470 3666 3874 3878">
     <span class='ocr_line' id='line_1_37' title="bbox 470 3666 3874 3764; baseline 0.001 -29"><span class='ocrx_word' id='word_1_396' title='bbox 470 3727 554 3757; x_wconf 58' lang='grc' dir='ltr'>Μ</span> <span class='ocrx_word' id='word_1_397' title='bbox 585 3716 686 3759; x_wconf 51' lang='lat' dir='ltr'>suis„</span> <span class='ocrx_word' id='word_1_398' title='bbox 800 3666 904 3734; x_wconf 89' lang='lat' dir='ltr'><strong>Ad</strong></span> <span class='ocrx_word' id='word_1_399' title='bbox 932 3666 1053 3735; x_wconf 92' lang='lat' dir='ltr'><strong>hoc</strong></span> <span class='ocrx_word' id='word_1_400' title='bbox 1081 3674 1299 3736; x_wconf 90' lang='lat' dir='ltr'><strong>autem</strong></span> <span class='ocrx_word' id='word_1_401' title='bbox 1326 3668 1501 3759; x_wconf 91' lang='lat' dir='ltr'><strong>quod</strong></span> <span class='ocrx_word' id='word_1_402' title='bbox 1530 3668 1971 3760; x_wconf 84' lang='lat' dir='ltr'><strong>quaerebatur,</strong></span> <span class='ocrx_word' id='word_1_403' title='bbox 2004 3676 2229 3735; x_wconf 89' lang='lat' dir='ltr'><strong>utrum</strong></span> <span class='ocrx_word' id='word_1_404' title='bbox 2257 3669 2521 3760; x_wconf 85' lang='lat' dir='ltr'><strong>perfecti</strong></span> <span class='ocrx_word' id='word_1_405' title='bbox 2553 3670 2652 3737; x_wconf 90' lang='lat' dir='ltr'><strong>vel</strong></span> <span class='ocrx_word' id='word_1_406' title='bbox 2682 3668 3043 3760; x_wconf 88' lang='lat' dir='ltr'><strong>imperfecti</strong></span> <span class='ocrx_word' id='word_1_407' title='bbox 3068 3669 3314 3739; x_wconf 86' lang='lat' dir='ltr'><strong>fuerint</strong></span> <span class='ocrx_word' id='word_1_408' title='bbox 3344 3672 3572 3761; x_wconf 78' lang='lat' dir='ltr'><strong>creati,</strong></span> <span class='ocrx_word' id='word_1_409' title='bbox 3605 3672 3735 3740; x_wconf 91' lang='lat' dir='ltr'><strong>dici</strong></span> <span class='ocrx_word' id='word_1_410' title='bbox 3761 3695 3874 3764; x_wconf 94' lang='lat' dir='ltr'><strong>po-</strong></span> 
     </span>
     <span class='ocr_line' id='line_1_38' title="bbox 470 3778 3871 3878; baseline 0.002 -27"><span class='ocrx_word' id='word_1_411' title='bbox 470 3790 515 3819; x_wconf 73' lang='lat'><strong>⁸⁰</strong></span> <span class='ocrx_word' id='word_1_412' title='bbox 539 3778 684 3851; x_wconf 59' lang='lat'><strong>&#39;’⁰⁸²9“</strong></span> <span class='ocrx_word' id='word_1_413' title='bbox 712 3789 865 3869; x_wconf 87' lang='lat' dir='ltr'><strong>test,</strong></span> <span class='ocrx_word' id='word_1_414' title='bbox 896 3784 1055 3874; x_wconf 90' lang='lat' dir='ltr'><strong>quia</strong></span> <span class='ocrx_word' id='word_1_415' title='bbox 1080 3783 1368 3875; x_wconf 87' lang='lat' dir='ltr'><strong>quodam</strong></span> <span class='ocrx_word' id='word_1_416' title='bbox 1398 3786 1591 3852; x_wconf 93' lang='lat' dir='ltr'><strong>modo</strong></span> <span class='ocrx_word' id='word_1_417' title='bbox 1620 3784 1885 3876; x_wconf 87' lang='lat' dir='ltr'><strong>perfecti</strong></span> <span class='ocrx_word' id='word_1_418' title='bbox 1934 3784 2182 3852; x_wconf 85' lang='lat' dir='ltr'><strong>fuerint</strong></span> <span class='ocrx_word' id='word_1_419' title='bbox 2202 3838 2219 3870; x_wconf 92' lang='lat'>,</span> <span class='ocrx_word' id='word_1_420' title='bbox 2271 3793 2334 3853; x_wconf 89' lang='lat' dir='ltr'><strong>et</strong></span> <span class='ocrx_word' id='word_1_421' title='bbox 2377 3786 2662 3876; x_wconf 88' lang='lat' dir='ltr'><strong>quodam</strong></span> <span class='ocrx_word' id='word_1_422' title='bbox 2707 3785 2835 3854; x_wconf 90' lang='lat' dir='ltr'><strong>alio</strong></span> <span class='ocrx_word' id='word_1_423' title='bbox 2863 3786 3057 3855; x_wconf 90' lang='lat' dir='ltr'><strong>modo</strong></span> <span class='ocrx_word' id='word_1_424' title='bbox 3085 3785 3469 3878; x_wconf 88' lang='lat' dir='ltr'><strong>imperfecti.</strong></span> <span class='ocrx_word' id='word_1_425' title='bbox 3506 3788 3651 3857; x_wconf 91' lang='lat' dir='ltr'><strong>Non</strong></span> <span class='ocrx_word' id='word_1_426' title='bbox 3695 3790 3871 3858; x_wconf 90' lang='lat' dir='ltr'><strong>enim</strong></span> 
     </span>
    </p>
   </div>
   <div class='ocr_carea' id='block_1_24' title="bbox 468 3841 684 3895">
    <p class='ocr_par' dir='ltr' id='par_1_25' title="bbox 468 3841 684 3895">
     <span class='ocr_line' id='line_1_39' title="bbox 468 3841 684 3895; baseline 0.019 -14"><span class='ocrx_word' id='word_1_427' title='bbox 468 3841 551 3883; x_wconf 84' lang='lat' dir='ltr'><strong>nisi</strong></span> <span class='ocrx_word' id='word_1_428' title='bbox 589 3856 684 3895; x_wconf 74' lang='lat' dir='ltr'><strong>quus</strong></span> 
     </span>
    </p>
   </div>
   <div class='ocr_carea' id='block_1_25' title="bbox 485 3899 2533 4008">
    <p class='ocr_par' dir='ltr' id='par_1_26' title="bbox 485 3899 2533 4008">
     <span class='ocr_line' id='line_1_40' title="bbox 485 3899 2533 4008; baseline 0.006 -51"><span class='ocrx_word' id='word_1_429' title='bbox 485 3904 683 4008; x_wconf 39' lang='lat' dir='ltr'><strong>{limile-⁸·</strong></span> <span class='ocrx_word' id='word_1_430' title='bbox 713 3922 845 3968; x_wconf 91' lang='lat' dir='ltr'><strong>uno</strong></span> <span class='ocrx_word' id='word_1_431' title='bbox 873 3899 1067 3967; x_wconf 89' lang='lat' dir='ltr'><strong>modo</strong></span> <span class='ocrx_word' id='word_1_432' title='bbox 1093 3900 1344 3991; x_wconf 82' lang='lat' dir='ltr'><strong>aliquid</strong></span> <span class='ocrx_word' id='word_1_433' title='bbox 1370 3901 1612 3969; x_wconf 89' lang='lat' dir='ltr'><strong>dicitur</strong></span> <span class='ocrx_word' id='word_1_434' title='bbox 1639 3902 1997 3994; x_wconf 86' lang='lat' dir='ltr'><strong>perfectum</strong></span> <span class='ocrx_word' id='word_1_435' title='bbox 2019 3954 2037 3988; x_wconf 89' lang='lat'>‚</span> <span class='ocrx_word' id='word_1_436' title='bbox 2068 3901 2179 3969; x_wconf 88' lang='lat' dir='ltr'><strong>sed</strong></span> <span class='ocrx_word' id='word_1_437' title='bbox 2208 3901 2533 3993; x_wconf 88' lang='lat' dir='ltr'><strong>pluribus.</strong></span> 
     </span>
    </p>
   </div>
   <div class='ocr_carea' id='block_1_26' title="bbox 471 4017 3871 4230">
    <p class='ocr_par' dir='ltr' id='par_1_27' title="bbox 471 4017 3871 4230">
     <span class='ocr_line' id='line_1_41' title="bbox 488 4017 3871 4133; baseline 0.003 -51"><span class='ocrx_word' id='word_1_438' title='bbox 488 4042 596 4101; x_wconf 50' lang='grc' dir='ltr'><strong>ηεξ»,</strong></span> <span class='ocrx_word' id='word_1_439' title='bbox 618 4043 683 4133; x_wconf 55' lang='grc' dir='ltr'><strong>εἷο-</strong></span> <span class='ocrx_word' id='word_1_440' title='bbox 797 4017 1054 4085; x_wconf 90' lang='lat' dir='ltr'><strong>Dicitur</strong></span> <span class='ocrx_word' id='word_1_441' title='bbox 1082 4040 1367 4108; x_wconf 90' lang='lat' dir='ltr'><strong>namque</strong></span> <span class='ocrx_word' id='word_1_442' title='bbox 1405 4019 1763 4110; x_wconf 79' lang='lat' dir='ltr'><strong>perlectum</strong></span> <span class='ocrx_word' id='word_1_443' title='bbox 1790 4019 2002 4086; x_wconf 89' lang='lat' dir='ltr'><strong>tribus</strong></span> <span class='ocrx_word' id='word_1_444' title='bbox 2050 4018 2259 4087; x_wconf 88' lang='lat' dir='ltr'><strong>modis</strong></span> <span class='ocrx_word' id='word_1_445' title='bbox 2300 4045 2316 4087; x_wconf 73' lang='grc' dir='ltr'><strong>ε</strong></span> <span class='ocrx_word' id='word_1_446' title='bbox 2350 4026 2447 4086; x_wconf 87' lang='lat' dir='ltr'><strong>est</strong></span> <span class='ocrx_word' id='word_1_447' title='bbox 2473 4020 2648 4087; x_wconf 87' lang='lat' dir='ltr'><strong>euim</strong></span> <span class='ocrx_word' id='word_1_448' title='bbox 2678 4019 3033 4110; x_wconf 88' lang='lat' dir='ltr'><strong>perfectum</strong></span> <span class='ocrx_word' id='word_1_449' title='bbox 3064 4020 3428 4089; x_wconf 88' lang='lat' dir='ltr'><strong>secundum</strong></span> <span class='ocrx_word' id='word_1_450' title='bbox 3463 4028 3729 4113; x_wconf 89' lang='lat' dir='ltr'><strong>tempus</strong></span> <span class='ocrx_word' id='word_1_451' title='bbox 3747 4049 3765 4110; x_wconf 90' lang='lat'>;</span> <span class='ocrx_word' id='word_1_452' title='bbox 3808 4033 3871 4091; x_wconf 90' lang='lat' dir='ltr'><strong>et</strong></span> 
     </span>
     <span class='ocr_line' id='line_1_42' title="bbox 471 4104 3871 4230; baseline 0.004 -35"><span class='ocrx_word' id='word_1_453' title='bbox 471 4104 682 4198; x_wconf 52' lang='lat'><strong>511‘1’1&#39;31&#39;1&#39;20-</strong></span> <span class='ocrx_word' id='word_1_454' title='bbox 708 4134 1063 4225; x_wconf 80' lang='lat' dir='ltr'><strong>perfectum</strong></span> <span class='ocrx_word' id='word_1_455' title='bbox 1094 4136 1453 4204; x_wconf 88' lang='lat' dir='ltr'><strong>secundum</strong></span> <span class='ocrx_word' id='word_1_456' title='bbox 1491 4144 1829 4219; x_wconf 89' lang='lat' dir='ltr'><strong>naturam;</strong></span> <span class='ocrx_word' id='word_1_457' title='bbox 1870 4142 1935 4203; x_wconf 90' lang='lat' dir='ltr'><strong>et</strong></span> <span class='ocrx_word' id='word_1_458' title='bbox 1963 4142 2058 4203; x_wconf 63' lang='lat' dir='ltr'><strong>est</strong></span> <span class='ocrx_word' id='word_1_459' title='bbox 2092 4135 2551 4203; x_wconf 86' lang='lat' dir='ltr'><strong>universaliter</strong></span> <span class='ocrx_word' id='word_1_460' title='bbox 2583 4136 2963 4227; x_wconf 82' lang='lat' dir='ltr'><strong>perfectum.</strong></span> <span class='ocrx_word' id='word_1_461' title='bbox 3006 4135 3386 4206; x_wconf 88' lang='lat' dir='ltr'><strong>Secundum</strong></span> <span class='ocrx_word' id='word_1_462' title='bbox 3428 4146 3684 4229; x_wconf 89' lang='lat' dir='ltr'><strong>tempus</strong></span> <span class='ocrx_word' id='word_1_463' title='bbox 3727 4162 3871 4230; x_wconf 88' lang='lat' dir='ltr'><strong>per-</strong></span> 
     </span>
    </p>
   </div>
   <div class='ocr_carea' id='block_1_27' title="bbox 486 4219 644 4259">
    <p class='ocr_par' dir='ltr' id='par_1_28' title="bbox 486 4219 644 4259">
     <span class='ocr_line' id='line_1_43' title="bbox 486 4219 644 4259; baseline 0.006 -1"><span class='ocrx_word' id='word_1_464' title='bbox 486 4221 573 4258; x_wconf 86' lang='lat' dir='ltr'><strong>tum</strong></span> <span class='ocrx_word' id='word_1_465' title='bbox 604 4219 644 4259; x_wconf 86' lang='lat' dir='ltr'><strong>iu</strong></span> 
     </span>
    </p>
   </div>
   <div class='ocr_carea' id='block_1_28' title="bbox 474 4241 3858 4347">
    <p class='ocr_par' dir='ltr' id='par_1_29' title="bbox 474 4241 3858 4347">
     <span class='ocr_line' id='line_1_44' title="bbox 474 4241 3858 4347; baseline 0.002 -38"><span class='ocrx_word' id='word_1_466' title='bbox 474 4241 681 4347; x_wconf 47' lang='lat' dir='ltr'><strong>4002an</strong></span> <span class='ocrx_word' id='word_1_467' title='bbox 711 4242 949 4309; x_wconf 83' lang='lat' dir='ltr'><strong>fectum</strong></span> <span class='ocrx_word' id='word_1_468' title='bbox 977 4249 1096 4329; x_wconf 89' lang='lat' dir='ltr'><strong>est,</strong></span> <span class='ocrx_word' id='word_1_469' title='bbox 1127 4243 1302 4333; x_wconf 92' lang='lat' dir='ltr'><strong>quod</strong></span> <span class='ocrx_word' id='word_1_470' title='bbox 1334 4243 1528 4311; x_wconf 90' lang='lat' dir='ltr'><strong>babet</strong></span> <span class='ocrx_word' id='word_1_471' title='bbox 1546 4243 1869 4334; x_wconf 87' lang='lat' dir='ltr'><strong>quidquid</strong></span> <span class='ocrx_word' id='word_1_472' title='bbox 1893 4251 2148 4334; x_wconf 90' lang='lat' dir='ltr'><strong>tempus</strong></span> <span class='ocrx_word' id='word_1_473' title='bbox 2174 4242 2475 4335; x_wconf 87' lang='lat' dir='ltr'><strong>requirit,</strong></span> <span class='ocrx_word' id='word_1_474' title='bbox 2503 4251 2566 4310; x_wconf 92' lang='lat' dir='ltr'><strong>et</strong></span> <span class='ocrx_word' id='word_1_475' title='bbox 2593 4245 2898 4312; x_wconf 90' lang='lat' dir='ltr'><strong>convenit</strong></span> <span class='ocrx_word' id='word_1_476' title='bbox 2924 4243 3286 4312; x_wconf 86' lang='lat' dir='ltr'><strong>secundum</strong></span> <span class='ocrx_word' id='word_1_477' title='bbox 3315 4253 3573 4337; x_wconf 88' lang='lat' dir='ltr'><strong>tempus</strong></span> <span class='ocrx_word' id='word_1_478' title='bbox 3602 4246 3858 4315; x_wconf 82' lang='lat' dir='ltr'><strong>haberi:</strong></span> 
     </span>
    </p>
   </div>
   <div class='ocr_carea' id='block_1_29' title="bbox 488 4352 3867 4451">
    <p class='ocr_par' dir='ltr' id='par_1_30' title="bbox 488 4352 3867 4451">
     <span class='ocr_line' id='line_1_45' title="bbox 488 4352 3867 4451; baseline 0.001 -26"><span class='ocrx_word' id='word_1_479' title='bbox 488 4352 659 4443; x_wconf 54' lang='lat' dir='ltr'><strong>§3223ss</strong></span> <span class='ocrx_word' id='word_1_480' title='bbox 707 4366 771 4425; x_wconf 90' lang='lat' dir='ltr'><strong>et</strong></span> <span class='ocrx_word' id='word_1_481' title='bbox 798 4358 920 4427; x_wconf 90' lang='lat' dir='ltr'><strong>hoc</strong></span> <span class='ocrx_word' id='word_1_482' title='bbox 946 4358 1141 4426; x_wconf 90' lang='lat' dir='ltr'><strong>modo</strong></span> <span class='ocrx_word' id='word_1_483' title='bbox 1174 4359 1390 4447; x_wconf 91' lang='lat' dir='ltr'><strong>angeli</strong></span> <span class='ocrx_word' id='word_1_484' title='bbox 1418 4367 1603 4426; x_wconf 88' lang='lat' dir='ltr'><strong>erant</strong></span> <span class='ocrx_word' id='word_1_485' title='bbox 1630 4358 1896 4450; x_wconf 88' lang='lat' dir='ltr'><strong>perfecti</strong></span> <span class='ocrx_word' id='word_1_486' title='bbox 1922 4367 2074 4427; x_wconf 87' lang='lat' dir='ltr'><strong>ante</strong></span> <span class='ocrx_word' id='word_1_487' title='bbox 2099 4358 2687 4446; x_wconf 88' lang='lat' dir='ltr'><strong>confirmationem,</strong></span> <span class='ocrx_word' id='word_1_488' title='bbox 2705 4360 2808 4428; x_wconf 85' lang='lat' dir='ltr'><strong>vel</strong></span> <span class='ocrx_word' id='word_1_489' title='bbox 2849 4360 3131 4451; x_wconf 88' lang='lat' dir='ltr'><strong>lapsum.</strong></span> <span class='ocrx_word' id='word_1_490' title='bbox 3164 4359 3543 4429; x_wconf 89' lang='lat' dir='ltr'><strong>Secundum</strong></span> <span class='ocrx_word' id='word_1_491' title='bbox 3564 4370 3867 4431; x_wconf 88' lang='lat' dir='ltr'><strong>naturam</strong></span> 
     </span>
    </p>
   </div>
   <div class='ocr_carea' id='block_1_30' title="bbox 528 4469 3864 4568">
    <p class='ocr_par' dir='ltr' id='par_1_31' title="bbox 528 4469 3864 4568">
     <span class='ocr_line' id='line_1_46' title="bbox 528 4469 3864 4568; baseline 0.001 -26"><span class='ocrx_word' id='word_1_492' title='bbox 528 4469 624 4505; x_wconf 72' lang='lat'><strong>⁸⁰²⁶</strong></span> <span class='ocrx_word' id='word_1_493' title='bbox 707 4474 1065 4565; x_wconf 87' lang='lat' dir='ltr'><strong>perfectum</strong></span> <span class='ocrx_word' id='word_1_494' title='bbox 1090 4482 1186 4542; x_wconf 88' lang='lat' dir='ltr'><strong>est</strong></span> <span class='ocrx_word' id='word_1_495' title='bbox 1208 4527 1226 4559; x_wconf 89' lang='lat'>,</span> <span class='ocrx_word' id='word_1_496' title='bbox 1258 4474 1436 4566; x_wconf 91' lang='lat' dir='ltr'><strong>quod</strong></span> <span class='ocrx_word' id='word_1_497' title='bbox 1462 4474 1657 4543; x_wconf 87' lang='lat' dir='ltr'><strong>habet</strong></span> <span class='ocrx_word' id='word_1_498' title='bbox 1683 4474 2010 4567; x_wconf 86' lang='lat' dir='ltr'><strong>quidquid</strong></span> <span class='ocrx_word' id='word_1_499' title='bbox 2043 4475 2339 4543; x_wconf 87' lang='lat' dir='ltr'><strong>debitum</strong></span> <span class='ocrx_word' id='word_1_500' title='bbox 2366 4484 2500 4560; x_wconf 92' lang='lat' dir='ltr'><strong>est,</strong></span> <span class='ocrx_word' id='word_1_501' title='bbox 2533 4475 2639 4543; x_wconf 91' lang='lat' dir='ltr'><strong>vel</strong></span> <span class='ocrx_word' id='word_1_502' title='bbox 2667 4475 2926 4567; x_wconf 80' lang='lat' dir='ltr'><strong>expedit</strong></span> <span class='ocrx_word' id='word_1_503' title='bbox 2964 4485 3220 4545; x_wconf 83' lang='lat' dir='ltr'><strong>naturae</strong></span> <span class='ocrx_word' id='word_1_504' title='bbox 3252 4500 3391 4546; x_wconf 80' lang='lat' dir='ltr'><strong>suae</strong></span> <span class='ocrx_word' id='word_1_505' title='bbox 3418 4477 3500 4545; x_wconf 89' lang='lat' dir='ltr'><strong>ad</strong></span> <span class='ocrx_word' id='word_1_506' title='bbox 3544 4478 3864 4568; x_wconf 88' lang='lat' dir='ltr'><strong>glorifica-</strong></span> 
     </span>
    </p>
   </div>
   <div class='ocr_carea' id='block_1_31' title="bbox 495 4537 653 4567">
    <p class='ocr_par' dir='ltr' id='par_1_32' title="bbox 495 4537 653 4567">
     <span class='ocr_line' id='line_1_47' title="bbox 495 4537 653 4567; baseline 0.006 -1"><span class='ocrx_word' id='word_1_507' title='bbox 495 4537 638 4567; x_wconf 65' lang='lat' dir='ltr'><strong>cassum</strong></span> <span class='ocrx_word' id='word_1_508' title='bbox 645 4558 653 4567; x_wconf 89' lang='lat'><strong>.</strong></span> 
     </span>
    </p>
   </div>
   <div class='ocr_carea' id='block_1_32' title="bbox 467 4590 3864 4697">
    <p class='ocr_par' dir='ltr' id='par_1_33' title="bbox 467 4590 3864 4697">
     <span class='ocr_line' id='line_1_48' title="bbox 467 4590 3864 4697; baseline 0.002 -41"><span class='ocrx_word' id='word_1_509' title='bbox 467 4592 678 4697; x_wconf 44' lang='lat' dir='ltr'><strong>sffigffi</strong></span> <span class='ocrx_word' id='word_1_510' title='bbox 702 4590 948 4657; x_wconf 87' lang='lat' dir='ltr'><strong>tionem</strong></span> <span class='ocrx_word' id='word_1_511' title='bbox 979 4615 994 4657; x_wconf 79' lang='lat' dir='ltr'><strong>t</strong></span> <span class='ocrx_word' id='word_1_512' title='bbox 1028 4600 1092 4657; x_wconf 91' lang='lat' dir='ltr'><strong>et</strong></span> <span class='ocrx_word' id='word_1_513' title='bbox 1116 4590 1240 4658; x_wconf 90' lang='lat' dir='ltr'><strong>hoc</strong></span> <span class='ocrx_word' id='word_1_514' title='bbox 1268 4590 1459 4657; x_wconf 88' lang='lat' dir='ltr'><strong>modo</strong></span> <span class='ocrx_word' id='word_1_515' title='bbox 1488 4590 1750 4682; x_wconf 84' lang='lat' dir='ltr'><strong>perfecti</strong></span> <span class='ocrx_word' id='word_1_516' title='bbox 1778 4590 2048 4660; x_wconf 82' lang='lat' dir='ltr'><strong>fuerunt</strong></span> <span class='ocrx_word' id='word_1_517' title='bbox 2082 4592 2299 4681; x_wconf 86' lang='lat' dir='ltr'><strong>angeli</strong></span> <span class='ocrx_word' id='word_1_518' title='bbox 2326 4599 2468 4683; x_wconf 89' lang='lat' dir='ltr'><strong>post</strong></span> <span class='ocrx_word' id='word_1_519' title='bbox 2495 4593 3061 4662; x_wconf 85' lang='lat' dir='ltr'><strong>confirmationem</strong></span> <span class='ocrx_word' id='word_1_520' title='bbox 3079 4645 3097 4679; x_wconf 91' lang='lat'>‚</span> <span class='ocrx_word' id='word_1_521' title='bbox 3130 4601 3194 4661; x_wconf 88' lang='lat' dir='ltr'><strong>et</strong></span> <span class='ocrx_word' id='word_1_522' title='bbox 3235 4603 3431 4663; x_wconf 90' lang='lat' dir='ltr'><strong>erunt</strong></span> <span class='ocrx_word' id='word_1_523' title='bbox 3460 4593 3682 4663; x_wconf 87' lang='lat' dir='ltr'><strong>Sancti</strong></span> <span class='ocrx_word' id='word_1_524' title='bbox 3724 4604 3864 4686; x_wconf 88' lang='lat' dir='ltr'><strong>post</strong></span> 
     </span>
    </p>
   </div>
   <div class='ocr_carea' id='block_1_33' title="bbox 516 4706 3864 4801">
    <p class='ocr_par' dir='ltr' id='par_1_34' title="bbox 516 4698 3864 4801">
     <span class='ocr_line' id='line_1_49' title="bbox 516 4706 3864 4801; baseline 0.003 -33"><span class='ocrx_word' id='word_1_525' title='bbox 516 4716 633 4768; x_wconf 68' lang='lat' dir='ltr'><strong>&lt;ruod</strong></span> <span class='ocrx_word' id='word_1_526' title='bbox 705 4707 1264 4801; x_wconf 88' lang='lat' dir='ltr'><strong>resurrectionem.</strong></span> <span class='ocrx_word' id='word_1_527' title='bbox 1296 4706 1769 4775; x_wconf 83' lang='lat' dir='ltr'><strong>Universaliter</strong></span> <span class='ocrx_word' id='word_1_528' title='bbox 1806 4714 1871 4775; x_wconf 92' lang='lat' dir='ltr'><strong>et</strong></span> <span class='ocrx_word' id='word_1_529' title='bbox 1914 4729 2170 4775; x_wconf 89' lang='lat' dir='ltr'><strong>summe</strong></span> <span class='ocrx_word' id='word_1_530' title='bbox 2215 4708 2570 4799; x_wconf 88' lang='lat' dir='ltr'><strong>perfectum</strong></span> <span class='ocrx_word' id='word_1_531' title='bbox 2608 4717 2737 4794; x_wconf 89' lang='lat' dir='ltr'><strong>est,</strong></span> <span class='ocrx_word' id='word_1_532' title='bbox 2769 4708 2877 4777; x_wconf 91' lang='lat' dir='ltr'><strong>cui</strong></span> <span class='ocrx_word' id='word_1_533' title='bbox 2915 4710 3082 4777; x_wconf 87' lang='lat' dir='ltr'><strong>nihil</strong></span> <span class='ocrx_word' id='word_1_534' title='bbox 3121 4732 3420 4801; x_wconf 90' lang='lat' dir='ltr'><strong>unquam</strong></span> <span class='ocrx_word' id='word_1_535' title='bbox 3457 4710 3676 4797; x_wconf 88' lang='lat' dir='ltr'><strong>deest,</strong></span> <span class='ocrx_word' id='word_1_536' title='bbox 3721 4721 3787 4779; x_wconf 93' lang='lat' dir='ltr'><strong>et</strong></span> <span class='ocrx_word' id='word_1_537' title='bbox 3826 4734 3864 4779; x_wconf 90' lang='lat' dir='ltr'><strong>a</strong></span> 
     </span>
    </p>
   </div>
   <div class='ocr_carea' id='block_1_34' title="bbox 490 4790 652 4830">
    <p class='ocr_par' dir='ltr' id='par_1_35' title="bbox 490 4790 652 4830">
     <span class='ocr_line' id='line_1_50' title="bbox 490 4790 652 4830; baseline 0.006 -12"><span class='ocrx_word' id='word_1_538' title='bbox 490 4790 652 4830; x_wconf 77' lang='lat' dir='ltr'><strong>quaere-</strong></span> 
     </span>
    </p>
   </div>
   <div class='ocr_carea' id='block_1_35' title="bbox 469 4823 3860 4917">
    <p class='ocr_par' dir='ltr' id='par_1_36' title="bbox 469 4823 3860 4917">
     <span class='ocr_line' id='line_1_51' title="bbox 469 4823 3860 4917; baseline 0.001 -26"><span class='ocrx_word' id='word_1_539' title='bbox 469 4838 677 4893; x_wconf 59' lang='lat' dir='ltr'><strong>bamnan</strong></span> <span class='ocrx_word' id='word_1_540' title='bbox 704 4846 837 4914; x_wconf 88' lang='lat' dir='ltr'><strong>quo</strong></span> <span class='ocrx_word' id='word_1_541' title='bbox 865 4824 1173 4892; x_wconf 89' lang='lat' dir='ltr'><strong>universa</strong></span> <span class='ocrx_word' id='word_1_542' title='bbox 1208 4823 1605 4914; x_wconf 88' lang='lat' dir='ltr'><strong>proveniunt</strong></span> <span class='ocrx_word' id='word_1_543' title='bbox 1644 4823 1851 4909; x_wconf 91' lang='lat' dir='ltr'><strong>bona,</strong></span> <span class='ocrx_word' id='word_1_544' title='bbox 1884 4823 2060 4915; x_wconf 90' lang='lat' dir='ltr'><strong>quod</strong></span> <span class='ocrx_word' id='word_1_545' title='bbox 2091 4833 2186 4891; x_wconf 90' lang='lat' dir='ltr'><strong>est</strong></span> <span class='ocrx_word' id='word_1_546' title='bbox 2227 4823 2429 4893; x_wconf 90' lang='lat' dir='ltr'><strong>solius</strong></span> <span class='ocrx_word' id='word_1_547' title='bbox 2467 4825 2608 4892; x_wconf 89' lang='lat' dir='ltr'><strong>Dei.</strong></span> <span class='ocrx_word' id='word_1_548' title='bbox 2658 4825 2882 4893; x_wconf 90' lang='lat' dir='ltr'><strong>Prima</strong></span> <span class='ocrx_word' id='word_1_549' title='bbox 2923 4848 3078 4914; x_wconf 92' lang='lat' dir='ltr'><strong>ergo</strong></span> <span class='ocrx_word' id='word_1_550' title='bbox 3124 4826 3434 4917; x_wconf 82' lang='lat' dir='ltr'><strong>perfectio</strong></span> <span class='ocrx_word' id='word_1_551' title='bbox 3475 4833 3571 4894; x_wconf 88' lang='lat' dir='ltr'><strong>est</strong></span> <span class='ocrx_word' id='word_1_552' title='bbox 3613 4835 3860 4896; x_wconf 84' lang='lat' dir='ltr'><strong>naturae</strong></span> 
     </span>
    </p>
   </div>
   <div class='ocr_carea' id='block_1_36' title="bbox 503 4903 2999 5068">
    <p class='ocr_par' dir='ltr' id='par_1_37' title="bbox 503 4903 2999 5068">
     <span class='ocr_line' id='line_1_52' title="bbox 509 4903 2695 4956; baseline 0.006 -14"><span class='ocrx_word' id='word_1_553' title='bbox 509 4903 650 4956; x_wconf 78' lang='lat' dir='ltr'><strong>angeli</strong></span> <span class='ocrx_word' id='word_1_554' title='bbox 877 4940 889 4953; x_wconf 83' lang='grc'><strong>,</strong></span> <span class='ocrx_word' id='word_1_555' title='bbox 1836 4940 1849 4953; x_wconf 87' lang='grc'><strong>.</strong></span> <span class='ocrx_word' id='word_1_556' title='bbox 2270 4940 2283 4953; x_wconf 90' lang='grc'><strong>.</strong></span> <span class='ocrx_word' id='word_1_557' title='bbox 2682 4941 2695 4954; x_wconf 88' lang='grc'><strong>.</strong></span> 
     </span>
     <span class='ocr_line' id='line_1_53' title="bbox 503 4939 2999 5068; baseline 0.001 -61"><span class='ocrx_word' id='word_1_558' title='bbox 503 4970 645 5068; x_wconf 51' lang='lat' dir='ltr'><strong>‘mil</strong></span> <span class='ocrx_word' id='word_1_559' title='bbox 705 4940 1022 5027; x_wconf 78' lang='lat' dir='ltr'><strong>conditae3</strong></span> <span class='ocrx_word' id='word_1_560' title='bbox 1054 4941 1339 5009; x_wconf 89' lang='lat' dir='ltr'><strong>secunda</strong></span> <span class='ocrx_word' id='word_1_561' title='bbox 1360 4993 1378 5027; x_wconf 90' lang='lat'>,</span> <span class='ocrx_word' id='word_1_562' title='bbox 1409 4947 1663 5008; x_wconf 83' lang='lat' dir='ltr'><strong>naturae</strong></span> <span class='ocrx_word' id='word_1_563' title='bbox 1689 4939 2106 5028; x_wconf 77' lang='lat' dir='ltr'><strong>glorificatae3</strong></span> <span class='ocrx_word' id='word_1_564' title='bbox 2145 4949 2365 5025; x_wconf 78' lang='lat' dir='ltr'><strong>tertra,</strong></span> <span class='ocrx_word' id='word_1_565' title='bbox 2397 4949 2650 5010; x_wconf 70' lang='lat' dir='ltr'><strong>naturae</strong></span> <span class='ocrx_word' id='word_1_566' title='bbox 2679 4950 2999 5010; x_wconf 84' lang='lat' dir='ltr'><strong>mcreatae.</strong></span> 
     </span>
    </p>
   </div>
   <div class='ocr_carea' id='block_1_37' title="bbox 486 5056 3854 5150">
    <p class='ocr_par' dir='ltr' id='par_1_38' title="bbox 486 5056 3854 5150">
     <span class='ocr_line' id='line_1_54' title="bbox 486 5056 3854 5150; baseline -0.001 -19"><span class='ocrx_word' id='word_1_567' title='bbox 486 5090 662 5143; x_wconf 70' lang='lat' dir='ltr'><strong>perfecti</strong></span> <span class='ocrx_word' id='word_1_568' title='bbox 797 5056 1037 5138; x_wconf 85' lang='lat' dir='ltr'><strong>Quales</strong></span> <span class='ocrx_word' id='word_1_569' title='bbox 1063 5058 1222 5126; x_wconf 86' lang='lat' dir='ltr'><strong>facti</strong></span> <span class='ocrx_word' id='word_1_570' title='bbox 1257 5060 1349 5150; x_wconf 86' lang='lat' dir='ltr'><strong>(a)</strong></span> <span class='ocrx_word' id='word_1_571' title='bbox 1384 5057 1636 5126; x_wconf 87' lang='lat' dir='ltr'><strong>fuerint</strong></span> <span class='ocrx_word' id='word_1_572' title='bbox 1664 5056 1883 5145; x_wconf 87' lang='lat' dir='ltr'><strong>angeli</strong></span> <span class='ocrx_word' id='word_1_573' title='bbox 1909 5057 1979 5124; x_wconf 92' lang='lat' dir='ltr'><strong>in</strong></span> <span class='ocrx_word' id='word_1_574' title='bbox 2008 5057 2335 5126; x_wconf 88' lang='lat' dir='ltr'><strong>creatione</strong></span> <span class='ocrx_word' id='word_1_575' title='bbox 2363 5065 2697 5126; x_wconf 88' lang='lat' dir='ltr'><strong>ostensum</strong></span> <span class='ocrx_word' id='word_1_576' title='bbox 2728 5068 2824 5127; x_wconf 88' lang='lat' dir='ltr'><strong>est</strong></span> <span class='ocrx_word' id='word_1_577' title='bbox 2850 5058 2898 5146; x_wconf 83' lang='lat'><strong>⁸,</strong></span> <span class='ocrx_word' id='word_1_578' title='bbox 2929 5058 3086 5127; x_wconf 92' lang='lat' dir='ltr'><strong>boni</strong></span> <span class='ocrx_word' id='word_1_579' title='bbox 3114 5058 3378 5145; x_wconf 87' lang='lat' dir='ltr'><strong>scilicet,</strong></span> <span class='ocrx_word' id='word_1_580' title='bbox 3413 5067 3478 5128; x_wconf 90' lang='lat' dir='ltr'><strong>et</strong></span> <span class='ocrx_word' id='word_1_581' title='bbox 3502 5082 3637 5129; x_wconf 90' lang='lat' dir='ltr'><strong>non</strong></span> <span class='ocrx_word' id='word_1_582' title='bbox 3666 5059 3854 5146; x_wconf 83' lang='lat' dir='ltr'><strong>mali3</strong></span> 
     </span>
    </p>
   </div>
   <div class='ocr_carea' id='block_1_38' title="bbox 709 5305 3855 5446">
    <p class='ocr_par' dir='ltr' id='par_1_39' title="bbox 709 5305 3855 5446">
     <span class='ocr_line' id='line_1_55' title="bbox 768 5305 3855 5376; baseline 0.001 -23"><span class='ocrx_word' id='word_1_583' title='bbox 768 5305 787 5338; x_wconf 83' lang='lat'>1</span> <span class='ocrx_word' id='word_1_584' title='bbox 806 5311 957 5368; x_wconf 61' lang='lat' dir='ltr'><strong>Aug„</strong></span> <span class='ocrx_word' id='word_1_585' title='bbox 984 5305 1045 5355; x_wconf 83' lang='lat' dir='ltr'><strong>de</strong></span> <span class='ocrx_word' id='word_1_586' title='bbox 1067 5308 1188 5357; x_wconf 83' lang='lat' dir='ltr'><strong>Gen.</strong></span> <span class='ocrx_word' id='word_1_587' title='bbox 1213 5307 1282 5359; x_wconf 85' lang='lat' dir='ltr'><strong>ad</strong></span> <span class='ocrx_word' id='word_1_588' title='bbox 1302 5308 1429 5368; x_wconf 66' lang='lat' dir='ltr'><strong>litt„</strong></span> <span class='ocrx_word' id='word_1_589' title='bbox 1457 5308 1544 5358; x_wconf 86' lang='lat' dir='ltr'><strong>lib.</strong></span> <span class='ocrx_word' id='word_1_590' title='bbox 1572 5309 1664 5371; x_wconf 84' lang='lat' dir='ltr'><strong>xl,</strong></span> <span class='ocrx_word' id='word_1_591' title='bbox 1694 5322 1740 5359; x_wconf 92' lang='lat' dir='ltr'><strong>c.</strong></span> <span class='ocrx_word' id='word_1_592' title='bbox 1759 5319 1889 5358; x_wconf 82' lang='lat' dir='ltr'><strong>xvn.</strong></span> <span class='ocrx_word' id='word_1_593' title='bbox 1907 5309 2012 5344; x_wconf 69' lang='lat'><strong>—2</strong></span> <span class='ocrx_word' id='word_1_594' title='bbox 2031 5309 2142 5360; x_wconf 89' lang='lat' dir='ltr'><strong>Lib.</strong></span> <span class='ocrx_word' id='word_1_595' title='bbox 2180 5312 2233 5358; x_wconf 92' lang='lat' dir='ltr'><strong>et</strong></span> <span class='ocrx_word' id='word_1_596' title='bbox 2268 5323 2381 5372; x_wconf 88' lang='lat' dir='ltr'><strong>cap.</strong></span> <span class='ocrx_word' id='word_1_597' title='bbox 2411 5307 2608 5357; x_wconf 86' lang='lat' dir='ltr'><strong>iisdem.</strong></span> <span class='ocrx_word' id='word_1_598' title='bbox 2628 5309 2730 5346; x_wconf 72' lang='lat'><strong>—8</strong></span> <span class='ocrx_word' id='word_1_599' title='bbox 2748 5309 2899 5372; x_wconf 69' lang='lat' dir='ltr'><strong>thid„</strong></span> <span class='ocrx_word' id='word_1_600' title='bbox 2926 5325 2973 5360; x_wconf 90' lang='lat' dir='ltr'><strong>c.</strong></span> <span class='ocrx_word' id='word_1_601' title='bbox 3009 5321 3120 5360; x_wconf 77' lang='lat' dir='ltr'><strong>xlx.</strong></span> <span class='ocrx_word' id='word_1_602' title='bbox 3149 5338 3203 5348; x_wconf 91' lang='lat'><em>-</em></span> <span class='ocrx_word' id='word_1_603' title='bbox 3241 5310 3392 5363; x_wconf 64' lang='lat' dir='ltr'><strong>wid.</strong></span> <span class='ocrx_word' id='word_1_604' title='bbox 3437 5314 3586 5376; x_wconf 64' lang='lat' dir='ltr'><strong>Aug„</strong></span> <span class='ocrx_word' id='word_1_605' title='bbox 3621 5311 3682 5361; x_wconf 83' lang='lat' dir='ltr'><strong>de</strong></span> <span class='ocrx_word' id='word_1_606' title='bbox 3710 5310 3855 5361; x_wconf 75' lang='lat' dir='ltr'><strong>civit.</strong></span> 
     </span>
     <span class='ocr_line' id='line_1_56' title="bbox 709 5372 2970 5446; baseline 0.004 -24"><span class='ocrx_word' id='word_1_607' title='bbox 709 5372 832 5435; x_wconf 81' lang='lat' dir='ltr'><strong>Dei,</strong></span> <span class='ocrx_word' id='word_1_608' title='bbox 858 5374 945 5424; x_wconf 78' lang='lat' dir='ltr'><strong>lib.</strong></span> <span class='ocrx_word' id='word_1_609' title='bbox 971 5377 1034 5426; x_wconf 75' lang='lat' dir='ltr'><strong>xl</strong></span> <span class='ocrx_word' id='word_1_610' title='bbox 1051 5412 1069 5441; x_wconf 88' lang='lat'>‚</span> <span class='ocrx_word' id='word_1_611' title='bbox 1098 5391 1144 5429; x_wconf 92' lang='lat' dir='ltr'><strong>c.</strong></span> <span class='ocrx_word' id='word_1_612' title='bbox 1165 5390 1280 5430; x_wconf 83' lang='lat' dir='ltr'><strong>xm.</strong></span> <span class='ocrx_word' id='word_1_613' title='bbox 1303 5380 1400 5415; x_wconf 71' lang='lat'><strong>..⁸</strong></span> <span class='ocrx_word' id='word_1_614' title='bbox 1418 5379 1600 5443; x_wconf 89' lang='lat' dir='ltr'><strong>Supra,</strong></span> <span class='ocrx_word' id='word_1_615' title='bbox 1633 5378 1749 5429; x_wconf 84' lang='lat' dir='ltr'><strong>dist.</strong></span> <span class='ocrx_word' id='word_1_616' title='bbox 1773 5390 1833 5429; x_wconf 85' lang='lat'><strong>111</strong></span> <span class='ocrx_word' id='word_1_617' title='bbox 1856 5405 1943 5446; x_wconf 57' lang='lat'><strong>,-</strong></span> <span class='ocrx_word' id='word_1_618' title='bbox 1974 5382 2036 5443; x_wconf 84' lang='lat' dir='ltr'><strong>(a)</strong></span> <span class='ocrx_word' id='word_1_619' title='bbox 2067 5379 2146 5429; x_wconf 80' lang='lat' dir='ltr'><strong>Al.</strong></span> <span class='ocrx_word' id='word_1_620' title='bbox 2170 5379 2321 5430; x_wconf 75' lang='lat' dir='ltr'><strong>deest.</strong></span> <span class='ocrx_word' id='word_1_621' title='bbox 2347 5379 2486 5430; x_wconf 82' lang='lat' dir='ltr'><strong>facti.</strong></span> <span class='ocrx_word' id='word_1_622' title='bbox 2963 5387 2970 5395; x_wconf 83' lang='lat'><strong>·</strong></span> 
     </span>
    </p>
   </div>
  </div>
 </body>
</html>
