<?xml version="1.0" encoding="UTF-8"?>
<!DOCTYPE html PUBLIC "-//W3C//DTD XHTML 1.0 Transitional//EN"
    "http://www.w3.org/TR/xhtml1/DTD/xhtml1-transitional.dtd">
<html xmlns="http://www.w3.org/1999/xhtml" xml:lang="en" lang="en">
 <head>
  <title>
</title>
<meta http-equiv="Content-Type" content="text/html;charset=utf-8" />
  <meta name='ocr-system' content='tesseract 3.04.00' />
  <meta name='ocr-capabilities' content='ocr_page ocr_carea ocr_par ocr_line ocrx_word'/>
</head>
<body>
  <div class='ocr_page' id='page_1' title='image "./srecardinalissb01peltgoog_0625.png"; bbox 0 0 4125 6225; ppageno 0'>
   <div class='ocr_carea' id='block_1_1' title="bbox 1326 407 2639 523">
    <p class='ocr_par' dir='ltr' id='par_1_1' title="bbox 1326 407 2639 523">
     <span class='ocr_line' id='line_1_1' title="bbox 1326 407 2639 523; baseline -0.002 -13"><span class='ocrx_word' id='word_1_1' title='bbox 1326 444 1523 512; x_wconf 83' lang='lat' dir='ltr'><strong>msT.</strong></span> <span class='ocrx_word' id='word_1_2' title='bbox 1562 443 1728 510; x_wconf 84' lang='lat' dir='ltr'><strong>xm.</strong></span> <span class='ocrx_word' id='word_1_3' title='bbox 1772 441 1956 509; x_wconf 57' lang='lat' dir='ltr'><strong>aar.</strong></span> <span class='ocrx_word' id='word_1_4' title='bbox 2000 442 2080 508; x_wconf 93' lang='lat'><strong>11.</strong></span> <span class='ocrx_word' id='word_1_5' title='bbox 2125 441 2425 523; x_wconf 78' lang='lat' dir='ltr'><strong>QuAEsT.</strong></span> <span class='ocrx_word' id='word_1_6' title='bbox 2469 442 2548 508; x_wconf 89' lang='lat'><strong>11.</strong></span> <span class='ocrx_word' id='word_1_7' title='bbox 2636 407 2639 411; x_wconf 74' lang='grc'><strong><em>’</em></strong></span> 
     </span>
    </p>
   </div>
   <div class='ocr_carea' id='block_1_2' title="bbox 360 581 1905 2388">
    <p class='ocr_par' dir='ltr' id='par_1_2' title="bbox 360 581 1894 776">
     <span class='ocr_line' id='line_1_2' title="bbox 360 581 1894 666; baseline -0.002 -18"><span class='ocrx_word' id='word_1_8' title='bbox 360 599 507 665; x_wconf 79' lang='lat' dir='ltr'><strong>quae</strong></span> <span class='ocrx_word' id='word_1_9' title='bbox 552 582 633 647; x_wconf 91' lang='lat' dir='ltr'><strong>ad</strong></span> <span class='ocrx_word' id='word_1_10' title='bbox 675 582 1039 666; x_wconf 91' lang='lat' dir='ltr'><strong>oppositum</strong></span> <span class='ocrx_word' id='word_1_11' title='bbox 1078 581 1474 647; x_wconf 86' lang='lat' dir='ltr'><strong>inducuntur</strong></span> <span class='ocrx_word' id='word_1_12' title='bbox 1488 631 1507 662; x_wconf 92' lang='lat'><strong>,</strong></span> <span class='ocrx_word' id='word_1_13' title='bbox 1539 581 1894 664; x_wconf 80' lang='lat' dir='ltr'><strong>loquuntur</strong></span> 
     </span>
     <span class='ocr_line' id='line_1_3' title="bbox 361 691 1575 776; baseline -0.001 -19"><span class='ocrx_word' id='word_1_14' title='bbox 361 691 439 757; x_wconf 90' lang='lat' dir='ltr'><strong>de</strong></span> <span class='ocrx_word' id='word_1_15' title='bbox 459 691 604 756; x_wconf 88' lang='lat' dir='ltr'><strong>luce</strong></span> <span class='ocrx_word' id='word_1_16' title='bbox 629 695 824 776; x_wconf 90' lang='lat' dir='ltr'><strong>prout</strong></span> <span class='ocrx_word' id='word_1_17' title='bbox 850 691 1159 775; x_wconf 81' lang='lat' dir='ltr'><strong>accipitur</strong></span> <span class='ocrx_word' id='word_1_18' title='bbox 1194 691 1575 756; x_wconf 79' lang='lat' dir='ltr'>concretive.</span> 
     </span>
    </p>

    <p class='ocr_par' dir='ltr' id='par_1_3' title="bbox 365 797 1896 992">
     <span class='ocr_line' id='line_1_4' title="bbox 440 797 1896 883; baseline -0.002 -18"><span class='ocrx_word' id='word_1_19' title='bbox 440 799 738 866; x_wconf 79' lang='lat' dir='ltr'><strong>Rationes</strong></span> <span class='ocrx_word' id='word_1_20' title='bbox 755 819 911 867; x_wconf 83' lang='lat' dir='ltr'><strong>vero</strong></span> <span class='ocrx_word' id='word_1_21' title='bbox 936 818 1085 883; x_wconf 85' lang='lat' dir='ltr'><strong>quae</strong></span> <span class='ocrx_word' id='word_1_22' title='bbox 1125 799 1404 883; x_wconf 89' lang='lat' dir='ltr'><strong>probant</strong></span> <span class='ocrx_word' id='word_1_23' title='bbox 1428 799 1601 883; x_wconf 79' lang='lat' dir='ltr'><strong>quod</strong></span> <span class='ocrx_word' id='word_1_24' title='bbox 1637 797 1896 881; x_wconf 80' lang='lat' dir='ltr'><strong>aliquod</strong></span> 
     </span>
     <span class='ocr_line' id='line_1_5' title="bbox 365 908 1735 992; baseline -0.002 -20"><span class='ocrx_word' id='word_1_25' title='bbox 365 925 597 991; x_wconf 84' lang='lat' dir='ltr'><strong>corpus</strong></span> <span class='ocrx_word' id='word_1_26' title='bbox 613 909 693 972; x_wconf 88' lang='lat' dir='ltr'><strong>sit</strong></span> <span class='ocrx_word' id='word_1_27' title='bbox 714 926 876 992; x_wconf 91' lang='lat' dir='ltr'><strong>pure</strong></span> <span class='ocrx_word' id='word_1_28' title='bbox 903 908 1043 987; x_wconf 87' lang='lat' dir='ltr'><strong>lux,</strong></span> <span class='ocrx_word' id='word_1_29' title='bbox 1073 924 1207 971; x_wconf 94' lang='lat' dir='ltr'><strong>non</strong></span> <span class='ocrx_word' id='word_1_30' title='bbox 1222 909 1386 970; x_wconf 75' lang='lat' dir='ltr'><strong>sunt</strong></span> <span class='ocrx_word' id='word_1_31' title='bbox 1411 909 1735 986; x_wconf 56' lang='lat' dir='ltr'><strong>cogentes„</strong></span> 
     </span>
    </p>

    <p class='ocr_par' dir='ltr' id='par_1_4' title="bbox 361 1011 1905 2388">
     <span class='ocr_line' id='line_1_6' title="bbox 441 1011 1899 1097; baseline -0.004 -17"><span class='ocrx_word' id='word_1_32' title='bbox 441 1019 502 1079; x_wconf 74' lang='lat'><strong>4.</strong></span> <span class='ocrx_word' id='word_1_33' title='bbox 536 1016 635 1080; x_wconf 86' lang='lat' dir='ltr'><strong>Ad</strong></span> <span class='ocrx_word' id='word_1_34' title='bbox 664 1015 822 1080; x_wconf 89' lang='lat' dir='ltr'><strong>illud</strong></span> <span class='ocrx_word' id='word_1_35' title='bbox 860 1016 1030 1079; x_wconf 91' lang='lat' dir='ltr'><strong>enim</strong></span> <span class='ocrx_word' id='word_1_36' title='bbox 1062 1014 1234 1097; x_wconf 85' lang='lat' dir='ltr'><strong>quod</strong></span> <span class='ocrx_word' id='word_1_37' title='bbox 1272 1014 1569 1097; x_wconf 80' lang='lat' dir='ltr'><strong>objicItur</strong></span> <span class='ocrx_word' id='word_1_38' title='bbox 1610 1013 1689 1078; x_wconf 89' lang='lat' dir='ltr'><strong>de</strong></span> <span class='ocrx_word' id='word_1_39' title='bbox 1717 1011 1899 1076; x_wconf 87' lang='lat' dir='ltr'><strong>simi·</strong></span> 
     </span>
     <span class='ocr_line' id='line_1_7' title="bbox 361 1119 1900 1206; baseline -0.003 -20"><span class='ocrx_word' id='word_1_40' title='bbox 361 1122 630 1187; x_wconf 88' lang='lat' dir='ltr'><strong>litudine</strong></span> <span class='ocrx_word' id='word_1_41' title='bbox 673 1122 1101 1206; x_wconf 82' lang='lat' dir='ltr'><strong>spiritualium</strong></span> <span class='ocrx_word' id='word_1_42' title='bbox 1140 1124 1203 1185; x_wconf 89' lang='lat' dir='ltr'><strong>et</strong></span> <span class='ocrx_word' id='word_1_43' title='bbox 1247 1119 1713 1203; x_wconf 75' lang='lat' dir='ltr'><strong>corporalium:</strong></span> <span class='ocrx_word' id='word_1_44' title='bbox 1767 1136 1900 1183; x_wconf 94' lang='lat' dir='ltr'><strong>non</strong></span> 
     </span>
     <span class='ocr_line' id='line_1_8' title="bbox 362 1228 1901 1313; baseline -0.003 -18"><span class='ocrx_word' id='word_1_45' title='bbox 362 1235 458 1295; x_wconf 67' lang='lat' dir='ltr'><strong>aet</strong></span> <span class='ocrx_word' id='word_1_46' title='bbox 479 1230 707 1308; x_wconf 89' lang='lat' dir='ltr'><strong>simile,</strong></span> <span class='ocrx_word' id='word_1_47' title='bbox 740 1231 891 1313; x_wconf 87' lang='lat' dir='ltr'><strong>quia</strong></span> <span class='ocrx_word' id='word_1_48' title='bbox 914 1230 1032 1295; x_wconf 82' lang='lat' dir='ltr'><strong>lux</strong></span> <span class='ocrx_word' id='word_1_49' title='bbox 1055 1228 1402 1312; x_wconf 86' lang='lat' dir='ltr'><strong>spiritualis</strong></span> <span class='ocrx_word' id='word_1_50' title='bbox 1422 1228 1782 1292; x_wconf 89' lang='lat' dir='ltr'><strong>communis</strong></span> <span class='ocrx_word' id='word_1_51' title='bbox 1807 1232 1901 1291; x_wconf 87' lang='lat' dir='ltr'><strong>est</strong></span> 
     </span>
     <span class='ocr_line' id='line_1_9' title="bbox 363 1335 1896 1418; baseline -0.002 -16"><span class='ocrx_word' id='word_1_52' title='bbox 363 1337 658 1418; x_wconf 82' lang='lat' dir='ltr'><strong>Creatori,</strong></span> <span class='ocrx_word' id='word_1_53' title='bbox 688 1342 752 1402; x_wconf 88' lang='lat' dir='ltr'><strong>et</strong></span> <span class='ocrx_word' id='word_1_54' title='bbox 775 1341 1104 1417; x_wconf 77' lang='lat' dir='ltr'><strong>creaturae,</strong></span> <span class='ocrx_word' id='word_1_55' title='bbox 1130 1336 1485 1401; x_wconf 87' lang='lat' dir='ltr'><strong>secundum</strong></span> <span class='ocrx_word' id='word_1_56' title='bbox 1511 1335 1896 1417; x_wconf 80' lang='lat' dir='ltr'><strong>analogiam.</strong></span> 
     </span>
     <span class='ocr_line' id='line_1_10' title="bbox 361 1442 1902 1527; baseline -0.003 -18"><span class='ocrx_word' id='word_1_57' title='bbox 361 1443 438 1509; x_wconf 89' lang='lat' dir='ltr'><strong>Et</strong></span> <span class='ocrx_word' id='word_1_58' title='bbox 463 1445 616 1527; x_wconf 87' lang='lat' dir='ltr'><strong>quia</strong></span> <span class='ocrx_word' id='word_1_59' title='bbox 642 1444 895 1511; x_wconf 84' lang='lat' dir='ltr'><strong>Creator</strong></span> <span class='ocrx_word' id='word_1_60' title='bbox 939 1462 1104 1527; x_wconf 91' lang='lat' dir='ltr'><strong>pure</strong></span> <span class='ocrx_word' id='word_1_61' title='bbox 1142 1446 1318 1509; x_wconf 91' lang='lat' dir='ltr'><strong>actus</strong></span> <span class='ocrx_word' id='word_1_62' title='bbox 1344 1447 1472 1520; x_wconf 88' lang='lat' dir='ltr'><strong>est,</strong></span> <span class='ocrx_word' id='word_1_63' title='bbox 1511 1442 1656 1506; x_wconf 88' lang='lat' dir='ltr'><strong>ideo</strong></span> <span class='ocrx_word' id='word_1_64' title='bbox 1700 1445 1902 1526; x_wconf 86' lang='lat' dir='ltr'><strong>potest</strong></span> 
     </span>
     <span class='ocr_line' id='line_1_11' title="bbox 361 1549 1903 1634; baseline -0.001 -19"><span class='ocrx_word' id='word_1_65' title='bbox 361 1551 624 1634; x_wconf 91' lang='lat' dir='ltr'><strong>reperiri</strong></span> <span class='ocrx_word' id='word_1_66' title='bbox 674 1551 743 1615; x_wconf 91' lang='lat' dir='ltr'><strong>in</strong></span> <span class='ocrx_word' id='word_1_67' title='bbox 786 1550 1219 1633; x_wconf 84' lang='lat' dir='ltr'><strong>spiritualibus</strong></span> <span class='ocrx_word' id='word_1_68' title='bbox 1263 1550 1381 1614; x_wconf 87' lang='lat' dir='ltr'><strong>lux</strong></span> <span class='ocrx_word' id='word_1_69' title='bbox 1422 1550 1491 1614; x_wconf 92' lang='lat' dir='ltr'><strong>in</strong></span> <span class='ocrx_word' id='word_1_70' title='bbox 1536 1549 1903 1614; x_wconf 90' lang='lat' dir='ltr'><strong>omnimoda</strong></span> 
     </span>
     <span class='ocr_line' id='line_1_12' title="bbox 363 1658 1900 1743; baseline -0.003 -17"><span class='ocrx_word' id='word_1_71' title='bbox 363 1660 738 1740; x_wconf 85' lang='lat' dir='ltr'><strong>actualitate,</strong></span> <span class='ocrx_word' id='word_1_72' title='bbox 771 1661 862 1726; x_wconf 88' lang='lat' dir='ltr'><strong>ita</strong></span> <span class='ocrx_word' id='word_1_73' title='bbox 888 1660 1059 1743; x_wconf 84' lang='lat' dir='ltr'><strong>quod</strong></span> <span class='ocrx_word' id='word_1_74' title='bbox 1082 1659 1247 1727; x_wconf 89' lang='lat' dir='ltr'><strong>nihil</strong></span> <span class='ocrx_word' id='word_1_75' title='bbox 1272 1659 1504 1724; x_wconf 89' lang='lat' dir='ltr'><strong>habeat</strong></span> <span class='ocrx_word' id='word_1_76' title='bbox 1520 1659 1599 1723; x_wconf 91' lang='lat' dir='ltr'><strong>de</strong></span> <span class='ocrx_word' id='word_1_77' title='bbox 1629 1658 1900 1742; x_wconf 89' lang='lat' dir='ltr'><strong>possibi-</strong></span> 
     </span>
     <span class='ocr_line' id='line_1_13' title="bbox 361 1767 1902 1849; baseline -0.001 -17"><span class='ocrx_word' id='word_1_78' title='bbox 361 1768 535 1833; x_wconf 84' lang='lat' dir='ltr'><strong>litate</strong></span> <span class='ocrx_word' id='word_1_79' title='bbox 578 1769 861 1834; x_wconf 83' lang='lat' dir='ltr'><strong>materiae</strong></span> <span class='ocrx_word' id='word_1_80' title='bbox 881 1818 900 1849; x_wconf 91' lang='lat'><strong>,</strong></span> <span class='ocrx_word' id='word_1_81' title='bbox 943 1787 1063 1833; x_wconf 91' lang='lat' dir='ltr'><strong>nec</strong></span> <span class='ocrx_word' id='word_1_82' title='bbox 1101 1770 1179 1832; x_wconf 90' lang='lat' dir='ltr'><strong>de</strong></span> <span class='ocrx_word' id='word_1_83' title='bbox 1221 1767 1663 1833; x_wconf 87' lang='lat' dir='ltr'><strong>tenebrositate</strong></span> <span class='ocrx_word' id='word_1_84' title='bbox 1706 1767 1902 1847; x_wconf 89' lang='lat' dir='ltr'><strong>igno-</strong></span> 
     </span>
     <span class='ocr_line' id='line_1_14' title="bbox 363 1874 1905 1958; baseline -0.001 -19"><span class='ocrx_word' id='word_1_85' title='bbox 363 1876 609 1940; x_wconf 80' lang='lat' dir='ltr'><strong>rantiae.</strong></span> <span class='ocrx_word' id='word_1_86' title='bbox 653 1874 1003 1958; x_wconf 90' lang='lat' dir='ltr'><strong>Corporalis</strong></span> <span class='ocrx_word' id='word_1_87' title='bbox 1049 1892 1205 1939; x_wconf 88' lang='lat' dir='ltr'><strong>vero</strong></span> <span class='ocrx_word' id='word_1_88' title='bbox 1249 1874 1366 1938; x_wconf 85' lang='lat' dir='ltr'><strong>lux</strong></span> <span class='ocrx_word' id='word_1_89' title='bbox 1410 1893 1541 1938; x_wconf 90' lang='lat' dir='ltr'><strong>non</strong></span> <span class='ocrx_word' id='word_1_90' title='bbox 1585 1874 1905 1956; x_wconf 85' lang='lat' dir='ltr'><strong>reperitur</strong></span> 
     </span>
     <span class='ocr_line' id='line_1_15' title="bbox 363 1981 1902 2065; baseline 0 -20"><span class='ocrx_word' id='word_1_91' title='bbox 363 1982 485 2046; x_wconf 91' lang='lat' dir='ltr'><strong>nisi</strong></span> <span class='ocrx_word' id='word_1_92' title='bbox 510 1983 578 2047; x_wconf 93' lang='lat' dir='ltr'><strong>in</strong></span> <span class='ocrx_word' id='word_1_93' title='bbox 604 1986 913 2060; x_wconf 88' lang='lat' dir='ltr'><strong>creatura,</strong></span> <span class='ocrx_word' id='word_1_94' title='bbox 946 2000 1115 2065; x_wconf 75' lang='lat' dir='ltr'><strong>quae,</strong></span> <span class='ocrx_word' id='word_1_95' title='bbox 1150 1982 1231 2047; x_wconf 93' lang='lat' dir='ltr'><strong>ad</strong></span> <span class='ocrx_word' id='word_1_96' title='bbox 1256 1981 1378 2047; x_wconf 89' lang='lat' dir='ltr'><strong>hoc</strong></span> <span class='ocrx_word' id='word_1_97' title='bbox 1407 1986 1480 2046; x_wconf 88' lang='lat' dir='ltr'><strong>ut</strong></span> <span class='ocrx_word' id='word_1_98' title='bbox 1505 2000 1618 2064; x_wconf 87' lang='lat' dir='ltr'><strong>per</strong></span> <span class='ocrx_word' id='word_1_99' title='bbox 1641 2000 1707 2045; x_wconf 87' lang='lat' dir='ltr'><strong>se</strong></span> <span class='ocrx_word' id='word_1_100' title='bbox 1733 1981 1902 2045; x_wconf 84' lang='lat' dir='ltr'><strong>exis-</strong></span> 
     </span>
     <span class='ocr_line' id='line_1_16' title="bbox 363 2090 1902 2171; baseline 0.001 -18"><span class='ocrx_word' id='word_1_101' title='bbox 363 2092 474 2166; x_wconf 87' lang='lat' dir='ltr'><strong>tat,</strong></span> <span class='ocrx_word' id='word_1_102' title='bbox 512 2090 758 2171; x_wconf 84' lang='lat' dir='ltr'><strong>indiget</strong></span> <span class='ocrx_word' id='word_1_103' title='bbox 797 2090 1179 2155; x_wconf 86' lang='lat' dir='ltr'><strong>substentari</strong></span> <span class='ocrx_word' id='word_1_104' title='bbox 1222 2110 1262 2154; x_wconf 91' lang='lat' dir='ltr'><strong>a</strong></span> <span class='ocrx_word' id='word_1_105' title='bbox 1302 2090 1570 2155; x_wconf 90' lang='lat' dir='ltr'><strong>materia</strong></span> <span class='ocrx_word' id='word_1_106' title='bbox 1607 2112 1622 2154; x_wconf 92' lang='lat'><strong>:</strong></span> <span class='ocrx_word' id='word_1_107' title='bbox 1658 2094 1722 2154; x_wconf 88' lang='lat' dir='ltr'><strong>et</strong></span> <span class='ocrx_word' id='word_1_108' title='bbox 1761 2090 1902 2155; x_wconf 88' lang='lat' dir='ltr'><strong>ideo</strong></span> 
     </span>
     <span class='ocr_line' id='line_1_17' title="bbox 362 2197 1903 2281; baseline 0.002 -22"><span class='ocrx_word' id='word_1_109' title='bbox 362 2214 493 2260; x_wconf 92' lang='lat' dir='ltr'><strong>non</strong></span> <span class='ocrx_word' id='word_1_110' title='bbox 521 2200 725 2280; x_wconf 89' lang='lat' dir='ltr'><strong>potest</strong></span> <span class='ocrx_word' id='word_1_111' title='bbox 755 2197 1034 2263; x_wconf 85' lang='lat' dir='ltr'><strong>inveniri</strong></span> <span class='ocrx_word' id='word_1_112' title='bbox 1062 2198 1179 2262; x_wconf 84' lang='lat' dir='ltr'><strong>lux</strong></span> <span class='ocrx_word' id='word_1_113' title='bbox 1221 2216 1383 2280; x_wconf 91' lang='lat' dir='ltr'><strong>pura</strong></span> <span class='ocrx_word' id='word_1_114' title='bbox 1424 2216 1538 2281; x_wconf 91' lang='lat' dir='ltr'><strong>per</strong></span> <span class='ocrx_word' id='word_1_115' title='bbox 1578 2197 1903 2262; x_wconf 88' lang='lat' dir='ltr'><strong>omnimo-</strong></span> 
     </span>
     <span class='ocr_line' id='line_1_18' title="bbox 363 2303 1897 2388; baseline 0.001 -20"><span class='ocrx_word' id='word_1_116' title='bbox 363 2303 512 2368; x_wconf 90' lang='lat' dir='ltr'><strong>dam</strong></span> <span class='ocrx_word' id='word_1_117' title='bbox 568 2303 1000 2368; x_wconf 79' lang='lat' dir='ltr'><strong>exclusionem</strong></span> <span class='ocrx_word' id='word_1_118' title='bbox 1052 2303 1480 2388; x_wconf 85' lang='lat' dir='ltr'><strong>possibilitatis</strong></span> <span class='ocrx_word' id='word_1_119' title='bbox 1542 2304 1825 2369; x_wconf 70' lang='lat' dir='ltr'><strong>materiae</strong></span> <span class='ocrx_word' id='word_1_120' title='bbox 1882 2326 1897 2369; x_wconf 92' lang='lat'><strong>:</strong></span> 
     </span>
    </p>
   </div>
   <div class='ocr_carea' id='block_1_3' title="bbox 364 2411 1974 2495">
    <p class='ocr_par' dir='ltr' id='par_1_5' title="bbox 364 2411 1974 2495">
     <span class='ocr_line' id='line_1_19' title="bbox 364 2411 1974 2495; baseline 0.003 -23"><span class='ocrx_word' id='word_1_121' title='bbox 364 2413 568 2491; x_wconf 86' lang='lat' dir='ltr'><strong>potest</strong></span> <span class='ocrx_word' id='word_1_122' title='bbox 591 2414 809 2475; x_wconf 89' lang='lat' dir='ltr'><strong>tamen</strong></span> <span class='ocrx_word' id='word_1_123' title='bbox 826 2411 1102 2477; x_wconf 85' lang='lat' dir='ltr'><strong>inveniri</strong></span> <span class='ocrx_word' id='word_1_124' title='bbox 1134 2430 1297 2495; x_wconf 88' lang='lat' dir='ltr'><strong>pura</strong></span> <span class='ocrx_word' id='word_1_125' title='bbox 1324 2411 1441 2476; x_wconf 82' lang='lat' dir='ltr'><strong>lux</strong></span> <span class='ocrx_word' id='word_1_126' title='bbox 1465 2429 1579 2494; x_wconf 89' lang='lat' dir='ltr'><strong>per</strong></span> <span class='ocrx_word' id='word_1_127' title='bbox 1597 2411 1904 2476; x_wconf 83' lang='lat' dir='ltr'><strong>exclusio-</strong></span> <span class='ocrx_word' id='word_1_128' title='bbox 1969 2481 1974 2487; x_wconf 66' lang='grc'><strong>,</strong></span> 
     </span>
    </p>
   </div>
   <div class='ocr_carea' id='block_1_4' title="bbox 366 2518 1916 5260">
    <p class='ocr_par' dir='ltr' id='par_1_6' title="bbox 367 2518 1902 2602">
     <span class='ocr_line' id='line_1_20' title="bbox 367 2518 1902 2602; baseline 0.001 -22"><span class='ocrx_word' id='word_1_129' title='bbox 367 2534 516 2580; x_wconf 92' lang='lat' dir='ltr'><strong>nem</strong></span> <span class='ocrx_word' id='word_1_130' title='bbox 545 2519 872 2600; x_wconf 78' lang='lat' dir='ltr'><strong>opacitatis</strong></span> <span class='ocrx_word' id='word_1_131' title='bbox 893 2522 958 2584; x_wconf 88' lang='lat' dir='ltr'><strong>et</strong></span> <span class='ocrx_word' id='word_1_132' title='bbox 974 2520 1255 2585; x_wconf 81' lang='lat' dir='ltr'><strong>tenebrae</strong></span> <span class='ocrx_word' id='word_1_133' title='bbox 1286 2543 1300 2585; x_wconf 91' lang='lat'><strong>:</strong></span> <span class='ocrx_word' id='word_1_134' title='bbox 1325 2524 1388 2584; x_wconf 88' lang='lat' dir='ltr'><strong>et</strong></span> <span class='ocrx_word' id='word_1_135' title='bbox 1410 2520 1500 2602; x_wconf 84' lang='lat' dir='ltr'><strong>sic</strong></span> <span class='ocrx_word' id='word_1_136' title='bbox 1524 2523 1619 2584; x_wconf 88' lang='lat' dir='ltr'><strong>est</strong></span> <span class='ocrx_word' id='word_1_137' title='bbox 1643 2519 1715 2583; x_wconf 91' lang='lat' dir='ltr'><strong>in</strong></span> <span class='ocrx_word' id='word_1_138' title='bbox 1733 2518 1902 2594; x_wconf 74' lang='lat' dir='ltr'><strong>Sole.</strong></span> 
     </span>
    </p>

    <p class='ocr_par' dir='ltr' id='par_1_7' title="bbox 366 2623 1910 4000">
     <span class='ocr_line' id='line_1_21' title="bbox 446 2623 1904 2709; baseline 0.003 -23"><span class='ocrx_word' id='word_1_139' title='bbox 446 2627 505 2686; x_wconf 72' lang='lat'><strong>5.</strong></span> <span class='ocrx_word' id='word_1_140' title='bbox 534 2623 631 2688; x_wconf 84' lang='lat' dir='ltr'><strong>Ad</strong></span> <span class='ocrx_word' id='word_1_141' title='bbox 661 2625 1022 2709; x_wconf 83' lang='lat' dir='ltr'><strong>illudquod</strong></span> <span class='ocrx_word' id='word_1_142' title='bbox 1047 2626 1365 2708; x_wconf 85' lang='lat' dir='ltr'><strong>objicitur,</strong></span> <span class='ocrx_word' id='word_1_143' title='bbox 1395 2626 1568 2709; x_wconf 83' lang='lat' dir='ltr'><strong>quod</strong></span> <span class='ocrx_word' id='word_1_144' title='bbox 1590 2626 1644 2689; x_wconf 92' lang='lat' dir='ltr'><strong>si</strong></span> <span class='ocrx_word' id='word_1_145' title='bbox 1669 2626 1786 2690; x_wconf 82' lang='lat' dir='ltr'><strong>lux</strong></span> <span class='ocrx_word' id='word_1_146' title='bbox 1807 2645 1904 2691; x_wconf 89' lang='lat' dir='ltr'><strong>so-</strong></span> 
     </span>
     <span class='ocr_line' id='line_1_22' title="bbox 366 2731 1905 2818; baseline 0.001 -23"><span class='ocrx_word' id='word_1_147' title='bbox 366 2731 445 2794; x_wconf 88' lang='lat' dir='ltr'><strong>lis</strong></span> <span class='ocrx_word' id='word_1_148' title='bbox 494 2737 654 2797; x_wconf 87' lang='lat' dir='ltr'><strong>esset</strong></span> <span class='ocrx_word' id='word_1_149' title='bbox 701 2733 1022 2815; x_wconf 82' lang='lat' dir='ltr'><strong>permixta</strong></span> <span class='ocrx_word' id='word_1_150' title='bbox 1061 2734 1376 2814; x_wconf 70' lang='lat' dir='ltr'><strong>materiae,</strong></span> <span class='ocrx_word' id='word_1_151' title='bbox 1418 2752 1554 2799; x_wconf 90' lang='lat' dir='ltr'><strong>non</strong></span> <span class='ocrx_word' id='word_1_152' title='bbox 1593 2739 1797 2818; x_wconf 88' lang='lat' dir='ltr'><strong>posset</strong></span> <span class='ocrx_word' id='word_1_153' title='bbox 1837 2753 1905 2797; x_wconf 89' lang='lat' dir='ltr'><strong>se</strong></span> 
     </span>
     <span class='ocr_line' id='line_1_23' title="bbox 367 2839 1907 2924; baseline 0.003 -22"><span class='ocrx_word' id='word_1_154' title='bbox 367 2839 786 2921; x_wconf 84' lang='lat' dir='ltr'><strong>multiplicare</strong></span> <span class='ocrx_word' id='word_1_155' title='bbox 809 2841 1078 2923; x_wconf 78' lang='lat' dir='ltr'><strong>perfecte</strong></span> <span class='ocrx_word' id='word_1_156' title='bbox 1104 2863 1121 2919; x_wconf 92' lang='lat'>;</span> <span class='ocrx_word' id='word_1_157' title='bbox 1167 2840 1504 2906; x_wconf 89' lang='lat' dir='ltr'><strong>dicendum</strong></span> <span class='ocrx_word' id='word_1_158' title='bbox 1540 2842 1712 2924; x_wconf 88' lang='lat' dir='ltr'><strong>quod</strong></span> <span class='ocrx_word' id='word_1_159' title='bbox 1738 2859 1907 2924; x_wconf 78' lang='lat' dir='ltr'><strong>prae-</strong></span> 
     </span>
     <span class='ocr_line' id='line_1_24' title="bbox 366 2946 1902 3034; baseline 0.003 -25"><span class='ocrx_word' id='word_1_160' title='bbox 366 2946 567 3010; x_wconf 87' lang='lat' dir='ltr'><strong>sentia</strong></span> <span class='ocrx_word' id='word_1_161' title='bbox 586 2946 869 3012; x_wconf 84' lang='lat' dir='ltr'><strong>materiae</strong></span> <span class='ocrx_word' id='word_1_162' title='bbox 881 2967 1013 3013; x_wconf 91' lang='lat' dir='ltr'><strong>non</strong></span> <span class='ocrx_word' id='word_1_163' title='bbox 1030 2947 1195 3012; x_wconf 87' lang='lat' dir='ltr'><strong>tollit</strong></span> <span class='ocrx_word' id='word_1_164' title='bbox 1212 2950 1638 3014; x_wconf 83' lang='lat' dir='ltr'><strong>actualitatem</strong></span> <span class='ocrx_word' id='word_1_165' title='bbox 1654 2950 1902 3034; x_wconf 71' lang='lat' dir='ltr'><strong>formae,</strong></span> 
     </span>
     <span class='ocr_line' id='line_1_25' title="bbox 367 3054 1908 3141; baseline 0.003 -23"><span class='ocrx_word' id='word_1_166' title='bbox 367 3054 648 3120; x_wconf 86' lang='lat' dir='ltr'><strong>maxime</strong></span> <span class='ocrx_word' id='word_1_167' title='bbox 698 3055 952 3140; x_wconf 89' lang='lat' dir='ltr'><strong>quando</strong></span> <span class='ocrx_word' id='word_1_168' title='bbox 997 3074 1229 3141; x_wconf 89' lang='lat' dir='ltr'><strong>corpus</strong></span> <span class='ocrx_word' id='word_1_169' title='bbox 1272 3057 1540 3123; x_wconf 89' lang='lat' dir='ltr'><strong>multum</strong></span> <span class='ocrx_word' id='word_1_170' title='bbox 1591 3058 1782 3122; x_wconf 89' lang='lat' dir='ltr'><strong>habet</strong></span> <span class='ocrx_word' id='word_1_171' title='bbox 1828 3057 1908 3122; x_wconf 91' lang='lat' dir='ltr'><strong>de</strong></span> 
     </span>
     <span class='ocr_line' id='line_1_26' title="bbox 367 3164 1907 3250; baseline 0.003 -23"><span class='ocrx_word' id='word_1_172' title='bbox 367 3164 593 3245; x_wconf 88' lang='lat' dir='ltr'><strong>specie,</strong></span> <span class='ocrx_word' id='word_1_173' title='bbox 619 3167 683 3227; x_wconf 88' lang='lat' dir='ltr'><strong>et</strong></span> <span class='ocrx_word' id='word_1_174' title='bbox 709 3182 943 3247; x_wconf 90' lang='lat' dir='ltr'><strong>parum</strong></span> <span class='ocrx_word' id='word_1_175' title='bbox 966 3166 1045 3231; x_wconf 91' lang='lat' dir='ltr'><strong>de</strong></span> <span class='ocrx_word' id='word_1_176' title='bbox 1063 3167 1330 3231; x_wconf 82' lang='lat' dir='ltr'><strong>materia</strong></span> <span class='ocrx_word' id='word_1_177' title='bbox 1360 3185 1377 3230; x_wconf 89' lang='lat'><strong>:</strong></span> <span class='ocrx_word' id='word_1_178' title='bbox 1410 3170 1473 3231; x_wconf 89' lang='lat' dir='ltr'><strong>et</strong></span> <span class='ocrx_word' id='word_1_179' title='bbox 1495 3167 1732 3250; x_wconf 87' lang='lat' dir='ltr'><strong>quiain</strong></span> <span class='ocrx_word' id='word_1_180' title='bbox 1762 3166 1907 3232; x_wconf 92' lang='lat' dir='ltr'><strong>Sole</strong></span> 
     </span>
     <span class='ocr_line' id='line_1_27' title="bbox 370 3272 1903 3357; baseline 0.003 -23"><span class='ocrx_word' id='word_1_181' title='bbox 370 3275 462 3335; x_wconf 87' lang='lat' dir='ltr'><strong>est</strong></span> <span class='ocrx_word' id='word_1_182' title='bbox 484 3272 874 3336; x_wconf 87' lang='lat' dir='ltr'><strong>abundantia</strong></span> <span class='ocrx_word' id='word_1_183' title='bbox 887 3273 1071 3354; x_wconf 85' lang='lat' dir='ltr'><strong>lucis,</strong></span> <span class='ocrx_word' id='word_1_184' title='bbox 1094 3276 1394 3357; x_wconf 84' lang='lat' dir='ltr'><strong>quamvis</strong></span> <span class='ocrx_word' id='word_1_185' title='bbox 1413 3275 1493 3339; x_wconf 89' lang='lat' dir='ltr'><strong>sit</strong></span> <span class='ocrx_word' id='word_1_186' title='bbox 1509 3274 1598 3339; x_wconf 93' lang='lat' dir='ltr'><strong>ibi</strong></span> <span class='ocrx_word' id='word_1_187' title='bbox 1616 3275 1903 3352; x_wconf 89' lang='lat' dir='ltr'><strong>materia,</strong></span> 
     </span>
     <span class='ocr_line' id='line_1_28' title="bbox 366 3378 1908 3466; baseline 0.004 -25"><span class='ocrx_word' id='word_1_188' title='bbox 366 3396 500 3443; x_wconf 88' lang='lat' dir='ltr'><strong>non</strong></span> <span class='ocrx_word' id='word_1_189' title='bbox 520 3378 865 3461; x_wconf 87' lang='lat' dir='ltr'><strong>impeditur</strong></span> <span class='ocrx_word' id='word_1_190' title='bbox 883 3379 967 3443; x_wconf 92' lang='lat' dir='ltr'><strong>ab</strong></span> <span class='ocrx_word' id='word_1_191' title='bbox 988 3380 1233 3445; x_wconf 89' lang='lat' dir='ltr'><strong>actione</strong></span> <span class='ocrx_word' id='word_1_192' title='bbox 1251 3399 1390 3445; x_wconf 91' lang='lat' dir='ltr'><strong>sua.</strong></span> <span class='ocrx_word' id='word_1_193' title='bbox 1417 3380 1508 3445; x_wconf 91' lang='lat' dir='ltr'><strong>Ea</strong></span> <span class='ocrx_word' id='word_1_194' title='bbox 1526 3386 1743 3446; x_wconf 84' lang='lat' dir='ltr'><strong>autem</strong></span> <span class='ocrx_word' id='word_1_195' title='bbox 1759 3401 1908 3466; x_wconf 83' lang='lat' dir='ltr'><strong>quae</strong></span> 
     </span>
     <span class='ocr_line' id='line_1_29' title="bbox 368 3485 1907 3572; baseline 0.004 -24"><span class='ocrx_word' id='word_1_196' title='bbox 368 3486 670 3549; x_wconf 89' lang='lat' dir='ltr'><strong>dicuntur</strong></span> <span class='ocrx_word' id='word_1_197' title='bbox 701 3485 938 3550; x_wconf 88' lang='lat' dir='ltr'><strong>habere</strong></span> <span class='ocrx_word' id='word_1_198' title='bbox 974 3487 1185 3551; x_wconf 86' lang='lat' dir='ltr'><strong>lucem</strong></span> <span class='ocrx_word' id='word_1_199' title='bbox 1230 3487 1698 3572; x_wconf 87' lang='lat' dir='ltr'><strong>incorporatam</strong></span> <span class='ocrx_word' id='word_1_200' title='bbox 1714 3538 1733 3569; x_wconf 92' lang='lat'><strong>,</strong></span> <span class='ocrx_word' id='word_1_201' title='bbox 1778 3508 1907 3554; x_wconf 91' lang='lat' dir='ltr'><strong>non</strong></span> 
     </span>
     <span class='ocr_line' id='line_1_30' title="bbox 368 3591 1908 3678; baseline 0.005 -23"><span class='ocrx_word' id='word_1_202' title='bbox 368 3591 604 3657; x_wconf 87' lang='lat' dir='ltr'><strong>habent</strong></span> <span class='ocrx_word' id='word_1_203' title='bbox 653 3594 995 3677; x_wconf 87' lang='lat' dir='ltr'><strong>perfectam</strong></span> <span class='ocrx_word' id='word_1_204' title='bbox 1037 3598 1411 3677; x_wconf 89' lang='lat' dir='ltr'><strong>potestatem</strong></span> <span class='ocrx_word' id='word_1_205' title='bbox 1446 3595 1908 3678; x_wconf 90' lang='lat' dir='ltr'><strong>multiplicandi</strong></span> 
     </span>
     <span class='ocr_line' id='line_1_31' title="bbox 370 3700 1905 3787; baseline 0.006 -25"><span class='ocrx_word' id='word_1_206' title='bbox 370 3716 437 3762; x_wconf 83' lang='lat' dir='ltr'><strong>se</strong></span> <span class='ocrx_word' id='word_1_207' title='bbox 472 3722 487 3763; x_wconf 92' lang='lat'><strong>:</strong></span> <span class='ocrx_word' id='word_1_208' title='bbox 522 3717 656 3763; x_wconf 90' lang='lat' dir='ltr'><strong>non</strong></span> <span class='ocrx_word' id='word_1_209' title='bbox 683 3700 839 3783; x_wconf 86' lang='lat' dir='ltr'><strong>quia</strong></span> <span class='ocrx_word' id='word_1_210' title='bbox 881 3702 996 3765; x_wconf 83' lang='lat' dir='ltr'><strong>lux</strong></span> <span class='ocrx_word' id='word_1_211' title='bbox 1026 3702 1108 3765; x_wconf 87' lang='lat' dir='ltr'><strong>sit</strong></span> <span class='ocrx_word' id='word_1_212' title='bbox 1138 3703 1348 3767; x_wconf 91' lang='lat' dir='ltr'><strong>solum</strong></span> <span class='ocrx_word' id='word_1_213' title='bbox 1388 3702 1477 3766; x_wconf 92' lang='lat' dir='ltr'><strong>ibi</strong></span> <span class='ocrx_word' id='word_1_214' title='bbox 1512 3703 1581 3767; x_wconf 90' lang='lat' dir='ltr'><strong>in</strong></span> <span class='ocrx_word' id='word_1_215' title='bbox 1619 3706 1905 3787; x_wconf 90' lang='lat' dir='ltr'><strong>materia,</strong></span> 
     </span>
     <span class='ocr_line' id='line_1_32' title="bbox 369 3805 1910 3890; baseline 0.005 -21"><span class='ocrx_word' id='word_1_216' title='bbox 369 3805 478 3870; x_wconf 86' lang='lat' dir='ltr'><strong>sed</strong></span> <span class='ocrx_word' id='word_1_217' title='bbox 504 3806 658 3889; x_wconf 87' lang='lat' dir='ltr'><strong>quia</strong></span> <span class='ocrx_word' id='word_1_218' title='bbox 681 3825 946 3890; x_wconf 89' lang='lat' dir='ltr'><strong>corpora</strong></span> <span class='ocrx_word' id='word_1_219' title='bbox 969 3809 1078 3873; x_wconf 92' lang='lat' dir='ltr'><strong>illa</strong></span> <span class='ocrx_word' id='word_1_220' title='bbox 1106 3810 1391 3874; x_wconf 88' lang='lat' dir='ltr'><strong>multum</strong></span> <span class='ocrx_word' id='word_1_221' title='bbox 1412 3809 1653 3875; x_wconf 87' lang='lat' dir='ltr'><strong>habent</strong></span> <span class='ocrx_word' id='word_1_222' title='bbox 1670 3811 1747 3877; x_wconf 94' lang='lat' dir='ltr'><strong>de</strong></span> <span class='ocrx_word' id='word_1_223' title='bbox 1774 3831 1910 3877; x_wconf 91' lang='lat' dir='ltr'><strong>ma-</strong></span> 
     </span>
     <span class='ocr_line' id='line_1_33' title="bbox 371 3914 1253 4000; baseline 0.003 -22"><span class='ocrx_word' id='word_1_224' title='bbox 371 3914 549 3991; x_wconf 84' lang='lat' dir='ltr'><strong>teria,</strong></span> <span class='ocrx_word' id='word_1_225' title='bbox 577 3919 640 3979; x_wconf 89' lang='lat' dir='ltr'><strong>et</strong></span> <span class='ocrx_word' id='word_1_226' title='bbox 661 3934 892 3999; x_wconf 87' lang='lat' dir='ltr'><strong>parum</strong></span> <span class='ocrx_word' id='word_1_227' title='bbox 920 3916 998 3981; x_wconf 92' lang='lat' dir='ltr'><strong>de</strong></span> <span class='ocrx_word' id='word_1_228' title='bbox 1025 3916 1253 4000; x_wconf 90' lang='lat' dir='ltr'><strong>specie.</strong></span> 
     </span>
    </p>

    <p class='ocr_par' dir='ltr' id='par_1_8' title="bbox 373 4022 1916 4967">
     <span class='ocr_line' id='line_1_34' title="bbox 453 4022 1910 4111; baseline 0.005 -26"><span class='ocrx_word' id='word_1_229' title='bbox 453 4027 514 4086; x_wconf 89' lang='grc'><strong>6.</strong></span> <span class='ocrx_word' id='word_1_230' title='bbox 541 4022 638 4086; x_wconf 87' lang='lat' dir='ltr'><strong>Ad</strong></span> <span class='ocrx_word' id='word_1_231' title='bbox 656 4023 814 4088; x_wconf 90' lang='lat' dir='ltr'><strong>illud</strong></span> <span class='ocrx_word' id='word_1_232' title='bbox 833 4024 1003 4107; x_wconf 87' lang='lat' dir='ltr'><strong>quod</strong></span> <span class='ocrx_word' id='word_1_233' title='bbox 1021 4024 1339 4106; x_wconf 85' lang='lat' dir='ltr'><strong>objicitur,</strong></span> <span class='ocrx_word' id='word_1_234' title='bbox 1361 4027 1531 4109; x_wconf 88' lang='lat' dir='ltr'><strong>quod</strong></span> <span class='ocrx_word' id='word_1_235' title='bbox 1567 4027 1681 4091; x_wconf 85' lang='lat' dir='ltr'><strong>lux</strong></span> <span class='ocrx_word' id='word_1_236' title='bbox 1700 4029 1910 4111; x_wconf 91' lang='lat' dir='ltr'><strong>primo</strong></span> 
     </span>
     <span class='ocr_line' id='line_1_35' title="bbox 373 4133 1906 4218; baseline 0.004 -23"><span class='ocrx_word' id='word_1_237' title='bbox 373 4135 583 4195; x_wconf 86' lang='lat' dir='ltr'><strong>creata</strong></span> <span class='ocrx_word' id='word_1_238' title='bbox 625 4136 799 4196; x_wconf 88' lang='lat' dir='ltr'><strong>mota</strong></span> <span class='ocrx_word' id='word_1_239' title='bbox 839 4133 964 4197; x_wconf 85' lang='lat' dir='ltr'><strong>fuit</strong></span> <span class='ocrx_word' id='word_1_240' title='bbox 1008 4133 1359 4199; x_wconf 87' lang='lat' dir='ltr'><strong>dimensive</strong></span> <span class='ocrx_word' id='word_1_241' title='bbox 1414 4138 1476 4198; x_wconf 93' lang='lat' dir='ltr'><strong>et</strong></span> <span class='ocrx_word' id='word_1_242' title='bbox 1522 4137 1906 4218; x_wconf 87' lang='lat' dir='ltr'><strong>successive,</strong></span> 
     </span>
     <span class='ocr_line' id='line_1_36' title="bbox 374 4239 1909 4325; baseline 0.003 -20"><span class='ocrx_word' id='word_1_243' title='bbox 374 4239 713 4305; x_wconf 89' lang='lat' dir='ltr'><strong>dicendum</strong></span> <span class='ocrx_word' id='word_1_244' title='bbox 734 4240 905 4325; x_wconf 89' lang='lat' dir='ltr'><strong>quod</strong></span> <span class='ocrx_word' id='word_1_245' title='bbox 922 4240 1043 4305; x_wconf 84' lang='lat' dir='ltr'><strong>lux</strong></span> <span class='ocrx_word' id='word_1_246' title='bbox 1067 4239 1156 4304; x_wconf 92' lang='lat' dir='ltr'><strong>ibi</strong></span> <span class='ocrx_word' id='word_1_247' title='bbox 1186 4246 1453 4307; x_wconf 86' lang='lat' dir='ltr'><strong>vocatur</strong></span> <span class='ocrx_word' id='word_1_248' title='bbox 1478 4244 1793 4309; x_wconf 85' lang='lat' dir='ltr'><strong>nubecula</strong></span> <span class='ocrx_word' id='word_1_249' title='bbox 1813 4245 1909 4310; x_wconf 90' lang='lat' dir='ltr'><strong>lu-</strong></span> 
     </span>
     <span class='ocr_line' id='line_1_37' title="bbox 375 4348 1913 4433; baseline 0.004 -21"><span class='ocrx_word' id='word_1_250' title='bbox 375 4348 533 4428; x_wconf 89' lang='lat' dir='ltr'><strong>cida,</strong></span> <span class='ocrx_word' id='word_1_251' title='bbox 564 4366 712 4433; x_wconf 74' lang='lat' dir='ltr'><strong>quae</strong></span> <span class='ocrx_word' id='word_1_252' title='bbox 747 4366 898 4415; x_wconf 86' lang='lat' dir='ltr'><strong>vere</strong></span> <span class='ocrx_word' id='word_1_253' title='bbox 928 4366 1161 4431; x_wconf 90' lang='lat' dir='ltr'><strong>corpus</strong></span> <span class='ocrx_word' id='word_1_254' title='bbox 1197 4351 1369 4413; x_wconf 88' lang='lat' dir='ltr'><strong>erat:</strong></span> <span class='ocrx_word' id='word_1_255' title='bbox 1400 4352 1464 4413; x_wconf 89' lang='lat' dir='ltr'><strong>et</strong></span> <span class='ocrx_word' id='word_1_256' title='bbox 1489 4349 1598 4413; x_wconf 90' lang='lat' dir='ltr'><strong>illa</strong></span> <span class='ocrx_word' id='word_1_257' title='bbox 1634 4368 1768 4416; x_wconf 90' lang='lat' dir='ltr'><strong>non</strong></span> <span class='ocrx_word' id='word_1_258' title='bbox 1792 4353 1913 4418; x_wconf 77' lang='lat' dir='ltr'><strong>fuit</strong></span> 
     </span>
     <span class='ocr_line' id='line_1_38' title="bbox 377 4454 1911 4538; baseline 0.003 -19"><span class='ocrx_word' id='word_1_259' title='bbox 377 4459 606 4533; x_wconf 90' lang='lat' dir='ltr'><strong>creata,</strong></span> <span class='ocrx_word' id='word_1_260' title='bbox 637 4473 754 4538; x_wconf 95' lang='lat' dir='ltr'><strong>pro</strong></span> <span class='ocrx_word' id='word_1_261' title='bbox 777 4472 853 4519; x_wconf 84' lang='lat' dir='ltr'><strong>eo</strong></span> <span class='ocrx_word' id='word_1_262' title='bbox 882 4455 1054 4538; x_wconf 89' lang='lat' dir='ltr'><strong>quod</strong></span> <span class='ocrx_word' id='word_1_263' title='bbox 1070 4454 1194 4518; x_wconf 83' lang='lat' dir='ltr'><strong>fuit</strong></span> <span class='ocrx_word' id='word_1_264' title='bbox 1215 4472 1297 4518; x_wconf 81' lang='lat' dir='ltr'><strong>ex</strong></span> <span class='ocrx_word' id='word_1_265' title='bbox 1323 4457 1758 4538; x_wconf 72' lang='lat' dir='ltr'><strong>praeexistenti</strong></span> <span class='ocrx_word' id='word_1_266' title='bbox 1778 4476 1911 4524; x_wconf 89' lang='lat' dir='ltr'><strong>ma·</strong></span> 
     </span>
     <span class='ocr_line' id='line_1_39' title="bbox 375 4562 1913 4648; baseline 0.004 -21"><span class='ocrx_word' id='word_1_267' title='bbox 375 4564 537 4628; x_wconf 88' lang='lat' dir='ltr'><strong>teria</strong></span> <span class='ocrx_word' id='word_1_268' title='bbox 558 4564 764 4628; x_wconf 82' lang='lat' dir='ltr'><strong>forma</strong></span> <span class='ocrx_word' id='word_1_269' title='bbox 789 4562 950 4627; x_wconf 89' lang='lat' dir='ltr'><strong>lucis</strong></span> <span class='ocrx_word' id='word_1_270' title='bbox 975 4562 1097 4626; x_wconf 91' lang='lat' dir='ltr'><strong>sibi</strong></span> <span class='ocrx_word' id='word_1_271' title='bbox 1122 4562 1432 4628; x_wconf 85' lang='lat' dir='ltr'><strong>divinitus</strong></span> <span class='ocrx_word' id='word_1_272' title='bbox 1456 4564 1785 4648; x_wconf 84' lang='lat' dir='ltr'><strong>impressa,</strong></span> <span class='ocrx_word' id='word_1_273' title='bbox 1806 4568 1913 4633; x_wconf 86' lang='lat' dir='ltr'><strong>vel</strong></span> 
     </span>
     <span class='ocr_line' id='line_1_40' title="bbox 376 4669 1912 4757; baseline 0.003 -23"><span class='ocrx_word' id='word_1_274' title='bbox 376 4670 621 4734; x_wconf 86' lang='lat' dir='ltr'><strong>educta.</strong></span> <span class='ocrx_word' id='word_1_275' title='bbox 666 4669 768 4734; x_wconf 92' lang='lat' dir='ltr'><strong>Sic</strong></span> <span class='ocrx_word' id='word_1_276' title='bbox 812 4669 1014 4751; x_wconf 89' lang='lat' dir='ltr'><strong>igitur</strong></span> <span class='ocrx_word' id='word_1_277' title='bbox 1044 4688 1126 4733; x_wconf 85' lang='lat' dir='ltr'><strong>ex</strong></span> <span class='ocrx_word' id='word_1_278' title='bbox 1161 4671 1477 4754; x_wconf 84' lang='lat' dir='ltr'><strong>praedictis</strong></span> <span class='ocrx_word' id='word_1_279' title='bbox 1515 4676 1707 4755; x_wconf 84' lang='lat' dir='ltr'><strong>patet,</strong></span> <span class='ocrx_word' id='word_1_280' title='bbox 1740 4675 1912 4757; x_wconf 87' lang='lat' dir='ltr'><strong>quod</strong></span> 
     </span>
     <span class='ocr_line' id='line_1_41' title="bbox 376 4775 1916 4861; baseline 0.005 -22"><span class='ocrx_word' id='word_1_281' title='bbox 376 4775 490 4840; x_wconf 85' lang='lat' dir='ltr'><strong>lux</strong></span> <span class='ocrx_word' id='word_1_282' title='bbox 512 4824 530 4856; x_wconf 91' lang='lat'><strong>,</strong></span> <span class='ocrx_word' id='word_1_283' title='bbox 558 4776 814 4859; x_wconf 89' lang='lat' dir='ltr'><strong>proprie</strong></span> <span class='ocrx_word' id='word_1_284' title='bbox 848 4780 912 4840; x_wconf 89' lang='lat' dir='ltr'><strong>et</strong></span> <span class='ocrx_word' id='word_1_285' title='bbox 938 4776 1245 4842; x_wconf 86' lang='lat' dir='ltr'><strong>abstracte</strong></span> <span class='ocrx_word' id='word_1_286' title='bbox 1278 4778 1632 4861; x_wconf 65' lang='lat' dir='ltr'><strong>loquendo„</strong></span> <span class='ocrx_word' id='word_1_287' title='bbox 1662 4799 1795 4845; x_wconf 90' lang='lat' dir='ltr'><strong>non</strong></span> <span class='ocrx_word' id='word_1_288' title='bbox 1822 4789 1916 4846; x_wconf 90' lang='lat' dir='ltr'><strong>est</strong></span> 
     </span>
     <span class='ocr_line' id='line_1_42' title="bbox 377 4883 1325 4967; baseline 0.003 -20"><span class='ocrx_word' id='word_1_289' title='bbox 377 4900 628 4966; x_wconf 85' lang='lat' dir='ltr'><strong>corpus,</strong></span> <span class='ocrx_word' id='word_1_290' title='bbox 656 4883 766 4948; x_wconf 90' lang='lat' dir='ltr'><strong>sed</strong></span> <span class='ocrx_word' id='word_1_291' title='bbox 791 4883 997 4948; x_wconf 82' lang='lat' dir='ltr'><strong>forma</strong></span> <span class='ocrx_word' id='word_1_292' title='bbox 1022 4884 1325 4967; x_wconf 79' lang='lat' dir='ltr'><strong>corporiS.</strong></span> 
     </span>
    </p>

    <p class='ocr_par' dir='ltr' id='par_1_9' title="bbox 378 5044 1913 5260">
     <span class='ocr_line' id='line_1_43' title="bbox 439 5044 1913 5116; baseline 0.005 -21"><span class='ocrx_word' id='word_1_293' title='bbox 439 5047 459 5081; x_wconf 89' lang='lat'>¹</span> <span class='ocrx_word' id='word_1_294' title='bbox 482 5044 564 5109; x_wconf 76' lang='lat' dir='ltr'><strong>Cf.</strong></span> <span class='ocrx_word' id='word_1_295' title='bbox 593 5046 646 5097; x_wconf 89' lang='lat' dir='ltr'><strong>S.</strong></span> <span class='ocrx_word' id='word_1_296' title='bbox 677 5044 881 5110; x_wconf 89' lang='lat' dir='ltr'><strong>Thom.,</strong></span> <span class='ocrx_word' id='word_1_297' title='bbox 908 5060 961 5110; x_wconf 91' lang='lat' dir='ltr'><strong>p.</strong></span> <span class='ocrx_word' id='word_1_298' title='bbox 987 5047 1043 5109; x_wconf 89' lang='lat'><strong>1,</strong></span> <span class='ocrx_word' id='word_1_299' title='bbox 1070 5059 1122 5111; x_wconf 88' lang='lat' dir='ltr'><strong>q.</strong></span> <span class='ocrx_word' id='word_1_300' title='bbox 1143 5057 1286 5097; x_wconf 74' lang='lat' dir='ltr'><strong>van</strong></span> <span class='ocrx_word' id='word_1_301' title='bbox 1300 5083 1318 5111; x_wconf 92' lang='lat'>‚</span> <span class='ocrx_word' id='word_1_302' title='bbox 1351 5049 1445 5097; x_wconf 89' lang='lat' dir='ltr'><strong>art.</strong></span> <span class='ocrx_word' id='word_1_303' title='bbox 1468 5049 1496 5098; x_wconf 88' lang='grc'><strong>3</strong></span> <span class='ocrx_word' id='word_1_304' title='bbox 1511 5063 1529 5113; x_wconf 84' lang='lat'>3</span> <span class='ocrx_word' id='word_1_305' title='bbox 1557 5049 1738 5100; x_wconf 86' lang='lat' dir='ltr'><strong>Thom.</strong></span> <span class='ocrx_word' id='word_1_306' title='bbox 1772 5053 1913 5116; x_wconf 67' lang='lat' dir='ltr'><strong>Arg„</strong></span> 
     </span>
     <span class='ocr_line' id='line_1_44' title="bbox 378 5117 1913 5186; baseline 0.004 -19"><span class='ocrx_word' id='word_1_307' title='bbox 378 5118 419 5167; x_wconf 90' lang='lat' dir='ltr'><strong>II</strong></span> <span class='ocrx_word' id='word_1_308' title='bbox 451 5117 610 5179; x_wconf 66' lang='lat' dir='ltr'><strong>Seni„</strong></span> <span class='ocrx_word' id='word_1_309' title='bbox 643 5117 761 5168; x_wconf 90' lang='lat' dir='ltr'><strong>dist.</strong></span> <span class='ocrx_word' id='word_1_310' title='bbox 781 5128 912 5183; x_wconf 76' lang='lat'><strong>1111,</strong></span> <span class='ocrx_word' id='word_1_311' title='bbox 952 5131 1005 5183; x_wconf 89' lang='lat' dir='ltr'><strong>q.</strong></span> <span class='ocrx_word' id='word_1_312' title='bbox 1034 5132 1082 5182; x_wconf 89' lang='lat'><strong>1,</strong></span> <span class='ocrx_word' id='word_1_313' title='bbox 1118 5123 1211 5169; x_wconf 85' lang='lat' dir='ltr'><strong>art.</strong></span> <span class='ocrx_word' id='word_1_314' title='bbox 1235 5123 1298 5184; x_wconf 79' lang='lat'><strong>23</strong></span> <span class='ocrx_word' id='word_1_315' title='bbox 1339 5121 1651 5185; x_wconf 84' lang='lat' dir='ltr'><strong>Richardus,</strong></span> <span class='ocrx_word' id='word_1_316' title='bbox 1686 5125 1725 5173; x_wconf 91' lang='grc' dir='ltr'><strong>ΙΙ</strong></span> <span class='ocrx_word' id='word_1_317' title='bbox 1754 5125 1913 5186; x_wconf 68' lang='lat' dir='ltr'><strong>Sent„</strong></span> 
     </span>
     <span class='ocr_line' id='line_1_45' title="bbox 378 5189 1911 5260; baseline 0.005 -20"><span class='ocrx_word' id='word_1_318' title='bbox 378 5189 494 5240; x_wconf 76' lang='lat' dir='ltr'><strong>dist.</strong></span> <span class='ocrx_word' id='word_1_319' title='bbox 521 5201 655 5254; x_wconf 80' lang='lat'><strong>1111,</strong></span> <span class='ocrx_word' id='word_1_320' title='bbox 690 5204 743 5254; x_wconf 86' lang='lat' dir='ltr'><strong>q.</strong></span> <span class='ocrx_word' id='word_1_321' title='bbox 769 5202 859 5255; x_wconf 77' lang='lat'>1113</span> <span class='ocrx_word' id='word_1_322' title='bbox 892 5190 1067 5255; x_wconf 88' lang='lat' dir='ltr'><strong>Steph.</strong></span> <span class='ocrx_word' id='word_1_323' title='bbox 1099 5189 1310 5253; x_wconf 66' lang='lat' dir='ltr'><strong>Brulef„</strong></span> <span class='ocrx_word' id='word_1_324' title='bbox 1354 5194 1396 5243; x_wconf 90' lang='lat' dir='ltr'><strong>ll</strong></span> <span class='ocrx_word' id='word_1_325' title='bbox 1437 5195 1596 5256; x_wconf 56' lang='lat' dir='ltr'><strong>Seni„</strong></span> <span class='ocrx_word' id='word_1_326' title='bbox 1635 5195 1753 5247; x_wconf 88' lang='lat' dir='ltr'><strong>dist.</strong></span> <span class='ocrx_word' id='word_1_327' title='bbox 1780 5207 1911 5260; x_wconf 82' lang='lat' dir='ltr'><strong>xm,</strong></span> 
     </span>
    </p>
   </div>
   <div class='ocr_carea' id='block_1_5' title="bbox 378 5260 1912 5409">
    <p class='ocr_par' dir='ltr' id='par_1_10' title="bbox 378 5260 1912 5409">
     <span class='ocr_line' id='line_1_46' title="bbox 378 5260 1911 5331; baseline 0.006 -22"><span class='ocrx_word' id='word_1_328' title='bbox 378 5274 432 5324; x_wconf 86' lang='lat' dir='ltr'><strong>q.</strong></span> <span class='ocrx_word' id='word_1_329' title='bbox 453 5272 589 5314; x_wconf 74' lang='lat' dir='ltr'><strong>1V.—</strong></span> <span class='ocrx_word' id='word_1_330' title='bbox 606 5262 629 5295; x_wconf 78' lang='lat'>²</span> <span class='ocrx_word' id='word_1_331' title='bbox 647 5262 798 5326; x_wconf 65' lang='lat' dir='ltr'><strong>Aug„</strong></span> <span class='ocrx_word' id='word_1_332' title='bbox 824 5260 885 5311; x_wconf 78' lang='lat' dir='ltr'><strong>de</strong></span> <span class='ocrx_word' id='word_1_333' title='bbox 906 5260 1013 5313; x_wconf 83' lang='lat' dir='ltr'><strong>Lib.</strong></span> <span class='ocrx_word' id='word_1_334' title='bbox 1041 5261 1229 5324; x_wconf 58' lang='lat' dir='ltr'><strong>Arhia,</strong></span> <span class='ocrx_word' id='word_1_335' title='bbox 1258 5263 1347 5316; x_wconf 91' lang='lat' dir='ltr'><strong>lib.</strong></span> <span class='ocrx_word' id='word_1_336' title='bbox 1373 5265 1461 5329; x_wconf 85' lang='lat'><strong>111,</strong></span> <span class='ocrx_word' id='word_1_337' title='bbox 1488 5280 1533 5317; x_wconf 86' lang='lat' dir='ltr'><strong>c.</strong></span> <span class='ocrx_word' id='word_1_338' title='bbox 1557 5276 1608 5331; x_wconf 79' lang='grc' dir='ltr'><strong>ν,</strong></span> <span class='ocrx_word' id='word_1_339' title='bbox 1633 5279 1689 5316; x_wconf 85' lang='grc'><strong>11.</strong></span> <span class='ocrx_word' id='word_1_340' title='bbox 1712 5271 1789 5329; x_wconf 85' lang='grc'><strong>16,</strong></span> <span class='ocrx_word' id='word_1_341' title='bbox 1812 5271 1911 5318; x_wconf 85' lang='lat' dir='ltr'><strong>ete.</strong></span> 
     </span>
     <span class='ocr_line' id='line_1_47' title="bbox 378 5332 1912 5409; baseline 0.006 -26"><span class='ocrx_word' id='word_1_342' title='bbox 378 5357 438 5375; x_wconf 59' lang='grc' dir='ltr'><strong>-κ</strong></span> <span class='ocrx_word' id='word_1_343' title='bbox 456 5332 479 5367; x_wconf 81' lang='lat'>⁸</span> <span class='ocrx_word' id='word_1_344' title='bbox 493 5332 647 5387; x_wconf 84' lang='lat' dir='ltr'><strong>Dion.</strong></span> <span class='ocrx_word' id='word_1_345' title='bbox 667 5336 878 5399; x_wconf 65' lang='lat' dir='ltr'><strong>Areop„</strong></span> <span class='ocrx_word' id='word_1_346' title='bbox 903 5332 965 5385; x_wconf 81' lang='lat' dir='ltr'><strong>de</strong></span> <span class='ocrx_word' id='word_1_347' title='bbox 985 5334 1102 5387; x_wconf 81' lang='lat' dir='ltr'><strong>Div.</strong></span> <span class='ocrx_word' id='word_1_348' title='bbox 1128 5335 1354 5401; x_wconf 58' lang='lat' dir='ltr'><strong>Nomia,</strong></span> <span class='ocrx_word' id='word_1_349' title='bbox 1383 5351 1427 5388; x_wconf 87' lang='lat' dir='ltr'><strong>c.</strong></span> <span class='ocrx_word' id='word_1_350' title='bbox 1449 5347 1523 5401; x_wconf 76' lang='lat' dir='ltr'><strong>xv,</strong></span> <span class='ocrx_word' id='word_1_351' title='bbox 1548 5343 1669 5404; x_wconf 86' lang='lat' dir='ltr'><strong>post</strong></span> <span class='ocrx_word' id='word_1_352' title='bbox 1692 5339 1912 5409; x_wconf 89' lang='lat' dir='ltr'><strong>princip.</strong></span> 
     </span>
    </p>
   </div>
   <div class='ocr_carea' id='block_1_6' title="bbox 2499 702 3038 784">
    <p class='ocr_par' dir='ltr' id='par_1_11' title="bbox 2499 702 3038 784">
     <span class='ocr_line' id='line_1_48' title="bbox 2499 702 3038 784; baseline -0.006 -14"><span class='ocrx_word' id='word_1_353' title='bbox 2499 702 2903 784; x_wconf 86' lang='lat' dir='ltr'><strong>QUAES&#39;I&#39;IO</strong></span> <span class='ocrx_word' id='word_1_354' title='bbox 2946 702 3038 768; x_wconf 89' lang='lat'><strong>11.</strong></span> 
     </span>
    </p>
   </div>
   <div class='ocr_carea' id='block_1_7' title="bbox 2005 856 3545 929">
    <p class='ocr_par' dir='ltr' id='par_1_12' title="bbox 2005 856 3545 929">
     <span class='ocr_line' id='line_1_49' title="bbox 2005 856 3545 929; baseline -0.003 -14"><span class='ocrx_word' id='word_1_355' title='bbox 2005 858 2101 915; x_wconf 82' lang='lat' dir='ltr'><strong>An</strong></span> <span class='ocrx_word' id='word_1_356' title='bbox 2126 859 2227 916; x_wconf 74' lang='lat' dir='ltr'><strong>lum</strong></span> <span class='ocrx_word' id='word_1_357' title='bbox 2249 862 2326 916; x_wconf 82' lang='lat' dir='ltr'><strong>sit</strong></span> <span class='ocrx_word' id='word_1_358' title='bbox 2349 862 2530 929; x_wconf 78' lang='lat' dir='ltr'><strong>torma</strong></span> <span class='ocrx_word' id='word_1_359' title='bbox 2564 859 2979 925; x_wconf 81' lang='lat' dir='ltr'><strong>substantialis,</strong></span> <span class='ocrx_word' id='word_1_360' title='bbox 3008 858 3095 914; x_wconf 82' lang='lat' dir='ltr'><strong>vel</strong></span> <span class='ocrx_word' id='word_1_361' title='bbox 3124 856 3477 914; x_wconf 76' lang='lat' dir='ltr'><strong>accidentalis</strong></span> <span class='ocrx_word' id='word_1_362' title='bbox 3506 858 3545 911; x_wconf 85' lang='lat'><strong>¹.</strong></span> 
     </span>
    </p>
   </div>
   <div class='ocr_carea' id='block_1_8' title="bbox 2089 1007 3788 1089">
    <p class='ocr_par' dir='ltr' id='par_1_13' title="bbox 2089 1007 3788 1089">
     <span class='ocr_line' id='line_1_50' title="bbox 2089 1007 3788 1089; baseline -0.005 -12"><span class='ocrx_word' id='word_1_363' title='bbox 2089 1010 2318 1077; x_wconf 87' lang='lat' dir='ltr'><strong>Utrum</strong></span> <span class='ocrx_word' id='word_1_364' title='bbox 2342 1012 2459 1077; x_wconf 86' lang='lat' dir='ltr'><strong>lux</strong></span> <span class='ocrx_word' id='word_1_365' title='bbox 2488 1013 2569 1077; x_wconf 88' lang='lat' dir='ltr'><strong>sit</strong></span> <span class='ocrx_word' id='word_1_366' title='bbox 2591 1013 2798 1077; x_wconf 84' lang='lat' dir='ltr'><strong>forma</strong></span> <span class='ocrx_word' id='word_1_367' title='bbox 2826 1008 3275 1089; x_wconf 86' lang='lat' dir='ltr'><strong>substantialis,</strong></span> <span class='ocrx_word' id='word_1_368' title='bbox 3310 1007 3415 1074; x_wconf 64' lang='lat' dir='ltr'><strong>vel</strong></span> <span class='ocrx_word' id='word_1_369' title='bbox 3441 1025 3551 1072; x_wconf 85' lang='lat' dir='ltr'><strong>ac-</strong></span> <span class='ocrx_word' id='word_1_370' title='bbox 3576 1012 3788 1057; x_wconf 69' lang='lat' dir='ltr'><strong>Fundam·</strong></span> 
     </span>
    </p>
   </div>
   <div class='ocr_carea' id='block_1_9' title="bbox 2007 1115 3564 5403">
    <p class='ocr_par' dir='ltr' id='par_1_14' title="bbox 2007 1115 3551 1741">
     <span class='ocr_line' id='line_1_51' title="bbox 2007 1115 3546 1204; baseline -0.004 -20"><span class='ocrx_word' id='word_1_371' title='bbox 2007 1119 2372 1200; x_wconf 73' lang='lat' dir='ltr'><strong>cidentalis3</strong></span> <span class='ocrx_word' id='word_1_372' title='bbox 2417 1123 2481 1184; x_wconf 86' lang='lat' dir='ltr'><strong>et</strong></span> <span class='ocrx_word' id='word_1_373' title='bbox 2523 1121 2695 1204; x_wconf 88' lang='lat' dir='ltr'><strong>quod</strong></span> <span class='ocrx_word' id='word_1_374' title='bbox 2729 1121 2812 1183; x_wconf 88' lang='lat' dir='ltr'><strong>sit</strong></span> <span class='ocrx_word' id='word_1_375' title='bbox 2846 1120 3054 1183; x_wconf 84' lang='lat' dir='ltr'><strong>forma</strong></span> <span class='ocrx_word' id='word_1_376' title='bbox 3096 1115 3546 1193; x_wconf 86' lang='lat' dir='ltr'><strong>substantialis,</strong></span> 
     </span>
     <span class='ocr_line' id='line_1_52' title="bbox 2008 1223 3546 1309; baseline -0.005 -15"><span class='ocrx_word' id='word_1_377' title='bbox 2008 1228 2284 1294; x_wconf 84' lang='lat' dir='ltr'><strong>videtur.</strong></span> <span class='ocrx_word' id='word_1_378' title='bbox 2343 1227 2524 1293; x_wconf 86' lang='lat' dir='ltr'><strong>Prior</strong></span> <span class='ocrx_word' id='word_1_379' title='bbox 2585 1232 2680 1292; x_wconf 89' lang='lat' dir='ltr'><strong>est</strong></span> <span class='ocrx_word' id='word_1_380' title='bbox 2735 1226 3061 1309; x_wconf 86' lang='lat' dir='ltr'><strong>generatio</strong></span> <span class='ocrx_word' id='word_1_381' title='bbox 3132 1223 3501 1289; x_wconf 71' lang='lat' dir='ltr'><strong>substantiae</strong></span> <span class='ocrx_word' id='word_1_382' title='bbox 3529 1272 3546 1303; x_wconf 94' lang='lat'><strong>,</strong></span> 
     </span>
     <span class='ocr_line' id='line_1_53' title="bbox 2009 1332 3551 1418; baseline -0.005 -18"><span class='ocrx_word' id='word_1_383' title='bbox 2009 1354 2207 1418; x_wconf 87' lang='lat' dir='ltr'><strong>quam</strong></span> <span class='ocrx_word' id='word_1_384' title='bbox 2221 1335 2594 1400; x_wconf 85' lang='lat' dir='ltr'><strong>accidentis:</strong></span> <span class='ocrx_word' id='word_1_385' title='bbox 2618 1335 2725 1400; x_wconf 91' lang='lat' dir='ltr'><strong>sed</strong></span> <span class='ocrx_word' id='word_1_386' title='bbox 2751 1335 2868 1400; x_wconf 85' lang='lat' dir='ltr'><strong>lux</strong></span> <span class='ocrx_word' id='word_1_387' title='bbox 2884 1335 3052 1398; x_wconf 90' lang='lat' dir='ltr'><strong>inter</strong></span> <span class='ocrx_word' id='word_1_388' title='bbox 3075 1349 3298 1397; x_wconf 91' lang='lat' dir='ltr'><strong>omnes</strong></span> <span class='ocrx_word' id='word_1_389' title='bbox 3313 1332 3551 1395; x_wconf 84' lang='lat' dir='ltr'><strong>formas</strong></span> 
     </span>
     <span class='ocr_line' id='line_1_54' title="bbox 2011 1439 3543 1525; baseline -0.003 -18"><span class='ocrx_word' id='word_1_390' title='bbox 2011 1443 2367 1525; x_wconf 87' lang='lat' dir='ltr'><strong>corporales</strong></span> <span class='ocrx_word' id='word_1_391' title='bbox 2408 1443 2780 1509; x_wconf 86' lang='lat' dir='ltr'><strong>describitur</strong></span> <span class='ocrx_word' id='word_1_392' title='bbox 2813 1443 3023 1525; x_wconf 90' lang='lat' dir='ltr'><strong>primo</strong></span> <span class='ocrx_word' id='word_1_393' title='bbox 3063 1439 3257 1504; x_wconf 86' lang='lat' dir='ltr'><strong>fuisse</strong></span> <span class='ocrx_word' id='word_1_394' title='bbox 3292 1440 3543 1503; x_wconf 81' lang='lat' dir='ltr'><strong>creata:</strong></span> 
     </span>
     <span class='ocr_line' id='line_1_55' title="bbox 2011 1546 3544 1630; baseline -0.002 -17"><span class='ocrx_word' id='word_1_395' title='bbox 2011 1567 2171 1630; x_wconf 87' lang='lat' dir='ltr'><strong>ergo</strong></span> <span class='ocrx_word' id='word_1_396' title='bbox 2197 1567 2330 1614; x_wconf 90' lang='lat' dir='ltr'><strong>non</strong></span> <span class='ocrx_word' id='word_1_397' title='bbox 2371 1549 2625 1615; x_wconf 85' lang='lat' dir='ltr'><strong>videtur</strong></span> <span class='ocrx_word' id='word_1_398' title='bbox 2650 1551 2961 1629; x_wconf 78' lang='lat' dir='ltr'><strong>accidenS,</strong></span> <span class='ocrx_word' id='word_1_399' title='bbox 3009 1548 3117 1613; x_wconf 90' lang='lat' dir='ltr'><strong>sed</strong></span> <span class='ocrx_word' id='word_1_400' title='bbox 3159 1546 3544 1627; x_wconf 82' lang='lat' dir='ltr'><strong>substantia3</strong></span> 
     </span>
     <span class='ocr_line' id='line_1_56' title="bbox 2013 1656 3104 1741; baseline -0.001 -19"><span class='ocrx_word' id='word_1_401' title='bbox 2013 1661 2126 1722; x_wconf 89' lang='lat' dir='ltr'><strong>aut</strong></span> <span class='ocrx_word' id='word_1_402' title='bbox 2150 1656 2259 1721; x_wconf 91' lang='lat' dir='ltr'><strong>illa</strong></span> <span class='ocrx_word' id='word_1_403' title='bbox 2283 1659 2564 1741; x_wconf 86' lang='lat' dir='ltr'><strong>operatio</strong></span> <span class='ocrx_word' id='word_1_404' title='bbox 2586 1658 2706 1724; x_wconf 88' lang='lat' dir='ltr'><strong>fuit</strong></span> <span class='ocrx_word' id='word_1_405' title='bbox 2726 1659 3104 1723; x_wconf 89' lang='lat' dir='ltr'><strong>inordinata.</strong></span> 
     </span>
    </p>

    <p class='ocr_par' dir='ltr' id='par_1_15' title="bbox 2009 1762 3556 2366">
     <span class='ocr_line' id='line_1_57' title="bbox 2093 1762 3545 1846; baseline -0.002 -17"><span class='ocrx_word' id='word_1_406' title='bbox 2093 1765 2250 1830; x_wconf 89' lang='lat' dir='ltr'><strong>Item</strong></span> <span class='ocrx_word' id='word_1_407' title='bbox 2270 1816 2289 1846; x_wconf 91' lang='lat'><strong>,</strong></span> <span class='ocrx_word' id='word_1_408' title='bbox 2345 1765 2552 1831; x_wconf 85' lang='lat' dir='ltr'><strong>forma</strong></span> <span class='ocrx_word' id='word_1_409' title='bbox 2604 1765 3030 1831; x_wconf 85' lang='lat' dir='ltr'><strong>substantialis</strong></span> <span class='ocrx_word' id='word_1_410' title='bbox 3084 1767 3179 1829; x_wconf 87' lang='lat' dir='ltr'><strong>est</strong></span> <span class='ocrx_word' id='word_1_411' title='bbox 3229 1762 3504 1827; x_wconf 89' lang='lat' dir='ltr'><strong>nobilior</strong></span> <span class='ocrx_word' id='word_1_412' title='bbox 3527 1810 3545 1840; x_wconf 89' lang='lat'><strong>,</strong></span> 
     </span>
     <span class='ocr_line' id='line_1_58' title="bbox 2011 1869 3553 1955; baseline -0.003 -18"><span class='ocrx_word' id='word_1_413' title='bbox 2011 1891 2210 1955; x_wconf 87' lang='lat' dir='ltr'><strong>quam</strong></span> <span class='ocrx_word' id='word_1_414' title='bbox 2253 1873 2691 1938; x_wconf 84' lang='lat' dir='ltr'><strong>accidentalis:</strong></span> <span class='ocrx_word' id='word_1_415' title='bbox 2743 1873 2851 1938; x_wconf 90' lang='lat' dir='ltr'><strong>sed</strong></span> <span class='ocrx_word' id='word_1_416' title='bbox 2874 1873 2993 1937; x_wconf 84' lang='lat' dir='ltr'><strong>lux</strong></span> <span class='ocrx_word' id='word_1_417' title='bbox 3026 1875 3120 1936; x_wconf 89' lang='lat' dir='ltr'><strong>est</strong></span> <span class='ocrx_word' id='word_1_418' title='bbox 3155 1869 3553 1935; x_wconf 87' lang='lat' dir='ltr'><strong>nobilissima</strong></span> 
     </span>
     <span class='ocr_line' id='line_1_59' title="bbox 2009 1976 3556 2063; baseline -0.003 -20"><span class='ocrx_word' id='word_1_419' title='bbox 2009 1980 2219 2045; x_wconf 84' lang='lat' dir='ltr'><strong>forma</strong></span> <span class='ocrx_word' id='word_1_420' title='bbox 2245 1980 2691 2063; x_wconf 89' lang='lat' dir='ltr'><strong>corporalium,</strong></span> <span class='ocrx_word' id='word_1_421' title='bbox 2723 1982 2889 2046; x_wconf 89' lang='lat' dir='ltr'><strong>sicut</strong></span> <span class='ocrx_word' id='word_1_422' title='bbox 2911 1981 2981 2044; x_wconf 92' lang='lat' dir='ltr'><strong>in</strong></span> <span class='ocrx_word' id='word_1_423' title='bbox 3012 1978 3229 2043; x_wconf 89' lang='lat' dir='ltr'><strong>multis</strong></span> <span class='ocrx_word' id='word_1_424' title='bbox 3260 1977 3415 2046; x_wconf 89' lang='lat' dir='ltr'><strong>locis</strong></span> <span class='ocrx_word' id='word_1_425' title='bbox 3454 1976 3556 2040; x_wconf 84' lang='lat' dir='ltr'><strong>di-·</strong></span> 
     </span>
     <span class='ocr_line' id='line_1_60' title="bbox 2013 2084 3553 2169; baseline -0.003 -18"><span class='ocrx_word' id='word_1_426' title='bbox 2013 2087 2098 2151; x_wconf 85' lang='lat' dir='ltr'><strong>cit</strong></span> <span class='ocrx_word' id='word_1_427' title='bbox 2120 2087 2524 2168; x_wconf 78' lang='lat' dir='ltr'><strong>Augustinus</strong></span> <span class='ocrx_word' id='word_1_428' title='bbox 2549 2095 2612 2151; x_wconf 80' lang='lat'><strong>²:</strong></span> <span class='ocrx_word' id='word_1_429' title='bbox 2639 2106 2821 2169; x_wconf 88' lang='lat' dir='ltr'><strong>ergo,</strong></span> <span class='ocrx_word' id='word_1_430' title='bbox 2842 2105 2994 2152; x_wconf 91' lang='lat' dir='ltr'><strong>cum</strong></span> <span class='ocrx_word' id='word_1_431' title='bbox 3020 2085 3240 2150; x_wconf 84' lang='lat' dir='ltr'><strong>multae</strong></span> <span class='ocrx_word' id='word_1_432' title='bbox 3259 2084 3403 2148; x_wconf 75' lang='lat' dir='ltr'><strong>aliae</strong></span> <span class='ocrx_word' id='word_1_433' title='bbox 3423 2084 3553 2148; x_wconf 81' lang='lat' dir='ltr'><strong>for·</strong></span> 
     </span>
     <span class='ocr_line' id='line_1_61' title="bbox 2013 2190 3552 2276; baseline -0.002 -19"><span class='ocrx_word' id='word_1_434' title='bbox 2013 2212 2140 2257; x_wconf 86' lang='lat' dir='ltr'><strong>mae</strong></span> <span class='ocrx_word' id='word_1_435' title='bbox 2162 2193 2515 2276; x_wconf 62' lang='lat' dir='ltr'><strong>corporales</strong></span> <span class='ocrx_word' id='word_1_436' title='bbox 2537 2194 2668 2259; x_wconf 90' lang='lat' dir='ltr'><strong>sint</strong></span> <span class='ocrx_word' id='word_1_437' title='bbox 2690 2194 3084 2273; x_wconf 69' lang='lat' dir='ltr'><strong>substantiae,</strong></span> <span class='ocrx_word' id='word_1_438' title='bbox 3114 2191 3364 2260; x_wconf 84' lang='lat' dir='ltr'><strong>videtur</strong></span> <span class='ocrx_word' id='word_1_439' title='bbox 3381 2190 3552 2273; x_wconf 87' lang='lat' dir='ltr'><strong>quod</strong></span> 
     </span>
     <span class='ocr_line' id='line_1_62' title="bbox 2011 2300 2934 2366; baseline 0 -2"><span class='ocrx_word' id='word_1_440' title='bbox 2011 2300 2130 2366; x_wconf 82' lang='lat' dir='ltr'><strong>lux</strong></span> <span class='ocrx_word' id='word_1_441' title='bbox 2151 2302 2233 2366; x_wconf 90' lang='lat' dir='ltr'><strong>sit</strong></span> <span class='ocrx_word' id='word_1_442' title='bbox 2251 2301 2459 2366; x_wconf 81' lang='lat' dir='ltr'><strong>forma</strong></span> <span class='ocrx_word' id='word_1_443' title='bbox 2483 2301 2934 2366; x_wconf 88' lang='lat' dir='ltr'><strong>substantialis.</strong></span> 
     </span>
    </p>

    <p class='ocr_par' dir='ltr' id='par_1_16' title="bbox 2011 2403 3553 3033">
     <span class='ocr_line' id='line_1_63' title="bbox 2094 2403 3553 2491; baseline -0.003 -18"><span class='ocrx_word' id='word_1_444' title='bbox 2094 2408 2252 2474; x_wconf 90' lang='lat' dir='ltr'><strong>Item</strong></span> <span class='ocrx_word' id='word_1_445' title='bbox 2277 2410 2398 2474; x_wconf 83' lang='lat' dir='ltr'><strong>lux</strong></span> <span class='ocrx_word' id='word_1_446' title='bbox 2422 2410 2588 2475; x_wconf 89' lang='lat' dir='ltr'><strong>inter</strong></span> <span class='ocrx_word' id='word_1_447' title='bbox 2623 2409 2841 2474; x_wconf 90' lang='lat' dir='ltr'><strong>omnia</strong></span> <span class='ocrx_word' id='word_1_448' title='bbox 2881 2406 3232 2491; x_wconf 86' lang='lat' dir='ltr'><strong>corporalia</strong></span> <span class='ocrx_word' id='word_1_449' title='bbox 3271 2403 3553 2468; x_wconf 85' lang='lat' dir='ltr'><strong>maxime</strong></span> 
     </span>
     <span class='ocr_line' id='line_1_64' title="bbox 2011 2511 3553 2595; baseline -0.003 -15"><span class='ocrx_word' id='word_1_450' title='bbox 2011 2517 2398 2583; x_wconf 88' lang='lat' dir='ltr'><strong>assimilatur</strong></span> <span class='ocrx_word' id='word_1_451' title='bbox 2412 2518 2542 2582; x_wconf 93' lang='lat' dir='ltr'><strong>luci</strong></span> <span class='ocrx_word' id='word_1_452' title='bbox 2563 2520 2845 2595; x_wconf 84' lang='lat' dir='ltr'><strong>aeternae,</strong></span> <span class='ocrx_word' id='word_1_453' title='bbox 2856 2515 3023 2579; x_wconf 88' lang='lat' dir='ltr'><strong>sicut</strong></span> <span class='ocrx_word' id='word_1_454' title='bbox 3038 2512 3309 2578; x_wconf 85' lang='lat' dir='ltr'><strong>ostendit</strong></span> <span class='ocrx_word' id='word_1_455' title='bbox 3322 2511 3553 2594; x_wconf 88' lang='lat' dir='ltr'><strong>Diony-</strong></span> 
     </span>
     <span class='ocr_line' id='line_1_65' title="bbox 2012 2619 3550 2701; baseline -0.004 -13"><span class='ocrx_word' id='word_1_456' title='bbox 2012 2624 2168 2701; x_wconf 76' lang='lat' dir='ltr'><strong>siuS,</strong></span> <span class='ocrx_word' id='word_1_457' title='bbox 2194 2624 2273 2691; x_wconf 84' lang='lat' dir='ltr'><strong>de</strong></span> <span class='ocrx_word' id='word_1_458' title='bbox 2301 2625 2567 2691; x_wconf 78' lang='lat' dir='ltr'><strong>Divinis</strong></span> <span class='ocrx_word' id='word_1_459' title='bbox 2592 2622 2973 2692; x_wconf 76' lang='lat' dir='ltr'><strong>Nominibus</strong></span> <span class='ocrx_word' id='word_1_460' title='bbox 2999 2621 3045 2701; x_wconf 83' lang='lat'><strong>⁸,</strong></span> <span class='ocrx_word' id='word_1_461' title='bbox 3077 2625 3141 2685; x_wconf 87' lang='lat' dir='ltr'><strong>et</strong></span> <span class='ocrx_word' id='word_1_462' title='bbox 3172 2619 3454 2685; x_wconf 81' lang='lat' dir='ltr'><strong>maxime</strong></span> <span class='ocrx_word' id='word_1_463' title='bbox 3481 2619 3550 2682; x_wconf 90' lang='lat' dir='ltr'><strong>in</strong></span> 
     </span>
     <span class='ocr_line' id='line_1_66' title="bbox 2011 2726 3553 2812; baseline -0.004 -15"><span class='ocrx_word' id='word_1_464' title='bbox 2011 2731 2252 2797; x_wconf 83' lang='lat' dir='ltr'><strong>virtute</strong></span> <span class='ocrx_word' id='word_1_465' title='bbox 2276 2736 2339 2796; x_wconf 89' lang='lat' dir='ltr'><strong>et</strong></span> <span class='ocrx_word' id='word_1_466' title='bbox 2360 2732 2639 2797; x_wconf 83' lang='lat' dir='ltr'><strong>efficacia</strong></span> <span class='ocrx_word' id='word_1_467' title='bbox 2660 2754 2676 2795; x_wconf 94' lang='lat'><strong>:</strong></span> <span class='ocrx_word' id='word_1_468' title='bbox 2705 2749 2862 2812; x_wconf 82' lang='lat' dir='ltr'><strong>ergo</strong></span> <span class='ocrx_word' id='word_1_469' title='bbox 2882 2730 2936 2794; x_wconf 91' lang='lat' dir='ltr'><strong>si</strong></span> <span class='ocrx_word' id='word_1_470' title='bbox 2960 2729 3085 2793; x_wconf 92' lang='lat' dir='ltr'><strong>boc</strong></span> <span class='ocrx_word' id='word_1_471' title='bbox 3102 2732 3313 2792; x_wconf 89' lang='lat' dir='ltr'><strong>totum</strong></span> <span class='ocrx_word' id='word_1_472' title='bbox 3344 2726 3553 2808; x_wconf 88' lang='lat' dir='ltr'><strong>magis</strong></span> 
     </span>
     <span class='ocr_line' id='line_1_67' title="bbox 2013 2837 3553 2925; baseline -0.005 -19"><span class='ocrx_word' id='word_1_473' title='bbox 2013 2842 2314 2925; x_wconf 84' lang='lat' dir='ltr'><strong>competit</strong></span> <span class='ocrx_word' id='word_1_474' title='bbox 2333 2843 2556 2907; x_wconf 81' lang='lat' dir='ltr'><strong>formae</strong></span> <span class='ocrx_word' id='word_1_475' title='bbox 2584 2839 3006 2915; x_wconf 87' lang='lat' dir='ltr'><strong>substantiali,</strong></span> <span class='ocrx_word' id='word_1_476' title='bbox 3042 2856 3242 2921; x_wconf 87' lang='lat' dir='ltr'><strong>quam</strong></span> <span class='ocrx_word' id='word_1_477' title='bbox 3261 2837 3553 2902; x_wconf 86' lang='lat' dir='ltr'><strong>acciden-</strong></span> 
     </span>
     <span class='ocr_line' id='line_1_68' title="bbox 2012 2933 3274 3033; baseline -0.004 -20"><span class='ocrx_word' id='word_1_478' title='bbox 2012 2948 2146 3029; x_wconf 89' lang='lat' dir='ltr'><strong>tali,</strong></span> <span class='ocrx_word' id='word_1_479' title='bbox 2172 2949 2428 3015; x_wconf 83' lang='lat' dir='ltr'><strong>videtur</strong></span> <span class='ocrx_word' id='word_1_480' title='bbox 2452 2949 2622 3033; x_wconf 88' lang='lat' dir='ltr'><strong>quod</strong></span> <span class='ocrx_word' id='word_1_481' title='bbox 2648 2949 2767 3014; x_wconf 83' lang='lat' dir='ltr'><strong>lux</strong></span> <span class='ocrx_word' id='word_1_482' title='bbox 2792 2933 2873 3011; x_wconf 78' lang='lat' dir='ltr'><strong>s‘it</strong></span> <span class='ocrx_word' id='word_1_483' title='bbox 2900 2944 3274 3010; x_wconf 89' lang='lat' dir='ltr'><strong>substantia.</strong></span> 
     </span>
    </p>

    <p class='ocr_par' dir='ltr' id='par_1_17' title="bbox 2015 3050 3559 3573">
     <span class='ocr_line' id='line_1_69' title="bbox 2095 3050 3554 3122; baseline -0.004 -2"><span class='ocrx_word' id='word_1_484' title='bbox 2095 3055 2253 3121; x_wconf 91' lang='lat' dir='ltr'><strong>Item</strong></span> <span class='ocrx_word' id='word_1_485' title='bbox 2283 3056 2539 3122; x_wconf 89' lang='lat' dir='ltr'><strong>nullum</strong></span> <span class='ocrx_word' id='word_1_486' title='bbox 2572 3055 2862 3121; x_wconf 90' lang='lat' dir='ltr'><strong>accidens</strong></span> <span class='ocrx_word' id='word_1_487' title='bbox 2901 3058 3000 3119; x_wconf 90' lang='lat' dir='ltr'><strong>est</strong></span> <span class='ocrx_word' id='word_1_488' title='bbox 3026 3071 3218 3118; x_wconf 89' lang='lat' dir='ltr'><strong>causa</strong></span> <span class='ocrx_word' id='word_1_489' title='bbox 3260 3050 3554 3116; x_wconf 89' lang='lat' dir='ltr'><strong>substan·</strong></span> 
     </span>
     <span class='ocr_line' id='line_1_70' title="bbox 2015 3159 3555 3247; baseline -0.004 -19"><span class='ocrx_word' id='word_1_490' title='bbox 2015 3165 2122 3230; x_wconf 86' lang='lat' dir='ltr'><strong>tiae</strong></span> <span class='ocrx_word' id='word_1_491' title='bbox 2145 3187 2161 3230; x_wconf 90' lang='lat'><strong>:</strong></span> <span class='ocrx_word' id='word_1_492' title='bbox 2199 3165 2308 3230; x_wconf 91' lang='lat' dir='ltr'><strong>sed</strong></span> <span class='ocrx_word' id='word_1_493' title='bbox 2337 3165 2456 3229; x_wconf 86' lang='lat' dir='ltr'><strong>lux</strong></span> <span class='ocrx_word' id='word_1_494' title='bbox 2478 3165 2757 3247; x_wconf 89' lang='lat' dir='ltr'><strong>corporis</strong></span> <span class='ocrx_word' id='word_1_495' title='bbox 2775 3161 3045 3228; x_wconf 74' lang='lat' dir='ltr'><strong>coelestis</strong></span> <span class='ocrx_word' id='word_1_496' title='bbox 3059 3165 3154 3226; x_wconf 90' lang='lat' dir='ltr'><strong>est</strong></span> <span class='ocrx_word' id='word_1_497' title='bbox 3171 3159 3555 3244; x_wconf 89' lang='lat' dir='ltr'><strong>principium</strong></span> 
     </span>
     <span class='ocr_line' id='line_1_71' title="bbox 2016 3267 3553 3353; baseline -0.005 -16"><span class='ocrx_word' id='word_1_498' title='bbox 2016 3273 2325 3338; x_wconf 90' lang='lat' dir='ltr'><strong>educendi</strong></span> <span class='ocrx_word' id='word_1_499' title='bbox 2347 3273 2633 3337; x_wconf 87' lang='lat' dir='ltr'><strong>animam</strong></span> <span class='ocrx_word' id='word_1_500' title='bbox 2650 3271 3077 3353; x_wconf 82' lang='lat' dir='ltr'><strong>vegetabilem</strong></span> <span class='ocrx_word' id='word_1_501' title='bbox 3086 3273 3154 3334; x_wconf 89' lang='lat' dir='ltr'><strong>et</strong></span> <span class='ocrx_word' id='word_1_502' title='bbox 3170 3267 3553 3343; x_wconf 89' lang='lat' dir='ltr'><strong>sensibilem,</strong></span> 
     </span>
     <span class='ocr_line' id='line_1_72' title="bbox 2016 3376 3559 3466; baseline -0.006 -18"><span class='ocrx_word' id='word_1_503' title='bbox 2016 3400 2166 3466; x_wconf 81' lang='lat' dir='ltr'><strong>quae</strong></span> <span class='ocrx_word' id='word_1_504' title='bbox 2192 3385 2343 3446; x_wconf 90' lang='lat' dir='ltr'><strong>sunt</strong></span> <span class='ocrx_word' id='word_1_505' title='bbox 2358 3382 2583 3446; x_wconf 83' lang='lat' dir='ltr'><strong>formae</strong></span> <span class='ocrx_word' id='word_1_506' title='bbox 2608 3378 3094 3444; x_wconf 82' lang='lat' dir='ltr'><strong>substantiales:</strong></span> <span class='ocrx_word' id='word_1_507' title='bbox 3118 3394 3278 3458; x_wconf 89' lang='lat' dir='ltr'><strong>ergo</strong></span> <span class='ocrx_word' id='word_1_508' title='bbox 3303 3376 3559 3441; x_wconf 89' lang='lat' dir='ltr'><strong>videtur</strong></span> 
     </span>
     <span class='ocr_line' id='line_1_73' title="bbox 2016 3486 2838 3573; baseline -0.006 -19"><span class='ocrx_word' id='word_1_509' title='bbox 2016 3490 2188 3573; x_wconf 87' lang='lat' dir='ltr'><strong>quod</strong></span> <span class='ocrx_word' id='word_1_510' title='bbox 2219 3488 2333 3552; x_wconf 82' lang='lat' dir='ltr'><strong>lux</strong></span> <span class='ocrx_word' id='word_1_511' title='bbox 2362 3489 2445 3552; x_wconf 88' lang='lat' dir='ltr'><strong>sit</strong></span> <span class='ocrx_word' id='word_1_512' title='bbox 2469 3486 2838 3553; x_wconf 84' lang='lat' dir='ltr'><strong>substantia.</strong></span> 
     </span>
    </p>

    <p class='ocr_par' dir='ltr' id='par_1_18' title="bbox 2015 3594 3561 4309">
     <span class='ocr_line' id='line_1_74' title="bbox 2099 3594 3560 3692; baseline -0.005 -28"><span class='ocrx_word' id='word_1_513' title='bbox 2099 3600 2257 3664; x_wconf 91' lang='lat' dir='ltr'><strong>Item</strong></span> <span class='ocrx_word' id='word_1_514' title='bbox 2281 3598 2533 3663; x_wconf 91' lang='lat' dir='ltr'><strong>nullum</strong></span> <span class='ocrx_word' id='word_1_515' title='bbox 2558 3597 2848 3692; x_wconf 69' lang='lat' dir='ltr'><strong>accidens</strong></span> <span class='ocrx_word' id='word_1_516' title='bbox 2871 3599 2969 3660; x_wconf 89' lang='lat' dir='ltr'><strong>est</strong></span> <span class='ocrx_word' id='word_1_517' title='bbox 3001 3613 3115 3679; x_wconf 91' lang='lat' dir='ltr'><strong>per</strong></span> <span class='ocrx_word' id='word_1_518' title='bbox 3148 3594 3560 3677; x_wconf 87' lang='lat' dir='ltr'><strong>semetipsum</strong></span> 
     </span>
     <span class='ocr_line' id='line_1_75' title="bbox 2018 3702 3553 3786; baseline -0.004 -16"><span class='ocrx_word' id='word_1_519' title='bbox 2018 3707 2326 3786; x_wconf 87' lang='lat' dir='ltr'><strong>activum,</strong></span> <span class='ocrx_word' id='word_1_520' title='bbox 2369 3724 2519 3771; x_wconf 90' lang='lat' dir='ltr'><strong>cum</strong></span> <span class='ocrx_word' id='word_1_521' title='bbox 2554 3704 2810 3769; x_wconf 91' lang='lat' dir='ltr'><strong>nullum</strong></span> <span class='ocrx_word' id='word_1_522' title='bbox 2854 3703 2936 3767; x_wconf 87' lang='lat' dir='ltr'><strong>sit</strong></span> <span class='ocrx_word' id='word_1_523' title='bbox 2978 3721 3095 3786; x_wconf 92' lang='lat' dir='ltr'><strong>per</strong></span> <span class='ocrx_word' id='word_1_524' title='bbox 3139 3721 3206 3767; x_wconf 89' lang='lat' dir='ltr'><strong>se</strong></span> <span class='ocrx_word' id='word_1_525' title='bbox 3236 3702 3553 3767; x_wconf 85' lang='lat' dir='ltr'><strong>existens:</strong></span> 
     </span>
     <span class='ocr_line' id='line_1_76' title="bbox 2017 3810 3561 3897; baseline -0.005 -18"><span class='ocrx_word' id='word_1_526' title='bbox 2017 3832 2199 3895; x_wconf 87' lang='lat' dir='ltr'><strong>erg0,</strong></span> <span class='ocrx_word' id='word_1_527' title='bbox 2230 3814 2395 3879; x_wconf 86' lang='lat' dir='ltr'><strong>sicut</strong></span> <span class='ocrx_word' id='word_1_528' title='bbox 2414 3832 2527 3897; x_wconf 89' lang='lat' dir='ltr'><strong>per</strong></span> <span class='ocrx_word' id='word_1_529' title='bbox 2554 3830 2620 3877; x_wconf 93' lang='lat' dir='ltr'><strong>se</strong></span> <span class='ocrx_word' id='word_1_530' title='bbox 2645 3831 2779 3876; x_wconf 89' lang='lat' dir='ltr'><strong>non</strong></span> <span class='ocrx_word' id='word_1_531' title='bbox 2814 3814 2930 3888; x_wconf 81' lang='lat' dir='ltr'><strong>est,</strong></span> <span class='ocrx_word' id='word_1_532' title='bbox 2962 3810 3051 3875; x_wconf 91' lang='lat' dir='ltr'><strong>ita</strong></span> <span class='ocrx_word' id='word_1_533' title='bbox 3074 3810 3267 3875; x_wconf 87' lang='lat' dir='ltr'><strong>etiam</strong></span> <span class='ocrx_word' id='word_1_534' title='bbox 3303 3827 3423 3873; x_wconf 86' lang='lat' dir='ltr'><strong>nec</strong></span> <span class='ocrx_word' id='word_1_535' title='bbox 3448 3827 3561 3891; x_wconf 91' lang='lat' dir='ltr'><strong>per</strong></span> 
     </span>
     <span class='ocr_line' id='line_1_77' title="bbox 2018 3917 3558 4004; baseline -0.005 -18"><span class='ocrx_word' id='word_1_536' title='bbox 2018 3939 2086 3986; x_wconf 89' lang='lat' dir='ltr'><strong>se</strong></span> <span class='ocrx_word' id='word_1_537' title='bbox 2111 3921 2286 4002; x_wconf 84' lang='lat' dir='ltr'><strong>agit:</strong></span> <span class='ocrx_word' id='word_1_538' title='bbox 2320 3921 2430 3986; x_wconf 90' lang='lat' dir='ltr'><strong>sed</strong></span> <span class='ocrx_word' id='word_1_539' title='bbox 2454 3938 2687 4004; x_wconf 88' lang='lat' dir='ltr'><strong>corpus</strong></span> <span class='ocrx_word' id='word_1_540' title='bbox 2717 3919 3136 3997; x_wconf 90' lang='lat' dir='ltr'><strong>luminosum,</strong></span> <span class='ocrx_word' id='word_1_541' title='bbox 3157 3917 3228 3980; x_wconf 92' lang='lat' dir='ltr'><strong>in</strong></span> <span class='ocrx_word' id='word_1_542' title='bbox 3244 3919 3558 3998; x_wconf 88' lang='lat' dir='ltr'><strong>quantum</strong></span> 
     </span>
     <span class='ocr_line' id='line_1_78' title="bbox 2015 4022 3557 4111; baseline -0.005 -18"><span class='ocrx_word' id='word_1_543' title='bbox 2015 4029 2438 4109; x_wconf 87' lang='lat' dir='ltr'><strong>luminosum,</strong></span> <span class='ocrx_word' id='word_1_544' title='bbox 2468 4032 2562 4093; x_wconf 89' lang='lat' dir='ltr'><strong>est</strong></span> <span class='ocrx_word' id='word_1_545' title='bbox 2588 4045 2703 4111; x_wconf 89' lang='lat' dir='ltr'><strong>per</strong></span> <span class='ocrx_word' id='word_1_546' title='bbox 2736 4045 2804 4091; x_wconf 92' lang='lat' dir='ltr'><strong>se</strong></span> <span class='ocrx_word' id='word_1_547' title='bbox 2836 4026 3156 4091; x_wconf 86' lang='lat' dir='ltr'><strong>activum:</strong></span> <span class='ocrx_word' id='word_1_548' title='bbox 3197 4042 3355 4105; x_wconf 86' lang='lat' dir='ltr'><strong>ergo</strong></span> <span class='ocrx_word' id='word_1_549' title='bbox 3381 4022 3557 4087; x_wconf 88' lang='lat' dir='ltr'><strong>vide-</strong></span> 
     </span>
     <span class='ocr_line' id='line_1_79' title="bbox 2018 4129 3561 4219; baseline -0.005 -18"><span class='ocrx_word' id='word_1_550' title='bbox 2018 4141 2129 4201; x_wconf 87' lang='lat' dir='ltr'><strong>tur</strong></span> <span class='ocrx_word' id='word_1_551' title='bbox 2155 4136 2329 4219; x_wconf 90' lang='lat' dir='ltr'><strong>quod</strong></span> <span class='ocrx_word' id='word_1_552' title='bbox 2354 4136 2470 4200; x_wconf 82' lang='lat' dir='ltr'><strong>lux</strong></span> <span class='ocrx_word' id='word_1_553' title='bbox 2510 4154 2643 4199; x_wconf 92' lang='lat' dir='ltr'><strong>non</strong></span> <span class='ocrx_word' id='word_1_554' title='bbox 2685 4135 2768 4199; x_wconf 87' lang='lat' dir='ltr'><strong>sit</strong></span> <span class='ocrx_word' id='word_1_555' title='bbox 2810 4133 2871 4198; x_wconf 90' lang='lat' dir='ltr'><strong>ei</strong></span> <span class='ocrx_word' id='word_1_556' title='bbox 2912 4131 3222 4211; x_wconf 89' lang='lat' dir='ltr'><strong>accidens,</strong></span> <span class='ocrx_word' id='word_1_557' title='bbox 3264 4130 3373 4194; x_wconf 88' lang='lat' dir='ltr'><strong>sed</strong></span> <span class='ocrx_word' id='word_1_558' title='bbox 3399 4129 3561 4194; x_wconf 89' lang='lat' dir='ltr'><strong>sub-</strong></span> 
     </span>
     <span class='ocr_line' id='line_1_80' title="bbox 2026 4244 2588 4309; baseline -0.007 0"><span class='ocrx_word' id='word_1_559' title='bbox 2026 4244 2337 4309; x_wconf 87' lang='lat' dir='ltr'><strong>stantialis</strong></span> <span class='ocrx_word' id='word_1_560' title='bbox 2362 4246 2588 4308; x_wconf 83' lang='lat' dir='ltr'><strong>forma.</strong></span> 
     </span>
    </p>

    <p class='ocr_par' dir='ltr' id='par_1_19' title="bbox 2019 4346 3564 5403">
     <span class='ocr_line' id='line_1_81' title="bbox 2102 4346 3563 4428; baseline -0.005 -13"><span class='ocrx_word' id='word_1_561' title='bbox 2102 4349 2261 4415; x_wconf 89' lang='lat' dir='ltr'><strong>Item</strong></span> <span class='ocrx_word' id='word_1_562' title='bbox 2285 4351 2543 4415; x_wconf 89' lang='lat' dir='ltr'><strong>nullum</strong></span> <span class='ocrx_word' id='word_1_563' title='bbox 2570 4348 2855 4414; x_wconf 86' lang='lat' dir='ltr'><strong>accidens</strong></span> <span class='ocrx_word' id='word_1_564' title='bbox 2876 4347 3028 4411; x_wconf 81' lang='lat' dir='ltr'><strong>facit</strong></span> <span class='ocrx_word' id='word_1_565' title='bbox 3053 4346 3329 4428; x_wconf 90' lang='lat' dir='ltr'><strong>gradum</strong></span> <span class='ocrx_word' id='word_1_566' title='bbox 3356 4347 3421 4409; x_wconf 84' lang='lat' dir='ltr'><strong>et</strong></span> <span class='ocrx_word' id='word_1_567' title='bbox 3449 4363 3563 4409; x_wconf 92' lang='lat' dir='ltr'><strong>no-</strong></span> 
     </span>
     <span class='ocr_line' id='line_1_82' title="bbox 2020 4451 3563 4524; baseline -0.005 0"><span class='ocrx_word' id='word_1_568' title='bbox 2020 4459 2329 4524; x_wconf 87' lang='lat' dir='ltr'><strong>bilitatem</strong></span> <span class='ocrx_word' id='word_1_569' title='bbox 2385 4458 2454 4522; x_wconf 90' lang='lat' dir='ltr'><strong>in</strong></span> <span class='ocrx_word' id='word_1_570' title='bbox 2504 4457 2698 4521; x_wconf 90' lang='lat' dir='ltr'><strong>rebus</strong></span> <span class='ocrx_word' id='word_1_571' title='bbox 2759 4454 3113 4519; x_wconf 88' lang='lat' dir='ltr'><strong>secundum</strong></span> <span class='ocrx_word' id='word_1_572' title='bbox 3175 4451 3563 4517; x_wconf 83' lang='lat' dir='ltr'><strong>differentias</strong></span> 
     </span>
     <span class='ocr_line' id='line_1_83' title="bbox 2020 4559 3560 4650; baseline -0.005 -19"><span class='ocrx_word' id='word_1_573' title='bbox 2020 4567 2343 4650; x_wconf 81' lang='lat' dir='ltr'><strong>specificas</strong></span> <span class='ocrx_word' id='word_1_574' title='bbox 2370 4568 2627 4649; x_wconf 85' lang='lat' dir='ltr'><strong>propter</strong></span> <span class='ocrx_word' id='word_1_575' title='bbox 2649 4563 2751 4628; x_wconf 92' lang='lat' dir='ltr'><strong>sui</strong></span> <span class='ocrx_word' id='word_1_576' title='bbox 2775 4562 2976 4646; x_wconf 88' lang='lat' dir='ltr'><strong>ipsius</strong></span> <span class='ocrx_word' id='word_1_577' title='bbox 3012 4559 3560 4643; x_wconf 86' lang='lat' dir='ltr'><strong>participationem</strong></span> 
     </span>
     <span class='ocr_line' id='line_1_84' title="bbox 2021 4668 3558 4759; baseline -0.005 -20"><span class='ocrx_word' id='word_1_578' title='bbox 2021 4678 2333 4759; x_wconf 85' lang='lat' dir='ltr'><strong>majorem</strong></span> <span class='ocrx_word' id='word_1_579' title='bbox 2361 4677 2426 4738; x_wconf 89' lang='lat' dir='ltr'><strong>et</strong></span> <span class='ocrx_word' id='word_1_580' title='bbox 2465 4672 2820 4737; x_wconf 89' lang='lat' dir='ltr'><strong>minorem:</strong></span> <span class='ocrx_word' id='word_1_581' title='bbox 2867 4668 2977 4733; x_wconf 91' lang='lat' dir='ltr'><strong>sed</strong></span> <span class='ocrx_word' id='word_1_582' title='bbox 3004 4685 3270 4750; x_wconf 90' lang='lat' dir='ltr'><strong>corpora</strong></span> <span class='ocrx_word' id='word_1_583' title='bbox 3308 4668 3558 4747; x_wconf 91' lang='lat' dir='ltr'><strong>mundi,</strong></span> 
     </span>
     <span class='ocr_line' id='line_1_85' title="bbox 2020 4774 3561 4864; baseline -0.005 -16"><span class='ocrx_word' id='word_1_584' title='bbox 2020 4782 2377 4848; x_wconf 88' lang='lat' dir='ltr'><strong>secundum</strong></span> <span class='ocrx_word' id='word_1_585' title='bbox 2401 4781 2573 4864; x_wconf 85' lang='lat' dir='ltr'><strong>quod</strong></span> <span class='ocrx_word' id='word_1_586' title='bbox 2591 4781 2740 4863; x_wconf 91' lang='lat' dir='ltr'><strong>plus</strong></span> <span class='ocrx_word' id='word_1_587' title='bbox 2756 4781 2820 4842; x_wconf 85' lang='lat' dir='ltr'><strong>et</strong></span> <span class='ocrx_word' id='word_1_588' title='bbox 2843 4777 3062 4841; x_wconf 90' lang='lat' dir='ltr'><strong>minus</strong></span> <span class='ocrx_word' id='word_1_589' title='bbox 3081 4774 3459 4858; x_wconf 85' lang='lat' dir='ltr'><strong>participant</strong></span> <span class='ocrx_word' id='word_1_590' title='bbox 3483 4774 3561 4841; x_wconf 90' lang='lat' dir='ltr'><strong>de</strong></span> 
     </span>
     <span class='ocr_line' id='line_1_86' title="bbox 2019 4883 3559 4970; baseline -0.005 -14"><span class='ocrx_word' id='word_1_591' title='bbox 2019 4892 2186 4968; x_wconf 83' lang='lat' dir='ltr'><strong>luce,</strong></span> <span class='ocrx_word' id='word_1_592' title='bbox 2212 4893 2365 4956; x_wconf 85' lang='lat' dir='ltr'><strong>sunt</strong></span> <span class='ocrx_word' id='word_1_593' title='bbox 2392 4888 2602 4970; x_wconf 90' lang='lat' dir='ltr'><strong>magis</strong></span> <span class='ocrx_word' id='word_1_594' title='bbox 2628 4891 2692 4951; x_wconf 86' lang='lat' dir='ltr'><strong>et</strong></span> <span class='ocrx_word' id='word_1_595' title='bbox 2716 4887 2932 4950; x_wconf 89' lang='lat' dir='ltr'><strong>minus</strong></span> <span class='ocrx_word' id='word_1_596' title='bbox 2960 4883 3215 4963; x_wconf 91' lang='lat' dir='ltr'><strong>nobilia,</strong></span> <span class='ocrx_word' id='word_1_597' title='bbox 3242 4888 3559 4966; x_wconf 85' lang='lat' dir='ltr'><strong>quantum</strong></span> 
     </span>
     <span class='ocr_line' id='line_1_87' title="bbox 2022 4991 3556 5076; baseline -0.007 -10"><span class='ocrx_word' id='word_1_598' title='bbox 2022 5000 2103 5067; x_wconf 90' lang='lat' dir='ltr'><strong>ad</strong></span> <span class='ocrx_word' id='word_1_599' title='bbox 2127 5018 2265 5064; x_wconf 91' lang='lat' dir='ltr'><strong>esse</strong></span> <span class='ocrx_word' id='word_1_600' title='bbox 2293 4995 2725 5075; x_wconf 85' lang='lat' dir='ltr'><strong>substantiale,</strong></span> <span class='ocrx_word' id='word_1_601' title='bbox 2749 4998 2812 5060; x_wconf 87' lang='lat' dir='ltr'><strong>et</strong></span> <span class='ocrx_word' id='word_1_602' title='bbox 2834 4993 3066 5076; x_wconf 87' lang='lat' dir='ltr'><strong>specie,</strong></span> <span class='ocrx_word' id='word_1_603' title='bbox 3089 4995 3154 5056; x_wconf 90' lang='lat' dir='ltr'><strong>et</strong></span> <span class='ocrx_word' id='word_1_604' title='bbox 3178 4991 3556 5072; x_wconf 83' lang='lat' dir='ltr'><strong>differentia,</strong></span> 
     </span>
     <span class='ocr_line' id='line_1_88' title="bbox 2021 5098 3564 5190; baseline -0.005 -19"><span class='ocrx_word' id='word_1_605' title='bbox 2021 5107 2189 5171; x_wconf 87' lang='lat' dir='ltr'><strong>sicut</strong></span> <span class='ocrx_word' id='word_1_606' title='bbox 2216 5109 2389 5190; x_wconf 89' lang='lat' dir='ltr'><strong>patet</strong></span> <span class='ocrx_word' id='word_1_607' title='bbox 2417 5102 2803 5186; x_wconf 87' lang='lat' dir='ltr'><strong>respiciendo</strong></span> <span class='ocrx_word' id='word_1_608' title='bbox 2825 5100 3065 5183; x_wconf 86' lang='lat' dir='ltr'><strong>gradus</strong></span> <span class='ocrx_word' id='word_1_609' title='bbox 3097 5098 3166 5162; x_wconf 93' lang='lat' dir='ltr'><strong>in</strong></span> <span class='ocrx_word' id='word_1_610' title='bbox 3191 5099 3564 5181; x_wconf 88' lang='lat' dir='ltr'><strong>corporibus</strong></span> 
     </span>
     <span class='ocr_line' id='line_1_89' title="bbox 2022 5207 3562 5294; baseline -0.004 -16"><span class='ocrx_word' id='word_1_611' title='bbox 2022 5213 2287 5278; x_wconf 89' lang='lat' dir='ltr'><strong>mundi:</strong></span> <span class='ocrx_word' id='word_1_612' title='bbox 2314 5230 2471 5294; x_wconf 88' lang='lat' dir='ltr'><strong>ergo</strong></span> <span class='ocrx_word' id='word_1_613' title='bbox 2502 5208 2888 5293; x_wconf 88' lang='lat' dir='ltr'><strong>impossibile</strong></span> <span class='ocrx_word' id='word_1_614' title='bbox 2913 5211 3010 5272; x_wconf 87' lang='lat' dir='ltr'><strong>est</strong></span> <span class='ocrx_word' id='word_1_615' title='bbox 3033 5207 3247 5272; x_wconf 91' lang='lat' dir='ltr'><strong>lucem</strong></span> <span class='ocrx_word' id='word_1_616' title='bbox 3275 5224 3411 5271; x_wconf 90' lang='lat' dir='ltr'><strong>esse</strong></span> <span class='ocrx_word' id='word_1_617' title='bbox 3447 5225 3562 5272; x_wconf 87' lang='lat' dir='ltr'><strong>ac-</strong></span> 
     </span>
     <span class='ocr_line' id='line_1_90' title="bbox 2024 5317 2883 5403; baseline -0.01 -16"><span class='ocrx_word' id='word_1_618' title='bbox 2024 5323 2241 5387; x_wconf 92' lang='lat' dir='ltr'><strong>cidens</strong></span> <span class='ocrx_word' id='word_1_619' title='bbox 2266 5319 2517 5403; x_wconf 88' lang='lat' dir='ltr'><strong>corpori</strong></span> <span class='ocrx_word' id='word_1_620' title='bbox 2542 5317 2883 5383; x_wconf 88' lang='lat' dir='ltr'><strong>luminoso.</strong></span> 
     </span>
    </p>
   </div>
   <div class='ocr_carea' id='block_1_10' title="bbox 2106 5424 3784 5497">
    <p class='ocr_par' dir='ltr' id='par_1_20' title="bbox 2106 5424 3784 5497">
     <span class='ocr_line' id='line_1_91' title="bbox 2106 5424 3784 5497; baseline -0.009 -1"><span class='ocrx_word' id='word_1_621' title='bbox 2106 5429 2374 5496; x_wconf 87' lang='lat' dir='ltr'><strong>Contra:</strong></span> <span class='ocrx_word' id='word_1_622' title='bbox 2411 5433 2441 5492; x_wconf 80' lang='lat'><strong>1</strong></span> <span class='ocrx_word' id='word_1_623' title='bbox 2454 5473 2470 5491; x_wconf 98' lang='lat'><strong>.</strong></span> <span class='ocrx_word' id='word_1_624' title='bbox 2502 5424 2678 5497; x_wconf 86' lang='lat' dir='ltr'><strong>Nihil</strong></span> <span class='ocrx_word' id='word_1_625' title='bbox 2701 5428 2800 5491; x_wconf 86' lang='lat' dir='ltr'><strong>est</strong></span> <span class='ocrx_word' id='word_1_626' title='bbox 2821 5424 2902 5491; x_wconf 90' lang='lat' dir='ltr'><strong>de</strong></span> <span class='ocrx_word' id='word_1_627' title='bbox 2926 5425 3373 5493; x_wconf 84' lang='lat' dir='ltr'><strong>constitutione</strong></span> <span class='ocrx_word' id='word_1_628' title='bbox 3399 5425 3564 5493; x_wconf 88' lang='lat' dir='ltr'><strong>acci-</strong></span> <span class='ocrx_word' id='word_1_629' title='bbox 3596 5437 3667 5484; x_wconf 69' lang='lat' dir='ltr'><strong>Aa</strong></span> <span class='ocrx_word' id='word_1_630' title='bbox 3682 5450 3784 5495; x_wconf 66' lang='lat' dir='ltr'><strong>opp.</strong></span> 
     </span>
    </p>
   </div>
  </div>
 </body>
</html>
