4125 6225
1214 350 1412 433 DlST.
1456 351 1566 417 m.
1607 352 1840 418 PART.
1885 353 1934 419 1.
1979 353 2164 420 ART.
2211 356 2292 422 II.
2337 356 2640 436 QUAEST.
2685 359 2796 425 ῙΠ.

482 490 645 553 Item
686 488 982 553 diffinitio
1000 536 1018 566 ,
1066 493 1141 554 ut
1179 489 1321 553 vult
1367 488 1822 572 Philosophus,
1855 492 1952 555 est

399 598 750 681 aggregati
793 619 808 660 z
842 615 998 679 ergo
1040 617 1189 662 cum
1214 598 1526 662 diffinitur
1551 599 1786 677 homo,
1816 616 1950 662 non

398 706 614 770 forma
638 709 892 769 tantum
910 754 925 783 ,
955 707 1066 770 sed
1107 706 1531 789 compositum
1568 725 1652 771 ex
1681 708 1946 771 materia

402 819 470 879 et
496 816 701 878 forma
741 813 1054 878 diffinitur
1088 838 1102 878 :
1136 833 1293 896 ergo
1338 815 1393 878 si
1427 814 1624 878 homo
1661 815 1733 880 in
1768 832 1944 878 com-

403 924 596 986 muni
629 921 863 986 claudit
891 921 962 984 in
988 940 1056 985 se
1081 921 1450 999 materiam,
1483 925 1545 986 et
1580 926 1814 986 natura
1838 940 1946 985 ra-

404 1031 661 1095 tionalis
698 1030 987 1094 similiter
1022 1053 1037 1094 :
1070 1030 1178 1095 sed
1219 1030 1273 1093 si
1317 1047 1590 1112 persona
1619 1030 1792 1094 addit
1829 1029 1950 1093 ali-

407 1139 566 1221 quid
590 1156 782 1219 super
803 1142 1104 1200 naturam
1122 1184 1140 1213 ,
1171 1154 1321 1199 cum
1345 1154 1476 1199 non
1498 1137 1694 1219 possit
1715 1137 1947 1202 addere

412 1248 772 1328 materiam,
814 1250 1063 1331 oportet
1104 1245 1276 1329 quod
1317 1246 1505 1311 addat
1540 1247 1780 1330 aliquid
1814 1247 1951 1312 sor-

408 1354 600 1419 male.

492 1463 725 1527 Contra
765 1484 781 1525 z
812 1479 931 1544 per
957 1459 1250 1525 Boetium
1287 1480 1304 1524 t
1338 1483 1370 1521 α
1388 1460 1593 1542 pecies
1621 1464 1715 1525 est
1740 1463 1952 1525 totum

410 1591 546 1638 esse
586 1572 1066 1635 individuorum
1105 1590 1122 1634 z
1155 1592 1186 1629 ι)
1214 1571 1324 1635 sed
1356 1575 1602 1640 esseest
1627 1589 1666 1635 a
1690 1571 1897 1635 forma
1931 1594 1947 1636 ε

410 1697 571 1761 ergo
607 1679 1012 1743 individuum
1050 1696 1245 1761 supra
1283 1679 1562 1762 speciem
1600 1697 1734 1742 non
1777 1678 1951 1742 addit

408 1787 683 1852 formam
708 1810 724 1850 z
750 1805 907 1867 ergo
937 1805 1054 1851 nec
1081 1804 1350 1868 persona
1375 1804 1572 1869 supra
1598 1790 1896 1850 naturam
1931 1809 1946 1850 ε

340 1885 361 1908 ”
409 1894 463 1957 si
482 1912 639 1975 ergo
664 1894 908 1976 aliquid
937 1893 1143 1971 addit,
1171 1897 1285 1957 aut
1310 1893 1642 1957 materiam
1661 1941 1679 1972 ,
1707 1895 1819 1956 aut
1847 1911 1952 1956 ac-

146 4078 226 4123 Ad
247 4088 364 4132 opp.

410 2001 685 2066 cidentia
717 2023 734 2066 ε
765 2001 874 2066 sed
912 2019 1029 2083 per
1052 2001 1398 2065 accidentia
1421 2018 1551 2064 non
1588 2003 1791 2083 potest
1816 2018 1952 2067 esse

408 2110 705 2175 discretio
744 2109 1124 2193 personalia,
1163 2108 1270 2173 vel
1304 2108 1714 2175 individualis
1746 2127 1763 2172 ε
1793 2127 1951 2191 ergo

408 2236 665 2283 necesse
693 2222 787 2282 est
813 2236 925 2300 per
952 2215 1314 2281 materiam.

492 2325 647 2390 ltem
665 2375 683 2406 ,
714 2326 771 2389 si
797 2343 1068 2408 persona
1095 2324 1352 2388 adderet
1375 2322 1654 2405 aliquam
1677 2325 1950 2388 formam

408 2453 609 2516 supra
632 2439 954 2508 naturam,
977 2451 1139 2515 ergo
1163 2433 1324 2497 sicut
1347 2432 1584 2514 species
1601 2437 1695 2496 est
1716 2433 1951 2496 ‹limni-

410 2543 591 2619 hilis,
642 2543 795 2625 quia
850 2541 1026 2607 addit
1080 2540 1501 2604 differentiam
1559 2542 1622 2604 et
1673 2541 1948 2605 formam

409 2669 607 2733 supra
659 2668 899 2732 genuS,
946 2648 1035 2713 ita
1089 2648 1280 2712 etiam
1331 2647 1740 2713 individuum
1787 2652 1950 2712 esset

410 2758 743 2823 diffinibile
775 2780 790 2821 ε
824 2759 995 2840 quod
1023 2756 1256 2820 falsum
1282 2760 1395 2820 est.

495 2864 690 2941 item,
740 2865 793 2928 si
842 2865 1249 2932 individuum
1293 2864 1428 2928 sive
1471 2881 1747 2947 persona
1781 2863 1952 2928 addit

410 2975 685 3038 formam
718 2971 1227 3036 individuantem
1256 2990 1463 3054 supra
1486 2973 1758 3055 speciem
1799 2990 1948 3053 spe-

410 3078 850 3159 cialissimam,
908 3096 1131 3162 quaero
1181 3083 1403 3142 utrum
1468 3078 1702 3143 additio
1755 3078 1951 3162 possit

410 3188 616 3250 facere
642 3187 832 3250 aliam
874 3185 1147 3248 formam
1190 3203 1304 3267 per
1350 3185 1570 3249 omnia
1597 3184 1686 3247 illi
1736 3186 1952 3248 consi-

412 3298 655 3361 milem.
718 3297 972 3362 Constat
1024 3296 1197 3378 quod
1247 3297 1372 3376 sic,
1426 3296 1576 3379 quia
1633 3297 1812 3360 nulla
1858 3300 1954 3361 est

410 3406 619 3469 forma
644 3403 1041 3469 accidentalis
1058 3452 1076 3483 ,
1117 3405 1305 3486 cujus
1327 3403 1608 3468 similem
1643 3422 1774 3467 non
1803 3421 1952 3485 pos-

411 3530 638 3577 sumus
672 3511 953 3592 cogitare
986 3529 1001 3571 ε
1038 3529 1195 3592 ergo
1232 3511 1526 3575 similiter
1566 3510 1636 3574 in
1655 3511 1949 3574 substan-

412 3620 569 3684 tiali.
605 3618 726 3684 Sed
755 3620 804 3681 si
833 3619 979 3682 facit
1002 3619 1305 3696 similem,
1333 3619 1443 3681 illa
1469 3622 1563 3682 est
1591 3618 1951 3681 communis

410 3727 706 3810 pluribus
736 3726 884 3789 :sed
908 3725 1071 3788 nihil
1096 3726 1221 3789 tale
1240 3730 1333 3790 est
1354 3726 1762 3790 individuum
1795 3748 1810 3790 z
1834 3745 1943 3790 er-

411 3852 501 3914 go
528 3833 913 3916 impossibile
949 3836 1042 3895 est
1064 3833 1509 3897 discretionem
1551 3834 1948 3915 personalem

411 3959 547 4005 esse
569 3959 606 4003 a
634 3941 943 4023 principio
972 3940 1223 4003 formali
1255 3940 1658 4023 superaddito
1694 3941 1944 4023 speciei.

494 4047 723 4112 Contra
753 4070 768 4111 ε
802 4055 862 4111 1.
893 4048 993 4112 Ab
1027 4048 1251 4111 eodem
1291 4051 1386 4111 est
1416 4048 1705 4112 discretio
1732 4066 1948 4131 perso-

410 4156 607 4231 naliS,
637 4173 678 4218 a
705 4174 834 4236 quo
861 4158 954 4218 est
981 4154 1296 4218 distinctio
1323 4154 1681 4219 secundum
1710 4173 1950 4219 nume-

410 4281 602 4326 rum:
633 4262 742 4326 sed
767 4262 873 4325 illa
900 4265 995 4325 est
1024 4280 1062 4325 a
1097 4262 1397 4340 materia,
1434 4262 1597 4325 sicut
1621 4261 1772 4325 dicit
1798 4261 1953 4325 Phi-

408 4369 716 4451 losophus
758 4370 827 4432 in
869 4369 1076 4452 prima
1109 4367 1518 4451 Philosophia
1567 4390 1583 4432 :
1622 4391 1653 4428 α
1680 4367 1953 4433 Omnino

411 4480 678 4542 materia
702 4477 1186 4543 numerabiliter
1206 4495 1272 4540 se
1299 4476 1529 4542 habet:
1554 4498 1585 4535 1>
1616 4495 1802 4558 erg0,
1829 4480 1949 4540 etc.

492 4589 553 4649 2.
589 4584 745 4650 Item
779 4608 794 4651 z
829 4588 911 4650 ab
946 4587 1168 4649 eodem
1207 4589 1302 4647 est
1338 4585 1695 4667 personalis
1720 4586 1955 4649 discre-

409 4692 532 4770 tio,
565 4712 605 4756 a
634 4712 764 4774 quo
807 4696 902 4756 est
928 4711 1062 4757 esse
1092 4692 1248 4771 hoc,
1296 4692 1431 4756 sive
1458 4691 1562 4755 hic
1615 4695 1678 4756 et
1717 4710 1891 4756 nunc
1933 4714 1950 4757 ι

411 4800 519 4864 sed
558 4800 679 4864 hoc
707 4804 802 4864 est
824 4800 1125 4879 materia,
1157 4800 1339 4880 quia,
1380 4799 1450 4861 in
1473 4799 1639 4863 libro
1681 4799 1759 4866 de
1793 4799 1954 4867 Coelo

412 4914 473 4974 et
488 4907 987 4986 Mund0‚dicitur
998 4908 1014 4942 ¹
1027 4907 1231 4987 quod«
1250 4905 1459 4969 differt
1472 4906 1679 4972 dicere
1694 4908 1952 4988 coelum,

414 5018 480 5079 et
503 5015 625 5079 hoc
649 5015 918 5093 coelum3
959 5032 1108 5078 cum
1136 5013 1278 5077 dico
1328 5012 1598 5092 coelum,
1640 5015 1781 5079 dico
1825 5015 1955 5079 sor-

418 5142 621 5201 mam;
641 5141 790 5186 cum
804 5123 943 5188 dico
959 5122 1081 5187 hoc
1098 5119 1355 5201 coelum,
1374 5121 1516 5186 dico
1530 5123 1862 5188 materiam
1882 5143 1897 5186 ε
1914 5144 1945 5182 n

421 5248 602 5311 ergo,
629 5233 748 5293 etc.

482 5354 502 5391 ι
522 5354 696 5420 Arist„
715 5352 774 5403 de
796 5351 947 5416 0210,
967 5352 1056 5405 uh.
1076 5352 1119 5420 1,
1147 5355 1284 5405 cont.
1321 5354 1398 5406 95.

3486 369 3603 430 327

2141 496 2200 556 3.
2235 492 2393 558 Item
2423 516 2439 558 ε
2469 495 2542 557 in
2570 494 2881 559 creaturis
2902 495 2974 559 in
3001 496 3239 578 quibus
3266 501 3361 562 est
3384 516 3606 582 perso-

2057 598 2223 662 nalis
2263 600 2554 664 discretio
2613 618 2729 682 per
2785 601 3140 683 originem,
3196 621 3331 668 non
3378 609 3473 670 est
3519 607 3601 671 ob

2056 705 2251 785 aliud,
2273 706 2397 770 nisi
2413 707 2581 789 quod
2602 725 2921 788 generans
2941 713 3208 790 generat
3227 710 3401 776 aliud
3425 734 3440 778 ε
3464 714 3596 795 sed,
3619 701 3628 718 '

2057 816 2132 876 ut
2157 812 2308 876 dicit
2332 812 2789 897 PhilosophuS,
2821 833 3138 896 generans
3168 835 3298 883 non
3329 825 3597 901 generat

2056 919 2231 984 aliud
2265 920 2390 985 nisi
2426 925 2687 1005 propter
2714 922 3048 987 materiam
3079 945 3095 987 ε
3125 942 3283 1007 ergo
3310 926 3379 989 in
3406 927 3597 1012 rebus

2058 1027 2285 1091 creatis
2305 1032 2399 1092 est
2424 1028 2774 1112 personalis
2796 1029 3088 1095 discretio
3109 1037 3367 1136 propter
3393 1038 3592 1101 mate·

2057 1152 2244 1198 riam.

2602 1312 3052 1382 CONCLUSIO.

2061 1466 2445 1524 creaturarum
2479 1469 2820 1540 principium
2859 1468 3319 1528 individuationis
3358 1476 3435 1529 est
3470 1489 3597 1532 oon-

2119 1557 2333 1626 junctio
2369 1559 2613 1612 materioe
2656 1572 2773 1612 cum
2813 1559 3030 1626 Ῑοππας
3079 1562 3166 1615 ita
3208 1565 3262 1617 et
3293 1564 3598 1635 personalis

2130 1646 2380 1701 discretio
2414 1662 2534 1716 quoe
2575 1645 2711 1702 dicit
2756 1646 3285 1719 individuationem3
3326 1669 3445 1725 quw
3473 1668 3597 1710 vero

2131 1734 2268 1790 dicit
2294 1734 2638 1804 diqnitatem,
2673 1739 2749 1792 est
2778 1751 2815 1790 a
2840 1738 3035 1804 torma.

2139 1894 2325 1978 Resp.
2346 1893 2428 1959 ad
2448 1895 2723 1975 Argum.
2755 1893 3110 1959 Dicendum
3137 1897 3309 1979 quod
3334 1897 3477 1964 haec
3497 1919 3600 1966 ea-

2058 2002 2206 2066 dem
2258 2004 2353 2065 est
2405 2000 2673 2083 quaestio
2729 2001 2806 2065 de
2860 2001 3396 2085 individuatione,
3451 2023 3598 2088 quae

2058 2127 2234 2173 nunc
2271 2112 2569 2173 movetur
2613 2108 2690 2172 de
2735 2109 3048 2191 personali
3084 2109 3456 2176 discretione
3490 2135 3505 2177 ε
3536 2117 3599 2179 et

2059 2214 2137 2279 de
2179 2216 2318 2299 ipsa
2370 2215 2495 2278 suit
2537 2215 2855 2280 contentio
2905 2216 3071 2281 inter
3120 2217 3597 2303 philosophicos

2057 2323 2253 2387 viroS.
2285 2321 2558 2400 Quidam
2591 2322 2799 2402 enim,
2831 2323 3174 2389 innitentes
3211 2326 3407 2390 verbo
3445 2326 3599 2391 Phi·
3625 2343 3796 2400 Opimi

2056 2430 2340 2512 losophi,
2371 2429 2674 2493 dixerunt
2699 2430 2872 2512 quod
2908 2431 3331 2497 individuatio
3362 2436 3535 2498 venit
3559 2455 3599 2500 a

2058 2536 2359 2614 materia,
2417 2535 2569 2617 quia
2625 2535 3036 2601 individuum
3076 2556 3271 2621 supra
3321 2540 3597 2623 speciem

2056 2660 2190 2705 non
2220 2642 2394 2706 addit
2417 2641 2542 2705 nisi
2579 2641 2933 2706 materiam.
2971 2643 3049 2707 Et
3077 2644 3199 2708 hoc
3235 2648 3592 2729 ponebant,

2055 2747 2210 2831 quia
2236 2748 2535 2812 dixerunt
2561 2749 2948 2813 universalia
2975 2750 3187 2815 solum
3223 2752 3432 2818 dicere
3456 2754 3595 2818 for-

2056 2833 2197 2919 mas
2218 2878 2233 2920 z
2253 2859 2316 2919 et
2327 2860 2482 2919 tunc
2496 2856 2703 2938 primo
2721 2857 3012 2938 tangitur
3028 2859 3313 2939 materia,
3333 2862 3590 2943 quando

2056 2964 2431 3047 pervenitur
2468 2964 2549 3028 ad
2584 2964 2706 3028 hoc
2735 2964 2997 3046 aliquid.
3036 2965 3196 3030 Aliis
3218 2986 3374 3032 vero
3415 2968 3598 3033 aliter
3641 2985 3773 3045 opin.
3792 2992 3834 3032 2.

2055 3070 2272 3135 visum
2303 3073 2430 3151 est,
2465 3069 2695 3135 scilicet
2724 3071 2896 3153 quod
2925 3071 3343 3138 individuatio
3369 3079 3530 3140 esset
3558 3095 3599 3141 a

2055 3181 2291 3258 forma,
2321 3183 2384 3242 et
2411 3178 2713 3257 dixerunt
2744 3179 2917 3261 quod
2942 3180 3111 3244 ultra
3142 3181 3421 3246 sormam
3447 3202 3598 3266 spe-

2057 3285 2175 3350 ciei
2227 3286 2727 3369 specialissimae,
2778 3290 2873 3350 est
2913 3288 3119 3351 forma
3160 3286 3594 3354 individualis.

2055 3393 2137 3458 Et
2160 3392 2332 3476 quod
2372 3394 2572 3457 movit
2609 3393 2728 3457 hos
2769 3411 3005 3476 ponere
3050 3394 3207 3458 illud
3226 3443 3245 3475 ,
3284 3396 3407 3459 fuit
3446 3398 3599 3480 quia

2056 3499 2505 3563 intellexerunt
2540 3499 2835 3564 ordinem
2876 3501 2945 3564 in
2985 3502 3207 3565 formis
3245 3504 3599 3568 secundum

2056 3589 2537 3687 generationem
2560 3629 2574 3668 z
2602 3610 2664 3668 et
2685 3612 2988 3671 naturam
3004 3626 3140 3672 esse
3158 3627 3275 3692 per
3299 3610 3598 3675 eumdem

2056 3715 2323 3778 modum
2340 3764 2357 3793 ,
2385 3733 2498 3797 per
2522 3734 2720 3796 quem
2740 3715 3075 3780 ordinatur
3095 3715 3169 3778 in
3194 3733 3430 3797 genere
3467 3740 3482 3780 ε
3512 3718 3602 3783 ita

2056 3823 2231 3905 quod
2255 3823 2459 3886 forma
2486 3823 2743 3903 generis
2770 3822 3236 3904 generalissimi
3255 3824 3464 3906 primo
3490 3825 3599 3889 ad-

2053 3931 2233 3995 venit
2253 3930 2536 3993 materiae
2555 3978 2572 4007 ,
2607 3934 2669 3992 et
2700 3929 2793 3992 sic
2818 3928 3254 3993 descendendo
3282 3948 3488 4013 usque
3517 3930 3599 3995 ad

2055 4039 2351 4121 speciem.
2385 4037 2461 4101 Et
2490 4037 2698 4100 adhuc
2719 4035 2829 4099 illa
2865 4036 3074 4100 forma
3115 4054 3250 4101 non
3273 4036 3598 4100 constituit

2053 4146 2495 4224 individuum,
2540 4143 2692 4227 quia
2720 4160 2852 4208 non
2879 4148 2975 4207 est
3010 4143 3280 4207 omnino
3301 4143 3372 4206 in
3407 4146 3590 4223 actu;

2056 4254 2165 4318 sed
2201 4254 2368 4317 ultra
2401 4254 2566 4317 hanc
2604 4253 2879 4317 formam
2922 4251 3333 4316 individualis
3372 4251 3596 4316 subse-

2057 4362 2300 4444 quitur,
2331 4379 2479 4443 quae
2508 4363 2601 4424 est
2619 4360 2882 4423 omnino
2899 4359 2969 4421 in
2992 4361 3139 4422 actu
3155 4407 3174 4439 ,
3199 4357 3362 4422 sicut
3388 4362 3594 4424 mate-

2058 4469 2155 4532 ria
2172 4469 2294 4531 fuit
2306 4467 2567 4531 omnino
2585 4466 2654 4529 in
2668 4465 2972 4549 potentia.
2997 4462 3311 4541 Quaelibet
3327 4464 3594 4529 istarum
3641 4509 3655 4551 ἰ

2058 4575 2446 4660 positionum
2509 4573 2750 4657 aliquid
2809 4572 3040 4650 habet,
3108 4571 3281 4654 quod
3339 4571 3595 4636 homini

2059 4686 2336 4749 multum
2415 4681 2797 4764 intelligenti
2864 4679 3327 4744 rationabiliter
3390 4675 3595 4745 videri

2060 4794 2290 4877 poterit
2328 4789 2746 4874 improbabile
2780 4810 2795 4852 t
2826 4787 3150 4870 quomodo
3178 4787 3352 4851 enim
3391 4790 3597 4851 mate-

2060 4902 2187 4982 ria,
2220 4918 2366 4983 quae
2389 4898 2693 4963 omnibus
2714 4899 2807 4960 est
2835 4894 3195 4959 communis
3215 4942 3234 4974 ,
3264 4893 3384 4958 erit
3411 4894 3594 4976 prin-

2063 5010 2261 5093 cipale
2310 5005 2730 5090 principium,
2783 5006 2846 5066 et
2905 5019 3098 5065 causa
3144 5000 3590 5081 distinctioniS‚

2060 5116 2247 5181 valde
2288 5113 2539 5180 difficile
2568 5116 2663 5175 est
2690 5110 2924 5176 videre.
2955 5107 3233 5187 Rursus,
3269 5107 3595 5190 quomodo

2062 5222 2269 5285 forma
2294 5220 2377 5284 sit
2392 5224 2525 5283 tota
2556 5222 2621 5282 et
2660 5215 2980 5300 praecipua
3007 5232 3198 5278 causa
3244 5213 3596 5279 numeralis

2063 5327 2512 5411 distinctionis,
2541 5324 2726 5393 valde
2755 5321 3006 5395 difficile
3028 5326 3124 5393 est
3152 5340 3410 5413 eapere3
3442 5339 3593 5394 cum
