4125 6225
397 602 585 665 Quoest.
621 610 668 658 2.
701 608 883 660 Utrum
913 610 1125 675 angelus
1159 610 1215 661 in
1240 610 1410 674 primo
1437 609 1643 662 instanti
1670 624 1778 662 suae

459 678 730 730 creationis
756 680 908 733 fuerit
945 682 1111 734 malus
1147 687 1265 734 actu
1291 684 1513 748 propriae
1547 682 1778 735 volunta-

461 749 542 801 tis.

399 822 524 872 Aur.
553 833 612 873 11.
643 824 830 883 Quaest.
862 829 911 876 1.
945 827 1125 878 Utrum
1153 826 1364 891 angelus
1387 827 1559 878 omnia
1591 831 1777 893 creata,

460 908 574 958 quae
606 896 886 961 cognoscit,
916 903 1196 963 cognoscat
1222 911 1315 962 per
1340 898 1533 963 species
1560 899 1777 965 innatas,

461 979 528 1016 an
556 967 723 1032 aliqua
750 982 843 1032 per
869 972 1066 1033 specics
1089 970 1378 1035 acquisitas.

400 1036 591 1098 Quaest.
623 1042 670 1090 2.
700 1041 883 1091 Utrum
909 1041 1118 1105 angelus
1143 1056 1237 1105 per
1264 1042 1610 1107 cognitionem
1640 1048 1782 1095 natu·

459 1109 618 1160 ralem
652 1111 878 1161 divinam
908 1113 1180 1163 essentiam
1206 1116 1504 1178 cognoverit
1527 1116 1581 1166 in
1614 1117 1779 1181 seipsa

462 1181 571 1232 sine
604 1184 743 1234 omni
772 1185 963 1249 medio,
992 1190 1044 1236 et
1071 1189 1315 1236 creaturus
1341 1187 1670 1238 adminiculo.

401 1254 527 1304 Aur.
565 1266 644 1304 ιιι.
670 1255 857 1314 Quoest.
888 1260 932 1307 1.
964 1258 1144 1307 Utrum
1161 1257 1328 1322 angeli
1346 1259 1614 1311 dilectione
1637 1265 1781 1310 natu-

462 1325 555 1376 rali
580 1327 850 1379 dilexerint
875 1330 1039 1379 Deum
1069 1334 1280 1394 propter
1304 1344 1380 1392 se,
1408 1336 1461 1382 et
1482 1345 1636 1396 super
1663 1346 1777 1383 om-

462 1412 565 1448 ma.

403 1470 593 1530 Quoest.
621 1473 671 1522 2.
700 1471 880 1522 Utrum
902 1472 1110 1537 angelus
1135 1473 1355 1526 naturali
1379 1473 1644 1524 dilectione
1672 1488 1778 1525 ma-

464 1544 542 1607 gis
569 1542 744 1608 diligat
764 1544 1097 1611 superiorem,
1118 1559 1315 1612 parem,
1344 1559 1411 1597 an
1434 1545 1746 1599 inferiorem.

403 1613 550 1664 Disr.
579 1623 653 1663 ιν.

404 1684 663 1748 Expositio
689 1688 877 1743 textus.

406 1758 531 1807 Aur.
552 1769 590 1807 1.
622 1757 810 1816 Quaest.
833 1765 881 1809 1.
905 1758 1085 1809 Utrum
1109 1758 1278 1824 angeli
1300 1758 1458 1810 creati
1475 1758 1646 1810 sintin
1663 1758 1782 1809 bea-

467 1828 697 1889 titudine,
727 1830 834 1879 sive
861 1830 915 1880 in
942 1830 1118 1895 gloria.

406 1899 596 1958 Quaest.
617 1904 665 1950 2.
691 1902 870 1951 Utrum
888 1902 1055 1965 angeli
1077 1904 1237 1953 creati
1258 1902 1357 1954 sint
1382 1904 1436 1954 in
1462 1904 1639 1970 gratia.

406 1972 531 2021 Aur.
551 1983 607 2021 11.
633 1972 822 2031 Quaest.
845 1975 888 2021 1.
911 1975 1090 2023 Utrum
1114 1974 1361 2040 aliquibus
1384 1976 1502 2026 data
1518 1976 1583 2026 sit
1602 1976 1782 2027 futurae

467 2043 845 2107 glorificationis
870 2046 1208 2108 praescientia.

407 2114 593 2174 Quoest.
622 2119 670 2165 2.
694 2115 875 2165 Utrum
900 2115 1022 2166 mali
1052 2117 1220 2182 angeli
1239 2118 1516 2182 {potuerint
1535 2118 1776 2183 praescire

469 2200 617 2236 suum
641 2201 832 2237 casum.

408 2259 532 2308 Aur.
561 2270 648 2308 111.
677 2260 863 2317 Quaest.
901 2261 947 2308 1.
978 2259 1158 2309 Utrum
1193 2260 1360 2325 angeli
1391 2261 1662 2311 habuerint
1694 2274 1783 2312 co-

468 2330 748 2394 gnitionem
775 2330 1073 2380 matutinam
1096 2332 1149 2380 in
1173 2345 1265 2381 sua
1292 2334 1565 2383 creatione.

409 2401 598 2461 Quaest.
625 2405 674 2451 2.
714 2403 892 2452 Utrum
924 2402 976 2451 in
1003 2404 1196 2467 angelis
1228 2402 1292 2454 sit
1318 2405 1542 2469 cognitio
1569 2418 1784 2469 vesper-

467 2472 575 2522 tina
594 2478 711 2536 post
739 2473 1175 2538 glorificationem.

409 2546 554 2596 Disr.
585 2556 632 2596 v.

409 2615 669 2679 Expositio
696 2619 880 2668 textus.

410 2689 533 2740 Aur.
564 2700 604 2738 1.
626 2689 814 2748 Quaest.
844 2693 894 2740 1.
921 2691 1102 2741 Utrum
1122 2689 1324 2742 Lucifer
1342 2691 1632 2756 peccaverit
1653 2706 1778 2757 pec-

472 2765 585 2811 cato
611 2761 881 2825 superbius.

409 2833 602 2893 Quoest.
629 2834 677 2882 2.
709 2834 890 2884 Utrum
917 2832 1116 2884 Lucifer
1136 2834 1405 2899 appetierit
1430 2834 1538 2885 Deo
1562 2835 1785 2901 aequipa-

469 2917 592 2954 rari.

409 2977 533 3027 Aur.
560 2987 623 3025 11.
652 2976 838 3034 Quaest.
867 2980 914 3029 1.
956 2978 1136 3029 Utrum
1161 2977 1330 3044 angeli
1354 2976 1578 3029 minores
1605 2991 1783 3044 pecca·

469 3046 640 3097 verint
663 3052 872 3111 peccato
896 3049 1165 3112 superbias.

411 3120 667 3181 Quaest.·2.
692 3122 872 3172 Utrum
898 3128 1167 3185 peccatum
1197 3121 1453 3173 minorum
1484 3123 1784 3189 angelorum

472 3192 704 3243 ordinem
725 3192 913 3243 habeat
931 3193 996 3243 ad
1019 3198 1281 3256 peccatum
1308 3194 1543 3246 Luciferi.

411 3266 534 3315 aar.
564 3275 651 3314 111.
685 3263 874 3322 Quoest.
910 3266 958 3313 1.
993 3265 1174 3316 Utrum
1207 3266 1475 3316 conversio
1514 3266 1783 3318 beatorum

473 3334 770 3399 angelorum
793 3335 858 3385 ad
884 3335 1049 3386 Deum
1072 3335 1224 3387 fuerit
1246 3335 1431 3388 virtute
1457 3342 1653 3389 naturae
1664 3375 1682 3403 ,
1703 3337 1786 3389 vel

471 3407 657 3457 auxilio
678 3406 875 3471 gratiae.

411 3480 597 3540 Quaest.
622 3481 670 3529 2.
701 3480 881 3530 Utrum
911 3477 965 3529 in
986 3479 1244 3531 bonorum
1271 3480 1608 3532 conversione
1632 3479 1788 3532 meri-

471 3556 579 3602 tum
601 3556 841 3616 sequatur
866 3550 1135 3617 praemium
1146 3589 1166 3617 ,
1189 3551 1273 3602 vel
1292 3553 1566 3617 proecedat.

411 3625 558 3675 Drsr.
587 3634 664 3673 vl.

411 3694 671 3761 Expositio
705 3695 890 3745 textus.

411 3769 537 3820 Aur.
565 3780 603 3819 1.
634 3765 823 3826 Quaest.
861 3769 907 3818 1.
948 3767 1130 3818 Utmm
1171 3766 1373 3818 Lucifer
1412 3767 1563 3819 fuerit
1603 3768 1667 3819 de
1695 3781 1784 3820 su-

470 3853 650 3904 premo
678 3838 857 3888 ordine
884 3837 1202 3902 angelorum,
1232 3843 1330 3889 etc.

411 3911 601 3971 Quoest.
630 3915 676 3963 2.
698 3911 878 3961 Utrum
905 3910 1129 3960 minores
1148 3909 1316 3975 angeli
1332 3909 1460 3974 lapsi
1480 3910 1582 3961 sint
1599 3911 1663 3961 de
1679 3923 1787 3962 om·

471 3984 622 4034 nibus
648 3983 930 4046 ordinibus,
959 3983 1044 4031 vel
1069 3995 1194 4032 non.

411 4057 537 4107 Διιτ.
565 4066 623 4105 11.
654 4054 843 4113 Quoest.
872 4057 917 4102 1.
947 4053 1126 4104 Utrum
1154 4052 1432 4104 ceciderint
1452 4052 1508 4104 in
1527 4053 1785 4105 infernum

474 4130 719 4192 quantum
743 4126 807 4175 ad
832 4124 1020 4176 locum.

413 4199 601 4259 Quaest.
628 4202 675 4250 2.
713 4198 896 4249 Utrum
923 4195 1198 4248 ceciderint
1235 4197 1291 4247 in
1323 4196 1570 4249 infernale
1597 4198 1784 4264 suppli-

476 4285 631 4323 cium.

412 4346 535 4395 Aur.
569 4355 650 4395 ιιι.
680 4343 867 4403 Quaest.
896 4346 942 4393 1.
976 4341 1157 4392 Utrum
1180 4340 1313 4392 inter
1334 4354 1424 4392 eos
1450 4340 1517 4392 sit
1534 4339 1789 4393 'ordinum

474 4414 745 4468 distincti0.

412 4490 603 4551 Quaest.
644 4490 692 4540 2.
720 4487 904 4538 Utrum
928 4485 1064 4536 inter
1088 4484 1298 4552 angelos
1329 4484 1492 4537 malos
1515 4484 1581 4538 sit
1605 4485 1784 4551 prosla-

471 4560 563 4613 tio.
829 4597 838 4606 -

411 4635 559 4685 D1sr.
586 4642 682 4683 vn.

411 4708 554 4758 Psnr
582 4716 618 4755 1.
643 4702 903 4769 Expositio
924 4704 1112 4754 textus.

411 4780 538 4829 Aur.
566 4787 603 4826 1.

410 4850 602 4910 Quaest.
630 4851 675 4900 1.
704 4848 889 4899 Utrum
910 4845 964 4896 in
990 4846 1285 4897 doemonum
1309 4843 1565 4896 voluntate
1588 4842 1655 4894 sit
1673 4857 1789 4909 pos·

473 4921 631 4973 sibilis
650 4918 964 4972 rectificatio.

411 4995 601 5055 Quoest.
638 4996 689 5044 2.
722 4993 901 5044 Utrum
928 4990 994 5042 sit
1017 4989 1071 5040 in
1097 4989 1346 5066 eisaemalae
1367 4987 1642 5041 voluntatis
1667 5001 1789 5039 con-

470 5065 703 5117 tinuatiO.

412 5139 604 5199 Qumst.
626 5140 676 5189 3.
700 5138 882 5189 Utrum
898 5133 963 5187 sit
985 5133 1042 5186 in
1062 5133 1137 5186 eis
1162 5133 1312 5186 malas
1329 5132 1605 5186 voluntatis
1624 5133 1789 5185 inten-

475 5223 571 5261 s10.

415 5283 543 5333 Aur.
567 5293 631 5333 11.

416 5354 608 5415 Quoest.
638 5354 685 5403 t.
722 5354 904 5405 Utrum
934 5350 1251 5403 confirmatio
1277 5352 1441 5400 mutet
1463 5349 1681 5401 liberum
1706 5363 1791 5401 ar-

475 5426 682 5477 bitrium
700 5463 715 5487 ‚
741 5424 813 5476 ita
845 5423 985 5489 quod
1019 5421 1087 5473 sit
1118 5421 1254 5473 aliud
1285 5424 1402 5473 ante
1443 5422 1790 5474 confirmatio-

478 5511 620 5562 nem,
647 5494 782 5549 aliud
807 5499 943 5561 post.

1855 471 2118 541 INDEX.

1840 756 1931 805 332

1841 974 1932 1022 335

1841 1189 1933 1239 339

1843 1404 1928 1453 341

1843 1546 1933 1594 344

1842 1616 1933 1665 345

1843 1688 1932 1737 347

1842 1832 1932 1882 348

1843 1906 1933 1954 350

1843 2048 1935 2097 352

1845 2189 1934 2239 354

1844 2333 1936 2382 356

1844 2476 1935 2525 358

1844 2549 1934 2597 360

1845 2621 1937 2668 362

1845 2765 1935 2814 363

1847 2907 1937 2957 366

1845 3049 1935 3099 368

1845 3196 1935 3245 370

1848 3410 1938 3461 372

1847 3553 1939 3603 374

1847 3624 1939 3675 376

1848 3698 1938 3747 378

1846 3841 1938 3891 379

1848 3985 1937 4034 381

1848 4128 1939 4177 382

1847 4270 1938 4321 384

1847 4414 1937 4465 385

1848 4558 1940 4607 386

1849 4630 1940 4680 388

1849 4702 1936 4751 391

1849 4774 1939 4823 391

1850 4917 1942 4967 392

1849 5061 1942 5111 397

1852 5206 1943 5258 399

1855 5278 1945 5328 402

2040 611 2233 671 Quaest.
2259 613 2308 664 2.
2339 612 2521 663 Utrum
2547 613 2820 665 obstinatio
2854 615 2998 667 tollat
3016 614 3337 666 daemonibus
3360 615 3422 666 li-

2102 683 2310 735 bertatis
2336 698 2502 736 usum.

2041 755 2231 815 Quoest.
2263 760 2310 808 3.
2344 759 2519 809 Utrum
2542 758 2879 825 confirmatio,
2908 763 2990 813 vel
3027 760 3322 826 obstinatio,
3351 761 3426 812 di*-

2102 828 2298 879 minuat
2324 829 2570 880 libertatis
2596 831 2893 884 dominium.

2041 901 2200 950 PAnr.
2234 912 2293 952 11.
2326 902 2586 965 Expositio
2617 906 2802 955 textus.

2039 975 2164 1022 Aur.
2214 985 2251 1023 1.
2296 974 2486 1033 Quaest.
2527 978 2571 1023 1.
2611 976 2791 1026 Utrum
2826 976 2973 1027 cadat
3011 975 3064 1026 in
3107 976 3426 1027 daemonibus

2103 1042 2356 1108 deceptio,
2386 1045 2493 1094 sive
2521 1058 2665 1095 error
2688 1047 2824 1098 circa
2854 1046 3143 1110 praesentia.

2041 1113 2233 1172 Quaest.
2283 1119 2331 1166 2.
2382 1117 2561 1167 Utrum
2604 1116 2658 1167 in
2698 1119 3017 1169 daemonibus
3052 1118 3200 1169 cadat
3234 1116 3424 1169 oblivio

2103 1186 2240 1236 circa
2264 1187 2538 1250 praeterita.

2042 1257 2232 1316 Quaest.
2268 1262 2316 1309 3.
2345 1259 2527 1310 Utrum
2556 1260 2612 1311 in
2647 1261 2964 1314 doemonibus
2990 1263 3054 1313 sit
3090 1262 3426 1328 proecognitio

2103 1331 2272 1393 quoad
2293 1330 2481 1381 futura.

2041 1401 2166 1451 Aur.
2205 1415 2267 1453 11.
2299 1402 2488 1461 Quaest.
2520 1406 2566 1453 1.
2592 1405 2772 1455 Utrum
2799 1404 2965 1455 omnis
2990 1405 3171 1457 formas
3196 1405 3423 1457 inductio

2105 1473 2172 1523 sit
2191 1487 2223 1522 a
2249 1474 2510 1537 Creatore,
2530 1489 2598 1525 an
2622 1475 2791 1540 aliqua
2816 1476 2916 1527 sint
2942 1477 3007 1527 ab
3025 1481 3209 1543 agente
3232 1483 3426 1541 create,

2103 1544 2185 1594 vel
2212 1545 2523 1608 particulari.
2767 1578 2778 1589 -

2043 1615 2231 1674 Quaest.
2269 1620 2317 1668 2.
2360 1618 2539 1668 Utrum
2583 1631 2824 1668 verarum
2871 1617 3151 1669 formarum
3195 1618 3424 1669 inductio

2102 1686 2266 1749 possit
2292 1702 2403 1738 esse
2431 1702 2463 1738 a
2489 1688 2665 1752 spiritu
2683 1688 2929 1755 maligno.

2043 1756 2234 1816 Quaest.
2280 1762 2327 1810 3.
2374 1759 2557 1810 Utrum
2603 1759 2783 1824 aliquis
2826 1760 2990 1824 possit
3032 1761 3107 1811 uti
3146 1760 3429 1812 ministerio

2105 1828 2400 1881 daemonum
2435 1831 2489 1881 in
2515 1831 2761 1882 faciendis
2787 1831 3043 1885 miraculis
3069 1832 3262 1897 absque
3299 1846 3422 1897 pec-

2106 1905 2240 1952 catu.

2044 1972 2190 2022 Disr.
2216 1982 2334 2024 vm.

2044 2044 2205 2093 ΡΑιιτ.
2235 2057 2270 2096 ι.
2302 2045 2562 2109 Expositio
2588 2050 2774 2097 textus.

2043 2118 2169 2166 Ali-r.
2201 2117 2459 2175 1.,Quaest.
2493 2122 2538 2169 1.
2570 2118 2749 2169 Utrum
2773 2117 2940 2184 angeli
2969 2117 3193 2169 habeant
3214 2132 3432 2184 corpora

2105 2190 2402 2239 naturaliter
2428 2189 2524 2239 sibi
2556 2190 2714 2242 unita.

2045 2258 2237 2317 Quoest.
2267 2262 2317 2310 2.
2349 2261 2530 2311 Utrum
2555 2261 2726 2325 angeli
2746 2260 3018 2326 aliquando
3037 2266 3298 2313 assumant
3321 2275 3431 2313 cor-

2108 2344 2249 2392 pora.

2044 2401 2173 2451 Aur.
2210 2413 2266 2453 ιι.
2311 2402 2500 2462 Quaest.
2538 2406 2583 2453 1.
2630 2406 2812 2455 Utrum
2852 2403 2971 2454 illud
3019 2418 3206 2470 corpus
3242 2405 3431 2457 habeat

2107 2486 2284 2523 veram
2314 2475 2534 2525 formam
2559 2477 2789 2540 corporis
2815 2475 3046 2526 humani.

2046 2544 2235 2603 Quaest.
2265 2547 2311 2596 2.
2348 2548 2529 2597 Utrum
2557 2562 2743 2611 corpus
2783 2547 2902 2597 illud
2932 2547 3069 2611 quod
3099 2548 3312 2598 assumit
3336 2562 3430 2598 an-

2107 2617 2250 2680 gelus
2274 2618 2361 2669 flat
2387 2620 2451 2669 de
2475 2621 2689 2670 materia
2717 2619 2932 2681 coelesti,
2959 2633 3027 2670 an
3048 2619 3365 2671 elementari.

2044 2689 2171 2738 Aur.
2220 2702 2306 2740 ιιι.
2348 2690 2540 2749 Quoest.
2572 2697 2614 2741 1.
2660 2693 2841 2743 Utrum
2869 2691 3081 2756 angelus
3120 2691 3174 2741 in
3213 2706 3429 2756 corpore

2107 2767 2371 2825 assumpto
2397 2765 2636 2813 exerceat
2665 2761 2989 2826 operationes
3013 2762 3197 2813 animm
3225 2769 3432 2828 vegeta·

2108 2830 2247 2881 tivae.

2047 2904 2242 2963 Quoest.
2268 2908 2316 2956 2.
2348 2903 2532 2955 Utrum
2558 2904 2728 2969 angeli
2752 2904 2806 2955 in
2830 2905 3098 2969 assumptis
3131 2905 3433 2969 corporibus

2105 2974 2328 3026 habeant
2385 2976 2709 3040 operationes
2765 2977 3131 3028 convenientes
3184 2978 3427 3042 potentiss

2107 3046 2380 3100 sensitivae.

2046 3120 2206 3170 PAur.
2239 3131 2295 3170 lt.
2318 3123 2442 3171 Aur.
2465 3133 2504 3171 1.
2534 3120 2723 3180 Quiest.
2753 3125 2797 3172 1.
2825 3122 3006 3172 Utrum
3035 3121 3293 3173 daemones
3311 3136 3428 3187 pos-

2110 3192 2211 3241 sint
2234 3191 2461 3242 habitare
2482 3192 2538 3241 in
2564 3193 2866 3255 corporibus
2892 3193 3146 3244 humanis.

2048 3263 2239 3322 Quaest.
2267 3267 2316 3315 2.
2348 3264 2530 3315 Utrum
2564 3264 2828 3315 daemones
2854 3264 2991 3315 illabi
3017 3264 3215 3330 possint
3238 3264 3427 3317 anima-

2108 3334 2224 3385 bus.

2047 3405 2240 3464 Quaest.
2264 3408 2311 3457 3.
2334 3407 2514 3458 Utrum
2540 3407 2745 3458 daemon
2766 3408 2929 3472 possit
2947 3421 3126 3459 sensus
3152 3408 3382 3462 illudere.

2048 3476 2241 3535 Quaest.
2271 3480 2319 3528 4.
2350 3479 2531 3531 Utrum
2557 3479 2766 3530 daemon
2790 3479 2953 3553 possit
2978 3480 3309 3544 cogitationes
3335 3480 3429 3533 im-

2109 3548 2331 3601 mittere.

2048 3620 2241 3679 Quaest.
2270 3623 2318 3672 5.
2348 3621 2529 3672 Utrum
2556 3621 2823 3674 doemones
2859 3621 3058 3686 possint
3080 3623 3241 3675 malas
3271 3623 3427 3676 affec·

2109 3693 2274 3744 tiones
2300 3693 2612 3757 imprimere.

2049 3766 2239 3825 Quaest.
2267 3768 2313 3819 6.
2345 3767 2528 3818 Utrum
2564 3767 2826 3819 daemones
2856 3769 3057 3834 possint
3099 3768 3313 3821 scrutari
3353 3783 3430 3820 se·

2111 3841 2252 3888 creta
2275 3841 2463 3889 nostrae
2492 3838 2840 3891 conscientias.

2050 3910 2195 3958 Disr.
2224 3920 2300 3959 rx.

2050 3980 2307 4045 Expositio
2329 3983 2518 4032 textus.

2047 4053 2347 4105 Ani-mutus
2373 4065 2586 4106 umcus.

2049 4124 2238 4184 Quasst.
2264 4129 2309 4176 1.
2334 4125 2516 4176 Utrum
2539 4125 2706 4190 angeli
2724 4125 3043 4177 diversorum
3062 4125 3302 4177 ordinum
3328 4125 3431 4177 sint

2111 4197 2425 4256 diversarum
2452 4197 2737 4261 specierum
2766 4212 2858 4260 per
2883 4203 3136 4248 naturam.

2049 4269 2241 4328 Quaest.
2268 4272 2315 4320 2.
2346 4270 2525 4319 Utrum
2552 4268 2890 4319 distinctionis
2920 4270 3271 4334 angelicorum
3299 4271 3431 4321 ordi·

2107 4355 2234 4391 num
2253 4340 2544 4405 principalis
2571 4354 2723 4391 causa
2754 4340 2820 4390 sit
2845 4355 2877 4391 a
2900 4347 3100 4405 natura,
3123 4342 3207 4392 vel
3232 4343 3412 4406 gratia.

2049 4412 2237 4473 Quaest.
2269 4417 2316 4463 3.
2356 4414 2539 4464 Utrum
2577 4414 2859 4463 secundum
2898 4414 3150 4479 majorem
3178 4416 3435 4480 capacita-

2112 4490 2215 4536 tem
2249 4484 2556 4535 naturalium
2590 4484 2772 4536 dentur
2809 4486 3001 4551 angelis
3028 4499 3060 4537 a
3089 4488 3197 4538 Deo
3232 4487 3433 4554 majora

2111 4557 2247 4607 dona
2274 4556 2508 4622 gratuita.

2050 4628 2237 4689 Quaest.
2269 4631 2315 4680 4.
2350 4629 2530 4680 Utrum
2556 4627 2904 4693 unusquisque
2932 4628 3061 4680 ordo
3088 4629 3153 4680 ab
3187 4643 3250 4681 eo
3278 4630 3434 4681 deno·

2110 4700 2348 4763 minetur,
2379 4699 2518 4763 quod
2543 4699 2741 4763 plenius
2767 4700 2966 4764 accepit
2990 4700 3043 4750 in
3069 4714 3305 4754 munere.

2049 4772 2239 4832 Quoest.
2262 4774 2310 4822 5.
2336 4771 2519 4823 Utrum
2555 4771 2621 4822 ad
2646 4770 2872 4836 singulos
2899 4773 3105 4824 ordines
3135 4773 3434 4839 angelorum

2111 4844 2201 4895 flat
2223 4842 2501 4907 assumptio
2527 4841 2905 4895 salvandorum.

2050 4916 2240 4977 Quaest.
2270 4918 2318 4967 6.
2350 4915 2533 4966 Utrum
2551 4914 2783 4978 praelatio
2807 4929 2921 4980 quoe
2945 4915 3096 4967 estin
3123 4918 3302 4970 ordine
3324 4932 3434 4971 res·

2112 4991 2264 5053 pectu
2289 4986 2502 5050 ordinis,
2531 4992 2805 5038 evacuetur
2831 4992 2949 5051 post
2963 4988 3240 5053 judicium.

2051 5060 2242 5119 Quaest.
2270 5061 2318 5109 7.
2340 5060 2521 5111 Utrum
2542 5058 2610 5109 sit
2634 5063 2793 5109 status
2819 5058 2873 5108 in
2903 5062 3205 5128 novenario,
3225 5076 3293 5114 an
3318 5076 3435 5129 pro·

2112 5132 2347 5183 tendatur
2370 5142 2617 5181 numerus
2643 5143 2803 5195 usque
2831 5130 2897 5179 ad
2923 5131 3209 5186 denarium.

2050 5205 2244 5264 Quaest.
2273 5205 2322 5253 8.
2346 5203 2527 5254 Utrum
2546 5201 2601 5251 in
2626 5201 2820 5267 angelis
2838 5202 2966 5253 ordo
2990 5205 3330 5269 compatiatur
3360 5218 3436 5256 se-

2115 5289 2235 5327 cum
2259 5273 2619 5341 aequalitatem.

2053 5349 2244 5409 Quoest.
2274 5351 2321 5399 9.
2366 5348 2549 5398 Utrum
2587 5344 2699 5396 aliis
2735 5344 3028 5398 substantiis
3064 5346 3395 5400 rationalibus
3412 5385 3431 5415 ,

2115 5433 2271 5486 quam
2294 5418 2488 5485 angelis
2509 5419 2770 5483 competat
2788 5431 2882 5483 per
2906 5418 3113 5471 ordines
3136 5420 3403 5487 distingui.

1855 5493 1948 5545 403
2056 5492 2203 5545 Drsr.
2225 5503 2282 5546 x.

3460 486 3573 548 651

3486 691 3577 741 404

3486 835 3578 884 406

3487 906 3579 955 408

3486 1050 3580 1099 410

3485 1192 3578 1241 413

3485 1336 3578 1385 415

3484 1549 3576 1598 418

3490 1692 3573 1740 421

3489 1908 3580 1957 425

3486 1980 3579 2030 427

3488 2051 3579 2100 429

3487 2194 3577 2244 431

3488 2339 3580 2387 433

3491 2480 3583 2529 435

3493 2624 3585 2673 438

3491 2837 3580 2885 441

3488 3053 3575 3102 443

3488 3195 3579 3246 446

3488 3338 3580 3389 448

3487 3410 3580 3461 449

3489 3554 3580 3606 452

3490 3697 3581 3747 454

3492 3843 3581 3892 455

3492 3913 3582 3962 458

3492 3985 3579 4033 461

3493 4057 3584 4105 465

3492 4198 3584 4250 466

3495 4342 3584 4392 468

3494 4560 3587 4610 469

3493 4703 3586 4753 472

3491 4845 3587 4897 475

3495 4989 3587 5043 477

3499 5135 3589 5186 478

3498 5276 3591 5330 480

3497 5422 3591 5473 482

3500 5493 3591 5544 484
