4125 6225
568 353 687 415 248

571 483 911 550 dicendum
931 483 1103 565 quod
1118 531 1135 561 ,
1163 482 1217 546 si
1239 481 1361 546 hoc
1387 499 1521 545 non
1542 480 1737 563 possit
1757 480 1940 562 plene
1962 479 2104 562 capi

573 595 829 676 propter
863 590 1391 672 imaginationem
1417 591 1821 670 conjunctam
1843 637 1861 664 ,
1904 589 2109 669 potest

575 705 791 764 tamen
806 698 1159 764 necessaria
1182 696 1426 761 ratione
1443 695 1735 760 convinci
1759 714 1775 757 :
1800 698 1862 759 et
1882 696 1936 758 si
1962 694 2109 776 quis

575 827 615 871 a
642 807 1047 870 sensibilibus
1067 825 1135 870 se
1163 804 1372 869 trahat
1389 803 1468 867 ad
1496 801 1919 884 intelligibilia
1944 801 2110 885 aspi-

578 914 820 991 cienda,
842 915 1057 997 aliquo
1085 913 1274 977 modo
1292 913 1658 995 perciperet.
1689 909 1753 973 Si
1774 909 1945 973 enim
1964 909 2110 991 quis

575 1025 824 1105 quaerat
844 1068 859 1098 ,
890 1025 1111 1085 utrum
1141 1020 1413 1099 angelus
1438 1017 1636 1100 possit
1659 1018 1862 1082 facere
1898 1017 2109 1080 lutum

580 1128 800 1210 figuli,
831 1146 979 1192 cum
1006 1146 1137 1190 non
1165 1127 1392 1190 habeat
1407 1144 1659 1199 manua,
1681 1125 1785 1188 vel
1803 1124 2110 1206 projicere

578 1237 885 1318 lapidem,
929 1234 1434 1316 respondebitur,
1477 1233 1644 1315 quod
1674 1235 1907 1315 potest,
1958 1233 2113 1314 quia

578 1345 700 1408 hoc
734 1347 938 1426 potest
963 1342 1096 1406 sola
1130 1343 1370 1405 virtute
1396 1341 1525 1420 sui,
1560 1342 1798 1421 absque
1826 1357 2107 1421 organ0,

579 1452 747 1534 quod
780 1455 984 1532 potest
1008 1450 1226 1513 anima
1252 1467 1399 1512 cum
1439 1466 1699 1530 corpore
1740 1451 1801 1511 et
1823 1446 2113 1510 membro

586 1577 726 1622 suo.
758 1558 822 1622 Si
851 1559 1050 1638 igitur
1078 1557 1347 1638 angelus
1372 1561 1629 1638 propter
1655 1573 1837 1619 suam
1870 1555 2113 1637 simpli-

583 1667 834 1730 citatem
860 1669 922 1729 et
949 1665 1395 1746 perfectionem
1432 1666 1683 1727 tantum
1718 1663 1964 1727 excedit
1989 1664 2116 1725 ho-

583 1774 824 1836 minem
845 1822 862 1851 ,
892 1778 966 1836 ut
1007 1773 1207 1854 possit„
1223 1772 1428 1836 facere
1455 1772 1592 1834 sine
1631 1790 1875 1852 organo
1904 1771 2115 1835 medio

583 1881 774 1957 illud,
805 1881 885 1944 ad
913 1881 1084 1962 quod
1121 1881 1317 1943 homo
1345 1880 1696 1943 necessario
1736 1881 1987 1962 indiget
2009 1899 2116 1944 or-

585 2006 784 2068 gano;
830 1992 1037 2069 posset
1064 1987 1255 2051 etiam
1294 1988 1500 2051 facere
1538 2005 1651 2069 per
1679 2005 1882 2051 unum
1901 2035 1917 2064 ,
1948 1988 2119 2068 quod

587 2096 782 2159 homo
810 2099 1013 2178 potest
1033 2113 1145 2178 per
1169 2095 1395 2177 plura:
1423 2100 1664 2177 quanto
1692 2095 1901 2176 magis
1930 2095 2116 2169 Deua,

556 2225 559 2228 ·
587 2205 700 2287 qui
727 2204 911 2266 estin
939 2205 1068 2267 fine
1092 2206 1288 2267 totius
1331 2203 1744 2286 simplicitatis
1784 2207 1845 2266 et
1880 2203 2122 2284 perfec-

587 2312 776 2376 tionis
796 2359 815 2389 ,
851 2311 1089 2393 absque
1124 2311 1302 2375 omni
1341 2311 1552 2375 medio
1571 2359 1587 2388 ,
1615 2330 1750 2375 suae
1773 2310 2124 2378 voluntatis

590 2419 858 2502 imperio
881 2466 898 2494 ,
934 2435 1082 2500 quae
1110 2436 1240 2482 non
1268 2422 1363 2482 est
1387 2417 1560 2482 aliud
1590 2437 1783 2500 quam
1812 2418 1977 2502 ipse,
2006 2438 2121 2501 po-

590 2532 710 2591 test
740 2525 960 2589 omnia
982 2525 1333 2607 producere
1352 2572 1368 2601 ,
1396 2544 1470 2588 ac
1505 2544 1619 2608 per
1649 2526 1855 2589 hocin
1884 2528 2126 2609 produ-

592 2634 789 2699 cendo
812 2633 1229 2696 immutabilis
1263 2636 1665 2715 permaneret
1695 2633 1771 2698 Et
1798 2634 1887 2697 sic
1923 2637 2128 2717 potest

593 2741 787 2804 homo
814 2740 1161 2804 manuduci
1185 2741 1264 2805 ad
1289 2740 1413 2804 hoc
1452 2741 1962 2822 intelligendum.
1996 2741 2128 2806 Hoc

594 2851 812 2911 autem
838 2847 1175 2929 perfectius
1196 2848 1433 2929 capiet,
1469 2850 1522 2911 si
1552 2848 1696 2931 quis
1726 2850 1845 2912 ista
1874 2850 2003 2913 duo
2020 2869 2134 2933 po-

594 2958 715 3018 test
739 2955 808 3018 in
838 2974 955 3019 suo
981 2955 1205 3037 opifice
1230 2957 1662 3039 contemplari,
1692 2958 1931 3022 scilicet
1956 2959 2129 3041 quod

593 3068 687 3128 est
718 3063 1241 3146 perfectissimuS,
1286 3069 1347 3130 et
1387 3065 1931 3148 simplicissimus3
1979 3067 2133 3149 quia

596 3171 1084 3254 perfectissimus
1105 3220 1121 3249 ,
1146 3174 1362 3236 omnia
1384 3192 1531 3256 quae
1559 3178 1709 3237 sunt
1734 3176 2133 3257 perfectionis

597 3280 654 3342 ei
680 3279 1159 3359 attribuuntur;
1208 3282 1359 3362 quia
1404 3281 1906 3363 simplicissimus
1924 3331 1941 3360 ,
1985 3284 2132 3348 nu]-

597 3388 727 3450 lam
754 3387 1181 3452 diversitatem
1208 3389 1278 3451 in
1301 3406 1376 3451 eo
1405 3393 1656 3470 ponunt
1690 3409 1707 3453 ε
1753 3410 1827 3455 ac
1867 3410 1975 3470 per
2014 3393 2137 3456 hoc

600 3513 719 3558 nec
735 3500 985 3576 ponunt
1008 3497 1205 3559 ullam
1239 3496 1608 3559 varietatem
1624 3545 1641 3576 ,
1676 3515 1795 3562 nec
1820 3500 2135 3563 mutabili-

599 3604 794 3664 tatem
831 3619 845 3661 :
877 3601 1054 3665 ideo¹
1087 3625 1116 3663 α
1148 3602 1393 3666 stabilis
1446 3621 1709 3667 manens
1760 3604 1865 3669 dat
1912 3612 2139 3672 cuncta

601 3724 868 3770 moveri.
904 3729 933 3767 ο

1059 3856 1544 3928 ARTICULUS
1587 3861 1670 3928 II.

686 4030 1151 4113 Consequenter
1189 4036 1504 4116 quaeritur
1541 4035 1617 4100 de
1658 4037 1953 4120 principii.
1987 4038 2140 4102 uni-

607 4143 753 4204 tate.
802 4138 976 4203 Circa
1015 4140 1186 4222 quod
1233 4141 1361 4205 duo
1404 4147 1785 4223 quaeruntur
1817 4167 1830 4209 :
1891 4146 2100 4227 primo
2121 4194 2139 4225 ,

607 4252 827 4311 utrum
854 4266 956 4312 res
986 4248 1311 4330 productae
1338 4249 1464 4312 sint
1504 4250 1573 4312 in
1613 4270 1747 4315 esse
1787 4271 1824 4314 a
1851 4253 2145 4334 pluribus

606 4353 965 4437 principiis;
992 4356 1291 4432 secundO,
1318 4356 1463 4420 dato
1490 4357 1661 4439 quod
1688 4358 1770 4421 ab
1794 4378 1928 4447 uno
1955 4361 2143 4442 prin-

608 4461 794 4543 cipio,
825 4463 1138 4545 quaeritur
1164 4468 1388 4528 utrum
1414 4465 1567 4528 illud
1598 4467 1971 4547 produxerit
1998 4485 2144 4531 om-

609 4569 716 4633 nia
737 4588 776 4633 a
801 4570 1028 4652 seipso,
1055 4589 1139 4634 an
1160 4570 1477 4636 mediante
1503 4572 1649 4636 alio.

1156 4808 1513 4887 QUAESTIO
1558 4810 1608 4874 1.

612 4956 705 5012 An
722 4972 802 5013 res
818 4956 1094 5030 productoe
1111 4959 1223 5013 sint
1251 4960 1311 5013 in
1330 4972 1437 5014 esse
1464 4974 1499 5013 a
1514 4959 1769 5031 pluribus
1784 4961 2081 5033 principiis
2096 4967 2144 5017 ².

380 5114 449 5157 Aa
480 5127 582 5170 opp.
691 5101 872 5179 Quod
899 5121 938 5165 a
972 5103 1269 5184 pluribus
1297 5104 1629 5186 principiis
1657 5069 1784 5169 sint
1817 5107 2149 5189 productae

676 5264 693 5297 ¹
731 5264 896 5326 Boot„
942 5263 1002 5313 de
1035 5265 1393 5329 Consolatione,
1422 5264 1510 5315 lib.
1555 5266 1647 5331 lli,
1698 5273 1848 5319 metr.
1883 5273 1989 5321 9.-
2017 5271 2041 5305 ²
2066 5272 2148 5333 Cf.

614 5335 756 5387 Alex.
802 5335 998 5399 Alens„
1050 5351 1103 5401 p.
1144 5338 1218 5400 ΙΙ,
1281 5352 1332 5401 q.
1374 5350 1421 5400 1,
1452 5339 1642 5390 memb.
1689 5342 1749 5403 2,
1790 5346 1886 5392 art.
1932 5346 2039 5395 tet
2088 5346 2148 5405 23

1698 343 2319 411 SENTENTIARUM
2358 343 2508 408 LIB.
2552 341 2630 407 11.
2745 418 2753 426 α

2212 497 2336 559 res,
2363 479 2581 543 dicunt
2603 476 2965 556 Manichaei3
2999 477 3111 560 qui
3141 483 3391 561 ponunt
3411 479 3586 545 aliud
3607 497 3741 546 esse

2213 587 2598 670 principium
2643 586 3067 669 spiritualium
3114 591 3180 651 et
3221 587 3736 670 incorporalium,

2214 699 2348 764 sive
2397 698 2847 787 invisibilium,
2900 697 3075 761 aliud
3124 699 3630 781 corruptibilium
3680 703 3743 762 et

2215 806 2637 889 corporalium
2652 854 2669 882 ,
2714 805 2849 870 sive
2895 806 3242 870 visibilium
3273 828 3290 869 ι
3346 810 3411 870 et
3460 807 3743 889 primum

2219 918 2445 978 vocant
2468 912 2671 977 Deum
2695 912 2881 990 lucis3
2914 912 3263 976 secundum
3288 918 3518 979 vocant
3543 914 3741 979 Deum

2216 1021 2646 1084 tenebrarum.
2675 1019 2753 1084 Et
2776 1020 2946 1101 quod
2988 1019 3211 1102 positio
3237 1039 3461 1085 eorum
3488 1021 3568 1084 sit
3594 1040 3744 1086 vera

2217 1130 2282 1191 et
2324 1127 2627 1191 catholica
2641 1175 2662 1206 ,
2715 1126 2969 1192 videtur
3013 1145 3125 1209 per
3171 1146 3416 1190 sacram
3463 1128 3743 1211 Scriptu-

2217 1253 2358 1298 ram
2374 1236 2396 1270 ³
2418 1253 2434 1298 :
2460 1236 2740 1318 Regnum
2762 1251 2968 1299 meum
2989 1250 3120 1301 non
3141 1241 3236 1301 est
3253 1235 3331 1301 de
3351 1236 3464 1302 hoc
3481 1235 3734 1312 munde,

2218 1342 2372 1406 dicit
2411 1343 2544 1425 ipse
2585 1341 2719 1405 Rex
2761 1343 3016 1423 gloriae,
3046 1348 3108 1406 et
3143 1343 3307 1407 Deus
3350 1343 3543 1406 lucis:
3594 1361 3746 1422 ergo

2219 1451 2502 1514 mundus
2555 1450 2672 1513 iste
2718 1449 2981 1512 visibilis
3025 1451 3104 1512 ad
3154 1450 3355 1514 Deum
3401 1449 3560 1513 lucis
3620 1468 3748 1513 non

2220 1559 2491 1637 spectat:
2519 1574 2651 1620 non
2670 1575 2826 1637 ergo
2854 1560 2948 1620 est
2973 1557 3264 1621 conditus
3288 1557 3369 1621 ab
3392 1575 3490 1620 eo.

2301 1672 2362 1731 2.
2395 1667 2638 1732 Item‘:
2681 1668 2872 1735 Venit
2910 1670 3208 1751 princeps
3255 1668 3489 1734 mundi
3533 1668 3745 1749 huius.

2224 1775 2466 1840 Rursus
2490 1776 2762 1841 Joannes
2786 1780 2970 1841 vocat
2988 1782 3009 1816 ⁸
3036 1776 3359 1840 diabolum
3397 1778 3752 1858 principem

2223 1883 2416 1966 hiq’us
2441 1884 2674 1949 mundi
2684 1907 2711 1948 .·
2750 1889 2813 1948 et
2837 1885 2940 1948 ille
2969 1884 3131 1947 Deus
3169 1888 3265 1948 est
3301 1886 3746 1949 tenebrarum:

2225 2007 2382 2070 ergo
2409 1989 2683 2069 videtur,
2712 1995 2831 2054 etc.
3091 2054 3102 2068 ,

2307 2101 2367 2160 3.
2413 2097 2571 2161 Item
2594 2098 2933 2179 Apostolus
2955 2101 3140 2161 vocat
3159 2104 3181 2138 ⁸
3210 2096 3533 2161 diabolum
3564 2098 3756 2162 Deum

2228 2204 2425 2284 hujus
2456 2204 2676 2270 soeculi
2697 2227 2718 2266 .·
2754 2206 2864 2269 sed
2901 2223 3032 2270 non
3071 2209 3351 2268 meretur
3387 2205 3613 2286 aliquis
3639 2205 3754 2267 dici

2229 2312 2393 2376 Deus
2429 2313 2728 2395 aliquus,
2769 2313 2893 2376 nisi
2933 2315 3073 2395 ejus
3101 2312 3273 2394 quod
3307 2312 3622 2376 condidit:
3654 2330 3750 2374 er-

2229 2440 2338 2503 g0‚
2373 2425 2491 2486 etc.
2528 2420 2705 2484 Alias
2738 2421 3046 2503 plurimas
3074 2419 3325 2483 adducit
3361 2419 3757 2483 auctoritates

2230 2530 2308 2593 de
2349 2526 2713 2610 Scriptura3
2754 2528 2861 2592 sed
2901 2528 3004 2591 his
3036 2527 3279 2607 solutis,
3321 2529 3660 2592 solvuntur
3699 2531 3761 2590 et

2232 2636 2395 2700 aliae.

2313 2748 2373 2806 4.
2418 2742 2577 2807 Item
2618 2742 2968 2806 rationibus
3013 2740 3284 2823 probant
3322 2742 3601 2822 idipsum
3644 2740 3763 2804 hoc

2234 2851 2462 2916 modo:
2495 2851 2939 2934 Oppositorum
2972 2850 3278 2933 oppositas
3305 2855 3455 2913 sunt
3479 2850 3727 2914 causae⁷
3743 2873 3759 2926 ;

2236 2960 2346 3023 sed
2385 2958 2734 3041 spiritualia
2752 3007 2767 3034 ,
2820 2963 2883 3021 et
2921 2957 3269 3040 corporalia
3304 2957 3541 3020 habent
3576 2975 3767 3038 repu-

2236 3065 2608 3148 gnantiam;
2661 3066 2831 3129 unde
2890 3065 3122 3129 dicitur
3160 3066 3182 3100 ⁸
3223 3087 3238 3130 :
3316 3063 3509 3131 Video
3571 3063 3769 3129 aliam

2240 3180 2430 3261 leqem
2477 3180 2551 3244 in
2605 3178 2901 3243 membris
2944 3180 3100 3243 meis
3149 3182 3608 3259 repuqnantem
3653 3177 3771 3259 leyi

2241 3288 2468 3352 mentis
2523 3301 2699 3350 meoe.
2734 3321 2813 3330 —
2847 3284 3006 3350 Caro
3040 3285 3432 3366 concupiscit
3470 3283 3772 3350 adversus

2239 3396 2575 3476 spiritum,
2607 3396 2724 3456 etc.

2324 3507 2383 3565 5.
2403 3502 2590 3580 Item,
2627 3504 2690 3565 et
2717 3498 2970 3563 Novum
2994 3504 3059 3563 et
3076 3499 3271 3563 Vetus
3303 3498 3776 3564 Testamentum

2244 3606 2694 3683 adversantur,
2725 3604 2886 3667 sicut
2920 3608 3090 3685 patet
3129 3604 3198 3666 in
3228 3603 3596 3679 Matchoeo⁹‚
3629 3602 3778 3685 quia

2245 3714 2336 3778 ibi
2367 3712 2826 3795 praecipiuntur
2852 3711 3083 3774 directe
3110 3711 3454 3788 contraria,
3483 3710 3645 3773 sicut
3662 3712 3778 3791 ju-

2248 3838 2390 3884 rare
2417 3824 2479 3884 et
2506 3836 2634 3882 non
2652 3820 2896 3900 jurare,
2926 3818 3206 3882 occidere
3224 3821 3287 3880 et
3313 3836 3444 3881 non
3464 3817 3775 3881 occidere:

2249 3945 2405 4008 ergo
2438 3925 2867 3990 necessarium
2901 3929 2994 3988 est
3036 3942 3275 4007 ponere
3309 3925 3436 3988 duo
3473 3923 3783 4006 principia

2249 4034 2492 4117 prima,
2534 4051 2743 4097 unum
2776 4032 3230 4114 corporalium,
3272 4030 3446 4095 aliud
3481 4032 3784 4112 spiritua·

2251 4142 2445 4218 lium·,
2476 4158 2683 4204 unum
2712 4138 2977 4216 VeteriS,
3008 4138 3180 4202 aliud
3209 4137 3395 4201 Novi.

2331 4251 2390 4311 6.
2437 4246 2632 4311 Item:
2661 4246 2835 4311 Idem
2863 4246 3153 4309 similiter
3177 4262 3244 4308 se
3271 4244 3512 4308 habens
3539 4261 3786 4326 semper

2251 4360 2478 4419 natum
2523 4359 2616 4418 est
2662 4354 2867 4417 facere
2900 4352 3068 4417 idem
3088 4353 3176 4415 ¹⁰:
3234 4370 3391 4433 ergo
3432 4369 3583 4415 cum
3622 4349 3788 4413 Deus

2254 4449 2462 4526 bonus
2506 4461 2907 4525 uniformiter
2958 4480 3026 4524 se
3078 4461 3308 4524 habeat
3321 4508 3337 4535 ,
3386 4465 3449 4524 et
3501 4458 3788 4523 similiter

2255 4587 2503 4652 semper
2528 4568 2674 4632 facit
2698 4568 2903 4632 idem:
2943 4586 3102 4649 ergo
3128 4586 3279 4632 cum
3308 4567 3391 4630 sit
3414 4585 3607 4630 causa
3635 4583 3788 4630 con-

2256 4767 2311 4816 S.
2334 4764 2540 4827 Thom.‚
2568 4778 2619 4827 p.
2640 4765 2681 4827 1,
2705 4778 2756 4827 q.
2779 4775 2920 4826 xmv,
2947 4767 3043 4813 art.
3067 4768 3088 4813 1
3118 4766 3172 4813 et
3190 4766 3255 4826 25
3285 4765 3337 4812 et
3362 4762 3405 4810 ll
3430 4762 3590 4826 Seni„
3608 4761 3729 4812 dist.
3747 4773 3788 4827 1,

2257 4852 2307 4901 q.
2334 4848 2386 4900 1,
2413 4839 2507 4886 art.
2538 4840 2556 4885 ¹
2581 4849 2596 4898 3
2627 4835 2858 4899 AEgidius
2885 4838 3056 4898 Rom„
3087 4836 3105 4883 l
3144 4836 3302 4892 Sent„
3337 4833 3456 4885 dist.
3484 4845 3555 4897 11,
3585 4848 3637 4897 q.
3663 4845 3710 4896 13
3741 4835 3792 4883 et

2261 4910 2299 4958 ll
2329 4909 2488 4969 sent„
2516 4906 2634 4957 dist.
2655 4919 2691 4970 1,
2721 4921 2772 4971 q.
2793 4918 2856 4970 11,
2884 4912 2979 4957 art.
3005 4910 3063 4969 3;
3091 4904 3346 4967 Richard.‚
3379 4906 3416 4954 ll
3443 4905 3600 4967 Seni„
3630 4904 3788 4967 ert.4‚

2257 4996 2309 5045 q.
2328 4992 2379 5042 13
2407 4979 2591 5030 Thom.
2615 4982 2759 5045 Arg„
2797 4981 2839 5029 ll
2866 4979 3024 5040 Sent„
3055 4978 3172 5028 dist.
3195 4988 3245 5039 1,
3273 4990 3325 5040 q.
3347 4989 3397 5040 1,
3433 4980 3527 5026 art.
3550 4980 3607 5040 13
3637 4977 3789 5025 Gabr.

2259 5052 2394 5109 Biel,
2425 5052 2466 5100 ll
2497 5050 2656 5115 sent„
2680 5052 2796 5102 dist.
2818 5064 2857 5114 1,
2886 5065 2936 5116 q.
2957 5063 3018 5112 ιι,
3046 5053 3141 5099 art.
3168 5053 3214 5099 2.
3237 5076 3298 5085 —
3316 5048 3337 5082 ⁸
3353 5050 3516 5109 loon„
3535 5059 3687 5111 xvin,
3710 5049 3787 5097 36.

2258 5152 2321 5163 -
2337 5124 2538 5184 Noun„
2558 5135 2665 5187 xw,
2687 5124 2873 5174 30.-⁸
2891 5124 3051 5185 loun„
3076 5134 3174 5181 111,
3191 5123 3270 5171 31.
3288 5147 3351 5158 -
3372 5121 3394 5155 ⁸
3418 5122 3456 5171 ΙΙ
3484 5121 3621 5183 σωκ,
3641 5130 3711 5182 1v,
3730 5120 3786 5181 43

2259 5196 2462 5260 Ephes„
2493 5207 2563 5258 11,
2585 5200 2633 5245 2.
2651 5222 2711 5231 -
2727 5197 2750 5231 '¹
2780 5195 2954 5258 Arist„
2981 5193 3259 5259 MetaphyS.
3287 5192 3375 5243 lib.
3401 5193 3477 5255 V,
3504 5196 3642 5242 cont.
3663 5194 3711 5241 2.
3730 5215 3790 5226 -

2259 5268 2281 5302 ⁸
2301 5269 2457 5331 Rom„
2487 5279 2595 5330 v11,
2623 5270 2713 5331 233
2748 5268 2940 5330 Galat„
2968 5278 3029 5330 v,
3058 5268 3134 5316 17.
3155 5264 3476 5328 —0Matth„
3505 5275 3557 5328 V,
3580 5266 3671 5324 21,
3698 5263 3785 5323 22,

2262 5342 2348 5404 33,
2383 5340 2463 5388 34.
2490 5364 2550 5377 -
2579 5341 2623 5378 ¹⁰
2645 5339 2819 5403 Arist„
2863 5338 2924 5387 de
2965 5339 3218 5401 Gener-at„
3256 5337 3346 5389 lib.
3377 5338 3417 5400 I,
3458 5338 3594 5387 cont.
3626 5335 3701 5387 13.
