4125 6225
414 4790 478 4835 De
516 4803 623 4847 ope·

409 4868 458 4899 re
473 4854 625 4911 primu

463 4918 567 4969 diei,

461 4981 568 5035 quid

454 5041 544 5085 Lux
565 5057 576 5084 ε

410 5103 485 5147 nbi
493 5103 623 5146 fuerit

410 5164 536 5218 tacu,
579 5171 624 5208 et

473 5239 561 5281 quo

453 5294 582 5344 poeto

456 5349 576 5393 Deus

458 5410 581 5453 dixit.

1202 811 1656 881 CONCLUSIO.

664 984 903 1041 Materia
950 986 1139 1058 prima
1207 989 1321 1056 mit
1375 994 1555 1044 creata
1617 991 1680 1045 in
1735 989 1881 1061 loeo,
1931 989 2202 1061 lemque

731 1074 1006 1146 replebat,·
1037 1079 1089 1131 et
1123 1091 1241 1133 cum
1276 1077 1494 1134 haberet
1527 1081 1856 1149 qrossitiem,
1898 1082 1950 1135 et
1982 1079 2205 1137 subtili-

737 1168 933 1234 tatem,
960 1180 1168 1223 sursum
1195 1170 1249 1222 et
1273 1166 1512 1234 deorswn
1532 1169 1821 1240 semiplene
1846 1168 2102 1225 habebat.

740 1345 927 1429 Resp.
989 1349 1068 1413 ad
1108 1348 1385 1432 Argum.
1438 1348 1788 1416 Dicendum
1821 1350 1997 1433 quod
2047 1370 2202 1416 cum

660 1455 926 1519 materia
950 1455 1060 1520 illa
1076 1461 1238 1521 esset
1256 1455 1455 1520 moles
1474 1456 1717 1521 habens
1737 1458 2196 1539 extensionem,

659 1565 723 1624 et
750 1559 986 1625 eoelum
1005 1579 1385 1645 empyreum
1401 1562 1667 1628 haberet
1690 1563 1999 1645 ambienS,
2025 1564 2199 1648 quod

660 1666 794 1748 ipsa
823 1667 895 1730 in
938 1667 1077 1733 loco
1133 1659 1304 1747 erat3
1343 1673 1406 1733 et
1442 1687 1590 1733 cum
1637 1674 1800 1734 esset
1846 1671 2203 1737 substantia

657 1772 1049 1856 corpulenta,
1080 1775 1295 1840 locum
1315 1775 1618 1857 replebat.
1642 1774 1886 1841 Rursus
1908 1826 1925 1854 ‚
1956 1796 2108 1843 cum
2130 1780 2199 1843 in

657 1880 944 1962 partibus
1004 1881 1468 1947 distinctionem
1534 1884 1881 1965 quamdam
1938 1886 2203 1952 haberet

658 1989 1012 2054 secundum
1065 1991 1479 2056 subtilitatem
1525 1996 1591 2056 et
1636 1993 1993 2074 grossitiem
2013 2043 2031 2071 ,
2088 1997 2200 2061 sed

657 2095 1094 2180 semiplenam,
1135 2099 1224 2163 sic
1262 2099 1457 2164 etiam
1491 2100 1825 2182 positionis
1853 2101 2197 2167 secundum

657 2219 918 2267 sursum
947 2207 1012 2268 et
1036 2204 1363 2283 deorsum,
1383 2207 1666 2289 quodam
1690 2207 1903 2288 modo,
1932 2209 2042 2274 sed
2067 2208 2196 2273 im-

656 2311 926 2393 perfecte
964 2312 1240 2379 habebat
1273 2334 1289 2378 t
1319 2317 1385 2378 et
1407 2314 1550 2380 ideo
1583 2315 1999 2380 concedendae
2048 2320 2202 2382 sunt

657 2418 933 2483 rationes
957 2439 1107 2504 quae
1125 2423 1207 2488 ad
1232 2422 1417 2488 istam
1441 2427 1688 2507 partem
1714 2423 1992 2489 inductae
2018 2430 2195 2492 sunt.

736 2530 768 2589 1
781 2571 798 2589 .
827 2527 925 2591 Ad
947 2526 1106 2595 illud
1135 2547 1295 2612 ergo
1325 2532 1498 2616 quod
1524 2531 1822 2616 objicitur
1843 2532 1915 2598 in
1939 2517 2199 2600 contr’a-

656 2633 854 2714 rium,
884 2636 1054 2718 quod
1078 2638 1243 2703 nihil
1277 2642 1373 2704 est
1403 2639 1473 2704 in
1517 2640 1656 2705 loco
1694 2640 1819 2704 nisi
1858 2659 1976 2705 ens
2019 2660 2202 2706 com-

652 2740 898 2823 pletum
916 2762 934 2822 ;
955 2743 1294 2810 dicendum
1309 2745 1482 2829 quod
1498 2750 1592 2810 est
1609 2747 1865 2825 falsum,
1888 2748 1946 2810 si
1963 2748 2200 2813 intelli-

651 2853 845 2930 gatur
857 2849 936 2915 de
962 2853 1381 2937 completione
1396 2855 1675 2937 perfecta
1695 2875 1714 2919 :¹
1734 2853 2004 2937 emhryo
2021 2855 2199 2919 enim

651 2954 721 3018 in
744 2954 883 3021 loco
909 2960 1025 3036 est,
1055 2961 1350 3041 quamvis
1393 2959 1476 3024 sit
1512 2959 1670 3043 quid
1705 2960 2193 3044 incompletum.

651 3058 782 3127 Nec
806 3063 975 3129 valet
995 3064 1104 3130 illa
1134 3065 1426 3132 deductio
1459 3088 1474 3132 ε
1506 3070 1724 3150 peccat
1749 3067 1925 3132 enim
1951 3067 2022 3133 in
2043 3067 2190 3148 hoc,

650 3170 824 3253 quod
849 3172 997 3237 dicit
1022 3175 1191 3256 quod
1216 3193 1430 3254 omne,
1454 3174 1627 3258 quod
1655 3180 1750 3238 est
1773 3175 1896 3240 hoc
1923 3177 2192 3260 aliquid,

652 3281 747 3341 est
773 3279 1159 3363 completum
1193 3303 1209 3345 t
1239 3281 1362 3345 hoc
1389 3282 1567 3345 enim
1604 3282 1841 3346 falsum
1865 3286 1962 3346 est
1990 3306 2005 3347 ε
2039 3302 2195 3348 nam

651 3384 862 3466 ipsum
903 3386 1312 3453 individuum
1330 3436 1349 3469 ,
1406 3392 1471 3452 et
1520 3389 1727 3452 forma
1779 3388 2195 3457 individualis

650 3490 843 3556 habet
863 3511 999 3558 esse
1022 3494 1431 3580 completum,
1453 3499 1517 3560 et
1534 3496 1751 3560 minus
1776 3498 2187 3579 completum.

731 3602 792 3662 2.
823 3599 925 3665 Ad
960 3601 1121 3665 illud
1145 3603 1319 3686 quod
1351 3602 1687 3687 objicitur,
1723 3604 1898 3686 quod
1938 3622 2074 3669 non
2098 3623 2197 3670 re-

649 3706 862 3789 plebat
888 3708 1123 3790 locum,
1150 3711 1304 3794 quia
1328 3714 1465 3776 erat
1492 3711 1702 3775 inanis
1726 3716 1791 3777 et
1820 3730 2060 3793 vacua3
2092 3713 2195 3778 di-

651 3815 927 3881 cendum
946 3818 1122 3900 quod
1144 3819 1431 3885 vacuitas
1457 3818 1606 3896 loci,
1639 3822 1705 3884 et
1730 3821 2014 3886 vacuitas
2042 3840 2193 3885 ma-

650 3921 829 3987 teriae
859 3928 954 3989 est
980 3926 1308 4010 aequivoce
1328 3928 1516 3995 dicta.
1545 3928 1841 3995 vacuitas
1864 3930 2040 3994 enim
2066 3928 2193 3994 loci

1788 566 2409 635 SENTENTIARUM
2446 563 2604 634 LIB.
2643 567 2724 633 ΙΙ.
2810 561 2819 566 ’

2313 705 2411 767 est
2448 719 2564 786 per
2599 701 3028 785 privationem
3057 704 3341 786 eorporis
3376 705 3697 784 eontenti;
3742 705 3852 771 sed

2311 810 2599 876 vacuitas
2620 809 2905 874 materiae
2931 812 3028 874 est
3044 827 3158 893 per
3173 810 3602 893 privationem
3626 813 3851 880 l'ormae

2312 921 2377 982 et
2408 916 2881 1000 complementi.
2909 917 3385 983 Attendendum
3408 923 3649 999 tamen,
3682 923 3852 1005 quod

2311 1026 2476 1090 sicut
2506 1025 2687 1091 locus
2733 1026 3071 1110 dupliciter
3112 1025 3345 1091 dicitur
3379 1044 3631 1093 vacuus
3673 1049 3690 1094 ε
3742 1034 3856 1096 aut

2312 1134 2589 1217 proprie,
2616 1137 2691 1197 ut
2721 1150 2839 1216 per
2875 1132 3302 1215 privationem
3344 1135 3630 1216 eorporis
3670 1136 3853 1201 solidi

2313 1244 2376 1304 et
2400 1238 2736 1316 sensibilis,
2759 1239 2923 1304 sicut
2947 1238 3181 1303 dicitur
3196 1257 3344 1304 arca
3361 1258 3569 1306 vacua
3596 1247 3855 1326 propter

2310 1347 2665 1411 absentiam
2688 1346 2894 1430 panis,
2924 1350 2990 1411 et
3013 1345 3257 1412 dolium
3288 1366 3573 1413 vacuum
3595 1354 3852 1434 propter

2310 1456 2664 1521 absentiam
2688 1455 2827 1521 vini
2848 1476 2866 1534 ;
2904 1455 2995 1519 sic
3018 1454 3212 1520 etiam
3241 1456 3735 1539 intelligendum
3762 1461 3855 1524 est

2308 1563 2380 1627 in
2397 1563 2715 1628 vacuitate
2738 1562 3046 1639 materiae,
3068 1562 3240 1645 quod
3259 1562 3490 1628 dicitur
3514 1564 3852 1647 dupliciter

2310 1688 2518 1735 vacua
2545 1691 2563 1734 t
2584 1673 2698 1735 aut
2714 1670 2869 1753 quia
2885 1686 3015 1734 non
3032 1668 3226 1733 habet
3249 1668 3531 1752 aliquam
3548 1670 3847 1748 formam,

2308 1780 2374 1842 et
2398 1777 2490 1842 sic
2504 1794 2841 1859 nunquam
2866 1776 2987 1841 fuit
3005 1793 3238 1853 vacua3
3269 1778 3382 1839 aut
3405 1776 3560 1859 quia
3580 1793 3714 1841 non
3735 1776 3847 1841 ha·

2310 1884 2454 1949 buit
2476 1884 2748 1949 formam
2773 1883 3137 1949 omnimode
3162 1883 3574 1967 perfectivam
3609 1906 3625 1948 ε
3674 1883 3850 1949 etsie

2307 1990 2606 2075 quamvis
2631 1995 2795 2055 esset
2821 2008 3030 2055 vacua
3046 2039 3066 2070 ,
3093 1992 3314 2054 tamen
3352 1990 3571 2054 locum
3604 1993 3851 2072 poterat

2307 2098 2572 2181 replere,
2600 2098 2754 2181 quia
2779 2102 2914 2163 erat
2940 2102 3203 2163 extensa
3230 2101 3296 2161 et
3324 2115 3648 2179 corporea.

2389 2209 2450 2285 3,
2481 2210 2543 2270 4.
2591 2205 2690 2271 Ad
2734 2204 2895 2270 illud
2921 2204 3094 2287 quod
3136 2205 3475 2287 objicitur,
3505 2204 3683 2288 quod
3718 2221 3845 2269 non

2308 2312 2580 2378 habebat
2617 2329 2877 2377 sursum
2914 2315 2980 2377 et
3027 2312 3327 2377 deorsum
3345 2360 3364 2391 ,
3402 2311 3558 2394 quia
3596 2311 3843 2377 carebat

2308 2420 2552 2499 ordine,
2572 2423 2636 2487 et
2654 2419 3076 2499 distinctione,
3095 2422 3161 2484 et
3177 2419 3546 2483 elementari
3565 2418 3842 2503 proprie-

2306 2532 2465 2609 tate3
2496 2529 2577 2594 ad
2606 2529 2746 2592 illas
2769 2528 2930 2593 duas
2964 2527 3243 2591 rationes
3268 2526 3465 2592 simul
3502 2527 3839 2592 dicendum

2307 2641 2425 2713 est,
2449 2636 2623 2719 quod
2647 2635 2812 2700 sicut
2838 2635 2948 2700 illa
2970 2635 3094 2699 tria
3126 2633 3449 2717 propomta
3481 2651 3614 2698 non
3639 2632 3839 2698 habe-

2306 2744 2435 2824 bat,
2464 2744 2591 2808 nisi
2611 2743 2973 2828 imperfecte
2989 2747 3054 2808 et
3070 2741 3437 2825 semiplene,
3457 2742 3705 2808 ratione
3728 2761 3840 2808 cu-

2298 2852 2560 2935 jusdam
2587 2849 3046 2928 inclinationis,
3076 2852 3141 2914 et
3166 2848 3537 2931 longinquae
3570 2848 3837 2932 disposi-

2305 2959 2517 3039 tionis,
2547 2959 2638 3023 sic
2658 2963 2723 3025 et
2739 2976 3000 3024 sursum
3017 2962 3081 3022 et
3105 2957 3405 3023 deorsum
3426 2975 3560 3020 non
3576 2956 3841 3023 habebat

2305 3068 2585 3152 proprie,
2612 3067 2886 3133 habebat
2911 3071 3128 3131 tamen
3150 3065 3430 3149 quodam
3456 3066 3650 3131 modo
3667 3115 3687 3146 ,
3717 3065 3838 3131 sci-

2305 3176 2452 3241 licet
2476 3175 2855 3259 incomplete
2873 3223 2892 3253 ,
2926 3177 2991 3238 et
3016 3176 3273 3256 propter
3300 3172 3610 3254 quasdam
3633 3172 3841 3256 dispo-

2304 3283 2564 3348 sitiones
2590 3302 2751 3365 quas
2777 3281 3052 3365 habebat
3072 3280 3154 3345 ad
3173 3298 3375 3362 grave
3400 3282 3464 3344 et
3486 3280 3653 3346 leve.
3684 3279 3842 3345 Dicit

2304 3392 2477 3456 enim
2515 3390 2820 3474 Magister
2848 3389 3155 3455 leviorem
3188 3389 3384 3453 fuisse
3424 3388 3498 3452 in
3530 3388 3840 3472 superiori

2305 3501 2483 3583 parte
2502 3546 2520 3577 ‚
2549 3504 2614 3564 et
2637 3498 3004 3580 graviorem
3045 3496 3116 3561 in
3142 3496 3461 3576 inferiori,
3500 3514 3633 3561 non
3672 3495 3839 3580 quod

2303 3606 2456 3670 istas
2497 3605 2910 3690 proprietates
2948 3604 3218 3688 perfecte
3257 3603 3665 3687 participaret
3735 3601 3839 3668 sed

2302 3713 2372 3777 in
2412 3712 2691 3796 quadam
2718 3713 3074 3796 longinqua
3101 3716 3167 3777 et
3192 3710 3591 3795 praeamhula
3632 3710 3843 3794 dispo-

2301 3821 2529 3885 sitione
2542 3866 2560 3895 ,
2594 3820 2756 3885 sicut
2793 3838 2989 3904 supra
3032 3824 3362 3885 ostensum
3384 3822 3483 3885 est
3524 3834 3839 3903 expresse,

2301 3929 2440 3996 sive
2470 3945 2554 3994 ex
2579 3932 2784 4011 parte.

1651 4250 2499 4348 DISTINCTIO
2578 4248 2842 4345 XIII

650 4474 728 4519 ΒΕ
763 4473 1179 4524 PRODUCTIONE
1222 4479 1553 4525 emtarum:
1596 4480 1968 4528 coltPORAms
2010 4481 2310 4536 QUANTUM
2353 4480 2435 4526 An
2481 4478 2828 4525 PRINCIPIUM
2872 4475 3184 4540 Pomm,
3213 4476 3531 4524 amum
3578 4476 3843 4526 mmmm

915 4579 1280 4629 conpomssus
1296 4612 1314 4647 ,
1361 4583 1525 4639 QUOD
1570 4585 1682 4631 EST
1725 4587 1763 4631 1¹·
1764 4585 1931 4632 om
1983 4584 2179 4632 mels·
2237 4585 2315 4631 ΕΤ
2358 4584 2601 4631 DICITUR
2644 4582 2778 4628 ΠΕΟ
2825 4580 3160 4628 Pnonucrlo
3206 4580 3569 4628 msrmcrlo.

737 4754 963 4824 Prima
1000 4764 1222 4826 autem
1251 4757 1686 4829 distinctionis
1720 4760 2012 4853 operatio
2047 4759 2178 4829 fuit
2219 4759 2525 4828 formatio
2560 4758 2725 4828 lucis
2747 4809 2767 4843 ,
2809 4756 2979 4826 sicut
3015 4755 3299 4826 ostendit
3345 4756 3673 4849 scriptura
3708 4758 3837 4829 Ge-

649 4871 824 4940 nesis
843 4922 862 4957 ,
894 4894 1043 4962 quae
1066 4883 1577 4943 commemorata
1596 4898 1819 4944 rerum
1846 4877 2273 4965 informitate,
2296 4898 2526 4945 earum
2555 4873 3049 4966 dispositionem
3068 4896 3109 4942 a
3133 4873 3283 4943 luce
3304 4872 3662 4961 inchoavit,
3685 4873 3841 4943 sub-

650 4987 810 5057 dens
835 4993 856 5029 ¹
895 5013 912 5057 ε
947 4990 1141 5059 Diaeit
1175 4993 1351 5061 Deus
1375 5018 1400 5060 .-
1427 4995 1590 5063 Fiat
1615 4996 1732 5061 lux
1761 5019 1783 5060 .-
1816 5005 1882 5063 εἰ
1919 4993 2150 5063 divisit
2175 4995 2388 5064 lucem
2415 5016 2459 5060 a
2489 4991 2770 5061 tenebris
2788 5044 2808 5073 ,
2849 4990 3335 5083 appellavitque
3371 4990 3584 5058 lucem
3610 4989 3830 5073 diem,

650 5115 712 5177 et
753 5105 1051 5176 tenebras
1087 5120 1370 5178 noctem.
1403 5112 1502 5179 Et
1518 5113 1786 5203 factum
1829 5123 1926 5180 est
1950 5134 2208 5204 vespere
2244 5122 2311 5180 et
2343 5131 2545 5178 mane
2569 5108 2709 5177 dies
2732 5130 2929 5177 unus.
2967 5107 3275 5197 Congrue
3300 5106 3538 5176 mundi
3563 5115 3837 5177 ornatus

648 5242 690 5288 a
716 5221 864 5290 luce
890 5224 1117 5316 coepit,
1155 5226 1327 5296 unde
1353 5235 1582 5298 caetera
1609 5249 1758 5320 quae
1787 5228 2068 5297 creanda
2093 5235 2319 5314 erant,
2348 5225 2765 5297 viderentur.

737 5335 813 5405 Si
837 5340 1158 5430 quaeritur
1175 5393 1196 5429 ,
1225 5342 1444 5434 qualis
1466 5344 1584 5415 illa
1605 5345 1729 5414 lux
1758 5343 1959 5415 fuerit
1974 5395 1997 5432 ,
2033 5343 2393 5436 corporalis
2416 5342 2661 5413 scilicet
2690 5363 2779 5411 an
2803 5339 3203 5433 spiritualis,
3234 5337 3306 5410 id
3332 5337 3826 5430 respondemus,

717 5548 737 5582 ¹
766 5548 913 5613 Gen..
936 5563 994 5616 1,
1022 5555 1135 5605 8-5.
