4125 6225
1298 493 1672 586 msrmcr.
1721 495 1770 559 1.
1815 488 2017 560 PARS
2064 495 2138 559 11.

170 652 307 715 ergo
334 635 571 698 bonum
609 633 760 696 dicit
784 634 1094 697 rationem
1120 633 1388 715 duplicis
1424 649 1631 697 causae
1653 680 1672 712 ,

169 741 378 805 scilicet
409 740 734 804 efficientis
763 743 825 803 et
857 740 1037 817 flniS,
1063 739 1216 804 hinc
1240 739 1531 821 estquod
1561 738 1673 802 bo-

168 866 309 911 num
331 850 422 911 est
445 846 605 909 ratio
632 865 830 928 quare
854 846 1149 911 voluntas
1176 850 1270 910 est
1308 847 1375 909 in
1403 850 1549 909 actu
1565 895 1583 925 ,
1614 850 1677 911 et

165 954 243 1018 ita
274 953 593 1035 potissima
631 955 793 1016 ratio
827 953 1260 1034 productionis
1304 952 1671 1017 effectuum.

165 1059 233 1123 Et
267 1060 400 1123 ideo
442 1077 575 1124 esse
618 1064 914 1123 nostrum
956 1060 1323 1124 attribuitur
1365 1060 1632 1123 bonitati
1656 1102 1691 1138 ,-

164 1185 281 1229 non
310 1184 416 1248 per
441 1167 704 1231 modum
738 1166 1252 1250 repraesentandi,
1294 1167 1397 1232 vel
1441 1186 1678 1249 appro-

163 1274 469 1355 priationis
494 1274 565 1337 111
592 1274 1101 1356 repraesentando
1124 1323 1142 1353 ,
1174 1274 1283 1339 sed
1322 1274 1585 1339 rationis
1608 1272 1680 1337 in

163 1379 479 1444 causando.
508 1379 685 1445 Unde
714 1382 921 1463 prima
948 1384 1397 1464 consequentia
1415 1381 1682 1445 includit

162 1485 312 1549 banc
328 1534 345 1562 ,
371 1486 603 1551 scilicet
634 1510 649 1551 ε
679 1488 841 1564 Quia
867 1489 1075 1552 bonus
1103 1493 1198 1552 est
1219 1489 1383 1552 Deus
1400 1536 1420 1568 ,
1448 1488 1591 1551 vult
1617 1505 1683 1550 se

162 1591 498 1657 diffundere
532 1613 548 1656 z
577 1597 640 1658 et
671 1595 823 1676 quia
862 1595 1005 1659 vult
1031 1614 1098 1659 se
1125 1595 1476 1660 diffundere
1492 1641 1510 1672 ,
1543 1594 1687 1661 vult

161 1705 500 1764 creaturam
531 1701 882 1783 producere
925 1725 940 1765 ε
981 1706 1045 1766 et
1075 1703 1230 1785 quia
1256 1703 1399 1766 vult
1428 1704 1684 1766 creatu-

162 1823 289 1869 ram
313 1808 658 1888 producere
673 1857 691 1888 ,
720 1810 862 1873 vult
895 1813 1255 1875 creaturam
1280 1824 1415 1873 esse
1448 1830 1463 1873 ε
1508 1809 1685 1874 etita

162 1913 303 1994 quia
327 1914 534 1980 bonus
557 1921 671 1996 est,
699 1932 945 1981 sumus.

798 2104 936 2150 DUB.
976 2104 1046 2149 11.

457 2222 517 2271 ln
538 2222 784 2285 quantum
809 2234 1011 2285 sumus,
1037 2219 1163 2271 boni
1181 2233 1373 2271 sumus.

231 2344 396 2426 Ergo
423 2345 682 2410 videtur
707 2346 877 2428 quod
903 2362 1020 2409 nos
1046 2346 1199 2410 boni
1224 2346 1425 2410 simus
1449 2362 1565 2428 per
1591 2363 1680 2410 es·-

152 2452 412 2516 sentiam
451 2476 467 2517 ε
500 2454 673 2537 quod
697 2458 792 2517 est
830 2457 1051 2517 contra
1094 2451 1382 2517 Boetium
1414 2453 1483 2515 in
1520 2453 1684 2517 libro

154 2558 226 2623 de
253 2560 768 2628 Hebdomadibus
794 2563 851 2640 ¹,
889 2561 1004 2643 qui
1045 2558 1201 2625 dicit
1240 2560 1412 2643 quod
1460 2574 1685 2624 sumus

152 2664 292 2731 boni
318 2668 824 2750 participatione.

224 2772 376 2838 Item
412 2798 430 2839 ε
458 2776 519 2838 si
549 2776 619 2838 in
647 2779 961 2858 quantum
988 2790 1235 2854 sumus,
1263 2773 1413 2839 boni
1434 2787 1680 2851 sumus,

146 2897 297 2962 ergo
321 2900 455 2947 non
491 2888 588 2947 est
612 2883 966 2964 intelligere
991 2901 1127 2947 esse
1162 2883 1472 2946 abstracta
1497 2880 1686 2945 boni—

146 2990 266 3051 tate
297 3007 314 3051 :
346 2991 523 3072 quod
552 2990 787 3054 falsum
812 2995 940 3067 est,
977 3008 1127 3054 cum
1151 2988 1545 3070 intelligatur
1565 3005 1687 3052 ve-

142 3092 312 3174 11133,
340 3096 629 3162 bonitate
656 3097 984 3162 abstracta.

170 3233 184 3245 ·
218 3199 401 3286 Resp.
436 3205 789 3269 Dicendum
816 3205 988 3289 quod
1029 3206 1280 3269 bonitas
1316 3207 1413 3268 est
1450 3203 1685 3287 duplex

144 3307 209 3370 in
246 3315 544 3374 creatura
576 3329 787 3391 tuna,
819 3329 966 3395 quae
1002 3315 1098 3375 est
1142 3329 1227 3375 ex
1265 3311 1469 3375 forma
1498 3312 1688 3375 dante

142 3434 302 3497 esse3
322 3419 475 3500 alia,
500 3439 652 3503 quae
680 3422 773 3484 est
799 3438 883 3484 ex
906 3421 1112 3486 forma
1135 3421 1325 3486 dante
1349 3421 1511 3485 bene
1526 3437 1683 3485 esse.

146 3521 356 3590 Prima
401 3531 503 3592 est
544 3528 795 3592 bonitas
840 3528 1266 3593 substantialis
1287 3578 1305 3610 ,
1358 3546 1503 3611 quae
1556 3545 1688 3591 non

142 3629 308 3696 addit
328 3651 536 3717 supra
561 3634 835 3699 formam
860 3653 1108 3704 novum
1131 3653 1266 3702 esse
1283 3683 1303 3713 ,
1344 3635 1454 3699 sed
1478 3634 1687 3698 solum

144 3737 518 3807 relationem
542 3743 629 3807 ad
654 3742 914 3806 finalem
940 3761 1199 3807 causam
1222 3765 1237 3806 ε
1265 3760 1350 3806 ex
1372 3760 1503 3824 qua
1519 3758 1687 3805 com·

140 3849 506 3930 paratione,
543 3866 740 3914 omne
768 3850 944 3915 aliud
970 3868 1009 3914 a
1035 3850 1162 3915 Deo
1191 3850 1385 3914 habet
1408 3867 1542 3913 0330
1568 3848 1688 3913 bo-

141 3968 320 4017 num.
351 3954 434 4020 Et
461 3957 623 4040 quia
650 3957 759 4021 illa
788 3959 1173 4040 comparatio
1199 3955 1278 4021 ad
1306 3971 1561 4020 causam
1587 3970 1689 4019 es-

137 4062 474 4128 sentialem
523 4064 662 4129 sive
701 4064 959 4129 finalem
1004 4068 1098 4129 est
1143 4062 1488 4128 essentialis
1506 4111 1524 4144 ,
1572 4080 1690 4126 nec

138 4186 429 4253 unquam
479 4191 623 4237 esse
674 4172 1007 4255 relinquit,
1070 4190 1188 4236 nec
1241 4173 1444 4253 potest
1491 4169 1689 4234 relin-

134 4293 354 4359 quere,
385 4280 549 4343 hinc
574 4285 671 4343 est
697 4279 869 4362 quod
894 4279 1295 4360 Augustinus
1320 4277 1471 4343 dicit
1504 4298 1521 4341 ε
1560 4300 1593 4338 α
1615 4277 1690 4341 111

130 4392 457 4466 quantum
493 4405 757 4465 sumus,
813 4387 964 4450 boni
1013 4404 1260 4451 sumus.
1313 4407 1344 4447 ι
1387 4386 1486 4450 Ad
1528 4385 1687 4449 illud

129 4509 285 4575 ergo
336 4497 523 4577 quod
579 4495 874 4577 objicitur
920 4495 998 4558 de
1047 4493 1294 4575 Boetio‚
1347 4491 1686 4559 dicendum

125 4602 298 4682 quod
326 4603 471 4686 ipse
498 4607 693 4668 vocat
716 4603 961 4667 bonum
986 4620 1102 4685 per
1126 4602 1462 4667 essentiam
1478 4650 1496 4682 ,
1527 4601 1687 4665 illud

124 4706 375 4773 bonum
417 4711 607 4793 quod
644 4714 737 4773 est
773 4710 1059 4773 absolute
1101 4710 1345 4775 honum
1362 4756 1382 4786 ,
1427 4726 1561 4773 non
1604 4726 1687 4772 ex

120 4815 567 4899 dependentia
585 4818 666 4882 ad
691 4818 885 4882 aliud.
909 4817 1041 4882 Hoc
1066 4822 1283 4883 autem
1300 4817 1491 4882 modo
1505 4817 1686 4881 nulla

121 4930 427 4991 creatura
459 4927 638 4992 hona
664 4931 786 5004 est;
818 4927 949 4992 imo
975 4945 1060 4992 ex
1085 4926 1555 5009 comparatione
1574 4974 1594 5005 ,
1623 4929 1687 4989 et

119 5032 262 5099 ideo
290 5035 810 5118 participatione.
838 5033 967 5101 Nec
1001 5036 1289 5120 sequitur
1312 5036 1488 5119 quod
1517 5030 1686 5099 acci-

115 5138 513 5224 dentaliter3
536 5142 695 5225 quia
710 5144 1105 5227 participatio
1128 5162 1261 5209 non
1281 5146 1378 5208 est
1404 5141 1685 5208 acciden-

184 5341 201 5374 ¹
225 5340 405 5404 Boot„
438 5337 539 5388 1111.
581 5336 643 5387 de
668 5338 986 5403 Hebdomad„
1014 5353 1107 5390 seu
1147 5340 1226 5390 An
1261 5352 1403 5388 omne
1428 5338 1564 5404 quod
1588 5341 1683 5402 est,

115 5411 301 5461 όωιωη
316 5412 369 5460 si
371 5415 491 5460 1.-
507 5410 535 5443 ¹
555 5409 939 5473 intelligentiam
951 5410 1137 5461 horum
1154 5410 1492 5461 terminorum
1506 5422 1682 5474 quaere

116 5480 169 5532 in
198 5484 250 5546 1,
281 5483 413 5533 dist.
433 5489 641 5545 xxvm,
657 5480 811 5545 hujus
827 5482 946 5534 edit.
969 5485 1099 5533 tom.
1121 5483 1162 5546 1,
1189 5496 1244 5545 p.
1263 5484 1378 5533 ⁴55.

3201 488 3320 556 259

1785 631 1925 695 talis
1956 635 2246 714 respectu
2286 624 2511 712 primae
2554 625 2851 691 honitatis
2873 674 2888 704 ,
2925 643 3071 710 quae
3116 632 3323 691 estex

1783 739 1988 803 forma
2031 738 2219 801 dante
2258 750 2424 815 esse,
2469 734 2767 818 quamvis
2812 734 2893 797 sit
2927 732 3324 798 accidentalis

1784 845 2138 909 secundum
2182 843 2354 924 quod
2401 846 2493 906 est
2541 861 2624 905 ex
2668 842 2871 906 forma
2919 842 3107 906 dante
3158 843 3318 905 bene

1785 970 1941 1015 esse.
1976 951 2071 1017 Ad
2103 950 2256 1014 illud
2283 950 2455 1032 quod
2480 949 2800 1031 objicitur,
2844 949 3014 1032 quod
3060 968 3195 1013 non
3228 953 3326 1011 est

1786 1058 2140 1138 intelligere
2179 1074 2345 1135 esse,
2376 1060 2520 1136 etc.,
2554 1056 2892 1121 dicendum
2923 1056 3094 1137 quod
3126 1054 3282 1118 illud
3302 1102 3320 1133 ,

1787 1165 1956 1247 quod
1987 1164 2356 1227 attribuitur
2398 1161 2586 1226 alicui
2624 1162 2981 1226 secundum
3015 1162 3186 1244 quod
3219 1162 3325 1245 ip-

1790 1292 1936 1338 sum
1952 1322 1971 1353 ,
2015 1276 2220 1356 potest
2262 1271 2593 1356 dupliciter
2640 1271 2891 1335 attribui
2930 1293 2946 1335 :
2993 1278 3105 1336 aut
3153 1271 3327 1337 enim

1792 1381 2228 1462 consequitur,
2266 1383 2378 1443 aut
2409 1378 2706 1461 praecedit
2749 1396 2764 1441 t
2800 1379 2854 1440 si
2890 1378 3209 1461 praecedit,
3238 1377 3328 1441 sic

1795 1491 1887 1551 est
1913 1488 2002 1551 ita
2028 1485 2378 1565 essentiale,
2407 1485 2578 1567 quod
2605 1485 2743 1549 sine
2761 1484 2899 1567 ipso
2919 1503 3048 1549 non
3075 1489 3191 1564 est,
3211 1502 3330 1548 nec

1794 1597 1995 1676 potest
2030 1593 2323 1673 intelligi.
2369 1590 2490 1656 Sed
2532 1592 2588 1654 si
2625 1592 2839 1673 aliquo
2879 1590 3069 1655 modo
3108 1609 3330 1655 conse-

1794 1701 2038 1785 quitur,
2083 1718 2201 1765 nec
2225 1705 2440 1764 tamen
2470 1699 2638 1763 cadit
2666 1699 2733 1761 in
2762 1698 2936 1761 aliud
2961 1716 3188 1779 genuS,
3220 1716 3330 1780 po-

1792 1815 1914 1874 test
1964 1810 2223 1893 quidem
2274 1807 2548 1889 intelligi
2606 1806 2927 1870 intellectu
2973 1805 3331 1888 apprehen-

1794 1918 2002 1999 dente,
2033 1920 2098 1982 et
2123 1916 2445 1981 intellectu
2488 1914 2830 1998 semiplene
2859 1913 3216 1978 resolvente
3239 1913 3261 1948 ²
3308 1930 3327 1975 t

1793 2025 1901 2090 sed
1938 2023 2259 2088 intellectu
2307 2023 2493 2106 plene
2540 2022 2619 2086 ad
2664 2040 2885 2086 causas
2928 2022 3333 2103 comparante

1791 2151 1923 2196 non
1962 2135 2168 2214 potest
2207 2130 2480 2211 intelligi
2507 2148 2641 2195 non
2670 2129 2982 2194 intellecto
3007 2128 3117 2192 illo
3136 2175 3154 2208 ,
3190 2144 3333 2192 ma-

1792 2239 1967 2303 xime
1995 2256 2146 2301 cum
2173 2237 2328 2302 illud
2364 2236 2528 2301 dicat
2563 2236 3002 2300 habitudinem
3045 2252 3334 2299 necessa-

1790 2347 1977 2426 riam,
2008 2349 2073 2409 et
2094 2344 2463 2410 relationem
2490 2344 2573 2408 ad
2597 2361 2882 2424 causam,
2913 2342 3078 2407 sicut
3100 2359 3331 2407 verum

1791 2459 1855 2518 et
1875 2455 2141 2520 bonum.

2416 2548 2556 2597 nun.
2599 2550 2693 2597 111.

2228 2656 2369 2709 Solet
2394 2657 2548 2707 etiam
2574 2655 2766 2721 quaeri,
2797 2654 2895 2706 etc.

1871 2775 2174 2856 Assignat
2213 2774 2511 2856 Magister
2567 2786 2788 2838 causas
2813 2822 2831 2853 ,
2878 2790 3075 2856 quare
3116 2770 3332 2837 anima

1792 2884 1972 2948 unita
2001 2884 2081 2947 sit
2102 2883 2350 2966 corpori
2386 2900 2403 2946 τ
2433 2900 2711 2965 quarum
2739 2882 2945 2966 prima
2967 2884 3061 2953 est
3080 2879 3189 2944 Dei
3220 2898 3329 2944 vo-

1792 2990 2039 3069 luntas;
2073 2990 2348 3055 secunda
2386 2989 2716 3055 instructio
2752 2992 2990 3053 nostra.
3038 2986 3267 3052 Contra
3306 3008 3323 3051 ε

1791 3096 2054 3164 Videtur
2080 3097 2250 3181 quod
2275 3100 2548 3181 utraque
2566 3096 2646 3162 sit
2661 3094 3088 3162 inartificialis.
3112 3092 3330 3160 Prima

1793 3204 1966 3270 enim
1987 3205 2311 3287 responsio
2343 3207 2548 3288 potest
2574 3205 2654 3270 ad
2687 3205 2904 3269 omnia
2926 3203 3094 3281 dari;
3123 3203 3194 3265 in
3223 3219 3330 3266 30-

1794 3314 2005 3379 cunda
2028 3313 2283 3388 videtur
2312 3313 2697 3404 principium
2722 3312 2851 3396 peti
2882 3327 2900 3376 ε
2928 3311 3083 3394 quia
3117 3310 3331 3374 sinon

1794 3425 1956 3487 esset
1984 3421 2186 3508 unita,
2215 3419 2475 3503 limpide
2505 3419 2747 3486 videret
2767 3418 2995 3501 Deum,
3026 3436 3144 3484 nec
3169 3419 3333 3486 indi-

1794 3532 1975 3612 geret
2006 3528 2297 3612 exemplo
2328 3550 2343 3593 ε
2384 3546 2542 3610 ergo
2578 3527 2632 3592 si
2676 3527 2969 3610 exemplo
3003 3527 3285 3612 indiguit
3308 3580 3328 3613 ,

1794 3655 1927 3702 non
1975 3637 2099 3701 fuit
2154 3636 2276 3701 nisi
2333 3639 2590 3719 propter
2645 3636 3137 3700 minorationem
3196 3654 3333 3702 suae

1795 3745 2201 3827 cognitionis.
2543 3735 2566 3762 ¹⁵

1872 3853 2058 3936 Resp.
2091 3852 2442 3917 Dicendum
2468 3853 2639 3934 quod
2669 3849 2970 3933 Magister
2993 3853 3331 3935 respondet

1794 3960 2182 4025 sufficienter
2225 3962 2291 4023 et
2338 3958 2500 4023 bene
2538 3976 2556 4022 ε
2597 3959 2984 4023 sufficienter
3029 3958 3292 4042 quidem
3308 4009 3327 4041 ,

1794 4068 1946 4150 quia
1975 4086 2128 4131 cum
2163 4067 2245 4130 sit
2282 4065 2522 4148 duplex
2546 4066 2654 4130 via
2678 4066 3100 4148 cognoscendi
3137 4085 3333 4149 opera

1795 4175 1926 4255 Dei,
1958 4175 2194 4240 scilicet
2217 4175 2340 4239 fide
2361 4177 2427 4239 et
2450 4174 2897 4257 intelligentia,
2928 4174 3009 4238 ad
3039 4173 3330 4238 solidita-

1794 4288 1923 4348 tem
1940 4283 2087 4348 fldei
2104 4282 2336 4347 sufficit
2352 4283 2509 4347 scire
2521 4281 2693 4364 quod
2705 4281 2867 4345 Deus
2884 4280 3111 4362 voluit,
3132 4298 3328 4362 quem

1793 4391 1989 4456 credit
2026 4409 2161 4455 non
2202 4390 2364 4456 velle
2401 4389 2524 4453 nisi
2560 4386 2930 4452 rationabile
2976 4405 2993 4449 ε
3045 4387 3217 4451 1111ᾶο
3255 4387 3327 4451 111

1794 4499 2001 4582 prima
2046 4498 2452 4579 responsione
2504 4493 2802 4558 satisfacit
2847 4492 3023 4570 fldei,
3078 4496 3140 4557 et
3187 4493 3328 4560 haec

1794 4605 2119 4688 responsio
2159 4605 2229 4668 in
2271 4601 2572 4668 omnibus
2600 4599 2811 4679 fideli,
2857 4603 2931 4664 ut
2967 4599 3172 4664 fidelis
3195 4605 3292 4664 aet
3305 4648 3324 4679 ,

1794 4712 1976 4794 plene
2017 4709 2270 4774 sufficit.
2316 4707 2416 4773 Ad
2461 4705 2835 4770 soliditatem
2883 4704 3328 4785 intelligentias

1793 4818 2078 4885 redditur
2101 4817 2262 4881 ratio
2292 4838 2308 4880 t
2340 4820 2405 4879 et
2436 4831 2588 4879 cum
2626 4831 2758 4877 non
2783 4812 2982 4896 possit
3016 4811 3330 4876 101111113-

1791 4927 1904 5002 tio,
1933 4926 2036 4992 vel
2054 4941 2267 5004 causa,
2288 4941 2368 4988 ex
2393 4926 2569 5005 parte
2587 4921 2718 4997 Dei,
2741 4919 3029 4985 redditur
3050 4936 3134 4982 ex
3150 4921 3330 5001 parte

1792 5037 2102 5098 ereaturae
2151 5049 2168 5095 :
2212 5035 2277 5095 et
2316 5030 2458 5094 11ωο
2499 5032 2594 5092 est
2631 5026 3051 5092 manifestatio
3090 5025 3326 5090 divinae

1791 5140 2089 5205 bonitatis
2114 5138 2182 5202 in
2209 5155 2327 5201 suo
2357 5153 2546 5219 opere
2566 5181 2584 5214 ,
2619 5134 2691 5198 in
2726 5151 2855 5216 qno
2883 5132 3069 5197 debet
3094 5149 3163 5196 se
3189 5149 3330 5195 ma-

1790 5247 2085 5311 nifestare
2119 5261 2251 5309 non
2288 5243 2500 5307 solum
2535 5243 2793 5323 propter
2835 5242 3120 5303 nostram
3158 5237 3329 5301 indi-

1790 5354 2077 5437 gentiam
2095 5402 2113 5433 ,
2153 5368 2385 5417 verum
2423 5349 2621 5413 etiam
2651 5346 2731 5412 ad
2765 5364 2953 5412 suam
2991 5345 3269 5428 gloriam
3305 5368 3325 5412 z

1789 5468 1853 5527 et
1899 5463 1989 5526 sic
2049 5463 2270 5544 patent
2320 5460 2586 5541 objecta.
2644 5454 3081 5539 Respondetur
3134 5454 3328 5519 etiam
