4125 6225
48 1037 172 1093 opta.
194 1039 232 1080 ³.

1375 478 1755 547 DISTINCT.
1791 477 1953 550 m.
2000 481 2205 550 PARS
2245 483 2324 549 11.

257 616 577 681 luminosa
592 666 611 696 ,
640 615 786 682 licet
813 631 946 681 non
981 616 1312 701 perveniat
1341 616 1419 682 ad
1454 616 1791 682 luminosi-

257 727 450 789 tatem
482 723 673 804 Solis,
704 724 959 789 videtur
993 724 1165 807 quod
1193 725 1271 790 de
1305 743 1374 791 se
1399 725 1657 791 deberet
1689 723 1790 789 lu·-

259 850 429 912 cere,
456 850 586 897 non
612 833 863 896 tantum
891 850 974 896 ex
1000 832 1263 896 luminis
1288 832 1509 897 solaris
1535 849 1792 914 suscep-

261 940 430 1005 tione
457 959 473 1002 :
500 939 672 1020 quod
711 940 791 1004 ad
834 938 1096 1003 oculum
1141 942 1311 1022 patet
1355 957 1490 1004 esse
1537 938 1787 1003 falsum.

261 1046 335 1113 Et
368 1045 511 1111 ideo
536 1049 630 1110 est
663 1046 875 1111 adhuc
905 1048 1129 1112 tertius
1155 1046 1384 1111 modus
1414 1046 1661 1111 dicendi
1692 1064 1793 1111 se-

260 1153 545 1218 cundum
586 1157 865 1233 sanctoS,
912 1154 1146 1220 scilicet
1186 1154 1646 1220 Damascenum
1672 1154 1692 1193 ¹
1732 1158 1795 1219 et

258 1258 558 1325 Basilium
578 1310 596 1341 ,
627 1262 799 1344 quod
832 1261 1154 1326 luminare
1188 1280 1321 1327 non
1356 1264 1608 1327 tantum
1643 1262 1796 1327 dicit

257 1365 473 1432 lumen
490 1416 507 1447 ,
540 1369 650 1433 sed
672 1368 837 1433 lucis
861 1369 1235 1434 vehiculum
1250 1418 1267 1445 ,
1294 1372 1357 1435 et
1379 1370 1540 1434 lucis
1561 1388 1791 1435 vascu-

256 1475 431 1556 lum3
484 1478 742 1558 propter
783 1477 953 1558 quod
998 1476 1077 1540 de
1122 1476 1266 1541 Sole
1309 1477 1540 1543 dicitur
1561 1480 1585 1515 ¹¹
1617 1478 1794 1544 :Vas

259 1581 680 1662 admirabile,
727 1598 886 1664 opus
913 1582 1207 1649 Excelsi.
1238 1582 1436 1662 Unde,
1481 1584 1644 1648 sicut
1684 1584 1794 1648 lu-

259 1707 475 1768 cerna,
510 1707 658 1771 quae
701 1688 931 1754 dicitur
968 1690 1339 1755 vehiculum
1379 1691 1570 1770 111313,
1604 1692 1797 1756 habet

257 1795 325 1860 in
363 1814 431 1860 se
464 1796 785 1878 duplicem
819 1800 1116 1861 naturam
1134 1845 1152 1876 ,
1183 1798 1420 1863 scilicet
1457 1798 1618 1864 lucis
1649 1818 1795 1883 quae

258 1902 539 1982 vehitur,
569 1905 634 1966 et
671 1903 952 1986 eorporis
992 1905 1160 1986 quod
1200 1905 1412 1985 vehit,
1443 1908 1532 1970 sic
1567 1908 1794 1974 volue-

258 2014 412 2075 runt
447 2010 651 2075 dicere
694 2011 773 2075 de
809 2011 1239 2076 luminaribus
1277 2013 1438 2077 coeli.
1476 2014 1586 2078 Ait
1622 2017 1796 2080 enim

259 2115 530 2182 Basilius
571 2118 661 2182 sic
690 2140 707 2182 ι
737 2141 768 2179 α
800 2118 935 2183 Hoc
973 2119 1178 2184 solare
1220 2138 1452 2203 corpus
1496 2122 1795 2188 effectum

257 2228 350 2289 est
371 2224 742 2289 vehiculum
766 2225 859 2289 1111
879 2226 1311 2308 primogenito
1331 2228 1563 2294 lumini
1592 2252 1607 2294 ε
1634 2231 1798 2296 sicut

256 2332 429 2397 enim
465 2332 637 2397 aliud
679 2335 773 2396 est
809 2333 1010 2415 ignis,
1041 2334 1215 2400 aliud
1256 2337 1552 2418 lucerna,
1581 2339 1670 2403 sic
1705 2339 1798 2405 illi

256 2438 382 2503 luci
410 2439 708 2504 vehicula
745 2440 1091 2528 luminaria
1124 2447 1344 2525 parata
1374 2449 1545 2509 sunt.
1577 2467 1608 2503 »
1637 2445 1796 2510 Item

256 2546 680 2611 Damascenus
724 2569 739 2610 ε
777 2570 810 2609 <1
853 2548 1303 2614 Luminaribus
1346 2551 1469 2615 illis
1508 2554 1797 2636 primum

257 2653 502 2718 clarum
547 2654 768 2719 lumen
815 2655 1111 2721 Conditor
1155 2657 1495 2741 imposuit,
1544 2679 1673 2725 non
1724 2666 1798 2725 ut

256 2761 572 2845 impotens
598 2763 749 2827 dare
788 2763 880 2828 eis
907 2765 1081 2830 aliud
1121 2765 1345 2830 lumen
1363 2813 1380 2843 ,
1410 2767 1518 2832 sed
1549 2772 1623 2832 ut
1661 2788 1796 2834 non

255 2889 490 2935 vacans
528 2870 686 2935 illud
726 2877 1105 2938 remaneret.
1149 2873 1491 2951 Luminare
1520 2880 1624 2939 est
1663 2894 1796 2942 non

254 2977 466 3060 ipsum
509 2978 771 3056 lumen,
823 2979 934 3044 sed
978 2978 1244 3045 luminis
1288 2982 1710 3064 receptivum.
1761 3007 1793 3045 3

255 3082 623 3149 Secundum
652 3084 857 3167 igitur
883 3084 1190 3152 Basilium
1216 3091 1280 3152 et
1300 3086 1791 3173 Damascemm,

252 3191 595 3257 luminaria
621 3197 773 3258 sunt
806 3195 1146 3260 constituta
1172 3214 1255 3260 ex
1280 3197 1389 3261 illa
1415 3198 1626 3279 prima
1653 3199 1796 3264 luce

251 3317 399 3382 quae
426 3300 694 3365 faciebat
716 3302 885 3367 diem
910 3307 975 3367 et
995 3307 1277 3383 noctem,
1304 3309 1367 3369 et
1388 3323 1470 3369 ex
1496 3306 1598 3370 sui
1624 3307 1798 3371 orbis

252 3408 529 3471 naturali
575 3409 672 3492 (α)
728 3411 1008 3491 quadam
1059 3413 1524 3494 aggregatione
1577 3415 1798 3480 divina

253 3531 482 3591 manu,
515 3516 596 3581 ad
626 3516 889 3581 modum
912 3518 1081 3582 vasis
1111 3523 1175 3582 et
1201 3520 1581 3603 receptaculi
1606 3522 1791 3603 111313,

252 3622 624 3687 coadunata.
661 3622 848 3688 Hunc
882 3625 1089 3706 igitur
1123 3627 1387 3692 modum
1424 3628 1795 3695 sustinendo

251 3735 509 3813 propter
536 3736 902 3796 sanctorum
928 3735 1355 3800 reverentiam
1373 3785 1390 3812 ,
1422 3742 1484 3802 et
1513 3738 1665 3821 quia
1695 3757 1796 3803 33-

253 3838 471 3902 curius
497 3843 591 3904 est
621 3841 833 3905 verbis
864 3857 1092 3904 eorum
1119 3841 1305 3908 inniti
1340 3843 1410 3907 in
1444 3844 1566 3909 hac
1590 3848 1793 3910 mate-

251 3946 380 4025 ria,
413 3946 482 4009 in
518 3965 648 4029 qua
689 3947 836 4030 plus
875 3949 1235 4030 proceditur
1270 3968 1353 4015 ex
1398 3954 1789 4034 conjectura,

253 4069 452 4134 quam
477 4070 560 4117 ex
595 4053 841 4117 ratione
872 4058 1075 4134 certa3
1107 4055 1447 4122 dicendum
1481 4059 1655 4141 quod
1691 4060 1796 4124 lu-

252 4161 553 4239 minaria,
579 4161 649 4225 in
674 4166 991 4244 quantum
1019 4163 1490 4229 constituuntur
1511 4185 1591 4230 ex
1617 4167 1796 4231 orbi-

251 4268 374 4334 bus
419 4269 552 4333 suis
598 4287 713 4353 per
753 4271 1284 4353 aggregationem
1301 4320 1319 4350 ‚
1368 4272 1512 4355 plus
1557 4273 1796 4338 habent

251 4377 612 4442 idoneitatis
648 4377 728 4441 ad
767 4378 1240 4461 suscipiendum
1259 4428 1277 4459 ,
1312 4398 1510 4462 quam
1550 4380 1628 4444 ad
1668 4381 1795 4446 dif-

249 4484 686 4564 fundendum3
720 4485 893 4567 quod
922 4503 1075 4549 vero
1110 4483 1361 4564 lucent,
1405 4487 1528 4552 1133
1557 4488 1797 4554 habent

250 4609 337 4656 ex
378 4591 540 4656 lucis
574 4592 784 4674 primo
828 4596 1055 4657 creatae
1088 4592 1489 4676 perfectione.
1534 4595 1612 4660 Et
1651 4597 1795 4662 ideo

249 4698 411 4764 illud
456 4698 775 4763 luminare
819 4699 925 4763 cui
968 4699 1132 4764 Deus
1174 4700 1457 4764 multum
1502 4702 1674 4766 dedit
1715 4704 1795 4769 de

251 4805 364 4870 illa
401 4806 542 4870 luce
560 4857 579 4887 ,
607 4808 890 4872 maxime
924 4807 1118 4887 lucet,
1158 4807 1321 4873 sicut
1350 4808 1458 4873 Sol
1494 4809 1647 4890 iste3
1682 4813 1790 4877 cui

251 4915 501 4995 minuS,
536 4915 709 4981 dedit
745 4916 997 4995 minus;
1035 4919 1099 4979 et
1137 4916 1296 4981 illud
1338 4917 1442 4982 cui
1487 4919 1788 4999 minime,

249 5023 520 5088 minime
558 5022 727 5089 lucet
767 5041 850 5088 ex
887 5042 987 5102 se;
1032 5024 1177 5099 sed,
1216 5024 1272 5087 si
1309 5023 1509 5105 lucet,
1545 5026 1666 5090 hoc
1701 5032 1795 5091 est

249 5149 337 5195 ex
383 5132 777 5214 susceptione
830 5131 1052 5196 solaris
1099 5132 1471 5196 influentiae.
1523 5132 1600 5197 Et
1650 5134 1792 5200 ideo

248 5237 598 5302 voluerunt
641 5237 748 5301 alii
790 5237 996 5303 dicere
1039 5256 1172 5302 non
1210 5243 1463 5304 tantum
1509 5240 1786 5321 Lunam,

325 5401 338 5434 ¹
378 5399 703 5463 Damascen„
740 5399 802 5449 de
837 5399 961 5451 Fide
1006 5400 1222 5463 orthod„
1261 5401 1351 5452 lib.
1402 5404 1475 5468 11,
1515 5418 1557 5453 c.
1601 5415 1691 5459 vn.
1729 5432 1789 5443 -

249 5472 274 5514 ⁸
300 5470 482 5534 Eorta,
509 5482 670 5534 xun,
696 5473 746 5523 2.

3319 485 3436 549 585

1901 617 2012 683 sed
2058 636 2284 685 omnes
2328 619 2537 685 stellas
2584 636 2624 684 a
2673 617 2816 685 Sole
2864 620 3087 684 lumen
3134 618 3433 701 recipere.

1901 725 2219 811 Quidquid
2245 731 2461 792 autem
2491 727 2570 791 sit
2596 727 2674 791 de
2698 727 2836 791 aliis
2863 725 3087 804 stellis,
3115 728 3331 790 tamen
3359 726 3437 790 de

1901 833 2084 899 Luna
2122 835 2272 901 satis
2306 835 2495 920 plane
2535 838 2795 918 apparet
2833 834 3007 917 quod
3047 851 3162 916 per
3198 851 3266 897 se
3304 851 3439 897 non

1900 941 2090 1007 lucet.
2124 942 2202 1007 Et
2240 943 2400 1007 ratio
2435 943 2635 1025 huJus
2664 945 2792 1021 est,
2826 942 2981 1023 quia
3019 940 3228 1005 adsui
3259 958 3439 1004 com-

1899 1049 2239 1133 pletionem
2298 1050 2619 1115 modicum
2677 1049 2952 1131 suscepit
3004 1048 3083 1112 de
3139 1047 3247 1112 illa
3298 1047 3440 1113 11133

1901 1158 2110 1241 primo
2138 1163 2377 1236 creata;
2417 1158 2570 1241 quia
2593 1175 2748 1222 vero
2775 1159 2870 1221 est
2899 1160 3329 1239 aggregatum
3357 1175 3440 1221 ex

1900 1270 2133 1331 natura
2164 1254 2311 1348 quae
2347 1267 2627 1331 multum
2663 1269 2757 1329 est
2789 1267 2937 1346 apta
2971 1263 3051 1328 ad
3084 1261 3441 1345 suscipien-

1901 1374 2058 1439 dum
2099 1374 2322 1438 lumen
2338 1423 2358 1452 ,
2400 1392 2550 1438 cum
2594 1374 2675 1437 sit
2717 1389 2947 1454 corpus
2988 1387 3304 1452 magnum
3322 1419 3341 1447 ‚
3378 1374 3442 1435 et

1902 1481 2172 1546 densum
2195 1502 2225 1561 ,·
2269 1486 2331 1545 et
2381 1481 2567 1545 nobis
2620 1479 3092 1563 propinquum3
3147 1477 3299 1541 hinc
3347 1481 3442 1542 est

1902 1588 2074 1670 quod
2114 1588 2393 1652 multum
2432 1587 2508 1651 de
2547 1585 2792 1650 lumine
2832 1584 3126 1666 suscipit,
3165 1586 3229 1647 et
3265 1583 3439 1647 mul-

1900 1699 2042 1759 tum
2073 1695 2379 1772 refundit,
2408 1694 2665 1776 quando
2694 1711 2777 1756 ex
2800 1711 2876 1757 ea
2906 1694 3084 1774 parte
3110 1690 3441 1755 illumina-

1900 1805 2030 1882 tur,
2070 1821 2200 1885 qua
2231 1819 2298 1864 se
2334 1801 2517 1865 nobis
2555 1798 2839 1882 opponit.
2881 1796 3014 1861 Hoc
3054 1800 3271 1860 autem
3309 1799 3438 1878 est,

1902 1909 2161 1992 quando
2204 1913 2298 1972 est
2330 1908 2400 1971 in
2442 1907 2717 1991 perfecta
2753 1904 3047 1970 distantia
3073 1923 3112 1968 a
3138 1902 3316 1981 Sole,
3354 1904 3442 1968 ita

1903 2015 2073 2098 quod
2111 2013 2218 2079 Sol
2253 2018 2347 2079 est
2384 2013 2451 2076 in
2490 2031 2622 2078 11113
2657 2011 3129 2094 hemisphaerio,
3169 2015 3232 2075 et
3262 2010 3443 2077 Luna

1901 2123 1972 2186 in
2016 2121 2141 2185 3113
2183 2145 2198 2185 2
2240 2126 2302 2185 et
2348 2122 2488 2185 haec
2532 2124 2626 2184 est
2669 2120 2830 2183 ratio
2877 2137 3074 2202 quare
3118 2118 3443 2201 Scriptura

1903 2229 2179 2313 appellat
2220 2228 2538 2294 luminare
2582 2245 2935 2309 magnum,
2988 2229 3050 2290 et
3092 2244 3291 2308 quare
3335 2225 3443 2291 Sol

1903 2336 2283 2419 praepositus
2316 2341 2411 2400 est
2449 2335 2605 2414 diei,
2646 2339 2708 2398 et
2750 2333 2931 2398 Luna
2974 2333 3312 2416 praeposita
3349 2336 3444 2398 est

1903 2445 2094 2509 nocti.
2128 2443 2204 2508 Et
2233 2461 2346 2527 per
2373 2443 2495 2507 hoc
2522 2445 2691 2525 patet
2717 2441 3042 2524 responsio
3069 2441 3149 2505 ad
3174 2441 3437 2523 obJecta.

1905 2551 2084 2630 Quod
2108 2552 2281 2617 enim
2305 2551 2533 2616 dicitur
2555 2549 2738 2614 Luna
2758 2568 2892 2614 esse
2913 2550 3233 2614 luminare
3256 2567 3443 2630 mag-

1902 2677 2063 2723 num
2079 2707 2095 2735 ,
2120 2658 2243 2722 hoc
2267 2677 2397 2722 non
2424 2658 2653 2722 dicitur
2675 2657 2849 2740 quod
2872 2657 3082 2722 luceat
3098 2675 3187 2721 ex
3213 2675 3311 2733 se,
3338 2658 3443 2721 vel

1902 2766 2075 2849 quod
2102 2766 2185 2829 sit
2211 2767 2421 2847 maius
2445 2782 2640 2847 quam
2665 2764 2891 2843 stellae,
2920 2764 3028 2828 sed
3054 2764 3208 2846 quia
3235 2762 3443 2844 magis

1903 2891 2020 2937 nos
2063 2872 2403 2937 illuminat.
2440 2870 2647 2949 Quare
2685 2875 2902 2936 autem
2944 2871 3154 2953 magis
3193 2870 3442 2934 illumi-

1902 2984 2014 3046 nat
2042 2981 2122 3046 de
2154 2984 2338 3045 nocte
2357 3029 2374 3061 ,
2407 2998 2603 3064 quam
2640 2980 2718 3045 de
2748 2979 2887 3059 die,
2917 2980 3081 3044 ratio
3107 2980 3247 3061 jam
3277 2978 3444 3043 dicta

1903 3092 2017 3154 est.
3238 3091 3249 3103 ’

1982 3196 2079 3261 Ad
2119 3196 2277 3260 illud
2303 3213 2458 3263 vero
2485 3195 2656 3278 quod
2684 3195 3018 3278 quaeritur,
3053 3192 3243 3277 quale
3272 3192 3441 3258 reci-

1902 3305 2031 3389 piat
2071 3305 2318 3384 lumen,
2360 3308 2584 3368 utrum
2619 3304 2786 3367 sicut
2831 3307 3237 3384 transparens
3264 3349 3282 3380 ,
3338 3302 3444 3366 vel

1900 3412 2341 3491 terminatum,
2369 3411 2473 3476 vel
2499 3410 2862 3493 speculum3
2894 3408 3233 3473 dicendum
3273 3408 3443 3491 quod

1903 3522 2056 3585 luna
2082 3538 2201 3584 nec
2225 3519 2418 3583 babet
2439 3523 2739 3582 naturam
2781 3517 3051 3600 perfecte
3075 3517 3277 3599 opaci,
3326 3534 3446 3580 1133

1901 3627 2175 3710 perfecte
2197 3625 2674 3708 transparentis,
2703 3642 2823 3688 nec
2848 3625 3118 3707 perfecte
3143 3627 3441 3687 naturam

1902 3733 2141 3817 speculi
2171 3756 2186 3798 z
2221 3733 2550 3816 participat
2588 3736 2805 3796 tamen
2841 3731 3081 3813 aliquid
3120 3731 3197 3795 de
3225 3731 3443 3813 quoii-

1902 3843 2009 3906 bet
2034 3842 2291 3907 horum.
2325 3841 2634 3907 Naturam
2675 3840 3128 3923 transparentis
3163 3841 3442 3921 quodam

1904 3950 2092 4014 modo
2115 3950 2466 4033 participat,
2501 3967 2650 4013 cum
2679 3966 2762 4011 ex
2805 3950 3036 4011 natura
3070 3946 3280 4030 quinti
3308 3965 3443 4012 cor-

1902 4057 2077 4141 poris
2122 4060 2397 4135 constet3
2439 4059 2744 4121 naturam
2792 4072 2944 4120 vero
2985 4054 3200 4136 opaci,
3243 4054 3314 4116 in
3367 4071 3443 4118 eo

1902 4165 2072 4248 quod
2094 4170 2305 4248 partes
2325 4164 2452 4228 illae
2478 4163 2568 4228 ita
2594 4163 2960 4241 densantur,
2996 4165 3073 4224 ut
3098 4178 3220 4225 1133
3245 4159 3444 4224 radiis

1903 4272 2255 4337 visualibus
2274 4320 2293 4350 ‚
2340 4289 2460 4335 nec
2503 4269 2815 4334 solaribus
2854 4268 3180 4351 praebeant
3211 4267 3440 4331 transi-

1900 4382 2077 4458 tum3
2118 4381 2414 4442 naturam
2465 4395 2620 4443 vero
2665 4375 2902 4458 speculi
2950 4375 3143 4438 habet
3184 4374 3255 4437 in
3293 4373 3439 4449 hoc,

1899 4486 2074 4574 quod
2101 4486 2190 4550 313
2217 4485 2441 4568 recipit
2465 4489 2539 4549 ut
2565 4484 2759 4548 etiam
2778 4483 3030 4561 reddat;
3065 4500 3196 4546 non
3222 4485 3439 4545 tamen

1900 4594 2168 4659 omnino
2193 4593 2397 4658 reddit
2418 4592 2586 4656 sicut
2619 4591 2972 4674 speculum,
3004 4589 3161 4673 quia
3186 4608 3318 4654 non
3346 4593 3443 4654 est

1902 4718 2133 4783 corpus
2166 4705 2413 4765 tersum
2441 4702 2505 4763 et
2530 4700 2826 4782 politum,
2857 4698 3022 4762 sicut
3047 4700 3218 4781 patet
3262 4696 3445 4778 aspi-

1900 4811 2088 4875 cienti
2109 4810 2321 4893 ipsum
2350 4827 2582 4891 corpus
2607 4808 2856 4887 lunare,
2892 4824 3042 4871 cum
3083 4809 3178 4870 est
3199 4804 3449 4869 illumi—

1900 4922 2126 4983 natum
2159 4939 2175 4982 z
2206 4918 2540 5000 speculum
2584 4922 2804 4982 autem
2827 4917 3031 4981 reddit
3057 4915 3435 4997 imaginem,

1899 5025 2054 5107 quia
2077 5028 2172 5089 est
2203 5042 2434 5107 corpus
2454 5025 2725 5108 politum
2755 5023 2927 5107 quod
2951 5041 3085 5087 non
3116 5026 3211 5086 est
3250 5022 3441 5086 radiis

1897 5134 2219 5216 pervium.
2255 5133 2406 5198 Haec
2448 5139 2663 5198 autem
2691 5133 2902 5214 magis
2949 5132 3439 5213 conjecturando

1897 5243 2063 5308 dicta
2090 5246 2262 5323 sunt,
2292 5261 2490 5327 quam
2515 5241 2873 5317 asserend0‚
2904 5242 2977 5304 ut
2995 5238 3222 5321 aliquis
3249 5238 3439 5303 intel-

1894 5351 2099 5417 lectus
2136 5369 2333 5415 sanus
2367 5349 2589 5414 haberi
2630 5347 2825 5430 possit
2848 5348 2928 5412 de
2963 5365 3040 5412 eo
3079 5347 3249 5430 quod
3288 5346 3441 5421 dicit

1960 5477 2032 5542 (a)
2057 5477 2181 5529 Gal.
2209 5476 2329 5527 edit.
2357 5479 2557 5532 natura.
