4125 6225
471 2834 542 2879 Ad
574 2846 678 2891 opp.

701 416 780 477 88

1840 403 2462 472 SENTENTIARUM
2500 405 2648 471 LIB.
2693 406 2742 471 1.

704 554 769 614 et
804 547 974 631 quod
1014 546 1138 625 sic,
1191 543 1445 609 videtur
1499 565 1516 607 ε
1565 541 1731 609 Nam
1781 541 1995 606 Glossa
2048 559 2244 623 super
2348 542 2552 606 multa
2595 543 2752 607 :sed
2797 542 3068 626 simplex
3099 545 3180 609 ad
3214 545 3385 626 quod
3417 564 3483 610 se
3529 548 3884 628 convertit,

704 655 862 720 illud
891 662 910 697 ¹
937 673 954 718 ε
992 653 1171 720 Mille
1193 654 1391 732 anni,
1410 655 1557 730 etc.‚
1588 652 1674 714 ait
1706 669 1724 713 :
1763 649 1884 712 «ln
1909 648 2242 731 agnitione

706 762 943 826 divinae
970 762 1254 826 veritatis
1287 759 1636 844 praeterita,
1681 761 1744 822 et
1773 757 2109 841 praesentia
2127 805 2145 836 ,
2177 761 2241 821 et

702 871 920 934 futura
944 869 1276 952 aequaliter
1300 866 1639 951 praesentia
1659 869 1829 929 sunt.
1863 886 1894 924 υ
2072 876 2076 880 ·

783 976 944 1041 Item
985 995 1101 1059 per
1144 975 1586 1058 Augustinum
1626 988 1819 1054 super
1867 972 2177 1039 loannem
2212 994 2237 1036 .·

712 1109 744 1148 a
768 1085 843 1150 In
867 1085 1136 1151 veritate
1163 1102 1312 1168 quae
1338 1086 1584 1159 manet,
1623 1081 2020 1166 praeteritum
2057 1086 2121 1145 et
2144 1082 2240 1145 fu-

703 1200 927 1262 turum
950 1214 1082 1260 non
1105 1195 1396 1275 inveni03
1431 1193 1540 1259 sed
1570 1193 1782 1259 solum
1815 1211 2100 1277 praesens
2117 1242 2134 1270 ‚
2176 1195 2240 1258 et

701 1305 826 1371 hoc
849 1304 1319 1386 incorruptum.
1342 1323 1373 1363 n

783 1413 940 1477 Item
958 1461 977 1490 ‚
1038 1414 1278 1494 quanto
1328 1428 1425 1475 τω
1475 1413 1571 1474 est
1613 1409 2007 1491 praesentior,
2063 1413 2239 1477 tanto

704 1520 985 1603 cognitio
1012 1524 1107 1584 est
1129 1519 1424 1598 nobilior,
1457 1518 1608 1601 quia
1634 1517 1756 1582 hoc
1780 1517 1929 1581 facit
1952 1517 2034 1582 ad
2057 1518 2241 1583 nobi·

701 1631 942 1694 litatem
970 1626 1385 1708 cognitionis:
1409 1625 1518 1689 sed
1543 1625 1706 1689 Deus
1729 1624 1947 1688 omnia
1973 1642 2242 1706 cognos-

704 1739 789 1802 cit
813 1735 1207 1801 nobilissime
1233 1751 1250 1797 ε
1280 1752 1438 1816 ergo
1458 1733 1676 1798 omnia
1701 1750 1850 1816 quae
1878 1734 2237 1814 cognoscit,

702 1843 1196 1929 praesentissime
1217 1842 1562 1924 cognoscit.

783 1950 942 2015 Item
960 1999 979 2030 ,
1023 1951 1076 2014 si
1103 1968 1237 2014 non
1264 1948 1590 2031 cognoscit
1614 1947 1836 2012 omnia
1868 1951 2236 2030 praesenter,

703 2078 862 2142 ergo
907 2076 1041 2123 non
1086 2055 1414 2138 cognoscit
1453 2056 1671 2119 omnia
1704 2055 1897 2119 simul
1933 2078 1948 2119 ε
1989 2056 2160 2139 quod
2187 2055 2242 2118 si

704 2165 927 2243 simul,
967 2170 1125 2229 tunc
1155 2182 1314 2247 ergo
1351 2165 1422 2227 iu
1457 2163 1680 2228 eodem
1705 2179 1878 2228 nunc
1919 2162 2243 2244 cognoscit

707 2273 954 2352 omnia,
987 2277 1053 2336 et
1089 2273 1180 2337 ita
1204 2274 1571 2354 praesenter.
1597 2269 1664 2335 Si
1689 2274 1905 2335 autem
1932 2288 2063 2334 non
2090 2287 2243 2349 cog-

706 2383 909 2446 noscit
947 2380 1173 2460 simul,
1205 2397 1361 2461 ergo
1389 2397 1599 2443 unum
1624 2383 1767 2461 post
1789 2378 1961 2442 aliud
1991 2399 2007 2442 ι
2039 2377 2242 2442 sedin

706 2489 885 2555 omni
913 2489 1023 2553 tali
1049 2488 1411 2571 cognitione
1436 2489 1531 2549 est
1555 2485 2007 2549 transmutatio
2033 2506 2049 2550 t
2083 2502 2242 2566 ergo

706 2597 777 2662 in
791 2596 1156 2678 cognitione
1170 2594 1279 2659 Dei
1297 2593 1545 2658 caderet
1563 2591 2007 2657 transmutatio
2033 2610 2051 2655 z
2070 2590 2241 2675 quod

708 2710 803 2770 est
827 2703 1089 2769 omniuo
1114 2702 1342 2765 falsum
1359 2749 1377 2780 ,
1407 2705 1471 2765 et
1509 2699 1916 2783 impossihile.

788 2812 1015 2878 Contra
1041 2833 1058 2876 ε
1092 2815 1123 2874 1
1136 2858 1152 2873 .
1178 2809 1581 2873 Praescientia
1598 2824 1729 2872 non
1748 2812 1841 2871 est
1858 2807 1980 2871 nisi
2005 2808 2235 2888 futuri,

705 2923 769 2985 et
793 2923 866 2983 ut
900 2920 1193 2982 futurum
1228 2922 1323 2981 est
1353 2940 1368 2981 :
1408 2934 1567 2998 ergo
1608 2915 1663 2978 si
1706 2914 1874 2980 Deus
1913 2916 2242 2999 cognoscit

704 3026 921 3093 omnia
946 3028 1312 3107 praesenter,
1351 3040 1508 3106 ergo
1549 3020 1715 3085 nihil
1745 3022 2009 3088 omnino
2036 3042 2242 3106 praes-

704 3136 829 3200 cit:
857 3134 965 3199 sed
984 3133 1240 3216 praescit
1265 3155 1280 3196 ε
1303 3150 1483 3213 ergo,
1517 3135 1638 3195 etc.

783 3241 850 3307 Si
877 3244 953 3304 tu
978 3240 1178 3319 dicas,
1205 3238 1377 3322 quod
1413 3237 1759 3322 improprie
1786 3237 2020 3302 dicitur
2039 3256 2242 3322 praes-

705 3350 868 3429 cire3
908 3352 1128 3412 contra
1169 3368 1185 3411 ε
1227 3346 1300 3410 In
1334 3345 1731 3427 praescientia
1765 3362 1896 3409 nou
1929 3350 2082 3410 sunt
2117 3347 2240 3411 nisi

705 3456 867 3536 duo,
897 3455 1133 3519 scilicet
1159 3453 1448 3532 scientia,
1479 3456 1542 3516 et
1568 3453 1913 3516 antecessio
1953 3458 2242 3536 respectu

705 3562 949 3645 cogniti
975 3580 995 3626 z
1023 3561 1132 3625 sed
1156 3563 1400 3624 constat
1423 3559 1594 3641 quod
1615 3558 1682 3622 in
1708 3558 1835 3623 Deo
1867 3561 2120 3643 proprie
2148 3565 2240 3626 est

703 3668 998 3748 scientia3
1047 3671 1339 3732 constans
1373 3666 1550 3730 enim
1581 3665 1774 3730 etiam
1814 3670 1939 3744 est,
1970 3669 2141 3748 quod
2168 3669 2239 3733 in

700 3781 840 3864 ipso
864 3779 1117 3863 proprie
1140 3781 1236 3843 est
1256 3777 1601 3842 antecessio
1619 3825 1637 3855 ,
1668 3777 1820 3861 quia
1839 3780 2093 3861 proprie
2119 3799 2240 3844 an-

703 3887 931 3952 tecedit
957 3886 1123 3950 Deus
1142 3885 1360 3950 omnia
1389 3885 1515 3950 alia
1543 3900 1562 3948 2
1591 3902 1749 3966 ergo
1781 3887 2108 3967 responsio
2131 3886 2238 3951 illa

702 3994 881 4059 nulla
928 3997 1042 4058 est.

784 4101 944 4165 Item
957 4117 1148 4165 omne
1161 4117 1464 4182 praesenS‚
1481 4099 1833 4166 secundum
1849 4103 2085 4165 statum
2100 4119 2237 4167 suae

703 4207 1238 4294 praesentialimtis
1251 4257 1269 4289 ‚
1313 4211 1409 4272 est
1451 4208 1877 4273 necessarium
1928 4229 1944 4274 ε
1981 4226 2140 4290 ergo
2185 4208 2239 4272 si

703 4316 870 4383 Deus
895 4315 1113 4381 omnia
1143 4315 1467 4397 cognoscit
1489 4321 1856 4398 praesenter,
1894 4320 1958 4380 et
1983 4333 2238 4398 semper

701 4429 1073 4509 praesenter,
1091 4442 1247 4505 ergo
1266 4424 1481 4488 omnia
1494 4423 1818 4504 cognoscit
1833 4424 2189 4489 necessario
2215 4442 2234 4488 ε

704 4532 869 4596 sicut
892 4549 1049 4613 ergo
1075 4530 1247 4614 quod
1273 4547 1555 4613 praesens
1579 4532 1674 4593 est
1706 4547 1838 4594 non
1863 4535 2068 4613 potest
2104 4549 2234 4596 non

703 4658 870 4719 esse,
899 4638 990 4703 ita
1006 4638 1062 4701 si
1087 4636 1251 4702 Deus
1275 4636 1517 4719 aliquid
1535 4636 1819 4719 praescit,
1847 4656 2104 4703 necesse
2144 4643 2238 4704 est

702 4744 1130 4831 praescivisse3
1155 4743 1291 4808 etsi
1324 4742 1667 4825 praescivit,
1707 4743 1833 4807 erit
1870 4762 1888 4807 ε
1920 4763 2081 4827 ergo
2120 4765 2237 4812 ne-

704 4871 872 4917 cesse
891 4855 985 4917 est
1004 4870 1162 4917 esse.

785 4966 849 5027 3.
902 4960 1064 5026 Item
1093 4961 1219 5025 hoc
1261 4959 1613 5024 ostenditur
1654 4976 1769 5044 per
1812 4958 2231 5043 impossibile;

705 5069 862 5153 quia
885 5070 943 5134 si
977 5069 1197 5134 omnia
1225 5072 1634 5150 cognosceret
1668 5071 2038 5151 praesenter,
2076 5089 2236 5153 ergo

704 5172 892 5256 plura
945 5173 1167 5253 simul;
1225 5189 1384 5253 ergo
1425 5171 1619 5237 simul
1670 5190 1739 5236 se
1798 5174 2113 5239 convertit
2156 5175 2237 5239 ad

773 5332 850 5383 ¹11
876 5334 1035 5398 Petr„
1061 5346 1146 5399 111,
1170 5337 1286 5386 8.-
1310 5335 1335 5369 ²
1352 5334 1495 5385 Idem
1521 5336 1574 5387 S.
1600 5334 1802 5399 Thom„
1836 5337 1856 5386 1
1888 5336 2034 5386 Cont.
2064 5337 2231 5401 Gent„

705 5416 750 5457 c.
776 5416 921 5456 nvn
934 5420 953 5468 ;
991 5410 1043 5457 et
1065 5421 1120 5471 p.
1145 5407 1198 5472 1,
1220 5420 1272 5471 q.
1296 5415 1407 5470 xxv,
1434 5410 1532 5458 art.
1558 5409 1605 5459 3.
1633 5407 1858 5460 Conatur
1882 5409 2068 5461 scotus
2093 5409 2232 5462 hunc

2346 650 2622 714 totaliter
2638 669 2705 715 se
2725 653 3038 716 convertit
3061 671 3080 715 ε
3102 670 3258 734 ergo
3285 654 3434 717 cum
3456 672 3669 719 unum
3696 653 3889 719 intel-

2345 756 2520 839 ligit,
2553 776 2687 821 non
2713 763 2917 841 potest
2941 760 3014 823 in
3038 760 3331 823 alterum.

2426 868 2487 927 4.
2514 863 2755 944 Item‚si
2767 868 3091 947 cognoscit
3108 868 3327 932 omnia
3334 872 3708 950 praesenter,
3719 887 3889 951 ergo

2345 970 2537 1035 simul
2573 973 2690 1036 scit
2718 974 2846 1038 duo
2877 976 3351 1041 contradictorie
3376 978 3666 1060 opposita
3704 995 3724 1041 ε
3768 977 3887 1041 sed

2345 1079 2656 1162 quidquid
2687 1081 2909 1163 scitur,
2939 1087 3034 1148 est
3063 1102 3290 1150 verum
3322 1103 3523 1166 :ergo
3556 1084 3690 1149 duo
3730 1103 3890 1150 con-

2344 1187 2705 1252 tradictorie
2730 1191 3019 1273 opposita
3041 1195 3192 1255 sunt
3212 1191 3407 1256 simul
3435 1209 3613 1260 vera.

2884 1487 3335 1557 CONCLUSIO.

2346 1669 2484 1724 Deus
2504 1673 2765 1739 coquoscit
2786 1676 2969 1729 omnia
2980 1680 3269 1747 presentet·
3283 1718 3300 1746 ,
3328 1693 3444 1734 mm
3466 1683 3711 1736 omnium
3730 1680 3907 1736 ideas

2416 1758 2641 1826 habeat3
2681 1776 2787 1818 non
2829 1767 3007 1821 tamen
3044 1769 3148 1836 sic,
3192 1767 3335 1839 quod
3375 1774 3657 1840 cognoscat
3699 1773 3907 1827 omnia

2417 1863 2521 1905 esse
2543 1865 2673 1907 vera
2689 1858 2990 1923 proesenter.

2428 2044 2611 2129 Resp.
2642 2047 2720 2111 ad
2747 2048 3020 2131 Argum.
3054 2052 3402 2118 Dicendum
3419 2056 3592 2138 quod
3618 2072 3912 2139 coquos-

2346 2168 2479 2219 cere
2507 2156 2727 2220 omnia
2750 2165 3096 2237 proesenter
3115 2160 3446 2244 dupliciter
3470 2167 3679 2246 potest
3694 2164 3912 2228 intel-

2346 2258 2464 2340 ligi
2492 2278 2509 2323 :
2536 2266 2647 2325 aut
2664 2262 2838 2344 quod
2863 2269 3119 2330 notetur
3136 2269 3617 2349 praesentialitas
3640 2290 3683 2333 a
3709 2276 3915 2354 parte

2348 2369 2788 2448 cognitorum,
2820 2375 2883 2435 et
2912 2372 3004 2436 sic
3033 2378 3126 2438 est
3157 2375 3343 2452 falsa,
3371 2378 3526 2460 quia
3565 2396 3702 2442 non
3731 2397 3917 2460 cog-

2347 2476 2549 2540 noscit
2583 2480 2800 2543 omnia
2826 2498 2961 2545 esse
2984 2500 3139 2547 vera
3165 2489 3531 2566 praesenter,
3562 2490 3625 2550 et
3654 2487 3912 2567 simul;

2349 2589 2462 2650 aut
2501 2588 2593 2650 ita
2616 2589 2788 2670 quod
2827 2594 3085 2656 notetur
3115 2595 3596 2676 praesentialitas
3620 2615 3664 2659 a
3705 2602 3918 2679 parte

2349 2698 2811 2778 cognoscentiS,
2832 2703 2895 2763 et
2908 2699 2997 2763 sic
3020 2700 3210 2765 hahet
3234 2704 3589 2766 veritatem.
3614 2702 3695 2766 Et
3720 2705 3917 2768 ratio

2348 2801 2546 2883 hujus
2580 2810 2705 2883 est,
2750 2806 2905 2887 quia
2940 2806 3104 2871 Deus
3144 2810 3435 2872 omnium
3480 2810 3656 2874 ideas
3695 2812 3921 2877 habet

2349 2915 2719 2991 praesente5‚
2750 2917 2814 2976 et
2847 2915 3071 2995 simul,
3100 2935 3215 2998 per
3243 2935 3403 2999 quas
3432 2920 3779 2999 cognoscit
3800 2939 3920 2984 res

2347 3018 2596 3082 futuras
2637 3019 2728 3084 ita
2768 3021 3309 3103 certitudiualiter‚
3364 3025 3528 3089 sicut
3571 3025 3624 3088 si
3675 3033 3923 3092 essent

2347 3130 2710 3210 praesentes
2742 3128 2821 3192 Et
2855 3130 3087 3195 iterum
3105 3182 3121 3211 ,
3149 3151 3341 3216 super
3375 3151 3598 3198 omnes
3624 3136 3783 3199 illas
3828 3138 3919 3201 si·

2348 3234 2487 3299 mul
2510 3239 2575 3299 et
2601 3242 2946 3318 praesenter
2986 3257 3053 3303 se
3080 3242 3425 3318 convertit,
3454 3243 3628 3307 etita
3656 3243 3918 3325 simtu,

2349 3345 2414 3405 et
2436 3349 2780 3425 praesenter
2805 3348 3150 3428 cognoscit.
3180 3347 3259 3411 Et
3292 3349 3528 3413 iterum
3547 3397 3565 3424 ,
3600 3369 3923 3432 praesens

2347 3467 2482 3513 suae
2499 3452 2881 3532 cognitionis
2897 3457 2991 3517 est
3006 3472 3288 3536 praesens
3307 3456 3914 3541 simplicissimum,

2347 3558 2519 3642 quod
2541 3559 3075 3643 circumplectitur
3089 3564 3305 3627 omnia
3323 3569 3629 3647 tempora.
3662 3566 3776 3632 Ex
3796 3568 3917 3634 his

2347 3665 2553 3730 tribus
2586 3667 2938 3733 rationibus
2965 3669 3156 3733 simul
3182 3672 3429 3753 junctis
3453 3671 3691 3736 dicitur
3721 3674 3918 3740 Deus

2347 3774 2565 3837 omnia
2577 3779 2920 3855 praesenter
2933 3794 3337 3858 cognoscere.
3355 3777 3432 3841 Et
3445 3778 3730 3843 rationes
3750 3782 3915 3848 istae

2348 3886 2564 3946 ortum
2607 3882 2842 3948 habent
2886 3903 2969 3948 ex
3011 3885 3134 3949 hoc
3180 3887 3351 3968 quod
3396 3888 3918 3970 praesentialitas

2346 3988 2583 4055 divinae
2623 3992 3031 4073 cognitioni3‚
3075 4012 3224 4077 quae
3259 3996 3515 4077 quidem
3553 4000 3918 4065 aeternitas

2348 4102 2462 4175 est,
2484 4102 2578 4162 est
2602 4098 2872 4181 simplex
2890 4104 2953 4163 et
2977 4100 3228 4165 infinita
3252 4121 3271 4165 z
3294 4102 3448 4183 quia
3466 4102 3750 4185 simplex
3775 4114 3915 4188 est,

2346 4200 2487 4266 ideo
2505 4221 2756 4287 semper
2774 4222 3082 4288 praesens;
3105 4208 3257 4289 quia
3278 4207 3545 4288 infinita,
3569 4208 3718 4275 ideo
3739 4221 3922 4281 sunt

2347 4310 2406 4375 ei
2460 4314 2677 4377 omnia
2727 4314 3084 4396 praesentia.
3131 4314 3210 4378 Et
3258 4317 3624 4398 exemplum
3680 4318 3915 4403 hujus

2348 4419 2609 4500 ponitur
2646 4422 2715 4483 in
2750 4421 3259 4503 praesentialitate
3295 4422 3401 4486 Dei
3436 4428 3772 4505 quantum
3818 4431 3915 4495 ad

2345 4542 2567 4591 rerum
2610 4527 3039 4607 existentiam,
3082 4529 3433 4593 secundum
3472 4548 3675 4613 quam
3715 4533 3920 4601 Deus

2346 4637 2516 4698 totus
2543 4639 2638 4700 est
2665 4636 2737 4698 in
2761 4654 2926 4714 una3
2951 4636 3120 4699 etita
3145 4636 3334 4699 estin
3352 4655 3485 4701 una
3503 4686 3522 4716 ,
3548 4642 3621 4703 ut
3648 4640 3922 4708 nihilo-

2347 4745 2566 4809 minus
2584 4746 2663 4808 sit
2679 4749 2741 4809 et
2765 4745 2833 4808 in
2855 4745 3015 4822 alia3
3044 4748 3108 4809 et
3126 4745 3249 4809 hoc
3267 4749 3394 4826 est,
3422 4747 3575 4830 quia
3597 4748 3915 4834 simplex

2346 4858 2471 4934 est,
2517 4857 2582 4917 et
2608 4854 2900 4917 infinitus
2930 4874 2947 4917 ε
2985 4853 3126 4918 ideo
3163 4853 3325 4917 Deus
3345 4854 3589 4935 judicat
3632 4856 3914 4942 aliquid

2345 4978 2480 5026 esse
2496 4961 2810 5039 futurum,
2832 4960 3080 5024 sednon
3091 4960 3387 5025 futurum
3401 4961 3521 5025 sibi
3539 4983 3557 5040 ;
3583 4966 3648 5026 et
3658 4967 3917 5033 omnia

2344 5071 2691 5152 praesenter
2725 5068 3084 5150 cognoscit,
3113 5071 3180 5132 et
3209 5072 3427 5133 tamen
3456 5069 3916 5143 nihilominus

2344 5172 2617 5258 praescit.

2345 5335 2556 5386 modum
2574 5333 2775 5385 dicendi
2801 5334 3081 5399 destruere,
3104 5334 3221 5386 dist.
3243 5346 3427 5400 xxnx,
3447 5341 3568 5400 post
3583 5343 3909 5405 responsio·

2344 5422 2465 5459 nem
2487 5408 2553 5457 ad
2568 5406 2815 5473 quintam,
2845 5406 2949 5457 ihi:
2982 5408 3130 5460 Circa
3150 5408 3274 5458 istas
3290 5411 3603 5474 quoestt'ones.
