4125 6225
661 448 702 507 4
1821 437 2443 506 SENTENTIARUM
2481 437 2631 504 LIB.
2675 437 2725 503 1.

663 577 1087 662 gnoscuntur,
1106 580 1169 642 et
1187 576 1421 641 suntin
1443 576 1606 658 ipso,
1618 578 1688 640 et
1706 576 1795 640 ita
1812 576 2031 641 omnia
2046 578 2200 640 sunt

662 686 782 751 sibi
804 685 1163 769 praesentia.
1187 684 1266 749 Et
1289 685 1381 748 sic
1398 687 1570 768 patet
1595 683 1846 761 divisio,
1872 685 1935 747 et
1951 686 2201 747 senten-

662 792 793 857 tia:
830 791 1293 859 subdivisiones
1328 791 1503 857 enim
1530 792 1812 876 partium
1845 790 2201 856 manifestae

663 902 814 963 sunt
837 899 907 963 in
931 897 1163 965 littera.

1317 1088 1455 1137 mm.
1502 1089 1548 1135 1.

664 1222 856 1275 Eorum
896 1224 1071 1274 tamen
1109 1222 1343 1288 quaedam
1370 1222 1654 1346 tspecialem
1692 1220 1970 1287 efflagitant
2010 1223 2200 1274 nacta-

1392 1308 1500 1347 um.

745 1436 1016 1504 Contra:
1054 1439 1170 1502 aut
1207 1437 1381 1502 enim
1417 1437 1538 1502 ista
1572 1436 1928 1519 efflagitant
1963 1436 2203 1520 specia-

663 1544 794 1611 lem
820 1548 1165 1610 tractatum
1183 1592 1201 1624 ,
1230 1545 1385 1627 quia
1408 1547 1560 1609 sunt
1586 1543 1888 1624 difficilia,
1919 1547 2032 1608 aut
2052 1544 2207 1627 quia

665 1655 817 1718 sunt
837 1652 1246 1736 appropriata
1268 1672 1284 1716 :
1316 1652 1392 1733 si,
1424 1653 1576 1736 quia
1590 1655 1743 1717 sunt
1758 1652 2058 1729 difficilia,
2080 1651 2206 1716 alia

666 1760 859 1825 etiam
883 1764 1035 1825 sunt
1060 1760 1338 1825 difficilia
1355 1809 1373 1839 ‚
1399 1760 1566 1824 sicut
1591 1758 1958 1842 simplicitas
1975 1808 1994 1841 ,
2025 1760 2203 1826 veri-

663 1872 782 1946 tas,
811 1867 1329 1949 immutabilitas;
1363 1868 1416 1932 si
1432 1916 1448 1946 ,
1475 1867 1629 1951 quia
1654 1871 1807 1932 sunt
1830 1868 2205 1951 appropria-

665 1981 733 2041 ta
750 2023 767 2058 ‚
798 1977 1090 2041 similiter
1116 1977 1308 2041 etiam
1335 1977 1552 2041 unitas
1578 1982 1641 2041 et
1664 1976 2015 2059 aequalitas,

746 2082 931 2168 Resp.
964 2084 1312 2149 Dicendum
1339 2084 1511 2167 quod
1536 2084 1658 2148 ista
1682 2083 2032 2165 efflagitant
2056 2100 2204 2167 spe-

666 2191 890 2258 cialem
912 2195 1253 2257 tractatum
1271 2192 1504 2275 triplici
1523 2211 1606 2256 ex
1627 2210 1819 2256 causa
1843 2213 1859 2255 ε
1889 2194 2033 2255 tum
2053 2192 2208 2274 quia

665 2304 819 2365 sunt
853 2299 1173 2379 difficilia3
1213 2303 1356 2363 tum
1392 2300 1549 2383 quia
1584 2299 1787 2363 multa
1830 2299 1907 2363 de
1951 2298 2108 2381 ipsis
2137 2299 2207 2363 in

667 2404 995 2490 Scriptura
1018 2411 1169 2471 sunt
1190 2405 1644 2483 determinata;
1671 2411 1813 2470 tum
1839 2406 2033 2470 etiam
2054 2408 2209 2489 quia

667 2512 888 2579 dicunt
919 2517 1275 2596 respectum
1313 2513 1394 2579 ad
1430 2517 1789 2578 creaturam
1819 2536 1835 2575 ε
1873 2516 1941 2577 ‘et
1976 2532 2208 2578 secun-

667 2619 825 2684 dum
850 2618 969 2684 has
1002 2620 1401 2685 conditiones
1434 2620 1780 2685 attenditur
1806 2621 1968 2686 ratio
1998 2639 2207 2686 causae

666 2725 736 2790 in
762 2726 984 2792 divina
1008 2730 1261 2792 natura.
1300 2726 1447 2792 Ideo
1462 2775 1482 2808 ,
1522 2728 1675 2810 quia
1712 2728 1979 2792 debebat
2003 2728 2210 2793 facere

667 2835 1010 2904 transitum
1038 2835 1118 2901 ad
1148 2839 1493 2915 creaturae,
1521 2836 1658 2902 sive
1680 2836 1762 2900 ad
1788 2835 2173 2901 creationem
2186 2883 2206 2917 ,

669 2947 739 3006 et
756 2943 838 3007 ad
864 2944 1005 3008 haec
1030 2944 1455 3027 praeexigitur
1479 2942 1548 3006 in
1574 2960 1768 3007 causa
1790 2960 1994 3025 posse,
2020 2942 2206 3020 scire,

670 3054 734 3135 et
753 3050 940 3130 velle,
967 3070 1113 3136 quae
1137 3052 1383 3119 faciunt
1403 3070 1664 3118 causam
1682 3068 1817 3117 esse
1839 3050 2209 3135 perfectam,

670 3159 812 3225 ideo
840 3163 1185 3225 tractatum
1206 3160 1403 3226 istum
1430 3161 1501 3223 in
1523 3159 1732 3225 medio
1757 3158 2088 3224 collocavit
2107 3159 2233 3224 in-.

673 3270 771 3331 ter
805 3269 1147 3332 tractatum
1173 3267 1251 3333 de
1275 3265 1581 3332 Trinitate
1598 3314 1618 3347 ‚
1652 3268 1715 3330 et
1752 3268 2095 3330 tractatum
2135 3266 2214 3330 de

672 3355 896 3439 rerum
945 3375 1364 3443 universitate
1396 3396 1412 3439 ι
1470 3374 1579 3439 sed
1629 3373 1784 3458 quia
1840 3373 2213 3456 huJusmodi

674 3481 818 3564 plus
845 3500 913 3546 se
938 3485 1158 3548 tenent
1187 3501 1336 3547 cum
1365 3481 1492 3547 Deo
1513 3531 1532 3563 ‚
1561 3486 1626 3548 et
1651 3501 1693 3548 a
1720 3483 1845 3547 Deo
1861 3530 1881 3564 ,
1909 3500 2061 3546 cum
2088 3481 2216 3547 sint

675 3586 843 3658 Deus
864 3610 882 3671 ;
921 3591 1068 3657 ideo
1100 3594 1403 3659 tractatus
1427 3591 1545 3658 iste
1569 3591 1639 3655 in
1666 3591 1877 3675 primo
1903 3589 2067 3655 libro
2091 3607 2216 3674 po-

674 3696 877 3763 nitur.
1873 3736 1882 3745 -

1328 3800 1467 3846 nun.
1505 3797 1576 3843 ιι.

694 3900 705 3909 ’
757 3908 958 3961 Amodo
984 3907 1306 3962 nectendum
1332 3910 1436 3971 eat,
1462 3905 1517 3957 id
1542 3908 1651 3971 est,
1676 3904 1741 3956 de
1765 3903 1979 3955 scientia
1990 3939 2010 3966 ,
2037 3908 2138 3955 etc.

698 4018 703 4027 ’
758 4023 1022 4090 Videtur
1064 4024 1172 4090 hic
1214 4023 1381 4089 male
1423 4023 1634 4087 dicere
1659 4072 1679 4103 ,
1731 4021 1889 4106 quia
1938 4020 2221 4104 potentia

680 4131 983 4216 praecedit
995 4131 1325 4197 scientiam
1344 4134 1410 4195 et
1423 4130 1854 4196 voluntatem:
1877 4147 2035 4211 ergo
2054 4126 2222 4192 male

682 4238 932 4303 ordinat
956 4239 1026 4302 in
1050 4237 1373 4323 proposito
1396 4285 1416 4317 ‚
1444 4240 1509 4301 et
1530 4236 1697 4300 male
1723 4236 1792 4300 in
1817 4235 2217 4319 exequendo.

694 4335 699 4343 ’
763 4344 951 4431 Resp.
987 4344 1343 4410 Dicendum
1365 4343 1540 4428 quod
1563 4342 1899 4424 dupliciter
1924 4346 2020 4407 aet
2042 4344 2223 4426 loqui

682 4453 762 4528 de
787 4453 924 4517 istis
950 4475 966 4518 :
999 4453 1202 4519 autin
1227 4472 1347 4517 sua
1367 4452 1799 4534 generalitate,
1829 4455 1940 4517 aut
1962 4455 2038 4516 ut
2063 4469 2221 4516 con-

683 4565 957 4626 currunt
976 4562 1057 4626 ad
1086 4579 1295 4626 unum
1330 4561 1651 4626 effectum.
1685 4557 1752 4623 Si
1776 4558 1846 4623 in
1882 4577 1999 4624 sua
2021 4577 2225 4641 gene-

682 4669 928 4734 ralitate
945 4719 964 4751 ‚
1004 4669 1094 4733 sic
1118 4687 1269 4734 cum
1295 4669 1561 4734 scientia
1595 4668 1677 4732 sit
1702 4670 1992 4750 respectu
2018 4668 2226 4733 bono-

682 4794 833 4841 rum
856 4776 1264 4842 etmalorum
1288 4776 1725 4841 faciendorum
1752 4778 1813 4838 et
1840 4793 1974 4839 non
1994 4775 2226 4840 facien-

681 4882 936 4963 dorum,
966 4885 1145 4968 prior
1169 4887 1284 4966 est,
1315 4882 1670 4950 secundum
1695 4881 2010 4947 rationem
2036 4882 2226 4947 intel-

679 4990 955 5077 ligendi,
984 5012 1180 5078 quam
1205 4991 1492 5078 potentia
1519 5014 1535 5056 :
1564 4993 1629 5055 et
1653 4989 1934 5072 potentia
1963 5008 2115 5056 cum
2143 4990 2227 5055 sit

679 5103 968 5182 respectu
1002 5100 1440 5167 faciendorum
1476 5100 1541 5163 et
1575 5115 1713 5162 non
1743 5097 2180 5162 faciendorum
2202 5144 2226 5178 ,

681 5205 861 5289 prior
887 5212 983 5273 est
1002 5210 1352 5287 voluntate,
1374 5224 1522 5291 quae
1546 5211 1641 5270 est
1664 5208 1953 5288 respectu
1975 5205 2225 5271 facien-

679 5310 912 5377 dorum
949 5315 1271 5383 bonorum
1311 5319 1588 5380 tantum.
1632 5310 1699 5377 Si
1739 5316 1956 5377 autem
1994 5311 2227 5396 loqua-

680 5435 835 5486 mur
865 5423 945 5489 de
975 5425 1079 5491 his
1114 5431 1310 5511 prout
1344 5426 1745 5491 concurrunt
1772 5421 1854 5488 ad
1885 5440 2096 5488 unum
2131 5421 2229 5486 ef-

2304 575 2542 640 fectum
2556 622 2573 653 ,
2604 573 2694 637 sic
2715 571 3020 656 potentia,
3044 571 3112 634 in
3136 575 3452 653 quantum
3477 581 3722 658 potens,
3748 584 3844 644 est

2304 683 2548 766 prima;
2589 682 2659 745 in
2696 683 3014 764 quantum
3048 698 3370 762 exequens
3391 730 3409 759 ‚
3448 688 3543 748 est
3569 685 3839 752 ultima:

2304 790 2484 874 prius
2519 789 2691 854 enim
2729 793 2822 853 est
2855 806 3039 872 posse
3055 836 3073 868 ,
3113 787 3339 854 deinde
3374 790 3533 856 scire
3552 841 3570 872 ,
3610 799 3673 858 et
3705 798 3848 878 post

2305 899 2493 979 velle,
2517 901 2581 964 et
2604 900 2923 981 postremo
2949 899 3044 961 est
3069 896 3296 976 facere,
3325 900 3496 981 quod
3523 903 3618 965 est
3640 902 3846 985 ipsius

2307 1007 2628 1090 potentiae.
2674 1004 2752 1069 Et
2771 1006 3093 1087 quantum
3119 1004 3199 1068 ad
3223 1003 3400 1069 hunc
3425 1011 3644 1072 actum
3661 1057 3679 1091 ‚
3711 1009 3848 1074 Ma-

2309 1115 2506 1196 gister
2535 1113 2719 1198 ponit
2746 1112 2853 1176 hic
2886 1112 3116 1176 ultimo
3140 1110 3279 1176 loco
3312 1115 3700 1195 potentiam3
3739 1115 3850 1181 sed

2306 1221 2379 1286 in
2404 1221 2776 1286 executione
2801 1219 3157 1284 considerat
3177 1220 3465 1284 ordinem
3492 1221 3848 1288 secundum

2308 1333 2625 1413 majorem
2651 1329 3134 1412 generalitatem
3152 1378 3172 1409 ,
3203 1332 3267 1394 et
3288 1329 3627 1396 minorem.

2932 1517 3071 1563 DUB.
3116 1516 3184 1563 ΙΙΙ
3193 1546 3209 1563 .

2641 1632 2901 1699 Sapientia
2924 1633 3008 1684 vel
3032 1632 3247 1684 scientia
3269 1632 3396 1700 Dei,
3420 1638 3520 1687 etc.

2390 1760 2649 1826 Diversa
2673 1761 2935 1824 sortitur
2960 1758 3246 1839 nomina,
3270 1778 3418 1842 quae
3442 1758 3675 1825 scilicet
3695 1763 3853 1826 sunt

2312 1868 2608 1949 Scientia,
2644 1867 3044 1933 Praescientia
3057 1915 3076 1948 ‚
3116 1865 3541 1945 Providentia,
3572 1868 3849 1952 Disposi-

2310 1977 2431 2057 tio,
2463 1975 2962 2041 Praedestinatio.
2995 1974 3319 2053 Quaeritur
3341 1993 3471 2058 quo
3497 1975 3687 2040 modo
3713 1976 3849 2041 dis-

2308 2085 2703 2166 tinguuntur
2723 2084 2864 2148 haec
2883 2084 3170 2161 nomina,
3201 2088 3265 2147 et
3283 2082 3539 2149 videtur
3560 2084 3731 2166 quod
3754 2084 3852 2149 in-

2311 2193 2700 2257 sufficienter
2737 2194 3107 2272 enumeret,
3146 2193 3299 2275 quia
3332 2210 3467 2257 non
3506 2193 3713 2256 solum
3753 2195 3852 2256 est

2311 2318 2548 2384 ponere
2574 2300 2642 2363 in
2670 2300 2904 2367 divinis
2934 2299 3553 2383 praedestinationem
3569 2348 3588 2381 ,
3616 2317 3850 2365 verum

2313 2412 2376 2472 et
2399 2408 2935 2490 reprobationem.

2391 2513 2580 2599 Resp.
2615 2515 2965 2580 Dicendum
2991 2515 3162 2598 quod
3189 2515 3562 2598 hujusmodi
3586 2513 3854 2579 nomina

2313 2622 2803 2704 distinguuntur
2847 2624 2937 2688 sic
2971 2644 2990 2688 z
3038 2623 3268 2690 Divina
3313 2622 3599 2705 cognitio
3648 2626 3853 2704 potest

2314 2731 2697 2796 considerari
2720 2730 2921 2795 autin
2940 2748 3029 2808 se,
3054 2731 3258 2795 autin
3279 2731 3749 2813 comparatione
3768 2729 3854 2796 ad

2315 2843 2658 2904 creaturas.
2687 2838 2766 2904 <Si
2788 2838 2858 2902 in
2883 2856 2950 2902 se
2966 2886 2985 2919 ,
3012 2841 3126 2902 aut
3145 2842 3339 2921 prout
3363 2838 3513 2902 dicit
3538 2855 3700 2921 pure
3735 2856 3851 2903 co-

2316 2945 2673 3029 gnitionem
2725 2964 2841 3029 per
2885 2945 3153 3010 modum
3196 2945 3640 3028 speculationis
3659 2994 3679 3025 ,
3737 2947 3854 3010 aut

2316 3059 2509 3138 prout
2524 3052 2675 3118 dicit
2691 3053 3487 3136 speculationemjunctam
3507 3052 3847 3118 affectioni.

2319 3160 2534 3226 Primo
2561 3162 2752 3227 modo
2775 3165 2870 3226 est
2904 3160 3198 3239 scientia;
3239 3153 3517 3226 secundo
3545 3161 3734 3226 modo
3761 3163 3858 3225 est

2316 3268 2646 3351 sapientia.
2668 3267 2779 3334 Vel
2801 3268 2892 3332 sic
2909 3286 2927 3331 t
2953 3272 3067 3332 aut
3082 3267 3234 3332 dicit
3250 3268 3685 3350 cognitionem
3703 3268 3858 3333 sim-

2318 3375 2573 3460 plicem,
2600 3378 2715 3441 aut
2738 3394 2853 3459 per
2876 3375 3189 3441 rationem
3214 3375 3694 3453 nobilissimam,
3721 3376 3860 3443 sive

2319 3501 2435 3567 per
2453 3500 2676 3548 causas
2691 3482 3141 3561 nobilissimaS,
3166 3501 3315 3566 quae
3337 3482 3471 3566 ipse
3493 3482 3659 3547 Deus
3680 3484 3857 3547 sunt.

2321 3590 2539 3659 Primo
2566 3591 2756 3657 modo
2784 3592 2878 3655 est
2902 3590 3169 3655 scientia
3185 3636 3204 3669 ‚
3247 3590 3525 3656 secundo
3550 3590 3741 3656 modo
3768 3593 3865 3655 est

2321 3698 2652 3783 sapientia.
2689 3697 2757 3764 Si
2796 3702 3015 3764 autem
3047 3698 3478 3765 consideretur
3504 3699 3574 3763 in
3597 3717 3863 3783 eompa-

2322 3807 2568 3872 ratione
2599 3807 2681 3871 ad
2714 3823 2819 3871 res
2839 3855 2859 3886 ,
2894 3805 3019 3871 hoc
3056 3808 3263 3888 potest
3299 3824 3436 3870 esse
3474 3805 3856 3887 dupliciter:

2324 3917 2442 3978 aut
2468 3915 2767 3978 connotat
2798 3916 3105 3979 eventum
3121 3962 3140 3994 ‚
3181 3917 3246 3978 et
3274 3913 3365 3977 sic
3401 3917 3497 3978 est
3520 3912 3865 3996 praescien-

2323 4021 2448 4101 tia;
2478 4023 2595 4085 aut
2619 4019 2949 4099 effectum,
2979 4024 3043 4086 et
3067 4020 3190 4085 hoc
3223 4020 3554 4103 dupliciter
3586 4043 3603 4086 ε
3641 4023 3756 4085 aut
3794 4020 3866 4085 in

2326 4127 2761 4194 conservando
2775 4176 2797 4208 ,
2841 4128 2976 4194 sive
3018 4128 3438 4210 gubernando
3457 4175 3475 4207 ‚
3526 4133 3590 4192 et
3633 4126 3728 4192 sic
3766 4130 3865 4192 est

2326 4235 2759 4319 providentia3
2791 4239 2906 4300 aut
2930 4236 3002 4300 in
3026 4235 3378 4314 efficiendo,
3414 4240 3478 4301 et
3502 4234 3624 4300 hoc
3650 4234 3863 4317 dupli—

2328 4343 2521 4408 citer:
2548 4345 2661 4407 aut
2685 4346 3005 4425 quantum
3027 4343 3109 4408 ad
3129 4344 3372 4407 bonum
3396 4347 3666 4421 naturae‚
3694 4340 3870 4405 etsie

2327 4455 2424 4516 est
2455 4450 2817 4534 dispositio;
2857 4455 2970 4515 aut
3004 4453 3322 4534 quantum
3356 4449 3438 4516 ad
3470 4449 3718 4513 bonum
3752 4466 3869 4513 su-

2327 4558 2731 4642 peradditum
2753 4607 2772 4639 ‚
2825 4562 2889 4623 et
2926 4558 3019 4622 sic
3062 4561 3156 4623 est
3198 4555 3705 4642 praedestinati03
3756 4558 3872 4621 aut

2329 4670 2644 4750 quantum
2669 4666 2751 4733 ad
2777 4668 2919 4749 ejus
2946 4665 3367 4750 privationem
3383 4713 3401 4745 ,
3430 4667 3495 4729 et
3524 4663 3613 4728 sic
3637 4680 3869 4745 repro-

2328 4773 2521 4840 batio.
2551 4773 2677 4841 Sed
2698 4774 2851 4858 quia
2871 4773 3149 4857 privatio
3170 4772 3397 4855 gratiae
3416 4789 3550 4836 non
3569 4774 3664 4837 oet
3680 4770 3869 4836 effec-

2327 4885 2435 4947 tus
2451 4932 2471 4963 ,
2519 4884 2630 4948 sed
2665 4882 2945 4949 defectus
2963 4928 2981 4960 ‚
3024 4881 3169 4946 ideo
3201 4880 3559 4964 reprobatio
3594 4895 3729 4944 non
3765 4878 3874 4943 hic

2328 4993 2734 5071 numeratur,
2773 4990 2883 5056 sed
2908 4989 3272 5055 continetur
3300 4988 3420 5053 sub
3455 4986 3874 5070 proescientiae

2330 5095 2594 5161 nomine
2610 5144 2629 5177 ,
2665 5100 2728 5161 et
2760 5096 2968 5181 ipsam
2989 5096 3069 5180 (a)
3112 5095 3234 5163 sibi
3267 5094 3656 5179 appropriat.
3692 5092 3874 5160 Unde

2330 5204 2559 5270 divisio
2590 5207 2794 5289 potest
2822 5205 2916 5270 sic
2947 5206 3256 5271 formari:
3295 5204 3592 5287 Cognitio
3624 5202 3733 5269 Dei
3757 5206 3874 5269 aut

2330 5314 2429 5377 est
2455 5316 2527 5377 in
2550 5329 2641 5393 se,
2668 5312 2876 5378 autin
2899 5312 3374 5396 comparatione
3398 5329 3418 5377 t
3451 5311 3508 5378 si
3532 5311 3605 5377 in
3629 5327 3732 5392 se,
3755 5313 3876 5376 aut

2396 5437 2466 5503 (a)
2496 5437 2624 5489 Goee.
2648 5437 2772 5489 edit.
2795 5439 2985 5504 ipsum.
