4125 6225
1579 422 1960 492 DISTINCT.
2005 425 2248 493 XXXV.
3451 436 3492 495 δ

315 578 412 647 per
432 559 747 624 rationem
770 556 1265 638 nobilissimam,
1296 561 1359 623 et
1379 558 1470 623 sic
1491 560 1801 643 sapientia
1820 581 1836 639 3

324 673 417 735 aut
436 686 542 752 per
570 667 1118 750 qualemcumque
1151 666 1464 732 rationem
1482 716 1501 749 ,
1542 673 1608 733 et
1633 667 1724 732 sic
1748 671 1844 733 est

328 777 573 843 seientia.
594 775 663 840 Si
680 776 753 839 in
775 775 1252 859 comparatione
1274 797 1291 840 ε
1316 777 1433 841 aut
1457 778 1834 854 eventuum,

336 891 385 952 et
416 885 493 949 sic
531 883 968 967 praescientia3
1004 886 1118 948 aut
1153 886 1507 951 eventuum
1547 885 1613 948 et
1648 881 1843 947 effec-

338 999 513 1071 tuum,
539 997 600 1057 et
623 991 790 1057 hoc:
821 992 926 1058 vel
958 992 1027 1057 in
1056 991 1475 1073 gubernando
1493 1040 1510 1070 ‚
1539 996 1604 1057 et
1634 991 1724 1055 sic
1750 994 1845 1055 est

343 1099 700 1186 providentia
714 1121 733 1178 ;
764 1098 872 1163 vel
898 1099 969 1162 in
1009 1099 1361 1176 efficiendo,
1391 1103 1457 1163 et
1480 1098 1604 1178 sic,
1629 1098 1680 1163 si
1707 1115 1839 1162 res-

342 1211 497 1294 pectu
518 1208 989 1289 cujuscumque
1014 1208 1264 1271 naturae
1278 1255 1297 1287 ,
1336 1205 1426 1269 sic
1451 1208 1546 1271 est
1570 1205 1843 1288 disposi-

341 1315 443 1394 tio;
470 1313 519 1376 si
536 1315 826 1395 respectu
847 1311 1198 1391 rationalis,
1227 1313 1315 1377 sic
1335 1312 1837 1397 praedestinatio:

341 1425 431 1486 aut
452 1422 792 1484 eventuum
808 1467 826 1496 ,
857 1422 922 1484 et
948 1419 1292 1485 effectuum
1315 1468 1334 1501 ,
1361 1422 1426 1484 et
1445 1420 1839 1498 defectuum,

342 1529 491 1594 etsie
511 1527 887 1611 reprobatio,
917 1546 1070 1610 quae
1095 1531 1189 1593 aet
1212 1526 1612 1612 praescientia
1632 1525 1840 1592 nomi-

341 1638 468 1699 nata
489 1652 597 1718 per
619 1635 1221 1718 appropriationem.

936 1848 1078 1897 DUB.
1108 1849 1200 1898 lv.

336 1971 517 2022 &entur
544 1970 613 2021 ita
646 1968 831 2022 dicitur
864 1968 1138 2093 relatigeei·
1151 1973 1208 2023 ut
1232 1969 1506 2023 essentiam
1539 1982 1646 2023 non
1681 1970 1841 2037 signi·

1039 2057 1067 2093 c

397 2170 641 2237 Videtur
661 2170 870 2237 dicere
893 2170 1131 2236 falsum
1156 2191 1172 2234 :
1202 2187 1358 2234 nam
1382 2170 1618 2236 creatio
1645 2171 1846 2253 signi-

330 2287 456 2351 ficat
476 2284 736 2350 modum
770 2284 1040 2349 actionis
1055 2332 1073 2364 ,
1117 2301 1247 2347 non
1276 2282 1644 2348 relationis:
1685 2301 1842 2365 ergo

331 2394 557 2461 Creator
591 2392 924 2458 similiter:
965 2409 1124 2474 ergo
1160 2409 1293 2455 non
1337 2391 1569 2456 dicitur
1606 2409 1841 2457 secun-

329 2501 459 2566 dum
501 2499 874 2565 relationem
912 2516 953 2563 a
984 2501 1163 2582 parte
1199 2497 1405 2578 modi,
1448 2516 1565 2562 nec
1590 2515 1631 2562 a
1663 2501 1843 2582 parte

326 2608 407 2673 rei
420 2656 437 2687 ,
463 2607 630 2672 istud
659 2609 949 2672 constat:
985 2624 1143 2688 ergo
1170 2606 1350 2670 nullo
1377 2606 1590 2671 modo.

393 2714 539 2780 Item
554 2716 813 2780 videtur
832 2714 1066 2781 falsum
1085 2713 1314 2793 dicere,
1336 2731 1486 2777 cum
1502 2712 1655 2778 dicit
1671 2714 1843 2796 quod

324 2823 636 2887 essentiam
656 2841 791 2887 non
818 2821 1160 2903 significat,
1191 2819 1347 2903 quia
1366 2818 1621 2885 Creator
1642 2821 1842 2902 signi-

324 2931 451 2995 ficat
472 2929 708 3013 aliquid
736 2952 751 2993 :
782 2932 899 2995 aut
923 2946 1083 3010 ergo
1109 2931 1428 3005 creatum,
1459 2931 1573 2992 aut
1596 2927 1839 2992 increa-

322 3041 483 3101 tum:
514 3037 567 3100 si
594 3039 884 3102 creatum
903 3084 921 3115 ‚
963 3053 1120 3118 ergo
1147 3052 1278 3100 non
1311 3034 1541 3099 dicitur
1567 3034 1644 3100 de
1670 3034 1839 3117 Deo;

324 3145 369 3208 si
392 3145 757 3226 increatum,
788 3164 949 3227 ergo
969 3162 1117 3209 cum
1137 3161 1270 3208 non
1289 3143 1606 3225 significet
1633 3162 1844 3227 perso·

322 3269 491 3332 nam,
521 3252 839 3336 significat
870 3252 1234 3318 essentiam.

392 3359 570 3444 Resp.
617 3360 975 3425 Dicendum
1019 3359 1190 3443 quod
1232 3358 1497 3424 relative
1544 3358 1670 3424 dici
1718 3358 1842 3423 ali-

323 3468 482 3551 quid,
511 3471 606 3532 est
626 3467 965 3551 dupliciter
987 3488 1002 3532 :
1035 3470 1148 3532 aut
1169 3467 1325 3550 quia
1347 3466 1663 3549 significat
1686 3466 1846 3531 rela-

322 3575 543 3641 tionem
563 3623 582 3653 ,
609 3577 775 3641 sicut
798 3576 1066 3640 nomina
1088 3593 1236 3658 quae
1264 3581 1418 3640 sunt
1442 3575 1512 3639 in
1537 3575 1845 3658 praedica—

324 3687 521 3749 mento
545 3683 875 3750 relationis
897 3706 914 3762 3
959 3686 1072 3747 aut
1094 3685 1246 3766 quia
1271 3683 1463 3748 habet
1485 3687 1845 3767 respectum

323 3807 655 3872 annexum,
682 3792 795 3871 sic,
824 3808 978 3856 cum
1000 3791 1208 3855 omnis
1229 3792 1390 3855 actio
1411 3792 1578 3856 dicat
1602 3810 1845 3876 respec—

323 3902 451 3963 tum
487 3900 565 3965 ad
606 3917 873 3983 passum
899 3899 1033 3963 sive
1056 3898 1334 3977 factum,
1372 3901 1435 3963 et
1469 3916 1730 3982 paaeum
1764 3900 1846 3964 ad

324 4012 627 4088 agentem,
656 4007 746 4071 sic
773 4007 1009 4071 dicitur
1030 4005 1316 4085 relative,
1345 4009 1408 4070 et
1430 4005 1522 4069 sic
1545 4006 1848 4088 intelligit

326 4111 609 4195 Magister
635 4114 714 4179 de
741 4113 869 4178 hoc
893 4113 1156 4177 nomine
1172 4163 1190 4193 ,
1227 4113 1507 4193 Creator,
1537 4118 1599 4177 et
1621 4111 1805 4178 bene.

394 4221 487 4286 Ad
513 4221 671 4287 illud
698 4221 896 4287 etiam
920 4221 1091 4304 quod
1115 4221 1267 4285 dicit
1292 4220 1463 4303 quod
1490 4238 1625 4284 non
1649 4220 1847 4302 signi-

322 4335 453 4399 ficat
492 4336 837 4399 essentiam
854 4382 873 4414 ,
926 4332 1077 4398 dicit
1116 4336 1374 4417 propter
1416 4332 1541 4397 hoc
1567 4381 1584 4409 ‚
1631 4332 1801 4415 quod
1823 4381 1843 4415 ,

322 4448 598 4531 quamvis
622 4448 999 4532 imponatur
1016 4447 1251 4511 divinae
1274 4445 1562 4511 essentiae
1587 4447 1687 4525 (et
1705 4444 1847 4510 ideo

320 4554 389 4619 de
418 4555 550 4621 sola
582 4555 862 4621 essentia
892 4553 1123 4619 dicitur
1157 4552 1512 4618 secundum
1539 4569 1762 4616 omnes
1783 4550 1802 4636 )
1826 4599 1845 4632 ,

320 4666 520 4728 tamen
544 4663 623 4728 de
647 4681 727 4727 eo
749 4682 789 4727 a
806 4680 938 4745 quo
957 4660 1312 4745 imponitur
1335 4659 1459 4724 fuit
1484 4662 1850 4724 controver-

175 4793 301 4851 σῳ.»
320 4770 423 4835 sia.
443 4769 717 4850 Quidam
736 4771 913 4835 enim
930 4768 1156 4835 volunt
1173 4769 1381 4833 dicere
1398 4768 1572 4851 quod
1585 4766 1850 4832 nomina

12 4946 13 4957 ,
132 4855 299 4914 ¹⁴⁸²*
319 4896 420 4944 sex
444 4896 774 4963 generum
798 4895 931 4941 non
955 4875 1306 4960 praedicant
1329 4873 1570 4957 aliquid
1597 4874 1667 4938 in
1689 4873 1844 4953 Deo,

317 4987 417 5051 sed
448 4984 991 5070 compraedicant:
1023 4983 1195 5048 unde
1228 4982 1392 5047 actio
1425 5000 1560 5048 non
1594 4981 1851 5047 videtur

314 5093 509 5158 dicere
534 5091 791 5175 aliquid
828 5091 897 5153 in
928 5093 1157 5171 agente
1175 5137 1194 5167 ,
1232 5090 1341 5154 sed
1363 5089 1445 5154 ab
1471 5093 1726 5172 agente.
1775 5088 1852 5154 Et

310 5199 458 5265 huic
486 5201 756 5266 videtur
786 5215 1133 5262 consonare
1165 5197 1327 5262 ratio
1345 5246 1364 5277 ,
1402 5197 1554 5281 quia
1588 5198 1750 5262 actio
1786 5201 1852 5262 et

306 5309 510 5391 passio
534 5308 856 5375 videntur
879 5323 1015 5371 esse
1041 5303 1283 5370 eadem.
1324 5305 1403 5371 Et
1436 5307 1671 5371 iterum
1699 5303 1851 5369 huic

305 5415 558 5483 videtur
598 5431 959 5482 consonare
991 5413 1267 5482 verbum
1288 5412 1488 5482 Boetii
1511 5411 1591 5481 de
1626 5412 1850 5481 Trini-

1954 567 2081 631 tate
2094 612 2116 644 ,
2154 564 2326 647 quod
2352 564 2480 629 alia
2502 581 2745 646 genera
2773 580 2996 628 rerum
3029 580 3150 629 nec
3183 559 3263 631 de
3300 564 3492 631 Crea-

1950 673 2089 735 tore
2112 688 2230 735 nec
2258 669 2336 736 de
2363 670 2671 736 creaturis
2704 670 3153 755 praedicantur.
3200 670 3326 737 Ista
3348 674 3495 756 opi-

1949 777 2059 842 nio
2080 779 2201 844 fuit
2225 779 2376 843 satis
2397 777 2767 862 probabilia,
2796 781 2861 843 et
2880 778 3078 862 hujus
3101 779 3225 845 fnit
3250 779 3491 862 Magis-

1949 885 2071 960 ter,
2116 890 2182 950 et
2223 885 2365 951 ideo
2404 885 2555 951 dicit
2595 885 2771 969 quod
2808 885 3206 968 praescientia
3245 888 3493 953 ratione

1949 988 2233 1055 scientiae
2283 991 2589 1075 importat
2637 992 2973 1057 essentiam
2993 1041 3011 1073 ,
3078 993 3188 1058 sed
3239 993 3494 1060 Creator

1950 1100 2202 1162 tantum
2229 1099 2621 1165 relationem.
2643 1099 3105 1166 Verumtamen
3125 1099 3282 1167 illud
3303 1101 3494 1168 hodie

1949 1205 2377 1270 communiter
2434 1223 2566 1270 non
2623 1209 2898 1271 tenetur.
2965 1206 3250 1272 Dicimus
3320 1208 3494 1272 enim

1949 1311 2154 1378 Deum
2180 1331 2317 1379 esse
2340 1329 2526 1379 suam
2553 1314 2866 1380 actionem
2886 1364 2905 1397 ,
2935 1319 3010 1380 ut
3033 1319 3190 1401 puta
3227 1316 3491 1382 creatio-

1949 1438 2124 1486 nem.
2165 1421 2243 1485 Et
2281 1422 2590 1504 quoniam
2624 1423 2895 1487 essentia
2924 1426 3017 1488 est
3043 1423 3261 1488 divina
3289 1423 3453 1488 actio
3471 1472 3489 1504 ,

1949 1533 2013 1594 et
2036 1530 2162 1595 hoc
2187 1547 2426 1595 nomen
2444 1579 2462 1611 ,
2497 1531 2776 1611 Creator,
2803 1530 3158 1615 imponitur
3185 1530 3267 1596 ab
3293 1532 3491 1595 actio-

1950 1655 2061 1716 ne;
2083 1636 2227 1702 ideo
2246 1655 2376 1702 non
2394 1639 2648 1703 tantum
2667 1639 3043 1721 impositum
3062 1640 3158 1702 est
3174 1638 3489 1718 essentiae,

1949 1761 2181 1810 verum
2203 1744 2398 1810 etiam
2423 1745 2505 1810 ab
2526 1746 2819 1825 essentia,
2844 1744 2954 1809 sed
2973 1744 3150 1809 illam
3173 1744 3492 1828 significat

1950 1851 2023 1916 in
2070 1852 2396 1917 relatione.
2461 1850 2515 1917 N
2517 1870 2590 1916 ec
2649 1851 2908 1917 Boetius
2965 1850 3237 1917 intendit
3281 1851 3490 1916 dicere

1950 1959 2121 2043 quod
2154 1960 2306 2023 talia
2337 1977 2469 2025 non
2502 1959 2955 2043 praedicantur,
2996 1958 3104 2022 sed
3139 1958 3313 2041 quod
3354 1976 3490 2023 non

1948 2065 2380 2150 praedicantur
2401 2066 2707 2132 absolute.
2729 2065 2797 2131 Si
2817 2069 3034 2131 tamen
3059 2065 3332 2132 velimus
3352 2084 3489 2131 sus-
3530 2091 3736 2166 munnio

3513 2167 3737 2275 aasz.

1947 2174 2152 2238 tinere
2216 2173 2598 2256 Magistrum
2662 2173 3017 2238 secundum
3074 2191 3487 2239 communem

1949 2282 2341 2365 opinionem,
2373 2283 2659 2347 dicamus
2675 2282 2850 2365 quod
2869 2281 3170 2363 Magister
3190 2300 3324 2347 non
3348 2283 3488 2348 vult

1949 2388 2157 2454 dicere
2171 2438 2193 2470 ,
2235 2390 2408 2472 quod
2437 2389 2670 2454 creatio
2699 2407 2832 2453 non
2865 2389 3164 2472 importet
3197 2389 3485 2454 divinam

1950 2496 2288 2561 essentiam
2306 2545 2324 2577 ,
2372 2497 2503 2575 sed,
2552 2499 2868 2580 quantum
2913 2513 2996 2560 ex
3036 2495 3106 2562 vi
3150 2495 3440 2560 vocabuli
3466 2545 3484 2575 ,

1950 2622 2087 2670 non
2109 2605 2258 2670 dicit
2274 2606 2610 2671 essentiam
2626 2606 2935 2686 absolute,
2964 2604 3075 2670 sed
3091 2622 3207 2687 per
3221 2606 3490 2671 modum

1948 2712 2297 2791 relationis,
2327 2714 2459 2781 sive
2477 2714 2596 2778 sub
2615 2712 3034 2797 appellatione
3056 2712 3343 2778 relativa.
3367 2711 3491 2777 Sed

1950 2821 2349 2903 praescientia
2374 2822 2504 2886 duo
2526 2820 2709 2898 dicit,
2740 2823 2804 2884 et
2829 2820 3160 2884 scientiam
3180 2868 3198 2898 ,
3227 2823 3291 2884 et
3314 2837 3491 2903 prae-

1949 2929 2340 2993 cessionem:
2369 2929 2612 2993 ratione
2639 2927 2943 3005 scientiae,
2973 2928 3122 2993 dicit
3148 2929 3490 2994 essentiam

1950 3036 2308 3101 absolutam
2332 3056 2349 3101 ε
2374 3036 2543 3102 unde
2563 3039 2779 3100 manet
2796 3035 3080 3117 scientia,
3101 3054 3173 3100 re
3198 3036 3338 3120 ipsa
3355 3053 3488 3101 non

1950 3149 2273 3210 manente.
2300 3143 2354 3210 N
2356 3164 2443 3210 on
2457 3145 2550 3210 sic
2566 3147 2662 3209 est
2678 3144 2756 3208 de
2778 3143 3095 3209 creatione
3115 3166 3133 3223 3
3160 3162 3294 3210 non
3311 3145 3490 3209 enim

1950 3257 2045 3319 est
2066 3255 2323 3335 creatio,
2353 3253 2477 3318 nisi
2499 3253 2692 3318 etiam
2713 3252 2792 3317 sit
2819 3256 3148 3317 creatura:
3177 3255 3241 3316 et
3265 3269 3489 3317 secun·

1950 3362 2110 3428 dum
2152 3362 2277 3428 hoc
2293 3411 2311 3442 ,
2356 3362 2632 3430 verbum
2677 3360 2965 3444 Magistri
3005 3377 3139 3424 non
3163 3358 3357 3425 habet
3382 3378 3489 3424 ca-

1950 3469 2291 3536 lumniam.

2588 3578 2727 3624 nun.
2773 3577 2842 3624 v.

1954 3701 2009 3755 Si
2035 3700 2174 3753 nulla
2197 3700 2411 3753 fuissent
2443 3699 2614 3751 futura
2621 3701 2804 3823 21?th
2833 3700 3007 3749 tamen
3036 3695 3091 3747 in
3127 3696 3236 3747 Deo
3279 3694 3494 3747 scientia

2725 3785 2827 3823 em·

2032 3902 2300 3968 Videtur
2323 3901 2492 3966 male
2527 3900 2732 3965 dicere
2749 3947 2767 3979 ,
2811 3897 2966 3981 quia
2987 3896 3252 3962 scientia
3277 3900 3493 3961 nostra

1953 4010 2136 4094 ponit
2173 4028 2313 4089 res;
2367 4012 2433 4073 et
2476 4008 2733 4091 quando
2775 4023 2910 4071 non
2954 4004 3135 4088 ponit
3156 4051 3175 4084 ,
3221 4021 3355 4068 non
3400 4009 3497 4069 est

1955 4117 2243 4197 scientia,
2273 4115 2380 4180 sed
2405 4115 2651 4199 opini0‚
2685 4113 2790 4179 vel
2816 4113 2943 4177 alia
2968 4110 3246 4194 acceptio
3277 4111 3497 4176 minus

1954 4225 2225 4305 nobilis3
2264 4242 2422 4305 ergo
2447 4241 2597 4287 cum
2633 4223 2713 4287 de
2744 4220 3076 4286 nobilitate
3105 4218 3386 4283 scientiae
3413 4218 3498 4282 sit

1955 4351 2194 4416 ponere
2218 4349 2359 4395 rem
2373 4379 2390 4409 ,
2418 4329 2675 4395 videtur
2698 4327 2904 4392 multo
2931 4326 3159 4392 fortius
3191 4326 3363 4409 quod
3390 4325 3496 4390 di-

1955 4441 2113 4507 vina
2136 4439 2396 4504 scientia
2421 4439 2651 4520 ponat,
2681 4452 2832 4518 quae
2858 4437 2953 4499 est
2977 4433 3394 4499 nobilissima.

2036 4547 2225 4630 Resp.
2263 4546 2362 4610 Ad
2386 4544 2508 4610 hoc
2527 4543 2806 4609 breviter
2832 4543 3176 4607 dicendum
3202 4541 3377 4624 quod
3404 4542 3499 4604 est

1957 4661 2220 4725 scientia
2239 4677 2370 4742 qua
2395 4657 2601 4722 habeo
2628 4656 3064 4739 cognitionem
3091 4656 3169 4720 de
3188 4672 3281 4734 re,
3313 4655 3378 4717 et
3403 4655 3499 4716 est

1958 4768 2223 4834 scientia
2248 4785 2377 4850 qua
2405 4766 2535 4830 scio
2569 4782 2708 4829 rem
2746 4782 2904 4829 esse.
2945 4763 3162 4829 Prima
3186 4759 3451 4826 scientia
3473 4807 3492 4840 ,

1958 4897 2076 4944 nec
2102 4879 2170 4941 in
2198 4876 2381 4940 nobis
2396 4922 2418 4954 ,
2448 4893 2567 4939 nec
2602 4872 2671 4938 in
2708 4873 2835 4939 Deo
2873 4874 3057 4958 ponit
3092 4870 3496 4937 existentiam

1959 4986 2053 5051 rei
2079 4986 2150 5048 in
2174 4983 2430 5069 proprio
2456 4999 2695 5064 genere
2715 5029 2732 5060 ,
2760 4998 2880 5045 nec
2904 4980 2982 5045 de
3007 4976 3305 5064 praesenti
3328 5025 3347 5057 ,
3375 4994 3497 5041 nec

1960 5094 2039 5159 de
2078 5094 2296 5159 futuro
2324 5114 2340 5156 ε
2381 5091 2553 5175 quod
2594 5093 2767 5174 patet
2785 5136 2803 5161 ,
2849 5088 3001 5170 quia
3041 5085 3274 5151 artifex
3307 5083 3499 5148 habet

1960 5200 2392 5283 cognitionem
2432 5196 2703 5263 faciendi
2756 5196 3019 5260 domum
3072 5210 3273 5277 quam
3321 5209 3500 5255 nun-

1959 5324 2158 5390 quam
2199 5304 2406 5369 faciet.
2465 5301 2756 5369 Secunda
2797 5317 2953 5365 vero
3003 5297 3267 5364 scientia
3320 5293 3502 5379 ponit

1957 5407 3094 5494 temtaminDeoquaminnobis:
3127 5405 3238 5470 sed
3271 5404 3506 5476 ianoe,-
