4125 6225
1025 456 1220 523 DIST.
1262 455 1425 523 vm.
1471 455 1702 522 PART.
1747 455 1797 521 1.
1839 454 2022 520 ART.
2068 454 2176 519 III.
2218 452 2514 532 QUAEST.
2559 453 2608 518 1.

305 595 368 654 4.
398 588 559 655 Item
595 591 674 656 ad
698 589 862 656 illud
887 592 1059 675 quod
1085 592 1418 676 objicitur:
1454 591 1632 655 «Aut
1666 594 1762 655 est

225 715 459 780 corpus
472 716 695 779 grave,
711 702 824 763 aut
839 698 1004 777 leve,
1017 721 1048 758 ι)
1070 702 1214 779 etc.;
1236 699 1574 764 dicendum
1591 699 1762 781 quod

225 822 346 869 nec
373 805 739 887 simpliciter
767 822 967 887 grave
990 855 1007 885 ,
1037 824 1157 870 nec
1182 805 1554 889 simpliciter
1577 804 1718 870 leve
1740 825 1758 870 ε

226 918 369 978 tum
396 913 551 996 quia
592 932 675 977 ex
704 933 869 992 aere,
901 917 1032 978 tum
1070 915 1221 997 quia
1269 932 1352 979 ex
1397 932 1542 978 aere
1588 932 1761 978 com-

225 1020 433 1085 mixto
453 1021 719 1103 vapori:
751 1024 814 1085 et
835 1014 975 1086 ideo
1003 1026 1098 1085 est
1137 1021 1346 1087 habile
1399 1022 1477 1086 ad
1516 1025 1764 1086 motum

226 1129 580 1195 secundum
621 1147 879 1193 omnem
919 1130 1301 1212 positionem
1344 1148 1361 1193 ε
1409 1128 1599 1212 quod,
1634 1146 1765 1193 non

228 1241 429 1318 esset,
455 1237 508 1301 si
532 1241 695 1302 esset
716 1255 948 1321 corpus
968 1237 1263 1321 simplex,
1310 1237 1760 1320 ponderosum,

228 1352 342 1413 aut
371 1347 536 1412 leve.

310 1459 371 1520 5.
417 1455 515 1519 Ad
541 1454 701 1519 illud
717 1455 853 1536 jam
884 1456 1055 1537 patet
1082 1456 1407 1539 responsio
1424 1506 1443 1535 ‚
1472 1458 1624 1540 quia
1648 1476 1776 1533 nec.

226 1560 494 1626 omnino
517 1559 812 1643 simplex,
838 1560 1039 1625 immo
1066 1563 1348 1644 quodam
1376 1564 1566 1628 modo
1593 1565 1767 1629 mix-

226 1672 395 1748 tum,
440 1673 513 1734 ut
562 1672 873 1753 competat
915 1670 1110 1735 colori
1152 1674 1216 1735 et
1254 1672 1713 1752 organizationi
1746 1695 1761 1737 ι

227 1795 350 1841 nec
368 1777 525 1841 adeo
544 1776 825 1840 mixtum
853 1780 968 1856 est,
989 1780 1064 1840 ut
1103 1777 1428 1859 subjaceat
1452 1779 1764 1859 putrefac-

228 1882 426 1961 tioni;
458 1883 567 1947 sed
592 1883 884 1947 medium
921 1887 1115 1962 tenet,
1144 1888 1217 1948 ut
1243 1884 1620 1966 praedictum
1648 1889 1763 1949 est.

313 1995 375 2055 6.
400 1991 498 2054 Ad
523 1990 680 2055 illud
701 1991 871 2073 quod
891 1991 1233 2073 objicitur:
1272 2013 1302 2053 α
1328 1990 1507 2069 Quod
1533 1993 1770 2075 patitur

228 2117 267 2163 a
282 2098 626 2177 contrario,
651 2119 682 2156 ι)
712 2101 856 2176 etc.;
879 2098 1218 2162 dicendum
1237 2099 1431 2181 quod,
1456 2098 1619 2163 sicut
1633 2100 1768 2164 for-

227 2207 433 2271 matio
461 2205 634 2270 illius
651 2205 954 2288 corporiS‚
980 2206 1281 2289 quamvis
1298 2207 1378 2270 sit
1404 2226 1487 2271 ex
1512 2209 1769 2290 adjuto-

227 2315 331 2379 rio
361 2318 630 2393 naturae,
659 2317 877 2378 tamen
903 2314 1336 2397 principaliter
1360 2318 1505 2379 esta
1532 2315 1771 2381 virtute

229 2421 579 2505 spiritualis
603 2421 997 2500 substantiae,
1032 2426 1289 2505 propter
1310 2422 1434 2486 hoc
1474 2423 1647 2505 quod
1686 2426 1773 2487 ef-

227 2533 420 2614 figies
435 2532 607 2597 illius
626 2532 904 2615 corporis
923 2532 1069 2614 plus
1086 2536 1181 2596 est
1192 2532 1553 2613 artificialiS‚
1574 2554 1773 2617 quam

229 2640 573 2719 naturalis;
605 2640 698 2703 sic
737 2644 800 2703 et
842 2641 1236 2705 conservatio
1281 2641 1453 2705 illius
1496 2644 1773 2725 corporis

230 2753 326 2813 est
346 2767 385 2812 a
411 2748 652 2811 virtute
673 2747 984 2827 angelica.
1006 2746 1184 2812 Unde
1209 2747 1372 2811 sicut
1392 2766 1512 2812 sua
1536 2749 1772 2814 virtute

228 2856 470 2937 absque
496 2854 791 2919 manibus
818 2873 1049 2937 corpus
1062 2855 1220 2919 illud
1239 2856 1502 2937 effigiat,
1536 2858 1625 2921 sic
1652 2877 1771 2922 sua

227 2962 472 3027 virtute
509 2961 785 3043 protegit
815 2966 879 3026 et
912 2967 1280 3040 conservat,
1326 2967 1390 3028 et
1423 2965 1561 3047 ipso
1596 2966 1775 3030 dese-

226 3073 417 3135 rente
446 3069 607 3134 redit
654 3088 884 3154 corpus
926 3070 1007 3135 ad
1054 3073 1207 3155 praej
1216 3075 1505 3137 acentem
1568 3078 1775 3138 mate-

228 3178 422 3242 riam.
448 3176 595 3242 Ideo
621 3179 784 3242 sicut
811 3180 952 3261 ejus
974 3181 1369 3245 conservatio
1391 3196 1524 3245 non
1544 3182 1778 3264 pendet

233 3304 320 3350 ex
355 3286 573 3366 simili,
605 3286 694 3351 ita
718 3304 840 3350 nec
872 3287 1197 3370 corruptio
1237 3288 1313 3351 flt
1344 3281 1396 3352 ‘a
1435 3289 1772 3353 contrari0.

686 3504 1172 3576 ARTICULUS
1216 3505 1332 3576 111.

319 3714 791 3797 consequenter
813 3716 1128 3798 quaeritur
1165 3716 1243 3781 de
1273 3717 1459 3781 tertio
1476 3764 1494 3797 ,
1543 3717 1782 3782 scilicet

232 3839 398 3905 quas
438 3821 836 3905 operationes
881 3826 1169 3887 exerceat
1217 3823 1486 3904 angelus
1523 3825 1592 3888 in
1638 3843 1781 3888 cor-

233 3948 394 4014 pore
417 3934 778 4013 assumpto;
801 3935 863 3995 et
881 3931 1045 3995 circa
1063 3931 1184 3995 hoc
1204 3931 1332 3996 duo
1351 3937 1732 4015 quaeruntur
1758 3950 1777 3995 z

231 4040 447 4123 primo
474 4038 787 4121 quaeritur
822 4043 1043 4103 utrum
1085 4039 1173 4103 ibi
1226 4046 1518 4106 exerceat
1557 4060 1779 4125 opera-

233 4145 446 4210 tiones
475 4145 734 4224 animae,
764 4164 879 4210 seu
904 4147 1200 4228 potentiae
1227 4149 1649 4229 vegetativae3
1681 4161 1779 4213 se-

235 4254 451 4319 cundo
487 4257 712 4318 utrum
763 4253 855 4317 ibi
898 4258 1190 4319 exerceat
1228 4256 1624 4339 operationes
1660 4276 1781 4340 po-

235 4361 461 4426 tentiae
487 4361 833 4427 sensitivae.
927 4415 938 4424 ,

791 4600 1150 4680 QUAESTIO
1190 4601 1243 4665 I.

237 4758 338 4814 An
378 4756 603 4826 anqelus
639 4757 703 4811 in
732 4756 1040 4829 corporibus
1068 4757 1358 4828 assumptis
1391 4759 1634 4813 emerceat
1659 4771 1782 4828 ope·

515 4851 522 4859 '
583 4849 822 4903 rationes
849 4848 1047 4902 animae
1065 4847 1382 4917 veqetativae
1403 4850 1444 4899 ¹.

0 5028 74 5076 ιιι
96 5038 208 5084 opp.
324 5004 554 5071 Utrum
583 5007 852 5088 angelus
877 5008 946 5070 in
976 5023 1237 5089 corpore
1264 5008 1589 5088 assumpto
1607 5023 1785 5071 exer-

241 5119 382 5180 ceat
428 5115 825 5197 operationes
865 5115 1099 5178 animae
1144 5113 1562 5195 vegetativae3
1593 5117 1656 5177 et
1684 5114 1785 5178 vi-

307 5242 326 5277 ¹
347 5240 428 5305 Cf.
459 5239 602 5290 Alex.
628 5239 844 5304 Mensis,
865 5254 918 5304 p.
944 5240 1006 5304 ll,
1029 5254 1081 5304 q.
1101 5250 1259 5302 xxm,
1280 5240 1470 5291 memb.
1497 5244 1550 5304 13
1577 5241 1631 5292 S.
1653 5240 1783 5291 Tho-

239 5325 387 5375 mas,
416 5326 469 5376 p.
497 5312 550 5374 1,
587 5323 750 5376 q.1.1,
779 5315 876 5361 art.
901 5314 964 5374 33
1003 5316 1055 5361 et
1092 5312 1134 5361 11
1165 5311 1324 5374 sent„
1356 5312 1472 5362 dist.
1496 5323 1622 5375 vm,
1651 5326 1702 5375 q.
1730 5324 1784 5376 1,

241 5388 341 5436 art.
362 5385 391 5435 4
401 5400 418 5448 3
451 5383 583 5434 etde
601 5384 818 5446 Patent„
839 5397 893 5449 q.
912 5395 987 5445 ιε,
1007 5388 1103 5434 art.
1124 5385 1153 5434 8
1165 5399 1183 5447 ;
1209 5387 1262 5434 et
1283 5382 1480 5446 Quolib.
1508 5385 1595 5446 111,
1614 5387 1710 5434 art.
1727 5387 1782 5446 53

244 5459 410 5522 Scot„
437 5457 480 5507 ΙΙ
508 5456 674 5519 Seni-,-
700 5454 814 5507 dist.
833 5466 930 5507 vm
942 5492 963 5519 ,
990 5468 1042 5520 q.
1067 5468 1114 5519 13
1150 5454 1321 5521 AEgid.
1349 5457 1522 5522 Rom„
1551 5456 1596 5507 11
1624 5456 1785 5519 Sent„

3285 460 3397 521 441

1870 591 2079 668 detur,
2112 594 2243 653 tam
2296 588 2372 654 de
2412 587 2625 669 boniS‚
2655 605 2852 672 quam
2877 589 2957 654 de
2998 587 3203 670 maIiS,
3232 590 3403 673 quod

1871 696 1980 762 sic.
2014 696 2102 761 De
2124 697 2330 760 bono:
2364 694 2591 776 Cibari,
2624 695 2759 759 sive
2780 695 3107 760 comedere
3128 744 3147 776 ,
3178 700 3272 760 est
3293 715 3406 760 ac-

1870 809 1976 870 tus
2001 798 2289 889 spectans
2313 805 2392 869 ad
2415 804 2764 888 potentiam
2792 804 3221 886 vegetativam
3249 826 3263 869 :
3296 804 3405 868 sed

1870 913 2047 978 hunc
2071 918 2287 977 actum
2323 916 2619 977 exercent
2645 913 2861 994 angeli
2900 913 2969 976 in
3008 930 3268 994 corpore
3299 930 3406 975 as-

1873 1024 2153 1102 sumpto,
2185 1020 2345 1084 sicut
2373 1021 2678 1103 probatur
2706 1039 2789 1084 ex
2814 1038 2889 1084 eo
2912 1019 3082 1102 quod
3109 1019 3409 1083 scribitur

1874 1127 1944 1192 in
1975 1128 2201 1195 Genesi
2218 1130 2264 1209 ²,
2305 1128 2416 1192 ubi
2456 1128 2781 1192 Abraham
2825 1127 3123 1211 exposuit
3163 1126 3406 1208 angelis

1873 1236 2132 1314 cibaria,
2156 1239 2239 1315 et,
2260 1235 2424 1300 sicut
2439 1236 2676 1300 ibidem
2693 1235 2953 1317 legitur,
2971 1217 3404 1299 comederunt.

1954 1349 2016 1407 2.
2047 1343 2208 1408 Item
2235 1362 2368 1407 non
2397 1344 2574 1407 decet
2618 1342 2881 1406 nuntios
2913 1341 3197 1405 veritatis
3238 1341 3407 1405 falsis

1875 1452 2343 1516 ostensionibus
2394 1451 2680 1533 decipere
2729 1448 2946 1514 oculos
2984 1447 3262 1512 hominis
3306 1448 3410 1511 in-

1874 1559 2109 1622 tuentis
2142 1559 2292 1624 :sed
2329 1559 2543 1640 angeli
2584 1561 2959 1640 apparentes
3001 1546 3411 1619 comederunt

1877 1684 2027 1731 cum
2053 1667 2179 1745 his,
2234 1665 2314 1730 ad
2371 1683 2532 1748 quos
2574 1664 3012 1742 mittebantur,
3062 1663 3227 1727 sicut
3277 1662 3409 1726 fre-

1876 1775 2146 1854 quenter
2173 1771 2411 1852 legitur
2439 1770 2509 1833 in
2535 1769 2864 1852 Scriptura
2893 1790 2909 1833 ι
2941 1786 3096 1850 ergo
3133 1787 3286 1833 vere
3312 1769 3408 1832 ci-

1874 1880 2192 1944 babantur
2224 1897 2241 1942 2
2272 1878 2382 1942 sed
2408 1878 2522 1941 iste
2548 1880 2643 1941 est
2668 1879 2846 1940 actus
2871 1876 3249 1956 vegetativae
3289 1895 3407 1959 po-

1876 1988 2092 2051 tentiae
2123 2008 2137 2051 :
2165 2004 2345 2067 ergo,
2373 1989 2492 2050 etc.

1959 2101 2018 2159 3.
2048 2094 2208 2158 Item
2230 2093 2459 2175 lingua
2486 2091 2788 2174 congruit
2809 2092 2881 2155 in
2910 2092 3040 2156 duo
3077 2110 3269 2176 opera
3294 2112 3409 2159 na-

1876 2207 2066 2283 turae,
2094 2203 2162 2266 in
2188 2202 2599 2279 locutionem,
2633 2203 2698 2263 et
2713 2199 3091 2263 cibationem
3118 2218 3134 2262 ε
3161 2201 3269 2265 sed
3294 2220 3412 2265 an-

1879 2311 2009 2393 geli
2035 2312 2107 2375 in
2150 2308 2490 2391 assumptis
2532 2307 2904 2390 corporibus
2955 2325 3069 2389 per
3115 2306 3412 2388 linguam

1880 2436 2032 2483 vere
2067 2421 2132 2482 et
2155 2417 2405 2500 proprie
2431 2416 2897 2499 loquebantur:
2930 2432 3087 2496 ergo
3113 2420 3279 2491 ⁹,vere
3322 2416 3413 2479 ci-
3500 2400 3506 2405 ⁴

1885 2526 2241 2591 babantur:
2275 2524 2437 2588 redit
2457 2541 2613 2603 ergo
2639 2523 2809 2586 idem
2827 2522 2997 2604 quod
3024 2522 3224 2604 prius,
3253 2521 3414 2585 scili-

1879 2628 2002 2697 cet'
2031 2633 2203 2715 quod
2249 2631 2401 2695 boni
2433 2628 2648 2711 angeli
2694 2629 2764 2693 in
2791 2633 3119 2711 assumpto
3153 2646 3413 2712 corpore

1880 2740 2261 2821 vegetativae
2285 2738 2586 2821 potentiae
2615 2740 2828 2801 actum
2857 2738 3173 2800 exercent.

1961 2854 2019 2912 4.
2053 2848 2210 2913 item
2256 2848 2379 2912 hoc
2412 2849 2624 2931 ipsum
2670 2846 3024 2910 ostenditur
3063 2846 3140 2910 de
3174 2846 3359 2910 malis
3394 2866 3411 2911 ε

1882 2956 2195 3021 Generare
2221 2955 2398 3019 enim
2433 2957 2526 3018 est
2551 2958 2729 3017 actus
2768 2953 3065 3036 potentiae
3107 2952 3417 3033 vegetati-

1881 3081 1984 3132 vae
2012 3082 2029 3127 ε
2061 3063 2173 3128 sed
2201 3062 2545 3139 daemones
2578 3059 3007 3126 mediantibus
3047 3060 3419 3143 corporibus

1882 3172 2246 3255 assumptis,
2299 3173 2645 3252 generant,
2673 3171 2834 3233 sicut
2887 3169 3037 3233 dicit
3082 3168 3414 3252 sompnus,

1883 3297 2153 3344 narrans
2202 3278 2359 3342 illud
2386 3278 2558 3360 quod
2614 3276 2910 3340 scribitur
2948 3276 3019 3339 in
3066 3276 3292 3341 Genesi
3341 3277 3419 3341 de

1885 3386 2296 3468 generatione
2376 3385 2720 3467 gigantum
2771 3384 2794 3420 ⁸
2839 3403 2855 3447 ε
2918 3382 3216 3449 Videntes
3288 3382 3423 3463 filii

1887 3494 2029 3572 Dei,
2059 3498 2220 3557 etc.:
2265 3510 2446 3574 ergo,
2476 3495 2595 3557 etc.

1967 3602 2025 3663 5.
2052 3599 2211 3663 Item
2240 3598 2603 3664 communis
2630 3597 2846 3680 opinio
2886 3599 2982 3659 est
3010 3595 3087 3660 de
3131 3595 3418 3678 Merlino,

1887 3707 2058 3790 quod
2082 3709 2424 3789 generatus
2445 3705 2565 3769 fuit
2598 3724 2637 3769 a
2660 3705 2954 3769 daemone
2995 3704 3230 3769 incubo
3264 3726 3279 3769 z
3314 3706 3425 3770 sed

1887 3814 1939 3877 si
1967 3814 2091 3878 hoc
2134 3814 2392 3878 daemon
2431 3811 2702 3875 incubus
2728 3829 2860 3875 non
2888 3811 3097 3893 potuit
3140 3811 3263 3874 nisi
3294 3830 3423 3876 me-

1885 3922 2098 3986 diante
2134 3938 2395 4004 corpore
2442 3923 2793 4001 assumptO,
2827 3937 2985 4001 ergo
3036 3918 3208 3982 idem
3252 3918 3425 4002 quod

1885 4030 2087 4111 prius.

1967 4143 2028 4202 6.
2062 4136 2222 4202 Item
2249 4139 2427 4200 actus
2462 4133 2788 4200 ordinatus
2815 4133 2897 4198 ad
2940 4134 3420 4214 generationem

1886 4249 1981 4310 est
2007 4262 2121 4329 per
2146 4244 2522 4309 mixtionem
2550 4260 2701 4305 cum
2746 4259 2908 4305 sexu
2951 4241 3275 4320 foemineo,
3317 4242 3422 4307 vel

1886 4354 2060 4418 virili
2092 4375 2108 4418 :
2144 4355 2252 4418 sed
2277 4354 2532 4418 daemon
2560 4350 2876 4416 succubus
2906 4369 2974 4414 se
2999 4350 3142 4415 viro
3172 4350 3425 4440 subjicit

1888 4462 2312 4546 subjectione,
2345 4461 2413 4525 in
2446 4478 2576 4544 qua
2615 4462 2709 4523 est
2749 4457 2979 4523 effusio
3027 4457 3308 4539 seminiS‚
3360 4462 3424 4523 et

1890 4572 2146 4635 daemon
2172 4569 2445 4633 incubus
2470 4565 2726 4631 mulieri
2750 4565 3068 4629 incumbit
3107 4587 3122 4630 :
3155 4582 3311 4647 ergo
3330 4565 3424 4629 vi-

1890 4678 2099 4755 detur,
2147 4677 2319 4759 quod
2357 4676 2411 4739 si
2450 4673 2693 4758 possint
2731 4674 2898 4738 coire
2912 4722 2929 4752 ,
2975 4673 3146 4754 quod
3184 4672 3429 4755 possint

1890 4785 2084 4849 etiam
2109 4801 2418 4867 generare
2456 4805 2470 4846 ε
2510 4800 2667 4863 ergo
2706 4781 2777 4844 in
2805 4781 3131 4861 assumpto
3163 4797 3425 4862 corpore

1891 4895 2190 4958 exercent
2215 4895 2428 4955 actum
2454 4889 2753 4972 potentiae
2779 4886 3185 4968 vegetativae.

1969 5001 2069 5065 Ad
2096 4999 2458 5082 oppositum
2490 4996 2785 5078 arguitur
2816 4996 2929 5074 sic,
2975 4997 3038 5058 et
3078 4994 3430 5059 ostenditur
3457 4968 3678 5068 rmum}

1891 5108 2063 5192 quod
2098 5108 2284 5171 bonis
2318 5105 2563 5187 angelis
2599 5121 2731 5167 non
2772 5105 3088 5185 competat
3124 5105 3303 5165 actus
3334 5102 3430 5166 ci-

1892 5235 2156 5296 dist.v111‚
2187 5247 2237 5297 q.
2260 5245 2334 5295 11,
2367 5235 2463 5282 art.
2487 5234 2545 5293 13
2583 5228 2842 5291 Richard.‚
2873 5229 2915 5278 11
2946 5228 3104 5290 Seni„
3140 5227 3281 5291 dist„
3303 5239 3430 5294 vin,

1892 5322 1942 5372 q.
1963 5319 2023 5368 v;
2056 5305 2305 5367 Durand„
2328 5305 2367 5354 ll
2392 5305 2551 5363 Sem„
2579 5302 2696 5352 «list.
2715 5313 2830 5364 vm,
2856 5315 2905 5365 q.
2928 5305 2986 5364 23
3019 5300 3194 5364 Steph.
3220 5300 3430 5366 Brulef„

1893 5380 1937 5429 11
1984 5379 2143 5440 Sem„
2172 5376 2292 5426 dist.
2337 5387 2463 5439 vm,
2491 5389 2542 5438 q.
2584 5386 2634 5424 v.
2662 5399 2725 5412 —
2762 5373 2783 5407 ²
2816 5373 2965 5434 Gen„
3005 5383 3167 5434 xvm,
3208 5374 3258 5435 5,
3294 5374 3342 5423 8.
3370 5399 3434 5411 —

1894 5450 1917 5487 ⁸
1937 5450 2132 5513 Genea,
2156 5459 2245 5510 v1,
2270 5451 2317 5500 2.
