<?xml version="1.0" encoding="UTF-8"?>
<!DOCTYPE html PUBLIC "-//W3C//DTD XHTML 1.0 Transitional//EN"
    "http://www.w3.org/TR/xhtml1/DTD/xhtml1-transitional.dtd">
<html xmlns="http://www.w3.org/1999/xhtml" xml:lang="en" lang="en">
 <head>
  <title>
</title>
<meta http-equiv="Content-Type" content="text/html;charset=utf-8" />
  <meta name='ocr-system' content='tesseract 3.04.00' />
  <meta name='ocr-capabilities' content='ocr_page ocr_carea ocr_par ocr_line ocrx_word'/>
</head>
<body>
  <div class='ocr_page' id='page_1' title='image "./srecardinalissb01peltgoog_0323.png"; bbox 0 0 4125 6225; ppageno 0'>
   <div class='ocr_carea' id='block_1_1' title="bbox 1 1098 217 1269">
    <p class='ocr_par' dir='ltr' id='par_1_1' title="bbox 1 1098 217 1269">
     <span class='ocr_line' id='line_1_1' title="bbox 47 1098 177 1143; baseline -0.008 0"><span class='ocrx_word' id='word_1_1' title='bbox 47 1098 177 1143; x_wconf 76' lang='lat' dir='ltr'>Pn&#39;us</span> 
     </span>
     <span class='ocr_line' id='line_1_2' title="bbox 1 1166 217 1217; baseline 0.005 -13"><span class='ocrx_word' id='word_1_2' title='bbox 1 1166 97 1217; x_wconf 74' lang='lat' dir='ltr'>quot</span> <span class='ocrx_word' id='word_1_3' title='bbox 121 1174 217 1205; x_wconf 77' lang='lat' dir='ltr'>mo-</span> 
     </span>
     <span class='ocr_line' id='line_1_3' title="bbox 1 1226 217 1269; baseline 0.009 -2"><span class='ocrx_word' id='word_1_4' title='bbox 1 1226 63 1267; x_wconf 76' lang='lat' dir='ltr'>dis</span> <span class='ocrx_word' id='word_1_5' title='bbox 95 1226 217 1269; x_wconf 74' lang='lat' dir='ltr'>dieu-</span> 
     </span>
    </p>
   </div>
   <div class='ocr_carea' id='block_1_2' title="bbox 1402 428 2266 497">
    <p class='ocr_par' dir='ltr' id='par_1_2' title="bbox 1402 428 2266 497">
     <span class='ocr_line' id='line_1_4' title="bbox 1402 428 2266 497; baseline 0.003 -3"><span class='ocrx_word' id='word_1_6' title='bbox 1402 428 1778 496; x_wconf 89' lang='lat' dir='ltr'>DISTINCT.</span> <span class='ocrx_word' id='word_1_7' title='bbox 1822 428 1900 495; x_wconf 92' lang='lat'>11.</span> <span class='ocrx_word' id='word_1_8' title='bbox 1944 430 2147 496; x_wconf 83' lang='lat' dir='ltr'><strong>PARS</strong></span> <span class='ocrx_word' id='word_1_9' title='bbox 2188 432 2266 497; x_wconf 92' lang='grc' dir='ltr'><strong>ΙΙ.</strong></span> 
     </span>
    </p>
   </div>
   <div class='ocr_carea' id='block_1_3' title="bbox 248 565 1805 5577">
    <p class='ocr_par' dir='ltr' id='par_1_3' title="bbox 248 565 1789 1078">
     <span class='ocr_line' id='line_1_5' title="bbox 250 565 1787 649; baseline 0.001 -21"><span class='ocrx_word' id='word_1_10' title='bbox 250 568 362 629; x_wconf 85' lang='lat' dir='ltr'>tur</span> <span class='ocrx_word' id='word_1_11' title='bbox 387 565 559 647; x_wconf 82' lang='lat' dir='ltr'>quod</span> <span class='ocrx_word' id='word_1_12' title='bbox 585 569 862 648; x_wconf 84' lang='lat' dir='ltr'>quatuor</span> <span class='ocrx_word' id='word_1_13' title='bbox 881 569 1034 631; x_wconf 87' lang='lat' dir='ltr'>sunt</span> <span class='ocrx_word' id='word_1_14' title='bbox 1048 567 1257 649; x_wconf 88' lang='lat' dir='ltr'>primo</span> <span class='ocrx_word' id='word_1_15' title='bbox 1282 572 1512 641; x_wconf 88' lang='lat' dir='ltr'>creata,</span> <span class='ocrx_word' id='word_1_16' title='bbox 1535 572 1598 629; x_wconf 90' lang='lat' dir='ltr'>et</span> <span class='ocrx_word' id='word_1_17' title='bbox 1616 566 1787 648; x_wconf 86' lang='lat' dir='ltr'>quod</span> 
     </span>
     <span class='ocr_line' id='line_1_6' title="bbox 250 673 1788 755; baseline -0.001 -18"><span class='ocrx_word' id='word_1_18' title='bbox 250 673 544 754; x_wconf 86' lang='lat' dir='ltr'>angelica</span> <span class='ocrx_word' id='word_1_19' title='bbox 562 676 792 736; x_wconf 88' lang='lat' dir='ltr'>natura</span> <span class='ocrx_word' id='word_1_20' title='bbox 809 677 871 737; x_wconf 87' lang='lat' dir='ltr'>et</span> <span class='ocrx_word' id='word_1_21' title='bbox 882 691 1184 755; x_wconf 84' lang='lat' dir='ltr'>corporea</span> <span class='ocrx_word' id='word_1_22' title='bbox 1201 673 1387 736; x_wconf 91' lang='lat' dir='ltr'>simul</span> <span class='ocrx_word' id='word_1_23' title='bbox 1399 677 1548 736; x_wconf 90' lang='lat' dir='ltr'>sunt</span> <span class='ocrx_word' id='word_1_24' title='bbox 1561 677 1788 736; x_wconf 81' lang='lat' dir='ltr'>creatae</span> 
     </span>
     <span class='ocr_line' id='line_1_7' title="bbox 248 780 1785 862; baseline -0.001 -19"><span class='ocrx_word' id='word_1_25' title='bbox 248 786 569 862; x_wconf 88' lang='lat' dir='ltr'>quantum</span> <span class='ocrx_word' id='word_1_26' title='bbox 608 781 685 843; x_wconf 89' lang='lat' dir='ltr'>ad</span> <span class='ocrx_word' id='word_1_27' title='bbox 731 798 1178 844; x_wconf 89' lang='lat' dir='ltr'>mensurarum</span> <span class='ocrx_word' id='word_1_28' title='bbox 1215 780 1785 859; x_wconf 74' lang='lat' dir='ltr'>concomitantiam,</span> 
     </span>
     <span class='ocr_line' id='line_1_8' title="bbox 249 887 1789 970; baseline 0 -21"><span class='ocrx_word' id='word_1_29' title='bbox 249 889 407 970; x_wconf 87' lang='lat' dir='ltr'>quia</span> <span class='ocrx_word' id='word_1_30' title='bbox 431 888 624 951; x_wconf 91' lang='lat' dir='ltr'>simul</span> <span class='ocrx_word' id='word_1_31' title='bbox 652 890 839 970; x_wconf 85' lang='lat' dir='ltr'>coepit</span> <span class='ocrx_word' id='word_1_32' title='bbox 872 887 1123 951; x_wconf 90' lang='lat' dir='ltr'>duratio</span> <span class='ocrx_word' id='word_1_33' title='bbox 1149 889 1431 951; x_wconf 72' lang='lat' dir='ltr'>materiae</span> <span class='ocrx_word' id='word_1_34' title='bbox 1454 893 1516 951; x_wconf 91' lang='lat' dir='ltr'>et</span> <span class='ocrx_word' id='word_1_35' title='bbox 1559 887 1789 951; x_wconf 92' lang='lat' dir='ltr'>intelli-</span> 
     </span>
     <span class='ocr_line' id='line_1_9' title="bbox 248 996 1221 1078; baseline 0 -19"><span class='ocrx_word' id='word_1_36' title='bbox 248 996 513 1076; x_wconf 83' lang='lat' dir='ltr'>gentiae,</span> <span class='ocrx_word' id='word_1_37' title='bbox 546 996 711 1059; x_wconf 89' lang='lat' dir='ltr'>sicut</span> <span class='ocrx_word' id='word_1_38' title='bbox 736 996 1079 1078; x_wconf 88' lang='lat' dir='ltr'>probatum</span> <span class='ocrx_word' id='word_1_39' title='bbox 1107 1000 1221 1059; x_wconf 90' lang='lat' dir='ltr'>est.</span> 
     </span>
    </p>

    <p class='ocr_par' dir='ltr' id='par_1_4' title="bbox 250 1101 1805 3229">
     <span class='ocr_line' id='line_1_10' title="bbox 335 1101 1793 1186; baseline -0.002 -19"><span class='ocrx_word' id='word_1_40' title='bbox 335 1109 365 1167; x_wconf 83' lang='lat'><strong>1</strong></span> <span class='ocrx_word' id='word_1_41' title='bbox 415 1109 480 1167; x_wconf 91' lang='lat' dir='ltr'>et</span> <span class='ocrx_word' id='word_1_42' title='bbox 527 1109 588 1167; x_wconf 78' lang='lat'>2.</span> <span class='ocrx_word' id='word_1_43' title='bbox 638 1103 813 1180; x_wconf 88' lang='lat' dir='ltr'>Quod</span> <span class='ocrx_word' id='word_1_44' title='bbox 864 1102 1161 1186; x_wconf 90' lang='lat' dir='ltr'>objicitur</span> <span class='ocrx_word' id='word_1_45' title='bbox 1205 1102 1377 1184; x_wconf 90' lang='lat' dir='ltr'>quod</span> <span class='ocrx_word' id='word_1_46' title='bbox 1427 1101 1600 1184; x_wconf 87' lang='lat' dir='ltr'>prior</span> <span class='ocrx_word' id='word_1_47' title='bbox 1649 1119 1793 1165; x_wconf 92' lang='lat' dir='ltr'>om-</span> 
     </span>
     <span class='ocr_line' id='line_1_11' title="bbox 250 1209 1793 1293; baseline -0.002 -18"><span class='ocrx_word' id='word_1_48' title='bbox 250 1211 463 1287; x_wconf 90' lang='lat' dir='ltr'>nium,</span> <span class='ocrx_word' id='word_1_49' title='bbox 496 1216 652 1288; x_wconf 89' lang='lat' dir='ltr'>etc.;</span> <span class='ocrx_word' id='word_1_50' title='bbox 690 1211 1031 1275; x_wconf 89' lang='lat' dir='ltr'>dicendum</span> <span class='ocrx_word' id='word_1_51' title='bbox 1065 1209 1259 1293; x_wconf 88' lang='lat' dir='ltr'>quod,</span> <span class='ocrx_word' id='word_1_52' title='bbox 1295 1210 1458 1273; x_wconf 89' lang='lat' dir='ltr'>sicut</span> <span class='ocrx_word' id='word_1_53' title='bbox 1479 1209 1631 1273; x_wconf 84' lang='lat' dir='ltr'>dicit</span> <span class='ocrx_word' id='word_1_54' title='bbox 1656 1209 1793 1272; x_wconf 90' lang='lat' dir='ltr'>Au-</span> 
     </span>
     <span class='ocr_line' id='line_1_12' title="bbox 254 1315 1798 1400; baseline -0.001 -20"><span class='ocrx_word' id='word_1_55' title='bbox 254 1319 559 1400; x_wconf 84' lang='lat' dir='ltr'>gustinus</span> <span class='ocrx_word' id='word_1_56' title='bbox 602 1317 671 1380; x_wconf 91' lang='lat' dir='ltr'>in</span> <span class='ocrx_word' id='word_1_57' title='bbox 717 1317 844 1381; x_wconf 87' lang='lat' dir='ltr'>fine</span> <span class='ocrx_word' id='word_1_58' title='bbox 882 1335 1011 1397; x_wconf 83' lang='lat' dir='ltr'>xu,</span> <span class='ocrx_word' id='word_1_59' title='bbox 1048 1317 1587 1397; x_wconf 74' lang='lat' dir='ltr'>confessionum¹‚</span> <span class='ocrx_word' id='word_1_60' title='bbox 1617 1315 1798 1398; x_wconf 87' lang='lat' dir='ltr'>prius</span> 
     </span>
     <span class='ocr_line' id='line_1_13' title="bbox 253 1424 1792 1508; baseline -0.005 -16"><span class='ocrx_word' id='word_1_61' title='bbox 253 1427 490 1492; x_wconf 86' lang='lat' dir='ltr'>dicitur</span> <span class='ocrx_word' id='word_1_62' title='bbox 531 1430 805 1508; x_wconf 87' lang='lat' dir='ltr'>quatuor</span> <span class='ocrx_word' id='word_1_63' title='bbox 847 1425 1087 1505; x_wconf 79' lang='lat' dir='ltr'>modiS,</span> <span class='ocrx_word' id='word_1_64' title='bbox 1134 1425 1367 1488; x_wconf 88' lang='lat' dir='ltr'>scilicet</span> <span class='ocrx_word' id='word_1_65' title='bbox 1409 1424 1792 1503; x_wconf 72' lang='lat' dir='ltr'>aeternitate,</span> 
     </span>
     <span class='ocr_line' id='line_1_14' title="bbox 254 1530 1797 1615; baseline -0.002 -18"><span class='ocrx_word' id='word_1_66' title='bbox 254 1537 564 1615; x_wconf 87' lang='lat' dir='ltr'>tempore,</span> <span class='ocrx_word' id='word_1_67' title='bbox 598 1533 921 1611; x_wconf 77' lang='lat' dir='ltr'>electione,</span> <span class='ocrx_word' id='word_1_68' title='bbox 943 1532 1214 1614; x_wconf 90' lang='lat' dir='ltr'>origine.</span> <span class='ocrx_word' id='word_1_69' title='bbox 1241 1530 1608 1595; x_wconf 88' lang='lat' dir='ltr'>AEternitate</span> <span class='ocrx_word' id='word_1_70' title='bbox 1631 1530 1797 1594; x_wconf 82' lang='lat' dir='ltr'>Deus</span> 
     </span>
     <span class='ocr_line' id='line_1_15' title="bbox 255 1620 1800 1724; baseline -0.003 -19"><span class='ocrx_word' id='word_1_71' title='bbox 255 1641 555 1724; x_wconf 81' lang='lat' dir='ltr'>praecedit</span> <span class='ocrx_word' id='word_1_72' title='bbox 570 1641 815 1718; x_wconf 82' lang='lat' dir='ltr'>omnia3</span> <span class='ocrx_word' id='word_1_73' title='bbox 837 1644 963 1703; x_wconf 90' lang='lat' dir='ltr'>tem</span> <span class='ocrx_word' id='word_1_74' title='bbox 974 1620 1145 1721; x_wconf 85' lang='lat' dir='ltr'>pore,</span> <span class='ocrx_word' id='word_1_75' title='bbox 1166 1639 1283 1702; x_wconf 86' lang='lat' dir='ltr'>flos</span> <span class='ocrx_word' id='word_1_76' title='bbox 1303 1639 1612 1715; x_wconf 82' lang='lat' dir='ltr'>fructum3</span> <span class='ocrx_word' id='word_1_77' title='bbox 1637 1637 1800 1702; x_wconf 89' lang='lat' dir='ltr'>elec-</span> 
     </span>
     <span class='ocr_line' id='line_1_16' title="bbox 258 1746 1792 1826; baseline -0.003 -15"><span class='ocrx_word' id='word_1_78' title='bbox 258 1749 454 1826; x_wconf 87' lang='lat' dir='ltr'>tione,</span> <span class='ocrx_word' id='word_1_79' title='bbox 474 1749 720 1813; x_wconf 84' lang='lat' dir='ltr'>fructus</span> <span class='ocrx_word' id='word_1_80' title='bbox 739 1748 964 1811; x_wconf 85' lang='lat' dir='ltr'>florem</span> <span class='ocrx_word' id='word_1_81' title='bbox 980 1769 995 1824; x_wconf 92' lang='lat'>;</span> <span class='ocrx_word' id='word_1_82' title='bbox 1022 1746 1294 1826; x_wconf 86' lang='lat' dir='ltr'>origine,</span> <span class='ocrx_word' id='word_1_83' title='bbox 1307 1763 1500 1809; x_wconf 90' lang='lat' dir='ltr'>sonus</span> <span class='ocrx_word' id='word_1_84' title='bbox 1510 1749 1792 1807; x_wconf 90' lang='lat' dir='ltr'>cantum.</span> 
     </span>
     <span class='ocr_line' id='line_1_17' title="bbox 261 1850 1800 1936; baseline -0.005 -17"><span class='ocrx_word' id='word_1_85' title='bbox 261 1854 593 1919; x_wconf 87' lang='lat' dir='ltr'>Prioritate</span> <span class='ocrx_word' id='word_1_86' title='bbox 640 1872 796 1936; x_wconf 89' lang='lat' dir='ltr'>ergo</span> <span class='ocrx_word' id='word_1_87' title='bbox 847 1852 1197 1918; x_wconf 81' lang='lat' dir='ltr'>durationis</span> <span class='ocrx_word' id='word_1_88' title='bbox 1220 1900 1238 1931; x_wconf 89' lang='lat'>,</span> <span class='ocrx_word' id='word_1_89' title='bbox 1292 1870 1411 1916; x_wconf 90' lang='lat' dir='ltr'>nec</span> <span class='ocrx_word' id='word_1_90' title='bbox 1458 1850 1800 1933; x_wconf 87' lang='lat' dir='ltr'>corporalis</span> 
     </span>
     <span class='ocr_line' id='line_1_18' title="bbox 258 1958 1801 2042; baseline -0.003 -16"><span class='ocrx_word' id='word_1_91' title='bbox 258 1966 493 2026; x_wconf 88' lang='lat' dir='ltr'>natura</span> <span class='ocrx_word' id='word_1_92' title='bbox 514 1966 661 2026; x_wconf 89' lang='lat' dir='ltr'>ante</span> <span class='ocrx_word' id='word_1_93' title='bbox 682 1961 1059 2042; x_wconf 81' lang='lat' dir='ltr'>angelicam,</span> <span class='ocrx_word' id='word_1_94' title='bbox 1082 1978 1201 2023; x_wconf 89' lang='lat' dir='ltr'>nec</span> <span class='ocrx_word' id='word_1_95' title='bbox 1216 1978 1251 2023; x_wconf 93' lang='lat' dir='ltr'>e</span> <span class='ocrx_word' id='word_1_96' title='bbox 1273 1977 1609 2036; x_wconf 88' lang='lat' dir='ltr'>converso;</span> <span class='ocrx_word' id='word_1_97' title='bbox 1631 1958 1801 2040; x_wconf 91' lang='lat' dir='ltr'>prio-</span> 
     </span>
     <span class='ocr_line' id='line_1_19' title="bbox 258 2066 1800 2149; baseline -0.003 -17"><span class='ocrx_word' id='word_1_98' title='bbox 258 2069 444 2133; x_wconf 81' lang='lat' dir='ltr'>ritate</span> <span class='ocrx_word' id='word_1_99' title='bbox 471 2073 687 2134; x_wconf 89' lang='lat' dir='ltr'>autem</span> <span class='ocrx_word' id='word_1_100' title='bbox 713 2068 1055 2145; x_wconf 81' lang='lat' dir='ltr'>electioniS,</span> <span class='ocrx_word' id='word_1_101' title='bbox 1078 2068 1214 2132; x_wconf 88' lang='lat' dir='ltr'>sive</span> <span class='ocrx_word' id='word_1_102' title='bbox 1244 2066 1593 2149; x_wconf 89' lang='lat' dir='ltr'>dignitatis,</span> <span class='ocrx_word' id='word_1_103' title='bbox 1626 2066 1800 2148; x_wconf 92' lang='lat' dir='ltr'>prior</span> 
     </span>
     <span class='ocr_line' id='line_1_20' title="bbox 259 2172 1800 2258; baseline -0.003 -18"><span class='ocrx_word' id='word_1_104' title='bbox 259 2178 554 2240; x_wconf 90' lang='lat' dir='ltr'>omnium</span> <span class='ocrx_word' id='word_1_105' title='bbox 578 2181 787 2240; x_wconf 88' lang='lat' dir='ltr'>creata</span> <span class='ocrx_word' id='word_1_106' title='bbox 808 2181 903 2241; x_wconf 90' lang='lat' dir='ltr'>est</span> <span class='ocrx_word' id='word_1_107' title='bbox 918 2175 1248 2258; x_wconf 87' lang='lat' dir='ltr'>sapientia.</span> <span class='ocrx_word' id='word_1_108' title='bbox 1274 2175 1373 2238; x_wconf 89' lang='lat' dir='ltr'>Ad</span> <span class='ocrx_word' id='word_1_109' title='bbox 1397 2172 1800 2237; x_wconf 80' lang='lat' dir='ltr'>auctoritates</span> 
     </span>
     <span class='ocr_line' id='line_1_21' title="bbox 260 2277 1799 2363; baseline -0.005 -16"><span class='ocrx_word' id='word_1_110' title='bbox 260 2284 484 2348; x_wconf 88' lang='lat' dir='ltr'>Hilarii</span> <span class='ocrx_word' id='word_1_111' title='bbox 530 2289 591 2348; x_wconf 92' lang='lat' dir='ltr'>et</span> <span class='ocrx_word' id='word_1_112' title='bbox 635 2284 886 2360; x_wconf 83' lang='lat' dir='ltr'>Isidori,</span> <span class='ocrx_word' id='word_1_113' title='bbox 933 2281 1270 2347; x_wconf 90' lang='lat' dir='ltr'>dicendum</span> <span class='ocrx_word' id='word_1_114' title='bbox 1316 2280 1487 2363; x_wconf 83' lang='lat' dir='ltr'>quod</span> <span class='ocrx_word' id='word_1_115' title='bbox 1531 2279 1651 2362; x_wconf 90' lang='lat' dir='ltr'>ipsi</span> <span class='ocrx_word' id='word_1_116' title='bbox 1698 2277 1799 2341; x_wconf 86' lang='lat' dir='ltr'>lo-</span> 
     </span>
     <span class='ocr_line' id='line_1_22' title="bbox 259 2388 1798 2474; baseline -0.005 -17"><span class='ocrx_word' id='word_1_117' title='bbox 259 2397 555 2474; x_wconf 87' lang='lat' dir='ltr'>quuntur</span> <span class='ocrx_word' id='word_1_118' title='bbox 604 2391 957 2455; x_wconf 88' lang='lat' dir='ltr'>secundum</span> <span class='ocrx_word' id='word_1_119' title='bbox 997 2390 1174 2453; x_wconf 89' lang='lat' dir='ltr'>illam</span> <span class='ocrx_word' id='word_1_120' title='bbox 1220 2388 1595 2471; x_wconf 87' lang='lat' dir='ltr'>positionem</span> <span class='ocrx_word' id='word_1_121' title='bbox 1651 2402 1798 2468; x_wconf 83' lang='lat' dir='ltr'>quae</span> 
     </span>
     <span class='ocr_line' id='line_1_23' title="bbox 256 2493 1800 2582; baseline -0.005 -19"><span class='ocrx_word' id='word_1_122' title='bbox 256 2499 476 2582; x_wconf 88' lang='lat' dir='ltr'>posuit</span> <span class='ocrx_word' id='word_1_123' title='bbox 517 2499 899 2563; x_wconf 84' lang='lat' dir='ltr'>creationem</span> <span class='ocrx_word' id='word_1_124' title='bbox 941 2502 1228 2579; x_wconf 90' lang='lat' dir='ltr'>tempore</span> <span class='ocrx_word' id='word_1_125' title='bbox 1271 2495 1626 2578; x_wconf 58' lang='lat' dir='ltr'>praecedere</span> <span class='ocrx_word' id='word_1_126' title='bbox 1666 2493 1800 2555; x_wconf 88' lang='lat' dir='ltr'>dis-</span> 
     </span>
     <span class='ocr_line' id='line_1_24' title="bbox 256 2603 1802 2688; baseline -0.005 -17"><span class='ocrx_word' id='word_1_127' title='bbox 256 2609 671 2671; x_wconf 77' lang='lat' dir='ltr'>tinctionem:</span> <span class='ocrx_word' id='word_1_128' title='bbox 711 2607 882 2671; x_wconf 88' lang='lat' dir='ltr'>unde</span> <span class='ocrx_word' id='word_1_129' title='bbox 910 2606 980 2669; x_wconf 90' lang='lat' dir='ltr'>in</span> <span class='ocrx_word' id='word_1_130' title='bbox 1014 2605 1325 2688; x_wconf 90' lang='lat' dir='ltr'>principio</span> <span class='ocrx_word' id='word_1_131' title='bbox 1350 2603 1653 2686; x_wconf 84' lang='lat' dir='ltr'>temporis</span> <span class='ocrx_word' id='word_1_132' title='bbox 1680 2620 1802 2664; x_wconf 88' lang='lat' dir='ltr'>an-</span> 
     </span>
     <span class='ocr_line' id='line_1_25' title="bbox 257 2711 1803 2799; baseline -0.005 -19"><span class='ocrx_word' id='word_1_133' title='bbox 257 2716 451 2799; x_wconf 83' lang='lat' dir='ltr'>gelus</span> <span class='ocrx_word' id='word_1_134' title='bbox 486 2721 550 2779; x_wconf 90' lang='lat' dir='ltr'>et</span> <span class='ocrx_word' id='word_1_135' title='bbox 591 2715 856 2779; x_wconf 89' lang='lat' dir='ltr'>materia</span> <span class='ocrx_word' id='word_1_136' title='bbox 902 2718 1054 2778; x_wconf 89' lang='lat' dir='ltr'>sunt</span> <span class='ocrx_word' id='word_1_137' title='bbox 1091 2716 1333 2791; x_wconf 89' lang='lat' dir='ltr'>creata;</span> <span class='ocrx_word' id='word_1_138' title='bbox 1376 2711 1486 2775; x_wconf 87' lang='lat' dir='ltr'>sed</span> <span class='ocrx_word' id='word_1_139' title='bbox 1525 2728 1627 2773; x_wconf 91' lang='lat' dir='ltr'>res</span> <span class='ocrx_word' id='word_1_140' title='bbox 1669 2726 1803 2773; x_wconf 90' lang='lat' dir='ltr'>non</span> 
     </span>
     <span class='ocr_line' id='line_1_26' title="bbox 256 2816 1805 2904; baseline -0.005 -16"><span class='ocrx_word' id='word_1_141' title='bbox 256 2824 526 2888; x_wconf 84' lang='lat' dir='ltr'>fuerunt</span> <span class='ocrx_word' id='word_1_142' title='bbox 545 2824 852 2887; x_wconf 64' lang='lat' dir='ltr'>distinctae</span> <span class='ocrx_word' id='word_1_143' title='bbox 871 2840 1075 2904; x_wconf 88' lang='lat' dir='ltr'>usque</span> <span class='ocrx_word' id='word_1_144' title='bbox 1098 2821 1179 2884; x_wconf 89' lang='lat' dir='ltr'>ad</span> <span class='ocrx_word' id='word_1_145' title='bbox 1196 2820 1459 2884; x_wconf 87' lang='lat' dir='ltr'>tertium</span> <span class='ocrx_word' id='word_1_146' title='bbox 1478 2818 1667 2883; x_wconf 88' lang='lat' dir='ltr'>diem.</span> <span class='ocrx_word' id='word_1_147' title='bbox 1689 2816 1805 2881; x_wconf 79' lang='lat' dir='ltr'>Vel</span> 
     </span>
     <span class='ocr_line' id='line_1_27' title="bbox 258 2926 1802 3015; baseline -0.005 -19"><span class='ocrx_word' id='word_1_148' title='bbox 258 2936 472 3015; x_wconf 88' lang='lat' dir='ltr'>potest</span> <span class='ocrx_word' id='word_1_149' title='bbox 501 2932 623 2995; x_wconf 90' lang='lat' dir='ltr'>dici</span> <span class='ocrx_word' id='word_1_150' title='bbox 647 2931 817 3013; x_wconf 89' lang='lat' dir='ltr'>quod</span> <span class='ocrx_word' id='word_1_151' title='bbox 847 2929 1125 2993; x_wconf 82' lang='lat' dir='ltr'>Hilarius</span> <span class='ocrx_word' id='word_1_152' title='bbox 1142 2926 1425 3009; x_wconf 87' lang='lat' dir='ltr'>loquitur</span> <span class='ocrx_word' id='word_1_153' title='bbox 1448 2926 1802 2990; x_wconf 87' lang='lat' dir='ltr'>secundum</span> 
     </span>
     <span class='ocr_line' id='line_1_28' title="bbox 260 3032 1805 3122; baseline -0.005 -19"><span class='ocrx_word' id='word_1_154' title='bbox 260 3040 633 3122; x_wconf 87' lang='lat' dir='ltr'>opinionem</span> <span class='ocrx_word' id='word_1_155' title='bbox 661 3037 958 3117; x_wconf 88' lang='lat' dir='ltr'>aliorum,</span> <span class='ocrx_word' id='word_1_156' title='bbox 983 3040 1047 3099; x_wconf 88' lang='lat' dir='ltr'>et</span> <span class='ocrx_word' id='word_1_157' title='bbox 1070 3033 1351 3098; x_wconf 88' lang='lat' dir='ltr'>Isidorus</span> <span class='ocrx_word' id='word_1_158' title='bbox 1379 3033 1455 3097; x_wconf 94' lang='lat' dir='ltr'>de</span> <span class='ocrx_word' id='word_1_159' title='bbox 1480 3032 1805 3116; x_wconf 85' lang='lat' dir='ltr'>prioritate</span> 
     </span>
     <span class='ocr_line' id='line_1_29' title="bbox 261 3145 1356 3229; baseline -0.007 -17"><span class='ocrx_word' id='word_1_160' title='bbox 261 3148 624 3212; x_wconf 88' lang='lat' dir='ltr'>secundum</span> <span class='ocrx_word' id='word_1_161' title='bbox 652 3145 1123 3229; x_wconf 80' lang='lat' dir='ltr'>praevisionem.</span> <span class='ocrx_word' id='word_1_162' title='bbox 1347 3178 1356 3192; x_wconf 91' lang='lat'>·</span> 
     </span>
    </p>

    <p class='ocr_par' dir='ltr' id='par_1_5' title="bbox 254 3183 1804 4394">
     <span class='ocr_line' id='line_1_30' title="bbox 349 3183 1802 3335; baseline -0.006 -17"><span class='ocrx_word' id='word_1_163' title='bbox 349 3260 408 3318; x_wconf 87' lang='grc'>3.</span> <span class='ocrx_word' id='word_1_164' title='bbox 439 3252 618 3331; x_wconf 88' lang='lat' dir='ltr'>Quod</span> <span class='ocrx_word' id='word_1_165' title='bbox 645 3253 941 3335; x_wconf 87' lang='lat' dir='ltr'>objicitur</span> <span class='ocrx_word' id='word_1_166' title='bbox 965 3250 1137 3334; x_wconf 86' lang='lat' dir='ltr'>quod</span> <span class='ocrx_word' id='word_1_167' title='bbox 1162 3248 1329 3314; x_wconf 90' lang='lat' dir='ltr'>Deus</span> <span class='ocrx_word' id='word_1_168' title='bbox 1354 3252 1551 3312; x_wconf 88' lang='lat' dir='ltr'>totam</span> <span class='ocrx_word' id='word_1_169' title='bbox 1578 3183 1802 3330; x_wconf 81' lang='lat' dir='ltr'>poten-</span> 
     </span>
     <span class='ocr_line' id='line_1_31' title="bbox 260 3355 1801 3444; baseline -0.009 -14"><span class='ocrx_word' id='word_1_170' title='bbox 260 3363 424 3431; x_wconf 85' lang='lat' dir='ltr'>tiam</span> <span class='ocrx_word' id='word_1_171' title='bbox 467 3361 730 3444; x_wconf 86' lang='lat' dir='ltr'>exponit</span> <span class='ocrx_word' id='word_1_172' title='bbox 774 3360 853 3424; x_wconf 90' lang='lat' dir='ltr'>ad</span> <span class='ocrx_word' id='word_1_173' title='bbox 900 3358 1384 3442; x_wconf 88' lang='lat' dir='ltr'>productionem</span> <span class='ocrx_word' id='word_1_174' title='bbox 1426 3355 1623 3419; x_wconf 91' lang='lat' dir='ltr'>unius</span> <span class='ocrx_word' id='word_1_175' title='bbox 1666 3355 1801 3433; x_wconf 83' lang='lat' dir='ltr'>rei,</span> 
     </span>
     <span class='ocr_line' id='line_1_32' title="bbox 262 3465 1801 3550; baseline -0.007 -15"><span class='ocrx_word' id='word_1_176' title='bbox 262 3470 612 3534; x_wconf 87' lang='lat' dir='ltr'>dicendum</span> <span class='ocrx_word' id='word_1_177' title='bbox 663 3468 833 3550; x_wconf 87' lang='lat' dir='ltr'>quod</span> <span class='ocrx_word' id='word_1_178' title='bbox 887 3465 1180 3548; x_wconf 86' lang='lat' dir='ltr'>quamvis</span> <span class='ocrx_word' id='word_1_179' title='bbox 1235 3468 1434 3528; x_wconf 89' lang='lat' dir='ltr'>totam</span> <span class='ocrx_word' id='word_1_180' title='bbox 1489 3465 1801 3545; x_wconf 75' lang='lat' dir='ltr'>exponat,</span> 
     </span>
     <span class='ocr_line' id='line_1_33' title="bbox 262 3570 1801 3656; baseline -0.005 -15"><span class='ocrx_word' id='word_1_181' title='bbox 262 3595 399 3641; x_wconf 90' lang='lat' dir='ltr'>non</span> <span class='ocrx_word' id='word_1_182' title='bbox 451 3580 667 3640; x_wconf 88' lang='lat' dir='ltr'>tamen</span> <span class='ocrx_word' id='word_1_183' title='bbox 712 3575 987 3639; x_wconf 88' lang='lat' dir='ltr'>totaliter</span> <span class='ocrx_word' id='word_1_184' title='bbox 1031 3573 1334 3656; x_wconf 84' lang='lat' dir='ltr'>exponit:</span> <span class='ocrx_word' id='word_1_185' title='bbox 1375 3571 1584 3635; x_wconf 86' lang='lat' dir='ltr'>virtus</span> <span class='ocrx_word' id='word_1_186' title='bbox 1628 3570 1801 3634; x_wconf 92' lang='lat' dir='ltr'>enim</span> 
     </span>
     <span class='ocr_line' id='line_1_34' title="bbox 261 3677 1804 3760; baseline -0.005 -12"><span class='ocrx_word' id='word_1_187' title='bbox 261 3683 486 3748; x_wconf 86' lang='lat' dir='ltr'>divina</span> <span class='ocrx_word' id='word_1_188' title='bbox 530 3700 661 3748; x_wconf 92' lang='lat' dir='ltr'>non</span> <span class='ocrx_word' id='word_1_189' title='bbox 710 3685 962 3745; x_wconf 89' lang='lat' dir='ltr'>tantum</span> <span class='ocrx_word' id='word_1_190' title='bbox 1024 3680 1258 3744; x_wconf 90' lang='lat' dir='ltr'>dicitur</span> <span class='ocrx_word' id='word_1_191' title='bbox 1306 3678 1588 3754; x_wconf 87' lang='lat' dir='ltr'>infinita,</span> <span class='ocrx_word' id='word_1_192' title='bbox 1649 3677 1804 3760; x_wconf 87' lang='lat' dir='ltr'>quia</span> 
     </span>
     <span class='ocr_line' id='line_1_35' title="bbox 260 3784 1803 3875; baseline -0.005 -19"><span class='ocrx_word' id='word_1_193' title='bbox 260 3793 464 3875; x_wconf 85' lang='lat' dir='ltr'>possit</span> <span class='ocrx_word' id='word_1_194' title='bbox 487 3791 565 3857; x_wconf 92' lang='lat' dir='ltr'>de</span> <span class='ocrx_word' id='word_1_195' title='bbox 594 3808 723 3854; x_wconf 91' lang='lat' dir='ltr'>non</span> <span class='ocrx_word' id='word_1_196' title='bbox 751 3794 896 3853; x_wconf 90' lang='lat' dir='ltr'>ente</span> <span class='ocrx_word' id='word_1_197' title='bbox 914 3790 1117 3852; x_wconf 88' lang='lat' dir='ltr'>facere</span> <span class='ocrx_word' id='word_1_198' title='bbox 1139 3803 1274 3865; x_wconf 74' lang='lat' dir='ltr'>ena,</span> <span class='ocrx_word' id='word_1_199' title='bbox 1306 3784 1415 3850; x_wconf 83' lang='lat' dir='ltr'>sed</span> <span class='ocrx_word' id='word_1_200' title='bbox 1440 3785 1632 3848; x_wconf 91' lang='lat' dir='ltr'>etiam</span> <span class='ocrx_word' id='word_1_201' title='bbox 1652 3786 1803 3868; x_wconf 86' lang='lat' dir='ltr'>quia</span> 
     </span>
     <span class='ocr_line' id='line_1_36' title="bbox 260 3892 1802 3981; baseline -0.005 -18"><span class='ocrx_word' id='word_1_202' title='bbox 260 3917 398 3964; x_wconf 92' lang='lat' dir='ltr'>non</span> <span class='ocrx_word' id='word_1_203' title='bbox 423 3901 625 3981; x_wconf 89' lang='lat' dir='ltr'>potest</span> <span class='ocrx_word' id='word_1_204' title='bbox 649 3900 762 3976; x_wconf 91' lang='lat' dir='ltr'>tot,</span> <span class='ocrx_word' id='word_1_205' title='bbox 795 3897 954 3979; x_wconf 85' lang='lat' dir='ltr'>quin</span> <span class='ocrx_word' id='word_1_206' title='bbox 977 3894 1171 3977; x_wconf 86' lang='lat' dir='ltr'>possit</span> <span class='ocrx_word' id='word_1_207' title='bbox 1187 3893 1410 3977; x_wconf 89' lang='lat' dir='ltr'>plura:</span> <span class='ocrx_word' id='word_1_208' title='bbox 1442 3892 1613 3958; x_wconf 91' lang='lat' dir='ltr'>unde</span> <span class='ocrx_word' id='word_1_209' title='bbox 1638 3910 1802 3956; x_wconf 91' lang='lat' dir='ltr'>nun-</span> 
     </span>
     <span class='ocr_line' id='line_1_37' title="bbox 259 3999 1803 4086; baseline -0.005 -17"><span class='ocrx_word' id='word_1_210' title='bbox 259 4023 460 4086; x_wconf 86' lang='lat' dir='ltr'>quam</span> <span class='ocrx_word' id='word_1_211' title='bbox 489 4007 582 4069; x_wconf 90' lang='lat' dir='ltr'>tot</span> <span class='ocrx_word' id='word_1_212' title='bbox 607 4003 799 4067; x_wconf 90' lang='lat' dir='ltr'>simul</span> <span class='ocrx_word' id='word_1_213' title='bbox 836 4001 1145 4085; x_wconf 88' lang='lat' dir='ltr'>producit,</span> <span class='ocrx_word' id='word_1_214' title='bbox 1176 3999 1337 4082; x_wconf 89' lang='lat' dir='ltr'>quin</span> <span class='ocrx_word' id='word_1_215' title='bbox 1368 3999 1577 4064; x_wconf 85' lang='lat' dir='ltr'>adhuc</span> <span class='ocrx_word' id='word_1_216' title='bbox 1606 4000 1803 4081; x_wconf 86' lang='lat' dir='ltr'>possit</span> 
     </span>
     <span class='ocr_line' id='line_1_38' title="bbox 254 4107 1799 4198; baseline -0.006 -19"><span class='ocrx_word' id='word_1_217' title='bbox 254 4115 482 4198; x_wconf 83' lang='lat' dir='ltr'>plura3</span> <span class='ocrx_word' id='word_1_218' title='bbox 516 4113 688 4177; x_wconf 88' lang='lat' dir='ltr'>unde</span> <span class='ocrx_word' id='word_1_219' title='bbox 712 4114 942 4195; x_wconf 90' lang='lat' dir='ltr'>potest,</span> <span class='ocrx_word' id='word_1_220' title='bbox 971 4112 1285 4192; x_wconf 87' lang='lat' dir='ltr'>quantum</span> <span class='ocrx_word' id='word_1_221' title='bbox 1311 4112 1405 4172; x_wconf 89' lang='lat' dir='ltr'>est</span> <span class='ocrx_word' id='word_1_222' title='bbox 1431 4108 1508 4172; x_wconf 91' lang='lat' dir='ltr'>de</span> <span class='ocrx_word' id='word_1_223' title='bbox 1526 4126 1615 4186; x_wconf 91' lang='lat' dir='ltr'>se,</span> <span class='ocrx_word' id='word_1_224' title='bbox 1643 4107 1799 4170; x_wconf 91' lang='lat' dir='ltr'>infl-</span> 
     </span>
     <span class='ocr_line' id='line_1_39' title="bbox 255 4214 1799 4286; baseline -0.005 0"><span class='ocrx_word' id='word_1_225' title='bbox 255 4222 472 4286; x_wconf 86' lang='lat' dir='ltr'>nitum</span> <span class='ocrx_word' id='word_1_226' title='bbox 504 4217 860 4283; x_wconf 87' lang='lat' dir='ltr'>intensione</span> <span class='ocrx_word' id='word_1_227' title='bbox 886 4220 952 4280; x_wconf 86' lang='lat' dir='ltr'>et</span> <span class='ocrx_word' id='word_1_228' title='bbox 973 4215 1376 4280; x_wconf 83' lang='lat' dir='ltr'>extensione:</span> <span class='ocrx_word' id='word_1_229' title='bbox 1408 4218 1473 4278; x_wconf 91' lang='lat' dir='ltr'>et</span> <span class='ocrx_word' id='word_1_230' title='bbox 1498 4214 1641 4279; x_wconf 91' lang='lat' dir='ltr'>ideo</span> <span class='ocrx_word' id='word_1_231' title='bbox 1667 4232 1799 4278; x_wconf 91' lang='lat' dir='ltr'>non</span> 
     </span>
     <span class='ocr_line' id='line_1_40' title="bbox 258 4327 644 4394; baseline -0.008 0"><span class='ocrx_word' id='word_1_232' title='bbox 258 4330 433 4394; x_wconf 85' lang='lat' dir='ltr'>valet</span> <span class='ocrx_word' id='word_1_233' title='bbox 463 4327 644 4392; x_wconf 88' lang='lat' dir='ltr'>illud.</span> 
     </span>
    </p>

    <p class='ocr_par' dir='ltr' id='par_1_6' title="bbox 255 4427 1799 5369">
     <span class='ocr_line' id='line_1_41' title="bbox 339 4427 1799 4516; baseline -0.007 -16"><span class='ocrx_word' id='word_1_234' title='bbox 339 4440 403 4500; x_wconf 72' lang='lat'>4.</span> <span class='ocrx_word' id='word_1_235' title='bbox 449 4433 633 4512; x_wconf 88' lang='lat' dir='ltr'>Quod</span> <span class='ocrx_word' id='word_1_236' title='bbox 657 4432 962 4516; x_wconf 87' lang='lat' dir='ltr'>objicitur</span> <span class='ocrx_word' id='word_1_237' title='bbox 982 4431 1059 4494; x_wconf 92' lang='lat' dir='ltr'>de</span> <span class='ocrx_word' id='word_1_238' title='bbox 1089 4429 1359 4512; x_wconf 87' lang='lat' dir='ltr'>simplici</span> <span class='ocrx_word' id='word_1_239' title='bbox 1374 4476 1392 4506; x_wconf 91' lang='lat'><strong>‚</strong></span> <span class='ocrx_word' id='word_1_240' title='bbox 1422 4427 1799 4492; x_wconf 80' lang='lat' dir='ltr'>illud-habet</span> 
     </span>
     <span class='ocr_line' id='line_1_42' title="bbox 255 4534 1799 4620; baseline -0.006 -11"><span class='ocrx_word' id='word_1_241' title='bbox 255 4544 474 4608; x_wconf 91' lang='lat' dir='ltr'>locum</span> <span class='ocrx_word' id='word_1_242' title='bbox 515 4559 665 4605; x_wconf 89' lang='lat' dir='ltr'>cum</span> <span class='ocrx_word' id='word_1_243' title='bbox 702 4539 810 4603; x_wconf 90' lang='lat' dir='ltr'>illo</span> <span class='ocrx_word' id='word_1_244' title='bbox 851 4537 1148 4620; x_wconf 88' lang='lat' dir='ltr'>simplici,</span> <span class='ocrx_word' id='word_1_245' title='bbox 1174 4537 1267 4600; x_wconf 85' lang='lat' dir='ltr'>&#39;in</span> <span class='ocrx_word' id='word_1_246' title='bbox 1310 4553 1439 4618; x_wconf 86' lang='lat' dir='ltr'>quo</span> <span class='ocrx_word' id='word_1_247' title='bbox 1474 4534 1667 4598; x_wconf 88' lang='lat' dir='ltr'>simul</span> <span class='ocrx_word' id='word_1_248' title='bbox 1703 4538 1799 4599; x_wconf 88' lang='lat' dir='ltr'>est</span> 
     </span>
     <span class='ocr_line' id='line_1_43' title="bbox 259 4642 1799 4734; baseline -0.006 -19"><span class='ocrx_word' id='word_1_249' title='bbox 259 4649 628 4734; x_wconf 83' lang='lat' dir='ltr'>simplicitas</span> <span class='ocrx_word' id='word_1_250' title='bbox 655 4650 720 4712; x_wconf 86' lang='lat' dir='ltr'>et</span> <span class='ocrx_word' id='word_1_251' title='bbox 752 4645 995 4724; x_wconf 77' lang='lat' dir='ltr'>finitas:</span> <span class='ocrx_word' id='word_1_252' title='bbox 1025 4644 1135 4709; x_wconf 85' lang='lat' dir='ltr'>sed</span> <span class='ocrx_word' id='word_1_253' title='bbox 1166 4644 1243 4707; x_wconf 89' lang='lat' dir='ltr'>de</span> <span class='ocrx_word' id='word_1_254' title='bbox 1285 4643 1395 4707; x_wconf 88' lang='lat' dir='ltr'>illo</span> <span class='ocrx_word' id='word_1_255' title='bbox 1431 4642 1599 4725; x_wconf 87' lang='lat' dir='ltr'>quod</span> <span class='ocrx_word' id='word_1_256' title='bbox 1641 4643 1799 4706; x_wconf 86' lang='lat' dir='ltr'>sim-</span> 
     </span>
     <span class='ocr_line' id='line_1_44' title="bbox 258 4750 1795 4844; baseline -0.008 -19"><span class='ocrx_word' id='word_1_257' title='bbox 258 4760 411 4844; x_wconf 89' lang='lat' dir='ltr'>plex</span> <span class='ocrx_word' id='word_1_258' title='bbox 449 4761 573 4834; x_wconf 87' lang='lat' dir='ltr'>est,</span> <span class='ocrx_word' id='word_1_259' title='bbox 603 4760 668 4821; x_wconf 87' lang='lat' dir='ltr'>et</span> <span class='ocrx_word' id='word_1_260' title='bbox 701 4754 1029 4819; x_wconf 80' lang='lat' dir='ltr'>infinitum</span> <span class='ocrx_word' id='word_1_261' title='bbox 1053 4752 1245 4816; x_wconf 86' lang='lat' dir='ltr'>simul</span> <span class='ocrx_word' id='word_1_262' title='bbox 1275 4755 1338 4816; x_wconf 89' lang='lat' dir='ltr'>et</span> <span class='ocrx_word' id='word_1_263' title='bbox 1367 4750 1585 4827; x_wconf 85' lang='lat' dir='ltr'>semel,</span> <span class='ocrx_word' id='word_1_264' title='bbox 1617 4750 1795 4814; x_wconf 89' lang='lat' dir='ltr'>veri-</span> 
     </span>
     <span class='ocr_line' id='line_1_45' title="bbox 259 4858 1796 4935; baseline -0.005 -3"><span class='ocrx_word' id='word_1_265' title='bbox 259 4873 455 4933; x_wconf 81' lang='lat' dir='ltr'>tatem</span> <span class='ocrx_word' id='word_1_266' title='bbox 494 4883 630 4929; x_wconf 92' lang='lat' dir='ltr'>non</span> <span class='ocrx_word' id='word_1_267' title='bbox 663 4863 851 4927; x_wconf 87' lang='lat' dir='ltr'>habet</span> <span class='ocrx_word' id='word_1_268' title='bbox 883 4883 898 4926; x_wconf 91' lang='lat'>:</span> <span class='ocrx_word' id='word_1_269' title='bbox 947 4860 1105 4924; x_wconf 88' lang='lat' dir='ltr'>illud</span> <span class='ocrx_word' id='word_1_270' title='bbox 1141 4859 1314 4924; x_wconf 84' lang='lat' dir='ltr'>enim</span> <span class='ocrx_word' id='word_1_271' title='bbox 1329 4907 1346 4935; x_wconf 94' lang='lat'>‚</span> <span class='ocrx_word' id='word_1_272' title='bbox 1394 4859 1515 4924; x_wconf 85' lang='lat' dir='ltr'>etsi</span> <span class='ocrx_word' id='word_1_273' title='bbox 1550 4858 1796 4924; x_wconf 87' lang='lat' dir='ltr'>ratione</span> 
     </span>
     <span class='ocr_line' id='line_1_46' title="bbox 256 4966 1796 5060; baseline -0.006 -18"><span class='ocrx_word' id='word_1_274' title='bbox 256 4972 672 5060; x_wconf 82' lang='lat' dir='ltr'>simplicitatis</span> <span class='ocrx_word' id='word_1_275' title='bbox 720 4974 931 5034; x_wconf 91' lang='lat' dir='ltr'>totum</span> <span class='ocrx_word' id='word_1_276' title='bbox 976 4987 1045 5033; x_wconf 88' lang='lat' dir='ltr'>se</span> <span class='ocrx_word' id='word_1_277' title='bbox 1098 4970 1425 5032; x_wconf 83' lang='lat' dir='ltr'>convertat</span> <span class='ocrx_word' id='word_1_278' title='bbox 1472 4966 1552 5031; x_wconf 90' lang='lat' dir='ltr'>ad</span> <span class='ocrx_word' id='word_1_279' title='bbox 1603 4967 1667 5031; x_wconf 90' lang='lat' dir='ltr'>id</span> <span class='ocrx_word' id='word_1_280' title='bbox 1714 4967 1796 5032; x_wconf 87' lang='lat' dir='ltr'>ad</span> 
     </span>
     <span class='ocr_line' id='line_1_47' title="bbox 258 5073 1797 5168; baseline -0.008 -19"><span class='ocrx_word' id='word_1_281' title='bbox 258 5083 429 5168; x_wconf 83' lang='lat' dir='ltr'>qnod</span> <span class='ocrx_word' id='word_1_282' title='bbox 476 5100 544 5145; x_wconf 88' lang='lat' dir='ltr'>se</span> <span class='ocrx_word' id='word_1_283' title='bbox 587 5079 920 5157; x_wconf 87' lang='lat' dir='ltr'>convertit,</span> <span class='ocrx_word' id='word_1_284' title='bbox 960 5079 1180 5141; x_wconf 86' lang='lat' dir='ltr'>tamen</span> <span class='ocrx_word' id='word_1_285' title='bbox 1222 5075 1468 5139; x_wconf 87' lang='lat' dir='ltr'>ratione</span> <span class='ocrx_word' id='word_1_286' title='bbox 1519 5073 1797 5137; x_wconf 90' lang='lat' dir='ltr'>immen-</span> 
     </span>
     <span class='ocr_line' id='line_1_48' title="bbox 256 5183 1796 5271; baseline -0.007 -13"><span class='ocrx_word' id='word_1_287' title='bbox 256 5193 457 5258; x_wconf 86' lang='lat' dir='ltr'>sitatis</span> <span class='ocrx_word' id='word_1_288' title='bbox 478 5205 819 5271; x_wconf 88' lang='lat' dir='ltr'>nunquam</span> <span class='ocrx_word' id='word_1_289' title='bbox 841 5205 908 5251; x_wconf 87' lang='lat' dir='ltr'>se</span> <span class='ocrx_word' id='word_1_290' title='bbox 934 5185 1205 5249; x_wconf 87' lang='lat' dir='ltr'>totaliter</span> <span class='ocrx_word' id='word_1_291' title='bbox 1228 5183 1307 5247; x_wconf 87' lang='lat' dir='ltr'>ad</span> <span class='ocrx_word' id='word_1_292' title='bbox 1326 5183 1622 5249; x_wconf 82' lang='lat' dir='ltr'>effectum</span> <span class='ocrx_word' id='word_1_293' title='bbox 1648 5201 1796 5267; x_wconf 90' lang='lat' dir='ltr'>pro-</span> 
     </span>
     <span class='ocr_line' id='line_1_49' title="bbox 259 5296 977 5369; baseline -0.016 0"><span class='ocrx_word' id='word_1_294' title='bbox 259 5300 625 5369; x_wconf 85' lang='lat' dir='ltr'>ducendum</span> <span class='ocrx_word' id='word_1_295' title='bbox 650 5296 977 5361; x_wconf 84' lang='lat' dir='ltr'>convertit.</span> 
     </span>
    </p>

    <p class='ocr_par' dir='ltr' id='par_1_7' title="bbox 322 5417 1794 5489">
     <span class='ocr_line' id='line_1_50' title="bbox 322 5417 1794 5489; baseline -0.005 -11"><span class='ocrx_word' id='word_1_296' title='bbox 322 5428 519 5489; x_wconf 63' lang='lat' dir='ltr'>ung„</span> <span class='ocrx_word' id='word_1_297' title='bbox 548 5422 764 5484; x_wconf 64' lang='lat' dir='ltr'>Censen.</span> <span class='ocrx_word' id='word_1_298' title='bbox 804 5420 892 5471; x_wconf 82' lang='lat' dir='ltr'>lib.</span> <span class='ocrx_word' id='word_1_299' title='bbox 916 5420 1033 5485; x_wconf 74' lang='grc' dir='ltr'>ΧΠ,</span> <span class='ocrx_word' id='word_1_300' title='bbox 1074 5429 1297 5482; x_wconf 59' lang='lat' dir='ltr'>axnx,</span> <span class='ocrx_word' id='word_1_301' title='bbox 1334 5431 1387 5469; x_wconf 88' lang='lat' dir='ltr'>n.</span> <span class='ocrx_word' id='word_1_302' title='bbox 1412 5421 1491 5470; x_wconf 74' lang='grc'><strong>40.</strong></span> <span class='ocrx_word' id='word_1_303' title='bbox 1511 5417 1794 5482; x_wconf 71' lang='grc' dir='ltr'><strong>-Ἠιῃύε</strong></span> 
     </span>
    </p>

    <p class='ocr_par' dir='ltr' id='par_1_8' title="bbox 587 5529 845 5577">
     <span class='ocr_line' id='line_1_51' title="bbox 587 5529 845 5577; baseline -0.013 1"><span class='ocrx_word' id='word_1_304' title='bbox 587 5530 729 5577; x_wconf 66' lang='grc' dir='ltr'><strong>τοι.</strong></span> <span class='ocrx_word' id='word_1_305' title='bbox 773 5529 845 5575; x_wconf 87' lang='lat' dir='ltr'>n.</span> 
     </span>
    </p>
   </div>
   <div class='ocr_carea' id='block_1_4' title="bbox 3312 445 3429 505">
    <p class='ocr_par' dir='ltr' id='par_1_9' title="bbox 3312 445 3429 505">
     <span class='ocr_line' id='line_1_52' title="bbox 3312 445 3429 505; baseline 0.009 -1"><span class='ocrx_word' id='word_1_306' title='bbox 3312 445 3429 505; x_wconf 73' lang='lat'>289</span> 
     </span>
    </p>
   </div>
   <div class='ocr_carea' id='block_1_5' title="bbox 2505 624 2822 700">
    <p class='ocr_par' dir='ltr' id='par_1_10' title="bbox 2505 624 2822 700">
     <span class='ocr_line' id='line_1_53' title="bbox 2505 624 2822 700; baseline 0.006 -2"><span class='ocrx_word' id='word_1_307' title='bbox 2505 624 2701 699; x_wconf 85' lang='lat' dir='ltr'><strong>PARS</strong></span> <span class='ocrx_word' id='word_1_308' title='bbox 2746 626 2822 700; x_wconf 89' lang='lat' dir='ltr'>II.</span> 
     </span>
    </p>
   </div>
   <div class='ocr_carea' id='block_1_6' title="bbox 2197 774 3139 835">
    <p class='ocr_par' dir='ltr' id='par_1_11' title="bbox 2197 774 3139 835">
     <span class='ocr_line' id='line_1_54' title="bbox 2197 774 3139 835; baseline 0.008 -8"><span class='ocrx_word' id='word_1_309' title='bbox 2197 784 2298 827; x_wconf 80' lang='lat' dir='ltr'>mn</span> <span class='ocrx_word' id='word_1_310' title='bbox 2330 784 2544 829; x_wconf 65' lang='lat' dir='ltr'>manu</span> <span class='ocrx_word' id='word_1_311' title='bbox 2572 787 2828 832; x_wconf 69' lang='lat' dir='ltr'>ruamur</span> <span class='ocrx_word' id='word_1_312' title='bbox 2853 789 3065 835; x_wconf 59' lang='lat' dir='ltr'>aalma</span> <span class='ocrx_word' id='word_1_313' title='bbox 3095 774 3139 835; x_wconf 85' lang='lat'>².</span> 
     </span>
    </p>
   </div>
   <div class='ocr_carea' id='block_1_7' title="bbox 2279 937 3055 1012">
    <p class='ocr_par' dir='ltr' id='par_1_12' title="bbox 2279 937 3055 1012">
     <span class='ocr_line' id='line_1_55' title="bbox 2279 937 3055 1012; baseline 0.009 -10"><span class='ocrx_word' id='word_1_314' title='bbox 2279 937 2687 1006; x_wconf 86' lang='lat' dir='ltr'>EXPOSITIO</span> <span class='ocrx_word' id='word_1_315' title='bbox 2729 941 3055 1012; x_wconf 88' lang='lat' dir='ltr'>TEXTUS.</span> 
     </span>
    </p>
   </div>
   <div class='ocr_carea' id='block_1_8' title="bbox 2344 1091 2993 1161">
    <p class='ocr_par' dir='ltr' id='par_1_13' title="bbox 2344 1091 2993 1161">
     <span class='ocr_line' id='line_1_56' title="bbox 2344 1091 2993 1161; baseline 0.011 -20"><span class='ocrx_word' id='word_1_316' title='bbox 2344 1091 2463 1143; x_wconf 84' lang='lat' dir='ltr'>Jam</span> <span class='ocrx_word' id='word_1_317' title='bbox 2483 1096 2561 1143; x_wconf 76' lang='lat' dir='ltr'>est</span> <span class='ocrx_word' id='word_1_318' title='bbox 2586 1096 2870 1161; x_wconf 86' lang='lat' dir='ltr'>ostensum,</span> <span class='ocrx_word' id='word_1_319' title='bbox 2894 1100 2993 1148; x_wconf 86' lang='lat' dir='ltr'>etc.</span> 
     </span>
    </p>
   </div>
   <div class='ocr_carea' id='block_1_9' title="bbox 1983 1206 3678 1300">
    <p class='ocr_par' dir='ltr' id='par_1_14' title="bbox 1983 1206 3678 1300">
     <span class='ocr_line' id='line_1_57' title="bbox 1983 1206 3678 1300; baseline -0.002 -28"><span class='ocrx_word' id='word_1_320' title='bbox 1983 1206 2193 1291; x_wconf 90' lang='lat' dir='ltr'>Supra</span> <span class='ocrx_word' id='word_1_321' title='bbox 2238 1213 2507 1277; x_wconf 89' lang='lat' dir='ltr'>ostendit</span> <span class='ocrx_word' id='word_1_322' title='bbox 2557 1216 2865 1296; x_wconf 88' lang='lat' dir='ltr'>magister</span> <span class='ocrx_word' id='word_1_323' title='bbox 2919 1218 3176 1300; x_wconf 87' lang='lat' dir='ltr'>quando</span> <span class='ocrx_word' id='word_1_324' title='bbox 3224 1219 3441 1300; x_wconf 81' lang='lat' dir='ltr'>angeli</span> <span class='ocrx_word' id='word_1_325' title='bbox 3499 1228 3678 1274; x_wconf 66' lang='lat' dir='ltr'>Divisio.</span> 
     </span>
    </p>
   </div>
   <div class='ocr_carea' id='block_1_10' title="bbox 1904 1315 3519 2476">
    <p class='ocr_par' dir='ltr' id='par_1_15' title="bbox 1904 1315 3519 2476">
     <span class='ocr_line' id='line_1_58' title="bbox 1904 1315 3443 1405; baseline 0.008 -28"><span class='ocrx_word' id='word_1_326' title='bbox 1904 1315 2141 1379; x_wconf 76' lang='lat' dir='ltr'>fuerint</span> <span class='ocrx_word' id='word_1_327' title='bbox 2188 1319 2377 1382; x_wconf 88' lang='lat' dir='ltr'>creati</span> <span class='ocrx_word' id='word_1_328' title='bbox 2410 1367 2426 1396; x_wconf 88' lang='lat'>‚</span> <span class='ocrx_word' id='word_1_329' title='bbox 2483 1321 2553 1383; x_wconf 90' lang='lat' dir='ltr'>in</span> <span class='ocrx_word' id='word_1_330' title='bbox 2605 1322 2726 1385; x_wconf 91' lang='lat' dir='ltr'>hac</span> <span class='ocrx_word' id='word_1_331' title='bbox 2771 1328 2948 1405; x_wconf 89' lang='lat' dir='ltr'>parte</span> <span class='ocrx_word' id='word_1_332' title='bbox 2994 1324 3265 1389; x_wconf 88' lang='lat' dir='ltr'>ostendit</span> <span class='ocrx_word' id='word_1_333' title='bbox 3329 1327 3443 1390; x_wconf 89' lang='lat' dir='ltr'>ubi</span> 
     </span>
     <span class='ocr_line' id='line_1_59' title="bbox 1905 1422 3439 1515; baseline 0.008 -29"><span class='ocrx_word' id='word_1_334' title='bbox 1905 1422 2169 1488; x_wconf 84' lang='lat' dir='ltr'>fuerunt</span> <span class='ocrx_word' id='word_1_335' title='bbox 2186 1426 2397 1504; x_wconf 89' lang='lat' dir='ltr'>creati,</span> <span class='ocrx_word' id='word_1_336' title='bbox 2419 1427 2570 1509; x_wconf 87' lang='lat' dir='ltr'>quia</span> <span class='ocrx_word' id='word_1_337' title='bbox 2587 1430 2820 1494; x_wconf 90' lang='lat' dir='ltr'>scilicet</span> <span class='ocrx_word' id='word_1_338' title='bbox 2837 1431 2905 1493; x_wconf 89' lang='lat' dir='ltr'>in</span> <span class='ocrx_word' id='word_1_339' title='bbox 2930 1432 3087 1496; x_wconf 85' lang='lat' dir='ltr'>coelo</span> <span class='ocrx_word' id='word_1_340' title='bbox 3114 1451 3439 1515; x_wconf 79' lang='lat' dir='ltr'>empyreo,</span> 
     </span>
     <span class='ocr_line' id='line_1_60' title="bbox 1907 1529 3448 1622; baseline 0.007 -29"><span class='ocrx_word' id='word_1_341' title='bbox 1907 1529 1986 1594; x_wconf 86' lang='lat' dir='ltr'>Et</span> <span class='ocrx_word' id='word_1_342' title='bbox 2008 1531 2315 1596; x_wconf 89' lang='lat' dir='ltr'>dividitur</span> <span class='ocrx_word' id='word_1_343' title='bbox 2333 1552 2478 1615; x_wconf 89' lang='lat' dir='ltr'>pars</span> <span class='ocrx_word' id='word_1_344' title='bbox 2496 1535 2613 1599; x_wconf 90' lang='lat' dir='ltr'>ista</span> <span class='ocrx_word' id='word_1_345' title='bbox 2635 1536 2701 1599; x_wconf 92' lang='lat' dir='ltr'>in</span> <span class='ocrx_word' id='word_1_346' title='bbox 2723 1541 2851 1601; x_wconf 88' lang='lat' dir='ltr'>tres</span> <span class='ocrx_word' id='word_1_347' title='bbox 2872 1543 3113 1620; x_wconf 87' lang='lat' dir='ltr'>partes:</span> <span class='ocrx_word' id='word_1_348' title='bbox 3145 1541 3214 1603; x_wconf 91' lang='lat' dir='ltr'>in</span> <span class='ocrx_word' id='word_1_349' title='bbox 3239 1541 3448 1622; x_wconf 88' lang='lat' dir='ltr'>prima</span> 
     </span>
     <span class='ocr_line' id='line_1_61' title="bbox 1907 1637 3446 1723; baseline 0.006 -22"><span class='ocrx_word' id='word_1_350' title='bbox 1907 1637 2285 1702; x_wconf 84' lang='lat' dir='ltr'>determinat</span> <span class='ocrx_word' id='word_1_351' title='bbox 2328 1640 2439 1703; x_wconf 89' lang='lat' dir='ltr'>ubi</span> <span class='ocrx_word' id='word_1_352' title='bbox 2480 1643 2672 1706; x_wconf 88' lang='lat' dir='ltr'>creati</span> <span class='ocrx_word' id='word_1_353' title='bbox 2720 1643 2996 1723; x_wconf 81' lang='lat' dir='ltr'>fuerint3</span> <span class='ocrx_word' id='word_1_354' title='bbox 3047 1646 3118 1708; x_wconf 88' lang='lat' dir='ltr'>in</span> <span class='ocrx_word' id='word_1_355' title='bbox 3168 1647 3446 1711; x_wconf 86' lang='lat' dir='ltr'>secunda</span> 
     </span>
     <span class='ocr_line' id='line_1_62' title="bbox 1907 1747 3443 1833; baseline 0.007 -27"><span class='ocrx_word' id='word_1_356' title='bbox 1907 1761 2061 1807; x_wconf 88' lang='lat' dir='ltr'>vero</span> <span class='ocrx_word' id='word_1_357' title='bbox 2118 1747 2343 1829; x_wconf 88' lang='lat' dir='ltr'>repetit</span> <span class='ocrx_word' id='word_1_358' title='bbox 2393 1749 2650 1830; x_wconf 89' lang='lat' dir='ltr'>quando</span> <span class='ocrx_word' id='word_1_359' title='bbox 2707 1751 2897 1815; x_wconf 89' lang='lat' dir='ltr'>creati</span> <span class='ocrx_word' id='word_1_360' title='bbox 2957 1752 3220 1817; x_wconf 81' lang='lat' dir='ltr'>fuerunt</span> <span class='ocrx_word' id='word_1_361' title='bbox 3236 1802 3254 1833; x_wconf 99' lang='lat'>,</span> <span class='ocrx_word' id='word_1_362' title='bbox 3307 1753 3443 1817; x_wconf 89' lang='lat' dir='ltr'>ibi:</span> 
     </span>
     <span class='ocr_line' id='line_1_63' title="bbox 1907 1854 3451 1938; baseline 0.006 -21"><span class='ocrx_word' id='word_1_363' title='bbox 1907 1854 2114 1918; x_wconf 77' lang='lat' dir='ltr'>Simul</span> <span class='ocrx_word' id='word_1_364' title='bbox 2141 1871 2282 1936; x_wconf 72' lang='lat' dir='ltr'>erqo</span> <span class='ocrx_word' id='word_1_365' title='bbox 2328 1857 2692 1923; x_wconf 74' lang='lat' dir='ltr'>visibilium</span> <span class='ocrx_word' id='word_1_366' title='bbox 2711 1907 2729 1938; x_wconf 86' lang='lat'>,</span> <span class='ocrx_word' id='word_1_367' title='bbox 2760 1864 2915 1937; x_wconf 87' lang='lat' dir='ltr'>etc.;</span> <span class='ocrx_word' id='word_1_368' title='bbox 2951 1859 3022 1923; x_wconf 91' lang='lat' dir='ltr'>in</span> <span class='ocrx_word' id='word_1_369' title='bbox 3069 1861 3250 1925; x_wconf 88' lang='lat' dir='ltr'>tertia</span> <span class='ocrx_word' id='word_1_370' title='bbox 3296 1880 3451 1926; x_wconf 88' lang='lat' dir='ltr'>vero</span> 
     </span>
     <span class='ocr_line' id='line_1_64' title="bbox 1908 1963 3457 2049; baseline 0.008 -26"><span class='ocrx_word' id='word_1_371' title='bbox 1908 1968 2195 2026; x_wconf 86' lang='lat' dir='ltr'>removet</span> <span class='ocrx_word' id='word_1_372' title='bbox 2231 1963 2723 2044; x_wconf 86' lang='lat' dir='ltr'>dubitationem,</span> <span class='ocrx_word' id='word_1_373' title='bbox 2753 1966 2880 2029; x_wconf 89' lang='lat' dir='ltr'>ibi:</span> <span class='ocrx_word' id='word_1_374' title='bbox 2914 1966 3037 2031; x_wconf 79' lang='lat' dir='ltr'>Hic</span> <span class='ocrx_word' id='word_1_375' title='bbox 3064 1972 3270 2049; x_wconf 81' lang='lat' dir='ltr'>quoeri</span> <span class='ocrx_word' id='word_1_376' title='bbox 3300 1969 3457 2036; x_wconf 78' lang='lat' dir='ltr'>solet</span> 
     </span>
     <span class='ocr_line' id='line_1_65' title="bbox 1909 2070 3456 2154; baseline 0.005 -22"><span class='ocrx_word' id='word_1_377' title='bbox 1909 2070 2073 2133; x_wconf 78' lang='lat' dir='ltr'>siin</span> <span class='ocrx_word' id='word_1_378' title='bbox 2098 2070 2244 2135; x_wconf 83' lang='lat' dir='ltr'>coelo</span> <span class='ocrx_word' id='word_1_379' title='bbox 2270 2086 2586 2154; x_wconf 77' lang='lat' dir='ltr'>empyreo,</span> <span class='ocrx_word' id='word_1_380' title='bbox 2611 2076 2727 2135; x_wconf 89' lang='lat' dir='ltr'>etc.</span> <span class='ocrx_word' id='word_1_381' title='bbox 2754 2071 2831 2135; x_wconf 88' lang='lat' dir='ltr'>Et</span> <span class='ocrx_word' id='word_1_382' title='bbox 2848 2073 2940 2136; x_wconf 90' lang='lat' dir='ltr'>sic</span> <span class='ocrx_word' id='word_1_383' title='bbox 2960 2074 3127 2137; x_wconf 90' lang='lat' dir='ltr'>circa</span> <span class='ocrx_word' id='word_1_384' title='bbox 3156 2075 3284 2139; x_wconf 93' lang='lat' dir='ltr'>duo</span> <span class='ocrx_word' id='word_1_385' title='bbox 3312 2094 3456 2141; x_wconf 85' lang='lat' dir='ltr'>ver·</span> 
     </span>
     <span class='ocr_line' id='line_1_66' title="bbox 1910 2177 3519 2266; baseline 0.004 -27"><span class='ocrx_word' id='word_1_386' title='bbox 1910 2180 2088 2240; x_wconf 89' lang='lat' dir='ltr'>satur</span> <span class='ocrx_word' id='word_1_387' title='bbox 2118 2177 2384 2241; x_wconf 86' lang='lat' dir='ltr'>intentio</span> <span class='ocrx_word' id='word_1_388' title='bbox 2420 2179 2616 2260; x_wconf 88' lang='lat' dir='ltr'>partis</span> <span class='ocrx_word' id='word_1_389' title='bbox 2643 2181 2996 2262; x_wconf 79' lang='lat' dir='ltr'>praesentiS‚</span> <span class='ocrx_word' id='word_1_390' title='bbox 3026 2181 3261 2245; x_wconf 89' lang='lat' dir='ltr'>scilicet</span> <span class='ocrx_word' id='word_1_391' title='bbox 3290 2182 3455 2245; x_wconf 89' lang='lat' dir='ltr'>circa</span> <span class='ocrx_word' id='word_1_392' title='bbox 3511 2257 3519 2266; x_wconf 38' lang='grc'><strong>,</strong></span> 
     </span>
     <span class='ocr_line' id='line_1_67' title="bbox 1908 2283 3451 2369; baseline 0.005 -23"><span class='ocrx_word' id='word_1_393' title='bbox 1908 2283 2031 2347; x_wconf 90' lang='lat' dir='ltr'>loci</span> <span class='ocrx_word' id='word_1_394' title='bbox 2084 2284 2355 2365; x_wconf 84' lang='lat' dir='ltr'>angelici</span> <span class='ocrx_word' id='word_1_395' title='bbox 2400 2285 2817 2367; x_wconf 89' lang='lat' dir='ltr'>quidditatem</span> <span class='ocrx_word' id='word_1_396' title='bbox 2836 2335 2853 2366; x_wconf 92' lang='lat'>,</span> <span class='ocrx_word' id='word_1_397' title='bbox 2902 2289 2967 2350; x_wconf 94' lang='lat' dir='ltr'>et</span> <span class='ocrx_word' id='word_1_398' title='bbox 3010 2293 3323 2369; x_wconf 86' lang='lat' dir='ltr'>quantum</span> <span class='ocrx_word' id='word_1_399' title='bbox 3369 2289 3451 2354; x_wconf 86' lang='lat' dir='ltr'>ad</span> 
     </span>
     <span class='ocr_line' id='line_1_68' title="bbox 1910 2392 3454 2476; baseline 0.004 -22"><span class='ocrx_word' id='word_1_400' title='bbox 1910 2398 2124 2455; x_wconf 89' lang='lat' dir='ltr'>actum</span> <span class='ocrx_word' id='word_1_401' title='bbox 2170 2392 2437 2472; x_wconf 87' lang='lat' dir='ltr'>locandi,</span> <span class='ocrx_word' id='word_1_402' title='bbox 2482 2394 2618 2458; x_wconf 90' lang='lat' dir='ltr'>sive</span> <span class='ocrx_word' id='word_1_403' title='bbox 2656 2395 2959 2474; x_wconf 83' lang='lat' dir='ltr'>officium,</span> <span class='ocrx_word' id='word_1_404' title='bbox 3003 2396 3176 2476; x_wconf 87' lang='lat' dir='ltr'>quod</span> <span class='ocrx_word' id='word_1_405' title='bbox 3221 2397 3454 2461; x_wconf 88' lang='lat' dir='ltr'>dicitur</span> 
     </span>
    </p>
   </div>
   <div class='ocr_carea' id='block_1_11' title="bbox 1909 2497 3451 2586">
    <p class='ocr_par' dir='ltr' id='par_1_16' title="bbox 1909 2497 3451 2586">
     <span class='ocr_line' id='line_1_69' title="bbox 1909 2497 3451 2586; baseline 0.005 -26"><span class='ocrx_word' id='word_1_406' title='bbox 1909 2497 2145 2562; x_wconf 89' lang='lat' dir='ltr'>hahere</span> <span class='ocrx_word' id='word_1_407' title='bbox 2199 2498 2434 2564; x_wconf 84' lang='lat' dir='ltr'>coelum</span> <span class='ocrx_word' id='word_1_408' title='bbox 2482 2518 2859 2583; x_wconf 89' lang='lat' dir='ltr'>empyreum</span> <span class='ocrx_word' id='word_1_409' title='bbox 2913 2507 3202 2585; x_wconf 86' lang='lat' dir='ltr'>respectu</span> <span class='ocrx_word' id='word_1_410' title='bbox 3248 2521 3451 2586; x_wconf 84' lang='lat' dir='ltr'>ange-</span> 
     </span>
    </p>
   </div>
   <div class='ocr_carea' id='block_1_12' title="bbox 1908 2602 2800 2751">
    <p class='ocr_par' dir='ltr' id='par_1_17' title="bbox 1908 2602 2800 2751">
     <span class='ocr_line' id='line_1_70' title="bbox 1908 2602 2146 2668; baseline 0.013 -3"><span class='ocrx_word' id='word_1_411' title='bbox 1908 2602 2146 2668; x_wconf 90' lang='lat' dir='ltr'>lorum.</span> 
     </span>
     <span class='ocr_line' id='line_1_71' title="bbox 2570 2704 2800 2751; baseline 0 -2"><span class='ocrx_word' id='word_1_412' title='bbox 2570 2704 2709 2751; x_wconf 73' lang='lat' dir='ltr'>nun.</span> <span class='ocrx_word' id='word_1_413' title='bbox 2754 2706 2800 2750; x_wconf 88' lang='lat'>1.</span> 
     </span>
    </p>
   </div>
   <div class='ocr_carea' id='block_1_13' title="bbox 2184 2810 3163 2863">
    <p class='ocr_par' dir='ltr' id='par_1_18' title="bbox 2184 2810 3163 2863">
     <span class='ocr_line' id='line_1_72' title="bbox 2184 2810 3163 2863; baseline 0.004 -4"><span class='ocrx_word' id='word_1_414' title='bbox 2184 2810 2312 2860; x_wconf 87' lang='lat' dir='ltr'>Cum</span> <span class='ocrx_word' id='word_1_415' title='bbox 2337 2822 2422 2860; x_wconf 85' lang='lat' dir='ltr'>me</span> <span class='ocrx_word' id='word_1_416' title='bbox 2451 2810 2718 2861; x_wconf 81' lang='lat' dir='ltr'>laudarent</span> <span class='ocrx_word' id='word_1_417' title='bbox 2741 2812 2879 2862; x_wconf 77' lang='lat' dir='ltr'>astra</span> <span class='ocrx_word' id='word_1_418' title='bbox 2897 2811 3163 2863; x_wconf 81' lang='lat' dir='ltr'>matutina.</span> 
     </span>
    </p>
   </div>
   <div class='ocr_carea' id='block_1_14' title="bbox 1900 2924 3455 5144">
    <p class='ocr_par' dir='ltr' id='par_1_19' title="bbox 1900 2924 3455 5144">
     <span class='ocr_line' id='line_1_73' title="bbox 1993 2924 3455 3009; baseline 0.004 -22"><span class='ocrx_word' id='word_1_419' title='bbox 1993 2924 2152 2988; x_wconf 88' lang='lat' dir='ltr'>Dicit</span> <span class='ocrx_word' id='word_1_420' title='bbox 2188 2924 2310 2988; x_wconf 90' lang='lat' dir='ltr'>hoc</span> <span class='ocrx_word' id='word_1_421' title='bbox 2343 2925 2421 2990; x_wconf 90' lang='lat' dir='ltr'>de</span> <span class='ocrx_word' id='word_1_422' title='bbox 2462 2925 2711 3007; x_wconf 89' lang='lat' dir='ltr'>angelis</span> <span class='ocrx_word' id='word_1_423' title='bbox 2748 2927 3043 3009; x_wconf 85' lang='lat' dir='ltr'>intelligi.</span> <span class='ocrx_word' id='word_1_424' title='bbox 3086 2927 3208 2992; x_wconf 90' lang='lat' dir='ltr'>Sed</span> <span class='ocrx_word' id='word_1_425' title='bbox 3235 2932 3455 2993; x_wconf 88' lang='lat' dir='ltr'>contra</span> 
     </span>
     <span class='ocr_line' id='line_1_74' title="bbox 1910 3031 3455 3115; baseline 0.004 -21"><span class='ocrx_word' id='word_1_426' title='bbox 1910 3031 2033 3096; x_wconf 91' lang='lat' dir='ltr'>hoc</span> <span class='ocrx_word' id='word_1_427' title='bbox 2058 3034 2154 3095; x_wconf 82' lang='lat' dir='ltr'>est</span> <span class='ocrx_word' id='word_1_428' title='bbox 2184 3033 2355 3115; x_wconf 89' lang='lat' dir='ltr'>quod</span> <span class='ocrx_word' id='word_1_429' title='bbox 2380 3032 2531 3096; x_wconf 89' lang='lat' dir='ltr'>dicit</span> <span class='ocrx_word' id='word_1_430' title='bbox 2560 3032 2982 3098; x_wconf 88' lang='lat' dir='ltr'>Damascenus</span> <span class='ocrx_word' id='word_1_431' title='bbox 3003 3040 3026 3076; x_wconf 84' lang='lat'>⁸</span> <span class='ocrx_word' id='word_1_432' title='bbox 3057 3057 3073 3099; x_wconf 90' lang='lat'>:</span> <span class='ocrx_word' id='word_1_433' title='bbox 3113 3058 3144 3097; x_wconf 71' lang='grc' dir='ltr'><strong>α</strong></span> <span class='ocrx_word' id='word_1_434' title='bbox 3169 3034 3455 3100; x_wconf 90' lang='lat' dir='ltr'>Tradunt</span> 
     </span>
     <span class='ocr_line' id='line_1_75' title="bbox 1911 3138 3454 3225; baseline 0.004 -24"><span class='ocrx_word' id='word_1_435' title='bbox 1911 3139 2030 3202; x_wconf 88' lang='lat' dir='ltr'>sibi</span> <span class='ocrx_word' id='word_1_436' title='bbox 2063 3138 2325 3203; x_wconf 88' lang='lat' dir='ltr'>consilia</span> <span class='ocrx_word' id='word_1_437' title='bbox 2349 3157 2641 3205; x_wconf 88' lang='lat' dir='ltr'>sermone</span> <span class='ocrx_word' id='word_1_438' title='bbox 2666 3142 2804 3206; x_wconf 87' lang='lat' dir='ltr'>sine</span> <span class='ocrx_word' id='word_1_439' title='bbox 2833 3160 2989 3207; x_wconf 88' lang='lat' dir='ltr'>voce</span> <span class='ocrx_word' id='word_1_440' title='bbox 3017 3143 3298 3225; x_wconf 88' lang='lat' dir='ltr'>prolato:</span> <span class='ocrx_word' id='word_1_441' title='bbox 3329 3164 3359 3203; x_wconf 68' lang='grc' dir='ltr'>ι)</span> <span class='ocrx_word' id='word_1_442' title='bbox 3399 3144 3454 3207; x_wconf 90' lang='lat' dir='ltr'>si</span> 
     </span>
     <span class='ocr_line' id='line_1_76' title="bbox 1911 3246 3455 3332; baseline 0.005 -24"><span class='ocrx_word' id='word_1_443' title='bbox 1911 3263 2069 3326; x_wconf 89' lang='lat' dir='ltr'>ergo</span> <span class='ocrx_word' id='word_1_444' title='bbox 2108 3246 2322 3327; x_wconf 88' lang='lat' dir='ltr'>angeli</span> <span class='ocrx_word' id='word_1_445' title='bbox 2357 3265 2488 3311; x_wconf 91' lang='lat' dir='ltr'>non</span> <span class='ocrx_word' id='word_1_446' title='bbox 2523 3248 2881 3331; x_wconf 86' lang='lat' dir='ltr'>loquuntur</span> <span class='ocrx_word' id='word_1_447' title='bbox 2898 3299 2915 3330; x_wconf 88' lang='lat'>‚</span> <span class='ocrx_word' id='word_1_448' title='bbox 2955 3268 3114 3332; x_wconf 86' lang='lat' dir='ltr'>ergo</span> <span class='ocrx_word' id='word_1_449' title='bbox 3149 3269 3282 3315; x_wconf 90' lang='lat' dir='ltr'>non</span> <span class='ocrx_word' id='word_1_450' title='bbox 3308 3251 3455 3315; x_wconf 90' lang='lat' dir='ltr'>lau-</span> 
     </span>
     <span class='ocr_line' id='line_1_77' title="bbox 1911 3352 3450 3439; baseline 0.005 -24"><span class='ocrx_word' id='word_1_451' title='bbox 1911 3352 2083 3416; x_wconf 88' lang='lat' dir='ltr'>dant.</span> <span class='ocrx_word' id='word_1_452' title='bbox 2099 3352 2257 3417; x_wconf 90' lang='lat' dir='ltr'>ltem</span> <span class='ocrx_word' id='word_1_453' title='bbox 2270 3354 2481 3434; x_wconf 90' lang='lat' dir='ltr'>angeli</span> <span class='ocrx_word' id='word_1_454' title='bbox 2500 3359 2651 3418; x_wconf 88' lang='lat' dir='ltr'>sunt</span> <span class='ocrx_word' id='word_1_455' title='bbox 2667 3355 3040 3421; x_wconf 69' lang='lat' dir='ltr'>substantia»</span> <span class='ocrx_word' id='word_1_456' title='bbox 3057 3357 3450 3439; x_wconf 88' lang='lat' dir='ltr'>spirituales:</span> 
     </span>
     <span class='ocr_line' id='line_1_78' title="bbox 1910 3461 3451 3547; baseline 0.003 -23"><span class='ocrx_word' id='word_1_457' title='bbox 1910 3478 2069 3541; x_wconf 86' lang='lat' dir='ltr'>ergo</span> <span class='ocrx_word' id='word_1_458' title='bbox 2112 3479 2244 3525; x_wconf 92' lang='lat' dir='ltr'>non</span> <span class='ocrx_word' id='word_1_459' title='bbox 2295 3461 2535 3526; x_wconf 90' lang='lat' dir='ltr'>habent</span> <span class='ocrx_word' id='word_1_460' title='bbox 2572 3481 2818 3544; x_wconf 87' lang='lat' dir='ltr'>organa</span> <span class='ocrx_word' id='word_1_461' title='bbox 2862 3464 3214 3547; x_wconf 88' lang='lat' dir='ltr'>corporalia</span> <span class='ocrx_word' id='word_1_462' title='bbox 3246 3488 3261 3529; x_wconf 88' lang='lat'>:</span> <span class='ocrx_word' id='word_1_463' title='bbox 3293 3483 3451 3547; x_wconf 89' lang='lat' dir='ltr'>ergo</span> 
     </span>
     <span class='ocr_line' id='line_1_79' title="bbox 1909 3569 3454 3651; baseline 0.004 -20"><span class='ocrx_word' id='word_1_464' title='bbox 1909 3585 2028 3631; x_wconf 87' lang='lat' dir='ltr'>nec</span> <span class='ocrx_word' id='word_1_465' title='bbox 2098 3586 2321 3634; x_wconf 82' lang='lat' dir='ltr'>vocem</span> <span class='ocrx_word' id='word_1_466' title='bbox 2392 3572 2659 3651; x_wconf 86' lang='lat' dir='ltr'>possunt</span> <span class='ocrx_word' id='word_1_467' title='bbox 2724 3569 3057 3647; x_wconf 53' lang='lat' dir='ltr'>formare„</span> <span class='ocrx_word' id='word_1_468' title='bbox 3097 3571 3256 3635; x_wconf 90' lang='lat' dir='ltr'>Item</span> <span class='ocrx_word' id='word_1_469' title='bbox 3322 3591 3454 3637; x_wconf 89' lang='lat' dir='ltr'>vox</span> 
     </span>
     <span class='ocr_line' id='line_1_80' title="bbox 1907 3675 3447 3759; baseline 0.005 -21"><span class='ocrx_word' id='word_1_470' title='bbox 1907 3675 2222 3741; x_wconf 86' lang='lat' dir='ltr'>formatur</span> <span class='ocrx_word' id='word_1_471' title='bbox 2251 3694 2334 3740; x_wconf 86' lang='lat' dir='ltr'>ex</span> <span class='ocrx_word' id='word_1_472' title='bbox 2374 3678 2778 3759; x_wconf 89' lang='lat' dir='ltr'>percussione</span> <span class='ocrx_word' id='word_1_473' title='bbox 2821 3681 2885 3743; x_wconf 87' lang='lat' dir='ltr'>et</span> <span class='ocrx_word' id='word_1_474' title='bbox 2917 3678 3221 3744; x_wconf 86' lang='lat' dir='ltr'>fractione</span> <span class='ocrx_word' id='word_1_475' title='bbox 3250 3681 3447 3746; x_wconf 89' lang='lat' dir='ltr'>aeris:</span> 
     </span>
     <span class='ocr_line' id='line_1_81' title="bbox 1908 3782 3453 3868; baseline 0.006 -23"><span class='ocrx_word' id='word_1_476' title='bbox 1908 3782 1965 3846; x_wconf 88' lang='lat' dir='ltr'>si</span> <span class='ocrx_word' id='word_1_477' title='bbox 2002 3800 2161 3864; x_wconf 87' lang='lat' dir='ltr'>ergo</span> <span class='ocrx_word' id='word_1_478' title='bbox 2205 3783 2276 3846; x_wconf 92' lang='lat' dir='ltr'>in</span> <span class='ocrx_word' id='word_1_479' title='bbox 2302 3801 2606 3867; x_wconf 90' lang='lat' dir='ltr'>empyreo</span> <span class='ocrx_word' id='word_1_480' title='bbox 2651 3804 2784 3850; x_wconf 91' lang='lat' dir='ltr'>non</span> <span class='ocrx_word' id='word_1_481' title='bbox 2828 3790 2922 3850; x_wconf 89' lang='lat' dir='ltr'>est</span> <span class='ocrx_word' id='word_1_482' title='bbox 2964 3805 3094 3865; x_wconf 86' lang='lat' dir='ltr'>aer,</span> <span class='ocrx_word' id='word_1_483' title='bbox 3137 3805 3294 3868; x_wconf 86' lang='lat' dir='ltr'>ergo</span> <span class='ocrx_word' id='word_1_484' title='bbox 3321 3806 3453 3854; x_wconf 91' lang='lat' dir='ltr'>non</span> 
     </span>
     <span class='ocr_line' id='line_1_82' title="bbox 1907 3890 3445 3974; baseline 0.005 -20"><span class='ocrx_word' id='word_1_485' title='bbox 1907 3890 2164 3955; x_wconf 84' lang='lat' dir='ltr'>videtur</span> <span class='ocrx_word' id='word_1_486' title='bbox 2191 3891 2362 3973; x_wconf 86' lang='lat' dir='ltr'>quod</span> <span class='ocrx_word' id='word_1_487' title='bbox 2389 3892 2584 3974; x_wconf 88' lang='lat' dir='ltr'>possit</span> <span class='ocrx_word' id='word_1_488' title='bbox 2610 3892 2698 3956; x_wconf 86' lang='lat' dir='ltr'>ibi</span> <span class='ocrx_word' id='word_1_489' title='bbox 2724 3911 2860 3957; x_wconf 88' lang='lat' dir='ltr'>esse</span> <span class='ocrx_word' id='word_1_490' title='bbox 2885 3912 3037 3971; x_wconf 76' lang='lat' dir='ltr'>voX‚</span> <span class='ocrx_word' id='word_1_491' title='bbox 3069 3914 3185 3959; x_wconf 89' lang='lat' dir='ltr'>nec</span> <span class='ocrx_word' id='word_1_492' title='bbox 3208 3914 3445 3962; x_wconf 88' lang='lat' dir='ltr'>sonus:</span> 
     </span>
     <span class='ocr_line' id='line_1_83' title="bbox 1908 3999 3449 4084; baseline 0.005 -22"><span class='ocrx_word' id='word_1_493' title='bbox 1908 4016 2067 4080; x_wconf 90' lang='lat' dir='ltr'>ergo</span> <span class='ocrx_word' id='word_1_494' title='bbox 2088 4018 2207 4064; x_wconf 90' lang='lat' dir='ltr'>nec</span> <span class='ocrx_word' id='word_1_495' title='bbox 2231 3999 2394 4078; x_wconf 73' lang='lat' dir='ltr'>lana,</span> <span class='ocrx_word' id='word_1_496' title='bbox 2422 4018 2555 4063; x_wconf 93' lang='lat' dir='ltr'>non</span> <span class='ocrx_word' id='word_1_497' title='bbox 2582 4001 2789 4065; x_wconf 90' lang='lat' dir='ltr'>solum</span> <span class='ocrx_word' id='word_1_498' title='bbox 2814 4002 2895 4065; x_wconf 89' lang='lat' dir='ltr'>ab</span> <span class='ocrx_word' id='word_1_499' title='bbox 2921 4003 3189 4084; x_wconf 78' lang='lat' dir='ltr'>angelis„</span> <span class='ocrx_word' id='word_1_500' title='bbox 3220 4023 3449 4069; x_wconf 85' lang='lat' dir='ltr'>verum</span> 
     </span>
     <span class='ocr_line' id='line_1_84' title="bbox 1906 4107 3449 4197; baseline 0.005 -26"><span class='ocrx_word' id='word_1_501' title='bbox 1906 4108 2101 4171; x_wconf 88' lang='lat' dir='ltr'>etiam</span> <span class='ocrx_word' id='word_1_502' title='bbox 2127 4126 2244 4171; x_wconf 91' lang='lat' dir='ltr'>nec</span> <span class='ocrx_word' id='word_1_503' title='bbox 2260 4109 2342 4172; x_wconf 88' lang='lat' dir='ltr'>ab</span> <span class='ocrx_word' id='word_1_504' title='bbox 2359 4107 2729 4173; x_wconf 88' lang='lat' dir='ltr'>hominibus</span> <span class='ocrx_word' id='word_1_505' title='bbox 2747 4111 2971 4175; x_wconf 77' lang='lat' dir='ltr'>beatiS.</span> <span class='ocrx_word' id='word_1_506' title='bbox 2995 4111 3059 4176; x_wconf 93' lang='lat' dir='ltr'>Si</span> <span class='ocrx_word' id='word_1_507' title='bbox 3086 4113 3256 4176; x_wconf 89' lang='lat' dir='ltr'>dicas</span> <span class='ocrx_word' id='word_1_508' title='bbox 3276 4115 3449 4197; x_wconf 85' lang='lat' dir='ltr'>quod</span> 
     </span>
     <span class='ocr_line' id='line_1_85' title="bbox 1905 4213 3446 4299; baseline 0.005 -22"><span class='ocrx_word' id='word_1_509' title='bbox 1905 4213 2287 4295; x_wconf 87' lang='lat' dir='ltr'>intelligitur</span> <span class='ocrx_word' id='word_1_510' title='bbox 2314 4214 2392 4278; x_wconf 89' lang='lat' dir='ltr'>de</span> <span class='ocrx_word' id='word_1_511' title='bbox 2417 4214 2606 4279; x_wconf 91' lang='lat' dir='ltr'>laude</span> <span class='ocrx_word' id='word_1_512' title='bbox 2639 4217 2921 4296; x_wconf 85' lang='lat' dir='ltr'>mentali,</span> <span class='ocrx_word' id='word_1_513' title='bbox 2957 4236 3089 4281; x_wconf 93' lang='lat' dir='ltr'>non</span> <span class='ocrx_word' id='word_1_514' title='bbox 3114 4220 3338 4299; x_wconf 83' lang='lat' dir='ltr'>vocali,</span> <span class='ocrx_word' id='word_1_515' title='bbox 3378 4221 3446 4284; x_wconf 89' lang='lat' dir='ltr'>in</span> 
     </span>
     <span class='ocr_line' id='line_1_86' title="bbox 1906 4321 3440 4405; baseline 0.005 -20"><span class='ocrx_word' id='word_1_516' title='bbox 1906 4321 2299 4386; x_wconf 86' lang='lat' dir='ltr'>contrarium</span> <span class='ocrx_word' id='word_1_517' title='bbox 2353 4325 2504 4386; x_wconf 88' lang='lat' dir='ltr'>sunt</span> <span class='ocrx_word' id='word_1_518' title='bbox 2559 4323 2974 4389; x_wconf 89' lang='lat' dir='ltr'>revelationes</span> <span class='ocrx_word' id='word_1_519' title='bbox 3028 4324 3405 4391; x_wconf 88' lang='lat' dir='ltr'>Sanctorum</span> <span class='ocrx_word' id='word_1_520' title='bbox 3422 4375 3440 4405; x_wconf 83' lang='lat'>‚</span> 
     </span>
     <span class='ocr_line' id='line_1_87' title="bbox 1905 4429 3444 4511; baseline 0.005 -20"><span class='ocrx_word' id='word_1_521' title='bbox 1905 4430 2017 4511; x_wconf 88' lang='lat' dir='ltr'>qui</span> <span class='ocrx_word' id='word_1_522' title='bbox 2079 4429 2417 4493; x_wconf 88' lang='lat' dir='ltr'>audierunt</span> <span class='ocrx_word' id='word_1_523' title='bbox 2480 4429 2712 4494; x_wconf 89' lang='lat' dir='ltr'>multas</span> <span class='ocrx_word' id='word_1_524' title='bbox 2761 4432 3028 4496; x_wconf 77' lang='lat' dir='ltr'>animas,</span> <span class='ocrx_word' id='word_1_525' title='bbox 3087 4431 3444 4499; x_wconf 83' lang='lat' dir='ltr'>Maximum</span> 
     </span>
     <span class='ocr_line' id='line_1_88' title="bbox 1904 4536 3446 4623; baseline 0.004 -23"><span class='ocrx_word' id='word_1_526' title='bbox 1904 4538 2274 4619; x_wconf 82' lang='lat' dir='ltr'>exemplum</span> <span class='ocrx_word' id='word_1_527' title='bbox 2303 4541 2396 4600; x_wconf 89' lang='lat' dir='ltr'>est</span> <span class='ocrx_word' id='word_1_528' title='bbox 2423 4536 2494 4599; x_wconf 85' lang='lat' dir='ltr'>in</span> <span class='ocrx_word' id='word_1_529' title='bbox 2520 4538 2703 4601; x_wconf 88' lang='lat' dir='ltr'>beato</span> <span class='ocrx_word' id='word_1_530' title='bbox 2732 4538 3018 4617; x_wconf 88' lang='lat' dir='ltr'>Martino‚</span> <span class='ocrx_word' id='word_1_531' title='bbox 3048 4558 3243 4623; x_wconf 85' lang='lat' dir='ltr'>quem</span> <span class='ocrx_word' id='word_1_532' title='bbox 3269 4543 3446 4606; x_wconf 89' lang='lat' dir='ltr'>audi-</span> 
     </span>
     <span class='ocr_line' id='line_1_89' title="bbox 1903 4644 3442 4726; baseline 0.003 -17"><span class='ocrx_word' id='word_1_533' title='bbox 1903 4644 1997 4710; x_wconf 87' lang='lat' dir='ltr'>vit</span> <span class='ocrx_word' id='word_1_534' title='bbox 2021 4644 2287 4726; x_wconf 88' lang='lat' dir='ltr'>quidam</span> <span class='ocrx_word' id='word_1_535' title='bbox 2311 4644 2411 4708; x_wconf 85' lang='lat' dir='ltr'>vir</span> <span class='ocrx_word' id='word_1_536' title='bbox 2440 4649 2696 4708; x_wconf 90' lang='lat' dir='ltr'>sanctus</span> <span class='ocrx_word' id='word_1_537' title='bbox 2713 4663 2863 4709; x_wconf 89' lang='lat' dir='ltr'>cum</span> <span class='ocrx_word' id='word_1_538' title='bbox 2885 4646 3178 4712; x_wconf 86' lang='lat' dir='ltr'>laudibus</span> <span class='ocrx_word' id='word_1_539' title='bbox 3201 4649 3350 4713; x_wconf 83' lang='lat' dir='ltr'>ferri</span> <span class='ocrx_word' id='word_1_540' title='bbox 3373 4650 3442 4714; x_wconf 92' lang='lat' dir='ltr'>in</span> 
     </span>
     <span class='ocr_line' id='line_1_90' title="bbox 1903 4750 3439 4820; baseline 0.003 -4"><span class='ocrx_word' id='word_1_541' title='bbox 1903 4751 2160 4816; x_wconf 82' lang='lat' dir='ltr'>ooelum.</span> <span class='ocrx_word' id='word_1_542' title='bbox 2191 4750 2266 4814; x_wconf 91' lang='lat' dir='ltr'>In</span> <span class='ocrx_word' id='word_1_543' title='bbox 2292 4752 2687 4816; x_wconf 89' lang='lat' dir='ltr'>contrarium</span> <span class='ocrx_word' id='word_1_544' title='bbox 2727 4758 2822 4816; x_wconf 87' lang='lat' dir='ltr'>est</span> <span class='ocrx_word' id='word_1_545' title='bbox 2862 4753 3052 4817; x_wconf 90' lang='lat' dir='ltr'>etiam</span> <span class='ocrx_word' id='word_1_546' title='bbox 3100 4756 3439 4820; x_wconf 87' lang='lat' dir='ltr'>auctoritas</span> 
     </span>
     <span class='ocr_line' id='line_1_91' title="bbox 1903 4857 3435 4942; baseline 0.005 -21"><span class='ocrx_word' id='word_1_547' title='bbox 1903 4857 2082 4922; x_wconf 82' lang='lat' dir='ltr'>Isaiae</span> <span class='ocrx_word' id='word_1_548' title='bbox 2112 4858 2134 4893; x_wconf 75' lang='lat'>⁸</span> <span class='ocrx_word' id='word_1_549' title='bbox 2165 4880 2181 4919; x_wconf 72' lang='grc' dir='ltr'><strong><em>ε</em></strong></span> <span class='ocrx_word' id='word_1_550' title='bbox 2219 4857 2507 4924; x_wconf 77' lang='lat' dir='ltr'>Clamant</span> <span class='ocrx_word' id='word_1_551' title='bbox 2547 4857 2627 4942; x_wconf 86' lang='lat' dir='ltr'>(a)</span> <span class='ocrx_word' id='word_1_552' title='bbox 2667 4860 2825 4926; x_wconf 82' lang='lat' dir='ltr'>alter</span> <span class='ocrx_word' id='word_1_553' title='bbox 2853 4860 2944 4926; x_wconf 84' lang='lat' dir='ltr'>ad</span> <span class='ocrx_word' id='word_1_554' title='bbox 2980 4861 3283 4941; x_wconf 80' lang='lat' dir='ltr'>alterum,</span> <span class='ocrx_word' id='word_1_555' title='bbox 3318 4867 3435 4928; x_wconf 90' lang='lat' dir='ltr'>etc.</span> 
     </span>
     <span class='ocr_line' id='line_1_92' title="bbox 1903 4967 3440 5052; baseline 0.005 -19"><span class='ocrx_word' id='word_1_556' title='bbox 1903 4967 1981 5033; x_wconf 90' lang='lat' dir='ltr'>Et</span> <span class='ocrx_word' id='word_1_557' title='bbox 2005 4969 2075 5031; x_wconf 92' lang='lat' dir='ltr'>in</span> <span class='ocrx_word' id='word_1_558' title='bbox 2099 4967 2476 5050; x_wconf 85' lang='lat' dir='ltr'>Apocalypsi</span> <span class='ocrx_word' id='word_1_559' title='bbox 2516 4968 2579 5032; x_wconf 84' lang='lat'>⁸:</span> <span class='ocrx_word' id='word_1_560' title='bbox 2617 4968 2915 5052; x_wconf 75' lang='lat' dir='ltr'>Requiem</span> <span class='ocrx_word' id='word_1_561' title='bbox 2958 4985 3088 5036; x_wconf 79' lang='lat' dir='ltr'>non</span> <span class='ocrx_word' id='word_1_562' title='bbox 3127 4970 3440 5040; x_wconf 79' lang='lat' dir='ltr'>habebant</span> 
     </span>
     <span class='ocr_line' id='line_1_93' title="bbox 1900 5074 3441 5144; baseline 0.001 -3"><span class='ocrx_word' id='word_1_563' title='bbox 1900 5074 2009 5142; x_wconf 80' lang='lat' dir='ltr'>die</span> <span class='ocrx_word' id='word_1_564' title='bbox 2056 5091 2132 5141; x_wconf 85' lang='lat' dir='ltr'>ac</span> <span class='ocrx_word' id='word_1_565' title='bbox 2184 5079 2361 5142; x_wconf 81' lang='lat' dir='ltr'>nocte</span> <span class='ocrx_word' id='word_1_566' title='bbox 2411 5075 2721 5143; x_wconf 80' lang='lat' dir='ltr'>dicentia.</span> <span class='ocrx_word' id='word_1_567' title='bbox 2771 5076 2931 5141; x_wconf 89' lang='lat' dir='ltr'>Item</span> <span class='ocrx_word' id='word_1_568' title='bbox 2977 5078 3141 5142; x_wconf 87' lang='lat' dir='ltr'>ratio</span> <span class='ocrx_word' id='word_1_569' title='bbox 3185 5079 3441 5144; x_wconf 88' lang='lat' dir='ltr'>videtur</span> 
     </span>
    </p>
   </div>
   <div class='ocr_carea' id='block_1_15' title="bbox 1882 5273 3435 5342">
    <p class='ocr_par' dir='ltr' id='par_1_20' title="bbox 1882 5273 3435 5342">
     <span class='ocr_line' id='line_1_94' title="bbox 1882 5273 3435 5342; baseline 0.003 -18"><span class='ocrx_word' id='word_1_570' title='bbox 1882 5275 2059 5339; x_wconf 60' lang='lat' dir='ltr'>,partis</span> <span class='ocrx_word' id='word_1_571' title='bbox 2085 5278 2283 5324; x_wconf 85' lang='lat' dir='ltr'>textum</span> <span class='ocrx_word' id='word_1_572' title='bbox 2309 5287 2464 5337; x_wconf 83' lang='lat' dir='ltr'>supra</span> <span class='ocrx_word' id='word_1_573' title='bbox 2495 5273 2672 5324; x_wconf 76' lang='lat' dir='ltr'>videre</span> <span class='ocrx_word' id='word_1_574' title='bbox 2694 5276 2802 5333; x_wconf 84' lang='lat' dir='ltr'>est,</span> <span class='ocrx_word' id='word_1_575' title='bbox 2833 5286 2885 5335; x_wconf 85' lang='lat' dir='ltr'>p.</span> <span class='ocrx_word' id='word_1_576' title='bbox 2916 5275 3024 5324; x_wconf 82' lang='lat'><strong>273.</strong></span> <span class='ocrx_word' id='word_1_577' title='bbox 3046 5275 3149 5311; x_wconf 84' lang='lat'>—⁸</span> <span class='ocrx_word' id='word_1_578' title='bbox 3180 5280 3435 5342; x_wconf 69' lang='lat' dir='ltr'>Damaso„</span> 
     </span>
    </p>
   </div>
   <div class='ocr_carea' id='block_1_16' title="bbox 1899 5344 3437 5483">
    <p class='ocr_par' dir='ltr' id='par_1_21' title="bbox 1899 5344 3437 5483">
     <span class='ocr_line' id='line_1_95' title="bbox 1899 5344 3437 5416; baseline 0.004 -22"><span class='ocrx_word' id='word_1_579' title='bbox 1899 5345 2335 5407; x_wconf 62' lang='lat' dir='ltr'>deFideor-thod„</span> <span class='ocrx_word' id='word_1_580' title='bbox 2363 5345 2452 5395; x_wconf 88' lang='lat' dir='ltr'>lib.</span> <span class='ocrx_word' id='word_1_581' title='bbox 2477 5346 2542 5409; x_wconf 84' lang='grc'>11,</span> <span class='ocrx_word' id='word_1_582' title='bbox 2570 5344 2961 5404; x_wconf 72' lang='lat' dir='ltr'>e.111.—-⁸Iea.,</span> <span class='ocrx_word' id='word_1_583' title='bbox 2992 5350 3437 5416; x_wconf 79' lang='lat' dir='ltr'>v1,3.—-⁸Ap0e.‚</span> 
     </span>
     <span class='ocr_line' id='line_1_96' title="bbox 1899 5415 2738 5483; baseline -0.001 -13"><span class='ocrx_word' id='word_1_584' title='bbox 1899 5429 1974 5483; x_wconf 77' lang='lat' dir='ltr'>w,</span> <span class='ocrx_word' id='word_1_585' title='bbox 1996 5421 2044 5471; x_wconf 82' lang='lat'>8.</span> <span class='ocrx_word' id='word_1_586' title='bbox 2070 5444 2135 5458; x_wconf 91' lang='lat'>—</span> <span class='ocrx_word' id='word_1_587' title='bbox 2154 5419 2218 5481; x_wconf 82' lang='lat' dir='ltr'>(a)</span> <span class='ocrx_word' id='word_1_588' title='bbox 2249 5416 2397 5483; x_wconf 69' lang='lat' dir='ltr'>Vulq.</span> <span class='ocrx_word' id='word_1_589' title='bbox 2423 5415 2738 5469; x_wconf 68' lang='lat' dir='ltr'>Clamabunt.</span> 
     </span>
    </p>
   </div>
   <div class='ocr_carea' id='block_1_17' title="bbox 3119 5514 3199 5576">
    <p class='ocr_par' dir='ltr' id='par_1_22' title="bbox 3119 5514 3199 5576">
     <span class='ocr_line' id='line_1_97' title="bbox 3119 5514 3199 5576; baseline 0 0"><span class='ocrx_word' id='word_1_590' title='bbox 3119 5514 3199 5576; x_wconf 77' lang='lat'>19</span> 
     </span>
    </p>
   </div>
  </div>
 </body>
</html>
