4125 6225
1381 447 1580 516 Dls'r.
1623 445 1781 514 XVI.
1825 443 2008 512 ΛΒΤ.
2051 444 2102 509 Ῑ.
2148 443 2449 524 QUAEST.
2494 445 2605 511 111.

377 590 490 655 sed
527 588 859 654 naturalis.
897 587 1121 654 Differt
1163 589 1382 688 autem
1423 586 1632 652 dicere
1676 581 1916 664 imagi-

380 715 532 762 nem
586 675 944 762 naturalem
973 745 992 775 ,
1042 700 1107 760 et
1152 693 1631 761 connaturalem
1685 713 1704 756 z
1763 708 1918 755 nam

379 805 598 887 imago
641 805 951 871 naturalis
991 808 1086 869 est
1140 822 1287 887 quae
1351 801 1763 886 repraesentat
1804 817 1917 884 per

380 911 445 977 id
474 913 651 995 quod
674 913 867 978 habet
900 932 941 978 a
965 915 1217 994 natura,
1245 911 1381 977 sive
1409 929 1559 975 cum
1582 910 1714 989 illo,
1744 908 1918 991 quod

380 1024 813 1102 repraesentat,
845 1020 1183 1086 conveniat
1211 1020 1283 1084 in
1308 1022 1560 1097 natura,
1587 1017 1724 1082 aive
1743 1034 1910 1095 non;

380 1125 598 1208 imago
622 1146 779 1194 vero
827 1127 1257 1193 connaturalis
1300 1126 1552 1206 dicitur,
1596 1142 1744 1208 quae
1769 1124 1919 1188 imi-

379 1237 553 1300 tatur
579 1239 643 1300 et
658 1236 931 1300 refertur
955 1254 1091 1300 non
1117 1236 1329 1299 solum
1365 1252 1481 1318 per
1504 1235 1570 1298 id
1596 1232 1767 1316 quod
1792 1232 1917 1296 ha·-

379 1341 485 1406 bet
535 1361 576 1406 a
620 1345 874 1423 natura,
934 1341 1044 1407 sed
1102 1360 1219 1425 per
1274 1340 1786 1406 convenientiam
1844 1339 1916 1403 in

380 1448 601 1513 eadem
619 1451 852 1514 natura
877 1469 893 1513 t
924 1449 1068 1513 ideo
1089 1449 1208 1513 etsi
1229 1467 1364 1513 esse
1388 1447 1742 1531 imaginem
1769 1466 1921 1511 con-

379 1557 597 1620 veniat
623 1556 894 1636 homini,
925 1574 1063 1620 esse
1103 1559 1321 1619 tamen
1356 1555 1711 1637 imaginem
1761 1573 1917 1618 con-

379 1663 739 1728 naturalem
751 1681 885 1727 non
898 1664 1197 1730 convenit
1214 1662 1486 1739 homini,
1498 1662 1608 1726 sed
1621 1662 1737 1727 soli
1755 1661 1915 1727 Filio

379 1769 507 1835 Dei.
533 1769 960 1836 Concedendae
988 1771 1192 1851 igitur
1219 1774 1374 1834 sunt
1397 1770 1673 1834 rationes
1702 1773 1915 1834 osten-

378 1877 598 1943 dentes
622 1879 794 1961 quod
817 1879 1012 1943 homo
1028 1896 1162 1942 non
1191 1882 1286 1942 est
1302 1877 1521 1959 imago
1546 1877 1911 1958 artificialia,

378 1986 486 2050 sed
511 1986 841 2050 naturalis.

457 2097 489 2156 1
502 2139 518 2155 .
546 2091 645 2156 Ad
685 2093 846 2157 illud
869 2110 1024 2158 vero
1050 2091 1222 2175 quod
1246 2090 1544 2174 objicitur
1565 2091 1637 2156 in
1662 2095 1916 2158 eontra-

376 2201 573 2278 rium,
604 2200 944 2266 dicendum
983 2200 1156 2283 quod
1184 2198 1465 2264 Hilarius
1490 2200 1713 2265 definit
1749 2202 1915 2266 ima-

377 2308 598 2390 ginem
622 2309 1101 2372 connaturalem
1118 2356 1135 2387 ‚
1165 2325 1300 2371 non
1328 2309 1710 2372 naturalem.

458 2421 519 2479 2.
560 2415 660 2480 Ad
686 2415 845 2479 illud
871 2415 1044 2499 quod
1074 2415 1377 2496 objicitur
1416 2414 1495 2479 de
1522 2414 1908 2497 Augustino,

375 2523 719 2588 dicendum
760 2523 932 2606 quod
958 2540 1092 2586 non
1126 2520 1396 2587 intendit
1422 2540 1660 2604 ponere
1686 2524 1910 2587 simili-

376 2632 667 2697 tudinem
696 2635 1010 2713 quantum
1033 2630 1117 2695 ad
1148 2629 1439 2693 naturale
1467 2634 1531 2693 et
1549 2631 1872 2697 artificiale
1885 2680 1909 2712 ,

374 2739 484 2802 sed
533 2742 848 2821 quantum
889 2738 969 2803 ad
1007 2737 1518 2803 convenientiam
1566 2740 1630 2801 ει
1671 2739 1912 2804 discre-

375 2845 660 2927 pantiam
676 2844 745 2908 in
762 2848 1014 2909 natura.
1041 2842 1215 2909 Sicut
1237 2843 1410 2909 enim
1430 2863 1742 2910 nummus
1761 2866 1912 2912 cum

374 2954 754 3038 imperatore
773 2955 844 3018 in
856 2959 1089 3019 natura
1104 2971 1238 3017 non
1259 2955 1578 3031 convenit,
1605 2954 1714 3019 sed
1739 2956 1911 3020 filius

375 3068 431 3151 ej
440 3086 519 3133 us
535 3066 861 3147 convenit3
888 3066 978 3131 sic
993 3066 1061 3131 in
1083 3066 1404 3150 proposito
1420 3065 1909 3149 intelligendum

376 3178 491 3241 est.
1606 3214 1613 3221 ·

455 3288 515 3348 3.
547 3281 641 3346 Ad
670 3281 827 3348 illud
864 3281 1037 3364 quod
1059 3280 1375 3364 objicitur,
1407 3282 1577 3364 quod
1605 3282 1739 3346 sola
1761 3302 1909 3366 per-

374 3405 532 3453 sona
578 3388 724 3453 Filii
771 3392 866 3452 est
917 3388 1225 3452 naturalis
1272 3388 1510 3467 Filius3
1569 3390 1911 3457 dicendum

374 3497 546 3580 quod
577 3515 713 3562 non
746 3500 840 3561 est
872 3496 1079 3561 simile
1125 3517 1142 3560 ε
1181 3497 1364 3561 aliter
1398 3498 1572 3562 enim
1607 3499 1914 3582 accipitur

373 3605 662 3669 naturale
686 3651 703 3681 ,
740 3607 932 3687 prout
979 3604 1080 3686 adj
1088 3608 1222 3668 acet
1259 3603 1451 3683 Filio;
1479 3605 1683 3686 aliter,
1721 3610 1913 3689 prout

373 3712 618 3794 adjacet
672 3710 944 3793 imagini
993 3732 1009 3774 z
1063 3729 1194 3775 non
1241 3712 1417 3776 enim
1450 3712 1661 3777 diflert
1701 3715 1911 3779 dicere

373 3819 620 3884 Filium
656 3818 1023 3885 naturalem
1070 3822 1133 3881 ει
1186 3820 1665 3886 connaturalem
1702 3870 1719 3900 ,
1749 3822 1912 3887 sicut

373 3924 584 3991 differt
618 3924 690 3988 in
716 3925 1022 4006 imagine.
1071 3925 1149 3990 Et
1175 3926 1338 3991 ratio
1368 3925 1565 4009 hujus
1604 3933 1701 3992 est
1739 3929 1860 3993 ista
1889 3952 1905 3994 ε

374 4035 526 4117 quia
562 4034 775 4100 Filius
820 4033 970 4098 dicit
992 4038 1070 4098 ut
1111 4053 1151 4098 a
1176 4053 1307 4116 quo
1325 4081 1343 4111 ,
1367 4040 1687 4117 quantum
1712 4040 1807 4101 est
1833 4037 1911 4102 de

374 4160 490 4207 suo
531 4141 871 4225 principali
910 4140 1269 4221 intellectu3
1302 4142 1520 4225 Imaqo
1557 4142 1706 4207 dicit
1731 4147 1805 4208 ut
1830 4143 1912 4208 ad

374 4268 569 4332 quem
599 4248 778 4313 :ideo
803 4247 1099 4315 naturale
1126 4248 1366 4313 dictum
1389 4250 1467 4313 de
1491 4249 1671 4330 Filio,
1704 4252 1906 4334 signi-

372 4358 520 4421 ficat
546 4355 718 4439 quod
743 4373 1043 4437 egressus
1076 4355 1223 4420 Filii
1246 4356 1328 4420 sit
1356 4374 1469 4439 per
1495 4357 1761 4423 modum
1790 4379 1907 4424 na-

375 4466 572 4544 turae,
614 4467 677 4529 et
715 4463 804 4528 ita
840 4462 1010 4545 quod
1046 4481 1199 4528 cum
1237 4462 1421 4528 Patre
1461 4466 1802 4531 conveniat
1842 4467 1910 4532 in

372 4574 633 4651 natura3
666 4571 775 4636 sed
799 4589 950 4635 cum
976 4570 1206 4635 dicitur
1228 4571 1448 4652 imago
1467 4572 1800 4654 naturalis,
1821 4574 1906 4638 si-

373 4679 718 4761 gnificatur
754 4679 927 4761 quod
951 4678 1080 4742 illa·
1101 4678 1573 4762 repraesentatio
1601 4682 1698 4743 est
1724 4698 1764 4744 a
1788 4699 1907 4746 na-

368 4789 562 4853 turali
590 4788 923 4872 principiO,
954 4788 1090 4854 sive
1111 4789 1492 4872 proprietate
1519 4812 1534 4853 z
1563 4793 1627 4854 et
1649 4793 1909 4873 propter

370 4896 492 4961 hoc
517 4913 650 4961 non
679 4896 867 4961 datur
888 4897 1163 4979 intelligi
1194 4896 1366 4979 quod
1394 4897 1473 4960 sit
1496 4896 1663 4961 inter
1683 4898 1912 4981 imagi-

371 5021 544 5085 nem,
575 5008 639 5069 et
666 5023 820 5069 eum
847 5007 1036 5088 cujus
1056 5008 1150 5070 est
1175 5004 1396 5087 imago
1418 5053 1436 5085 ,
1465 5007 1910 5073 convenientia

369 5115 643 5177 naturae.

451 5221 512 5285 4.
546 5219 645 5284 Ad
665 5218 822 5284 illud
846 5220 1020 5304 quod
1046 5219 1367 5304 objicitur,
1398 5220 1573 5304 quod
1604 5225 1698 5287 est
1719 5241 1759 5288 a
1783 5241 1908 5291 vo-

341 5362 350 5369 ‘
433 5380 452 5416 ¹
473 5380 554 5445 cs.
587 5381 641 5433 ε.
662 5381 866 5446 raom„
889 5396 945 5448 p.
966 5383 1007 5447 1,
1031 5397 1082 5449 q.
1103 5394 1253 5448 11:111,
1275 5386 1370 5435 art.
1391 5386 1421 5437 2
1448 5387 1501 5435 et
1520 5385 1574 5450 ις
1604 5388 1658 5436 et
1681 5384 1725 5436 ιι
1748 5385 1910 5450 sent„

371 5449 489 5503 dist.
511 5463 629 5519 xvi,
659 5466 712 5518 q.
731 5464 781 5518 1,
809 5456 908 5505 art.
926 5457 957 5505 2
969 5470 988 5519 3
1017 5454 1191 5522 AEgid.
1208 5457 1382 5519 Rom„
1408 5457 1454 5507 11
1475 5456 1637 5521 seua,
1659 5456 1778 5509 dist.
1795 5468 1907 5522 xvi,

3446 452 3568 526 635

2020 580 2292 662 luntate,
2308 600 2441 647 non
2454 600 2494 647 a
2505 583 2739 647 natura
2748 604 2766 661 ;
2788 582 3128 649 dicendum
3147 584 3321 666 quod
3335 602 3569 650 verum

2024 689 2121 750 εει
2147 706 2230 752 ex
2251 706 2327 778 ea
2345 691 2546 771 parte,
2568 707 2651 752 ex
2669 707 2799 771 qua
2815 692 2910 754 est
2936 709 2976 754 a
2995 690 3357 769 voluntate;
3395 691 3569 756 unde

2025 812 2176 859 cum
2213 800 2505 862 creatura
2543 816 2583 861 a
2618 796 2748 861 Deo
2778 798 3150 880 producitur
3184 798 3565 876 voluntarie,

2023 920 2161 967 non
2184 904 2419 970 dicitur
2442 906 2523 969 ab
2549 923 2626 970 eo
2649 905 2825 969 exire
2861 906 3236 969 naturaliter
3253 953 3272 985 ‚
3302 905 3412 970 sed
3439 924 3557 972 vo-

2022 1011 2323 1078 luntarie.
2356 1012 2454 1078 Ex
2488 1013 2614 1078 hoc
2645 1017 2866 1079 tamen
2894 1032 3029 1078 non
3065 1013 3354 1095 sequitur
3395 1014 3568 1096 quod

2024 1118 2383 1184 voluntarie
2431 1124 2875 1203 repraesentet3
2905 1120 3106 1184 immo
3146 1122 3240 1184 est
3276 1119 3367 1183 ibi
3399 1118 3563 1184 acci-

2025 1226 2201 1291 dens.
2230 1228 2536 1306 Quamvis
2560 1228 2732 1294 enim
2759 1229 2927 1294 Deus
2950 1229 3314 1295 voluntarie
3338 1229 3569 1312 produ-

2023 1334 2193 1398 xerit
2233 1335 2564 1402 hominem
2584 1385 2604 1416 ,
2631 1337 2828 1400 homo
2861 1340 3079 1401 tamen
3112 1335 3304 1400 habet
3340 1353 3566 1420 opera·

2023 1443 2234 1509 tiones
2256 1448 2601 1524 naturales,
2628 1448 2782 1530 quia
2806 1447 3024 1512 divina
3051 1447 3347 1510 voluntas
3371 1445 3564 1509 fabri·

2023 1552 2197 1635 cavit
2230 1557 2293 1617 et
2325 1554 2474 1619 fecit
2490 1554 2691 1637 ipsam
2707 1557 3007 1619 naturam
3037 1576 3052 1618 ι
3077 1572 3211 1617 ιιοιι
3234 1553 3323 1617 sic
3350 1556 3567 1617 autem

2022 1663 2120 1722 est
2161 1660 2238 1724 de
2261 1661 2593 1727 voluntate
2625 1662 2889 1726 artificis
2921 1661 3138 1742 creati,
3167 1662 3282 1744 qui
3303 1665 3562 1725 natura-

2019 1765 2150 1830 lem
2178 1767 2455 1832 formam
2482 1787 2615 1833 non
2647 1771 2853 1852 potest
2877 1768 3248 1851 producere.

2104 1877 2166 1937 5.
2210 1874 2308 1939 Ad
2351 1875 2507 1940 illud
2543 1877 2716 1959 quod
2761 1876 3079 1959 objicitur,
3127 1877 3298 1959 quod
3346 1876 3566 1959 imago

2021 1979 2174 2045 dicit
2223 1982 2716 2048 similitudinem
2776 1983 2845 2047 in
2900 1988 3172 2064 natura3
3225 1985 3566 2051 dicendum

2024 2089 2199 2171 quod
2250 2090 2391 2154 haec
2446 2079 2889 2155 determinatio
2933 2091 3306 2156 naturaliter
3356 2092 3567 2158 addita

2021 2195 2216 2262 alicui
2257 2198 2535 2262 termino
2557 2246 2574 2278 ,
2618 2198 2732 2281 qui
2764 2197 3022 2280 quidem
3059 2198 3211 2263 dicit
3237 2198 3565 2266 habitudi-

2021 2322 2173 2368 nem
2214 2324 2344 2370 non
2386 2310 2461 2370 ut
2500 2324 2539 2369 a
2567 2323 2696 2388 quo
2715 2353 2733 2381 ‚
2773 2305 2885 2369 sed
2918 2309 2994 2370 ut
3031 2306 3112 2370 ad
3139 2324 3332 2388 quem
3354 2356 3373 2386 ,
3418 2327 3565 2373 am-

2020 2412 2299 2494 biguam*
2338 2413 2544 2477 reddit
2577 2412 2962 2478 locutionem
2982 2461 3002 2492 ,
3039 2413 3191 2495 quia
3228 2417 3432 2496 potest
3466 2415 3565 2480 di-

2021 2537 2163 2583 cere
2186 2519 2630 2586 habitudinem
2653 2520 2813 2585 utin
2834 2520 3083 2585 ratione
3100 2539 3308 2586 causae
3326 2570 3345 2601 ,
3373 2522 3474 2589 vel
3494 2524 3566 2589 in

2018 2628 2264 2694 ratione
2290 2630 2555 2708 formae3
2589 2628 2761 2693 uude
2790 2628 2932 2693 haec
2959 2633 3051 2695 est
3072 2629 3310 2713 duplex
3338 2650 3354 2692 ε
3387 2655 3418 2692 α
3444 2629 3564 2695 Iste

2019 2736 2411 2806 naturaliter·
2419 2736 2803 2801 assimilatur
2830 2736 2925 2801 illi
2959 2758 2975 2800 ε
3007 2759 3038 2797 n
3076 2738 3178 2802 vel
3214 2744 3289 2802 ut
3319 2739 3560 2804 intelli-

2019 2847 2217 2925 gatur
2233 2844 2597 2922 causaliter,
2627 2843 2865 2909 scilicet
2883 2844 3056 2926 quod
3081 2845 3470 2910 assimilatur
3488 2847 3556 2912 in

2019 2967 2098 3015 eo
2132 2952 2302 3033 quod
2329 2951 2587 3016 habeta
2619 2955 2880 3029 natura3
2924 2952 3029 3017 vel
3060 2956 3134 3016 ut
3169 2952 3565 3035 intelligatur

2017 3061 2368 3128 formaliter
2389 3110 2407 3141 ,
2445 3061 2684 3128 scilicet
2709 3062 2884 3145 quod
2921 3063 3311 3130 assimilatur
3331 3064 3402 3129 in
3427 3066 3567 3148 ipsa

2018 3172 2274 3233 natura.
2323 3169 2539 3234 Primo
2584 3169 2775 3235 modo
2829 3171 3195 3263 accipiendo
3216 3220 3234 3252 ,
3281 3173 3421 3237 haec
3472 3178 3567 3238 est

2018 3294 2176 3342 vera
2208 3300 2222 3342 :
2255 3301 2286 3340 α
2303 3276 2511 3343 Homo
2534 3279 2909 3343 naturaliter
2933 3279 3319 3345 assimilatur
3338 3281 3462 3347 Deo
3485 3302 3502 3362 ;
3525 3304 3555 3343 n

2018 3383 2300 3450 secundo
2327 3386 2519 3451 modo
2541 3434 2560 3466 ‚
2584 3387 2741 3451 falsa
2769 3409 2785 3452 :
2817 3391 2882 3452 et
2904 3387 3115 3470 primo
3135 3390 3325 3453 modo
3350 3391 3565 3472 sequi-

2018 3490 2129 3552 tur
2152 3487 2234 3552 ad
2261 3488 2431 3553 hanc
2460 3508 2478 3554 ε
2516 3512 2549 3551 c«
2581 3489 2790 3555 Homo
2826 3491 3199 3557 naturaliter
3226 3497 3321 3557 est
3345 3492 3563 3575 imago

2019 3593 2169 3674 Dei3
2198 3615 2230 3654 ι
2264 3594 2388 3659 alio
2412 3608 2568 3662 vero
2599 3597 2790 3662 modo
2805 3646 2825 3678 ,
2853 3615 3010 3662 non.

2542 3901 2898 3979 QUAESTIO
2942 3904 3051 3972 ΙΙΙ.

2019 4075 2115 4134 An
2142 4092 2245 4135 esse
2266 4080 2561 4150 imaqiuem
2581 4081 2669 4136 ita
2688 4084 2973 4139 conveniat
2989 4084 3197 4143 homiui
3208 4130 3231 4156 ,
3259 4087 3401 4161 quod
3421 4092 3565 4147 nulli

2690 4172 2800 4227 alii
2830 4172 2871 4226 ¹.

2101 4348 2329 4415 Utrum
2369 4368 2504 4416 esse
2544 4352 2899 4435 imaginem
2939 4357 3276 4422 conveniat
3315 4359 3564 4426 homini
3592 4386 3663 4431 Aa
3680 4398 3786 4443 opp.

2018 4459 2311 4541 proprie,
2347 4460 2437 4523 ita
2468 4461 2641 4542 quod
2673 4462 2838 4526 nulli
2870 4462 3011 4543 alii;
3045 4469 3109 4529 et
3137 4466 3310 4549 quod
3340 4468 3430 4533 sic
3455 4470 3564 4535 vi-

2018 4567 2226 4632 detur.
2288 4565 2364 4630 In
2416 4568 2616 4632 solius
2665 4569 2947 4634 hominis
3012 4574 3368 4640 conditione
3431 4577 3567 4642 dic-

2016 4678 2162 4740 tum
2224 4679 2319 4740 est
2358 4697 2374 4740 :
2422 4677 2771 4744 Faciamus
2821 4678 3139 4747 hominem
3195 4682 3284 4748 ad
3326 4686 3568 4769 imagi-

2017 4799 2188 4858 nem,
2221 4786 2343 4847 etc.
2393 4780 2515 4847 Sed
2558 4782 2701 4848 haec
2746 4789 2841 4850 est
2902 4786 3297 4854 nobilissima
3347 4793 3568 4857 condi·
3634 4804 3640 4811 ·

2017 4892 2111 4955 tio
2132 4938 2151 4970 ‚
2181 4908 2328 4973 quae
2352 4890 2404 4953 si
2427 4890 2686 4956 daretur
2715 4892 2873 4972 aliis,
2894 4893 3074 4959 nullo
3093 4897 3283 4961 modo
3309 4899 3567 4965 deberet

2017 4996 2418 5079 praetermitti
2449 5018 2465 5060 t
2496 5015 2654 5079 ergo
2698 4998 2953 5064 videtur
2993 5002 3169 5083 quod
3209 5005 3374 5069 nulli
3409 5006 3519 5069 alii
3543 5055 3561 5087 ,

2017 5121 2216 5186 quam
2241 5103 2510 5182 homini,
2537 5122 2672 5167 esse
2697 5104 2778 5168 ad
2802 5105 3158 5189 imaginem
3182 5129 3367 5176 suam
3398 5112 3566 5179 Deus

2017 5210 2300 5276 dederit:
2334 5211 2505 5293 quod
2526 5209 2581 5273 si
2608 5214 3014 5294 praetermisit
3035 5216 3114 5282 de
3140 5218 3310 5300 aliis,
3339 5223 3402 5286 et
3428 5240 3563 5289 non

2017 5387 2074 5437 p.
2103 5375 2168 5437 11,
2188 5388 2240 5438 q.
2284 5385 2332 5438 1,
2360 5376 2455 5423 art.
2480 5375 2543 5436 23
2582 5372 2831 5437 Durand„
2860 5376 2906 5426 11
2933 5376 3092 5443 Seni„
3136 5380 3255 5432 dist.
3277 5394 3401 5449 xvi,
3429 5398 3481 5450 q.
3503 5397 3555 5451 13

2019 5451 2200 5517 steph.
2220 5445 2428 5507 Brulef„
2459 5444 2503 5495 ll
2533 5444 2695 5508 Seni„
2720 5445 2839 5501 dist.
2862 5459 2986 5513 xv1,
3013 5465 3067 5518 q.
3089 5465 3172 5507 111.
