4125 6225
734 481 812 546 50
1871 458 2493 533 SENTENTIARUM
2533 458 2682 530 L1B.
2728 465 2780 531 1.

730 621 794 683 et
819 614 1113 699 quaedam
1140 609 1511 685 successive,
1537 607 1701 671 sicut
1725 607 1896 688 patet
1919 604 1988 666 in
2019 600 2269 682 angelis

730 742 845 804 per
871 727 1164 786 naturam
1194 718 1499 803 paulatim
1517 714 1763 778 intendi
1780 712 2061 794 aliquam
2086 709 2269 773 affec-

728 831 971 895 tionem
1004 852 1018 894 :
1051 834 1115 894 et
1138 828 1227 892 sic
1252 831 1470 911 patent
1495 829 1744 888 caetera.

1356 1014 1494 1059 mm.
1540 1010 1629 1057 IV.

810 1134 871 1184 ln
890 1132 1090 1184 duobus
1117 1129 1450 1196 sapientibus,
1481 1139 1699 1193 quorum
1726 1123 1855 1175 alter
1878 1122 2057 1185 altero,
2078 1123 2177 1171 etc.

802 1255 1069 1322 Videtur
1088 1255 1320 1319 falsum
1343 1253 1548 1317 dicere
1570 1250 1740 1333 quod
1766 1248 1987 1312 eadem
2011 1246 2261 1329 sapien-

719 1365 810 1429 tia
835 1366 930 1428 est
954 1364 1024 1426 in
1045 1363 1295 1427 duobus
1315 1377 1523 1442 neque
1545 1359 1670 1439 maj
1679 1373 1772 1436 or,
1795 1373 2002 1437 neque
2024 1352 2258 1433 minor,

719 1470 875 1555 quia
908 1469 1218 1552 sapientia
1250 1470 1344 1530 est
1385 1463 1670 1529 accidens
1690 1510 1707 1541 ,
1742 1465 1806 1525 et
1844 1459 2116 1542 qualitas
2159 1477 2260 1522 sa-

718 1579 984 1662 pientis:
1014 1581 1079 1642 et
1104 1575 1393 1640 accidens
1418 1590 1533 1654 per
1549 1571 1832 1653 subjecta
1857 1570 2256 1632 numeratur.

796 1683 983 1768 Re'sp.
1023 1682 1372 1748 Dicendum
1409 1677 1579 1762 quod
1625 1677 1704 1740 ad
1750 1676 1871 1739 hoc
1913 1675 2262 1739 voluerunt

715 1791 914 1874 aliqui
956 1791 1163 1855 dicere
1212 1788 1383 1871 quod
1432 1786 1654 1851 eadem
1699 1782 2006 1865 sapientia
2051 1785 2260 1844 creata

715 1903 879 1963 esset
904 1898 974 1962 in
1001 1896 1252 1960 duobus
1277 1891 1697 1976 sapientibuS‚
1727 1893 1790 1953 et
1814 1888 1937 1952 hoc
1976 1887 2128 1951 dant
2153 1888 2259 1950 in-

714 2005 998 2087 telligere
1047 2021 1163 2085 per
1215 2002 1374 2066 duas
1428 1996 1914 2080 suppositiones.
1973 1991 2114 2057 Una
2166 1998 2261 2058 est

714 2114 882 2196 quod
914 2111 1153 2195 species
1187 2108 1282 2172 rei
1315 2108 1384 2170 in
1421 2106 1638 2169 anima
1665 2120 1795 2166 non
1822 2102 2118 2165 differant
2145 2118 2260 2183 per

715 2221 1053 2285 essentiam
1074 2237 1113 2282 a
1134 2235 1204 2281 re
1222 2220 1423 2280 extra.
1450 2213 1593 2276 Alia
1609 2208 1958 2294 suppositio
1977 2206 2258 2289 estquod

713 2329 1003 2394 eamdem
1038 2344 1176 2391 rem
1210 2341 1397 2388 nosse
1438 2323 1702 2404 possunt
1737 2318 1867 2381 duo
1900 2317 2214 2398 sapientes
2236 2364 2253 2394 ‚

713 2437 950 2501 scilicet
997 2450 1204 2500 unum
1245 2428 1639 2497 enuntiabile
1677 2424 1850 2507 quod
1882 2424 2125 2488 dictum
2164 2424 2259 2488 est

713 2545 1040 2628 singulare
1058 2592 1076 2624 ,
1104 2546 1167 2606 et
1188 2541 1312 2605 hoc
1339 2538 1641 2602 ultimum
1668 2551 1800 2597 non
1822 2532 2070 2613 indiget
2105 2549 2258 2614 per-—

713 2653 1041 2732 suasione3
1072 2650 1182 2715 sed
1208 2648 1420 2732 prim,
1450 2642 1620 2728 quod
1660 2640 1898 2724 species
1933 2640 2001 2703 in
2039 2641 2257 2704 anima

714 2779 846 2825 non
870 2758 1120 2823 differat
1144 2775 1183 2819 a
1208 2773 1278 2819 re
1306 2756 1488 2817 extra
1510 2748 1864 2814 secundum
1891 2747 2251 2827 essentiam,

713 2868 1054 2936 ostendunt
1075 2864 1165 2929 sic
1190 2882 1207 2927 :
1232 2861 1385 2946 quia
1408 2876 1522 2942 per
1553 2857 1773 2922 eadem
1798 2873 1902 2920 res
1927 2855 2259 2935 cognosci·-

714 2980 842 3057 tur,
871 2993 986 3058 per
1011 2991 1158 3056 quae
1187 2989 1290 3035 res
1315 2968 1510 3033 habet
1532 2983 1667 3030 esse
1694 2985 1709 3027 :
1742 2963 1795 3026 si
1821 2980 1978 3044 ergo
2004 2980 2121 3044 per
2136 2963 2259 3026 for-

715 3102 890 3150 mam
917 3100 1105 3148 suam
1129 3079 1321 3144 habet
1346 3093 1480 3142 esse
1496 3124 1515 3156 ,
1550 3090 1708 3155 ergo
1734 3076 1798 3136 et
1827 3070 2160 3152 cognosci,
2195 3072 2260 3134 et

713 3193 920 3256 forma
945 3190 1040 3255 rei
1078 3204 1230 3253 vere
1260 3188 1356 3250 est
1392 3184 1465 3247 in
1491 3182 1709 3245 anima
1740 3201 1756 3242 :
1789 3182 1853 3242 et
1891 3196 2040 3242 cum
2068 3176 2254 3240 intel-

712 3299 913 3363 lectus
933 3297 1014 3360 sit
1038 3297 1240 3360 sciens
1260 3310 1376 3375 per
1397 3291 1575 3353 illam
1599 3288 1897 3365 formam,
1927 3289 1995 3348 et>
2013 3284 2260 3348 contin—

716 3409 827 3487 gat
852 3404 1101 3487 aliquos
1128 3401 1288 3465 duos
1309 3396 1572 3462 omnino
1599 3394 1768 3458 idem
1798 3394 1958 3457 scire
1984 3398 2049 3456 et
2074 3392 2258 3473 cogi-

714 3516 881 3591 tare,
921 3510 1032 3574 illa
1070 3526 1204 3573 non
1241 3510 1336 3571 est
1375 3510 1629 3569 tantum
1674 3518 1829 3565 vera
1872 3498 2109 3579 forma,
2150 3499 2258 3563 sed

716 3620 908 3686 etiam
946 3636 1098 3682 una.
1130 3615 1209 3680 Et
1231 3613 1406 3698 quod
1443 3613 1565 3676 hoc
1591 3627 1825 3676 verum
1855 3609 1965 3685 sit,
1995 3625 2260 3690 persua-

717 3728 869 3792 dent
899 3743 1013 3809 per
1053 3723 1175 3788 hoc
1196 3771 1213 3802 ,
1256 3720 1428 3805 quod
1454 3721 1508 3783 si
1541 3719 1748 3783 forma
1781 3720 1987 3799 potest
2029 3734 2261 3780 secun-

717 3833 876 3898 dum
900 3833 1238 3898 veritatem
1263 3826 1655 3909 consimilem
1677 3826 1950 3889 formam
1972 3823 2043 3886 in
2066 3829 2260 3888 mate-

718 3943 818 4008 ria
858 3941 1205 4025 producere
1225 3988 1241 4018 ‚
1283 3942 1346 4002 et
1388 3936 1658 4018 seipsam
1697 3933 1901 3996 facere
1948 3931 2015 3995 in
2053 3931 2262 3995 aliena

718 4049 1007 4130 materia,
1032 4065 1229 4133 quare
1254 4064 1383 4109 non
1409 4047 1503 4108 est
1528 4041 1734 4105 simile
1755 4041 1825 4103 in
1846 4039 2084 4119 anima,
2112 4057 2260 4121 quae

718 4158 991 4223 habilior
1028 4160 1125 4221 est
1160 4155 1242 4219 ad
1287 4151 1765 4235 recipiendum?
1810 4146 1988 4212 Unde
2027 4151 2092 4211 et
2138 4148 2262 4212 hoc

719 4265 939 4331 dicunt
965 4263 1233 4327 sensisse
1270 4259 1713 4340 Augustinum
1745 4257 1786 4318 ¹.
1826 4255 2003 4320 Unde
2038 4255 2262 4319 dicunt

720 4372 892 4456 quod
926 4370 1235 4454 sapientia
1267 4386 1402 4431 non
1440 4371 1534 4431 est
1567 4365 1647 4429 ad
1682 4365 1949 4428 modum
1987 4363 2260 4428 aliarum

717 4485 1201 4568 proprietatum.
1229 4479 1352 4544 Sed
1376 4478 1518 4542 haec
1541 4474 1768 4559 positio
1788 4473 2003 4539 deviat
2023 4475 2105 4538 ab
2130 4474 2263 4539 Au-

719 4592 1006 4674 gustino,
1034 4590 1186 4671 quia
1205 4585 1606 4667 Augustinus
1623 4583 1785 4661 vult,
1807 4585 1872 4646 et
1891 4582 1999 4645 alii
2018 4581 2255 4663 Sancti,

717 4699 890 4782 quod
916 4715 1050 4761 esse
1076 4696 1148 4759 in
1177 4694 1470 4777 pluribus
1495 4692 1757 4757 omnino
1785 4690 2097 4754 distinctis
2123 4709 2258 4755 non

715 4807 1015 4872 convenit
1055 4803 1172 4868 uni
1222 4807 1286 4867 et
1328 4802 1537 4867 eidem
1583 4802 1893 4864 creaturae
1911 4847 1928 4877 ‚
1976 4799 2104 4862 nisi
2142 4818 2257 4882 per

712 4915 1129 4991 miraculum;
1153 4914 1218 4975 et
1241 4910 1384 4974 ideo
1402 4907 1629 4991 positio
1656 4907 1774 4970 ista
1801 4924 1994 4989 super
2020 4907 2252 4971 falsum

709 5023 1040 5102 fundatur,
1069 5026 1133 5085 et
1158 5018 1420 5084 fundata
1436 5021 1560 5095 est;
1586 5016 1739 5099 quia
1757 5015 1814 5079 si
1833 5015 2067 5080 veritas
2087 5017 2252 5080 asini

708 5135 870 5195 esset
896 5129 966 5193 in
999 5127 1248 5205 anima,
1278 5144 1478 5209 quare
1519 5141 1651 5188 non
1685 5122 2000 5187 diceretur
2033 5123 2250 5188 anima

706 5254 844 5303 esse
869 5238 1126 5302 asinus?
1161 5235 1239 5302 Et
1260 5235 1526 5313 iterum,
1557 5231 1613 5296 si
1641 5236 1804 5296 essct
1828 5231 2099 5311 veritas,
2126 5234 2248 5298 ad-

772 5402 793 5438 ¹
811 5380 962 5467 Aug„
990 5401 1153 5465 Epist.
1174 5411 1300 5465 Lvu,
1325 5399 1389 5451 al.
1414 5410 1692 5463 cmxv113
1723 5398 1981 5463 Ambros„
2009 5399 2072 5449 de
2097 5398 2240 5465 Spir.

709 5472 912 5537 Smtcto,
938 5470 1028 5523 lib.
1055 5473 1106 5536 Ι,
1133 5485 1181 5523 c.
1200 5483 1293 5523 vn.
1315 5496 1379 5510 —
1396 5470 1419 5507 ¹
1438 5470 1568 5522 [bid.

2374 598 2504 664 huc
2526 619 2656 663 non
2680 605 2844 666 esset
2870 602 3115 681 eadem,
3146 604 3298 685 quia
3320 604 3498 668 nulla
3526 605 3736 669 forma
3764 623 3914 669 cum

2374 714 2640 787 generat
2664 728 2753 786 se,
2785 716 3049 791 generat
3072 729 3139 775 se
3163 712 3423 775 omnino
3449 712 3777 790 eamdem;
3809 713 3916 777 sed

2372 814 2453 878 de
2479 817 2846 880 necessitate
2877 818 3279 901 plurificatur
3315 819 3584 883 essentia
3609 820 3677 881 in
3708 837 3914 900 gene-

2375 929 2556 989 rante
2592 929 2654 990 et
2695 931 3036 1007 generato,
3071 932 3498 1010 praeterquam
3535 930 3603 991 in
3638 928 3770 993 Deo
3801 952 3816 992 :
3855 934 3917 994 et

2374 1030 2515 1096 ideo
2537 1051 2670 1096 non
2688 1034 2856 1099 valet
2881 1035 2960 1098 ad
2986 1036 3402 1117 propositum.
3433 1034 3510 1098 Et
3525 1036 3668 1101 ideo
3695 1054 3917 1126 secun·

2372 1137 2492 1202 dus
2535 1141 2765 1206 modus
2808 1141 3056 1206 dicendi
3096 1147 3191 1206 est
3230 1142 3401 1224 quod
3444 1143 3855 1225 Augustinus
3892 1146 3917 1180 ²

2373 1244 2674 1328 intelligit
2701 1247 2780 1312 dc
2820 1249 3130 1331 sapientia
3168 1249 3448 1314 increata
3467 1299 3484 1330 ,
3523 1268 3671 1332 quae
3710 1254 3809 1314 est
3847 1250 3920 1315 in

2371 1355 2764 1437 sapientibus
2780 1405 2797 1437 ,
2842 1361 2907 1421 et
2931 1358 3189 1438 attingit
3226 1358 3470 1441 ubique
3513 1364 3775 1442 propter
3813 1360 3919 1424 sui

2370 1464 2778 1529 munditiam.
2835 1464 2958 1530 Sed
3003 1485 3150 1530 cum
3195 1466 3596 1547 Augustinus
3640 1466 3920 1531 intendit

2370 1589 2608 1653 ponere
2636 1574 3007 1656 exemplum
3032 1577 3101 1637 in
3129 1575 3436 1638 creaturis
3459 1623 3476 1652 ,
3505 1593 3637 1639 non
3658 1575 3919 1639 videtur

2369 1680 2582 1744 adhuc
2617 1681 2739 1745 hoc
2768 1700 2903 1746 esse
2935 1681 3287 1745 secundum
3314 1684 3456 1763 ejus
3495 1683 3913 1746 intellectum.

2369 1786 2448 1851 Et
2487 1788 2723 1852 iterum
2754 1789 2887 1872 ipse
2923 1789 3070 1853 dicit
3110 1790 3277 1872 quod
3308 1790 3446 1872 ipsa
3484 1791 3797 1872 sapientia
3821 1796 3921 1854 est

2368 1895 2635 1976 aequalis
2678 1898 2743 1959 in
2780 1896 3067 1977 duobus,
3113 1896 3225 1978 qui
3265 1901 3415 1960 sunt
3449 1897 3784 1980 aequaliter
3809 1918 3920 1963 sa-

2367 2003 2609 2085 pientes
2632 2053 2648 2081 ,
2687 2022 2817 2067 non
2858 2007 3075 2067 autem
3109 2003 3177 2066 in
3213 2004 3355 2067 aliis
3401 2027 3415 2068 :
3460 2022 3617 2085 ergo
3659 2006 3921 2071 videtur

2366 2109 2543 2192 loqui
2583 2110 2659 2175 de
2683 2110 2933 2176 habitu.
2965 2112 3043 2176 Et
3078 2112 3219 2176 ideo
3260 2116 3353 2176 est
3384 2112 3608 2176 tertius
3636 2114 3873 2177 modus
3895 2164 3916 2194 ,

2367 2217 2540 2299 quod
2560 2218 2693 2301 ipse
2726 2219 3013 2301 loquitur
3038 2219 3116 2284 de
3145 2219 3388 2283 unitate
3418 2237 3531 2302 per
3557 2222 3920 2285 conformi-

2368 2328 2583 2388 tatem.
2628 2325 2750 2390 Sed
2791 2325 2949 2390 illud
2986 2326 3196 2390 adhuc
3221 2344 3352 2389 non
3393 2332 3488 2390 est
3522 2328 3922 2394 sufficienter

2365 2432 2635 2514 dictum,
2681 2434 2833 2517 quia
2871 2438 3025 2498 tunc
3064 2436 3270 2516 major
3304 2439 3468 2498 esset
3507 2435 3578 2498 in
3616 2436 3916 2517 duobuS‚

2366 2557 2562 2624 quam
2590 2542 2660 2603 in
2684 2559 2840 2620 uno,
2863 2541 3028 2604 sicut
3048 2544 3218 2624 patet
3243 2540 3310 2603 in
3333 2541 3586 2606 duobus
3602 2543 3923 2608 divitibus

2365 2648 2478 2729 qui
2516 2651 2670 2712 sunt
2701 2648 2773 2711 in
2807 2649 3046 2713 divitiis
3090 2651 3444 2715 conformes
3486 2653 3550 2713 et
3600 2651 3917 2733 aequales.

2367 2753 2632 2838 Propter
2656 2755 2779 2820 hoc
2805 2756 3142 2822 dicendum
3165 2757 3333 2839 quod
3362 2757 3740 2838 similitud0‚
3773 2759 3924 2823 sive

2365 2863 2633 2928 intentio
2658 2864 2727 2927 in
2754 2865 3006 2945 anima,
3037 2865 3231 2928 habet
3264 2865 3616 2946 comparari
3653 2866 3734 2930 ad
3761 2868 3918 2929 ani-

2366 2989 2575 3052 mam,
2605 2971 2675 3035 in
2705 2990 2836 3054 qua
2872 2976 2998 3050 est,
3028 2974 3095 3035 et
3118 2970 3200 3034 ad
3233 2971 3391 3035 illud
3436 2973 3620 3053 cujus
3659 2976 3757 3036 est
3790 2995 3807 3036 :
3853 2977 3925 3038 et

2366 3078 2672 3162 quoniam
2698 3084 2914 3144 ortum
2937 3079 3128 3144 habet
3158 3078 3238 3143 ab
3265 3097 3363 3159 e0,
3391 3083 3577 3162 cujus
3598 3083 3717 3157 est,
3739 3084 3805 3145 et
3831 3081 3923 3146 ad

2364 3186 2522 3250 illud
2550 3187 2809 3266 dicitur,
2839 3188 2982 3251 ideo
3020 3187 3463 3251 similitudines
3488 3186 3684 3251 unius
3718 3188 3816 3251 rei
3846 3189 3923 3253 in

2365 3294 2699 3357 animabus
2719 3294 3033 3378 pluribuS,
3062 3296 3214 3377 quia
3232 3296 3299 3358 in
3319 3313 3516 3359 unam
3534 3298 3596 3358 et
3612 3295 3925 3360 eamdem

2366 3402 2698 3465 veritatem
2721 3402 2983 3482 ducunt,
3011 3408 3105 3466 est
3129 3406 3378 3466 tantum
3404 3421 3555 3478 una,
3588 3409 3925 3485 quantum

2365 3510 2512 3574 duae
2552 3533 2567 3574 :
2601 3511 2757 3574 hinc
2788 3511 3079 3593 estquod
3107 3528 3220 3593 per
3252 3510 3794 3593 comparationem
3833 3513 3925 3577 ad

2367 3617 2545 3697 illud,
2575 3621 2760 3702 quus
2786 3622 2957 3696 sunt,
2986 3619 3224 3684 habent
3258 3620 3589 3697 unitatem,
3622 3638 3742 3683 nec
3766 3638 3925 3685 ma-

2360 3728 2473 3809 jus
2515 3731 2666 3790 sunt
2708 3728 2855 3791 duae
2891 3745 3088 3810 quam
3125 3745 3288 3804 una,
3320 3727 3612 3791 similiter
3646 3747 3765 3792 nec
3804 3749 3919 3794 sa-

2368 3834 2626 3917 pientia.
2654 3834 2773 3899 Sed
2795 3836 2869 3899 in
2894 3836 3364 3919 comparatione
3390 3835 3469 3900 ad
3491 3836 3739 3900 animas
3760 3857 3922 3920 quae

2368 3960 2482 4025 per
2503 3942 2642 4006 illas
2666 3946 3082 4024 cognoscunt,
3108 3944 3347 4008 habent
3372 3943 3828 4026 pluralitatem,
3855 3952 3925 4011 et

2367 4050 2513 4132 plus
2529 4056 2680 4115 sunt
2703 4051 2850 4115 duae
2878 4070 3072 4135 quam
3097 4070 3265 4116 una:
3291 4057 3355 4116 et
3372 4052 3514 4115 ideo
3538 4056 3712 4134 patet
3737 4055 3926 4137 quod

2369 4176 2503 4222 non
2528 4162 2734 4241 potest
2758 4160 2912 4242 poni
2940 4160 3204 4224 omnino
3225 4159 3454 4237 simile,
3480 4161 3631 4242 quia
3652 4180 3757 4226 res
3782 4164 3923 4228 dif-

2367 4267 2584 4331 ferunt
2611 4267 2692 4330 ab
2717 4268 3090 4349 intentione,
3127 4269 3262 4332 sive
3288 4268 3698 4334 similitudine
3735 4290 3862 4337 sua
3900 4295 3918 4337 :

2367 4374 2436 4437 in
2471 4373 2598 4439 Deo
2625 4379 2864 4452 autem,
2895 4376 2967 4439 in
3006 4394 3136 4458 quo
3161 4393 3294 4440 non
3319 4375 3617 4440 differunt
3636 4425 3654 4454 ,
3683 4382 3923 4459 patens

2367 4487 2462 4546 est
2501 4482 2674 4566 quod
2700 4501 2874 4546 unus
2912 4488 3118 4567 potest
3147 4502 3282 4549 esse
3321 4484 3391 4547 in
3417 4485 3639 4548 multis
3684 4507 3699 4549 ε
3728 4491 3793 4550 et
3818 4487 3923 4552 sic

2365 4594 2584 4672 patent
2607 4595 2839 4655 caetera
2861 4591 3127 4674 objecta.

2829 4835 3314 4907 ARTICULUS
3357 4832 3411 4905 I.

2441 5027 2498 5085 1.
2560 5021 2659 5087 Ad
2708 5020 3198 5103 intelligentiam
3238 5019 3438 5103 hujus
3490 5019 3718 5102 parm,
3769 5019 3910 5087 duo

2358 5122 2787 5213 principaliter
2837 5132 3222 5211 quaeruntur
3271 5148 3288 5192 :
3332 5125 3540 5209 primo
3579 5128 3910 5210 quaeritur

2354 5237 2434 5302 de
2463 5236 3232 5319 incircumscriptibilitate
3251 5281 3270 5315 ,
3300 5235 3438 5299 sive
3471 5234 3909 5302 illocabilitate

2351 5344 2491 5424 Dei3
2523 5344 2823 5420 secund0‚
2845 5344 2922 5408 de
2947 5341 3372 5407 mutabilitate
3392 5341 3659 5424 spiritus
3689 5362 3907 5425 ange-

2347 5454 2452 5520 lici
2489 5471 2603 5536 per
2637 5452 2855 5518 locum
2895 5474 2911 5516 :
2941 5452 3083 5516 haec
3116 5449 3292 5515 enim
3324 5448 3454 5514 duo
3479 5451 3897 5533 prosequitur
