4125 6225
65 2072 266 2119 Fundam·

41 5206 239 5270 Adoro·

1068 428 1265 496 DIST.
1308 428 1473 496 vm.
1515 427 1743 494 PART.
1787 426 1866 494 11.
1909 424 2093 493 ART.
2138 427 2188 492 I.
2234 423 2534 508 QUAEST.
2578 423 2684 491 vl.

287 566 496 633 centia
521 568 637 645 est,
666 566 804 632 sive
829 565 1023 632 libido
1043 583 1378 650 perversa;
1407 565 1720 650 pabulum
1745 565 1826 630 is-

286 676 417 741 tius
436 673 608 757 ignis
624 678 775 739 sunt
794 674 1209 757 cogitationes
1231 677 1295 740 et
1311 672 1673 739 affectiones
1686 689 1825 736 car-

289 783 465 850 nales
502 785 567 848 et
589 784 860 847 terrenae
877 830 896 862 ,
937 785 1000 847 et
1026 781 1466 847 delectationes
1510 780 1729 859 foedae3
1764 781 1828 844 et

288 893 378 957 ita
399 890 736 956 incendere
753 938 769 970 ‚
800 890 869 955 in
896 889 1330 973 spiritualibus
1348 938 1366 967 ‚
1395 908 1528 955 non
1548 892 1827 953 tantum-

289 1000 481 1066 modo
499 998 803 1082 accipitur
826 1001 1120 1082 respectu
1142 997 1551 1064 affectionum
1578 1046 1596 1077 ,
1627 997 1827 1061 immo

289 1110 353 1171 et
403 1104 869 1188 cogitationum
890 1125 907 1185 ;
957 1109 1019 1170 et
1061 1108 1353 1188 respectu
1402 1108 1828 1186 utrarumque

289 1230 425 1278 non
451 1212 601 1277 dicit
627 1216 842 1277 actum
880 1211 1049 1277 sicut
1073 1211 1506 1295 principaliter
1532 1210 1784 1293 agentis
1806 1256 1824 1288 ,

290 1321 402 1386 sed
418 1320 628 1385 solum
646 1320 810 1385 sicut
828 1320 1160 1385 excitantis
1185 1323 1248 1385 et
1264 1320 1824 1386 subministrantia.

292 1427 613 1506 Quoniam
633 1426 837 1509 igitur
854 1426 1143 1492 diabolus
1162 1432 1366 1511 potest
1390 1445 1507 1493 nos
1532 1428 1613 1493 ad
1631 1428 1831 1493 malas

290 1535 704 1617 cogitationes
722 1538 787 1599 et
811 1535 1175 1599 affectiones
1197 1535 1473 1601 excitare
1493 1584 1511 1615 ‚
1532 1535 1678 1601 licet
1699 1553 1832 1600 non

293 1644 494 1727 possit
542 1661 648 1707 eas
700 1643 771 1705 in
814 1642 1000 1706 nobis
1039 1660 1158 1706 sua
1191 1647 1496 1726 potestate
1548 1642 1825 1723 efficere3

292 1750 439 1815 ideo
462 1754 628 1815 recte
648 1752 711 1814 et
727 1749 981 1833 proprie
1006 1768 1046 1813 a
1062 1750 1296 1815 sanctis
1320 1751 1384 1814 et
1409 1769 1448 1814 a
1465 1749 1833 1815 doctoribus

294 1874 492 1921 sacrae
524 1856 868 1940 Scripturae
898 1857 1195 1921 incensor
1233 1857 1465 1922 dicitur
1482 1905 1502 1936 ,
1541 1874 1668 1921 non
1706 1857 1834 1921 im-

298 1964 528 2029 missor
545 2013 562 2043 ,
593 1968 656 2029 et
679 1964 1096 2030 concedendae
1119 1968 1270 2029 suut
1291 1965 1567 2029 rationes
1583 1963 1663 2029 ad
1686 1965 1830 2029 hoc.

381 2079 411 2138 1
443 2076 510 2138 et
534 2078 593 2137 2.
627 2073 725 2138 Ad
756 2072 918 2137 illud
944 2073 1114 2155 quod
1140 2072 1466 2154 objicitur,
1501 2073 1672 2155 quod
1696 2072 1836 2136 dia-

295 2182 486 2246 bolus
503 2198 635 2245 non
656 2183 861 2264 potest
876 2198 1069 2263 super
1088 2179 1443 2260 imaginem
1467 2228 1483 2258 ‚
1506 2198 1622 2244 nec
1641 2198 1836 2263 super

294 2288 571 2355 liberum
599 2289 970 2367 arbitrium3
1000 2288 1346 2354 dicendum
1374 2288 1545 2371 quod
1567 2306 1698 2354 non
1727 2307 1836 2372 po-

293 2400 417 2460 test
442 2397 607 2462 sicut
625 2415 824 2479 agens
850 2401 914 2461 et
932 2415 1199 2462 movens
1215 2396 1561 2480 principale
1588 2419 1602 2461 ε
1633 2400 1839 2479 potest

293 2506 515 2567 tamen
552 2502 718 2567 sicut
745 2520 1104 2585 suggerens
1132 2507 1197 2568 et
1234 2502 1539 2567 inducens
1574 2525 1588 2567 ε
1624 2506 1689 2566 et
1714 2502 1837 2567 hoc

294 2613 393 2676 est
432 2611 607 2694 quod
650 2611 801 2676 dicit
847 2611 1271 2676 Damascenus
1315 2632 1332 2676 ι
1381 2635 1413 2672 α
1457 2610 1835 2677 violentiam

293 2719 489 2784 alicui
517 2720 751 2785 inferre
769 2739 901 2784 non
927 2723 1224 2804 possunt,
1247 2720 1316 2784 in
1335 2720 1517 2785 nobis
1544 2720 1717 2785 enim
1744 2723 1837 2785 est

292 2828 614 2911 suscipere
645 2846 871 2893 eorum
899 2829 1342 2894 immissiones,
1382 2850 1414 2887 ³»

378 2940 437 3000 3.
470 2936 569 3001 Ad
591 2936 784 3017 illud,
814 2937 986 3019 quod
1015 2954 1147 3002 non
1173 2937 1369 3021 possit
1392 2937 1464 3000 in
1501 2935 1833 3018 cogitatio-

291 3061 476 3123 nem;
508 3044 847 3108 dicendum
877 3044 1049 3128 quod
1067 3094 1085 3126 ,
1107 3045 1272 3109 sicut
1290 3062 1420 3108 non
1439 3047 1641 3129 potest
1665 3044 1836 3127 cogi-

289 3153 601 3218 tationem
630 3154 904 3218 formare
923 3204 941 3234 ,
971 3154 1060 3219 sic
1083 3173 1202 3219 nec
1226 3153 1625 3219 affectionem
1651 3154 1831 3236 prin-

289 3260 581 3343 cipaliter
615 3279 875 3326 causare
913 3261 1018 3325 vel
1064 3279 1323 3326 movere
1357 3284 1371 3325 :
1409 3261 1573 3324 sicut
1618 3263 1836 3325 autem

289 3371 499 3452 potest
521 3366 922 3433 affectionem
937 3369 1271 3433 incendere
1285 3417 1302 3446 ,
1329 3368 1420 3432 sic
1450 3368 1643 3433 etiam
1667 3368 1837 3449 cogi-

292 3474 624 3539 tationem.

374 3586 436 3647 4.
479 3582 578 3647 Ad
620 3582 780 3648 illud
819 3582 989 3666 quod
1032 3582 1258 3647 ultimo
1289 3581 1587 3665 objicitur
1603 3630 1621 3661 ‚
1662 3580 1838 3664 quod

291 3693 451 3755 tunc
490 3695 701 3774 posset
750 3693 954 3756 facere
1001 3709 1119 3755 nos
1161 3707 1453 3774 peccare;
1497 3690 1834 3754 dicendum

290 3796 467 3879 quod
497 3816 719 3862 verum
749 3802 873 3877 est,
903 3798 956 3861 si
983 3797 1265 3881 potentia
1298 3797 1679 3861 incendendi
1702 3798 1835 3861 im-

288 3908 575 3988 portaret
600 3906 1036 3970 necessitatem
1053 3954 1072 3984 ,
1101 3904 1206 3969 vel
1229 3904 1625 3988 praecipuam
1649 3908 1709 3970 et
1739 3905 1836 3968 ef-

287 4013 590 4078 fectivam
606 4017 977 4096 potestatem
999 4017 1290 4095 respectu
1304 4011 1657 4077 affectionis
1682 4030 1839 4095 pra·-

288 4138 396 4186 vae
426 4138 442 4184 :
474 4119 579 4185 sed
608 4168 625 4197 ,
678 4120 842 4186 sicut
890 4121 1267 4204 praedictum
1303 4123 1442 4199 est,
1500 4137 1629 4184 non
1686 4119 1839 4185 dicit

289 4246 553 4292 causam
578 4228 957 4293 efficientem
979 4277 997 4309 ‚
1028 4229 1138 4294 sed
1173 4229 1612 4311 disponentem
1643 4250 1658 4293 ε
1690 4246 1838 4311 quae

289 4335 554 4419 quidem
575 4334 903 4419 dispositio
933 4336 1277 4400 efficaciam
1306 4353 1440 4400 non
1463 4334 1687 4412 habet,
1717 4335 1840 4398 nisi

289 4460 414 4507 nos
439 4441 666 4507 demus
687 4442 747 4506 ei
773 4443 1067 4525 vigorem
1095 4461 1176 4510 ex
1198 4445 1414 4507 nostra
1446 4441 1840 4524 negligentia

295 4548 403 4615 vel
433 4567 766 4615 consensu.

821 4780 1174 4860 QUAESTIO
1213 4781 1319 4847 VI.

339 4942 438 5000 An
470 4940 730 4998 doemones
752 4941 988 4998 scrutari
1009 4941 1221 5012 possint
1244 4941 1442 4996 secreta
1468 4939 1802 4996 conscientia·

948 5027 1193 5086 nostroe¹.

382 5200 610 5266 Utrum
654 5200 978 5265 daemones
1016 5196 1256 5281 possint
1298 5196 1566 5262 scrutari
1607 5197 1847 5260 secreta

295 5315 537 5378 nostrae
583 5305 1026 5385 conscientiae3
1072 5306 1134 5368 et
1181 5302 1353 5387 quod
1394 5304 1486 5369 sic
1502 5352 1521 5384 ,
1568 5303 1840 5369 videtur.

372 5436 495 5501 ¹Gf.
524 5436 581 5489 S.
608 5435 815 5499 Thom„
842 5446 896 5498 p.
928 5434 981 5497 l,
1017 5445 1070 5499 q.
1094 5441 1232 5496 nvn,
1259 5435 1354 5484 art.
1379 5431 1439 5495 43
1482 5433 1534 5482 et
1569 5428 1631 5480 de
1665 5430 1845 5494 Ver-it„

3353 432 3473 493 455

1932 562 2312 630 Daemonum
2329 560 2615 628 officium
2640 561 2737 625 est
2760 576 3087 643 accusare,
3120 562 3474 630 secundum

1931 671 2106 756 quod
2138 670 2376 753 legitur
2400 671 2470 733 in
2500 669 2885 753 Apocalypsi
2914 675 2981 735 ¹:
3016 669 3344 753 Proiectus
3383 677 3479 741 est

1933 784 2268 848 accusator
2306 780 2619 862 fratrum,
2669 780 2790 842 etc.
2836 775 3010 860 Ergo
3046 778 3103 843 si
3139 777 3478 862 injudicio

1934 905 2288 970 arguemur
2334 886 2412 951 de
2462 883 2897 950 secretissimis
2944 885 3434 967 cogitationibus
3455 938 3475 969 ,

1933 994 2192 1061 videtur
2228 995 2400 1078 qnod
2446 994 2550 1059 hae
2591 1010 2726 1059 non
2761 992 2998 1060 lateant
3048 998 3477 1063 accusatorem

1934 1105 2251 1167 nostrum.

2015 1214 2077 1275 2.
2131 1208 2292 1272 Item
2346 1210 2677 1291 peccatum
2715 1209 2811 1271 est
2860 1205 3183 1272 character
3224 1209 3478 1293 bestiae,

1937 1315 2290 1382 secundum
2325 1315 2497 1398 quod
2535 1314 2902 1379 insinuatur
2931 1314 3001 1379 in
3038 1317 3431 1400 Apocalypsi
3452 1335 3479 1379 .·

1937 1425 2045 1489 sed
2080 1423 2524 1507 unusquisque
2549 1423 2876 1504 cognoscit
2903 1424 3239 1507 proprium
3268 1426 3480 1507 signa·

1938 1532 2160 1597 culum
2176 1580 2193 1609 ‚
2226 1531 2618 1614 ubicumque
2645 1530 2903 1613 ponitur
2945 1553 2961 1594 ι
2993 1549 3152 1614 ergo
3191 1531 3481 1598 diabolus

1940 1639 2264 1722 cognoscit
2289 1642 2614 1723 peccatum
2630 1686 2648 1718 ‚
2668 1638 3062 1722 ubicumque
3093 1640 3174 1703 sit
3206 1658 3224 1704 z
3253 1640 3363 1705 sed
3383 1642 3482 1705 ni-

1938 1748 2032 1812 hil
2059 1747 2245 1812 estin
2268 1747 2453 1812 nobis
2480 1746 2784 1812 secretins
2799 1796 2818 1827 ,
2850 1765 3046 1831 quam
3073 1747 3200 1812 sint
3225 1751 3481 1830 peccata

1941 1855 2403 1937 cogitationum
2456 1857 2823 1918 nostrarum
2879 1857 2942 1919 et
2991 1854 3401 1919 affectionum
3459 1877 3474 1916 :

1941 1981 2099 2046 ergo
2118 2012 2137 2043 ,
2176 1962 2229 2026 si
2256 1963 2398 2029 haec
2416 1961 2703 2027 diabolus
2727 1964 2928 2045 potest
2958 1962 3174 2028 videre
3193 2011 3212 2043 ,
3241 1965 3478 2028 secreta

1942 2072 2472 2137 conscientiarum
2495 2074 2861 2136 nostrarum
2882 2070 3107 2135 rimari
3132 2074 3357 2153 potest.

2023 2183 2085 2243 3.
2129 2177 2288 2242 Item
2329 2177 2735 2260 Augustinus
2756 2227 2774 2258 ‚
2823 2193 3017 2261 super
3062 2178 3352 2244 Genesim
3394 2178 3486 2246 ad

1943 2288 2227 2356 litteram
2257 2293 2278 2328 ³
2298 2309 2323 2352 .·
2356 2310 2387 2348 <1
2402 2285 2549 2351 Mali
2576 2286 2793 2368 angeli
2815 2286 3266 2368 cogitationem
3283 2304 3483 2353 nove·

1940 2399 2129 2477 runt,
2163 2395 2313 2480 quia
2340 2395 2542 2460 multa
2562 2394 2949 2478 praedicunt,
2977 2413 3123 2478 quae
3152 2413 3286 2459 non
3316 2412 3483 2478 prae·

1943 2505 2258 2584 dicerent,
2292 2503 2345 2567 si
2372 2503 2785 2585 cogitationes
2814 2521 2949 2568 non
2975 2502 3321 2568 novissent.
3349 2523 3381 2562 n

2022 2616 2083 2676 4.
2113 2611 2268 2678 Item
2297 2612 2419 2677 hoc
2459 2611 2713 2676 videtur
2737 2629 2855 2694 per
2891 2611 3228 2676 rationem.
3259 2607 3480 2675 Notior

1943 2725 2038 2786 est
2055 2721 2334 2804 operatio
2351 2738 2546 2805 quam
2569 2719 2870 2803 potentia,
2893 2723 2957 2784 et
2980 2719 3263 2802 potentia
3284 2737 3481 2801 quam

1943 2829 2332 2907 substantia;
2394 2828 2547 2912 quia
2598 2846 2711 2912 per
2759 2827 3194 2909 cognitionem
3253 2844 3486 2910 opera-

1943 2937 2134 3002 tionis
2169 2940 2234 3000 et
2260 2936 2558 3019 potentiae
2576 2983 2594 3015 ,
2636 2935 3008 3019 pervenitur
3049 2934 3131 2999 ad
3172 2934 3484 3015 cognitio-

1945 3064 2095 3110 nem
2118 3045 2488 3110 substantiae
2522 3062 2538 3107 ε
2571 3044 2680 3109 sed
2704 3042 3059 3107 substantia
3085 3041 3322 3106 animae
3355 3058 3487 3106 non

1943 3158 2147 3239 potest
2178 3155 2372 3218 latere
2407 3153 2731 3218 diabolum
2763 3174 2778 3216 :
2810 3169 2969 3233 ergo
3000 3169 3119 3215 nec
3152 3152 3293 3233 ejus
3327 3168 3484 3233 ope-

1943 3264 2108 3328 ratio
2125 3312 2143 3344 ,
2179 3282 2297 3328 nec
2325 3264 2530 3329 virtus
2563 3286 2579 3327 z
2609 3280 2768 3344 ergo
2794 3262 2849 3326 si
2874 3260 3173 3343 cogitatio
3201 3263 3266 3324 et
3294 3259 3488 3323 affec—

1943 3371 2033 3436 tio
2068 3375 2220 3435 sunt
2245 3372 2521 3436 actiones
2556 3370 2790 3435 animae
2808 3418 2827 3450 ‚
2858 3386 3016 3451 ergo
3054 3385 3187 3432 non
3221 3370 3490 3450 possunt

1944 3481 2140 3545 latere
2166 3480 2547 3543 daemonem.
3214 3485 3220 3492 ·

2029 3592 2090 3652 5.
2126 3587 2284 3652 Item
2312 3586 2682 3653 substantiae
2711 3584 3073 3669 spirituales
3092 3632 3109 3662 ‚
3145 3583 3311 3647 sicut
3341 3581 3493 3647 dicit

1947 3698 2290 3782 Dionysius
2319 3699 2342 3733 t
2357 3747 2375 3778 ‚
2405 3715 2519 3780 per
2542 3696 2644 3760 sui
2676 3698 2977 3760 naturam
3004 3695 3159 3758 sunt
3178 3692 3435 3777 specula
3469 3714 3484 3757 :

1947 3806 2057 3871 sed
2086 3806 2177 3870 sic
2198 3804 2374 3870 estin
2395 3803 2652 3886 speculo
2680 3800 3012 3881 materiali,
3036 3800 3207 3883 quod
3229 3799 3488 3882 quando

1947 3931 2160 3978 unum
2206 3911 2503 3994 objicitur
2546 3910 2757 3987 alteri,
2807 3926 2940 3973 non
2991 3908 3202 3972 solum
3255 3924 3490 3990 reprae-

1949 4023 2154 4086 sentat
2197 4021 2408 4104 ipsum
2433 4068 2448 4099 ‚
2479 4018 2588 4083 sed
2612 4016 2806 4083 etiam
2835 4033 3026 4081 omne
3053 4014 3225 4098 quod
3253 4015 3492 4079 relucet

1948 4132 2017 4194 in
2072 4129 2207 4212 ipso
2240 4149 2255 4191 ε
2286 4145 2443 4209 ergo
2490 4126 2547 4191 si
2596 4124 2855 4207 majoris
2899 4123 3493 4189 communicationis

1949 4241 2102 4304 sunt
2169 4236 2427 4319 specula
2497 4233 2849 4318 spiritualia
2869 4281 2887 4312 ‚
2949 4232 3204 4297 videtur
3271 4231 3445 4313 quod
3471 4279 3488 4309 ‚

1950 4344 2210 4430 quando
2237 4343 2491 4419 daemon
2521 4341 2812 4405 intuetur
2839 4341 2903 4403 et
2928 4339 3150 4423 aspicit
3179 4337 3486 4420 animam,

1950 4469 2085 4517 non
2126 4450 2336 4515 solum
2379 4449 2583 4531 ipsam
2636 4446 2886 4526 videat,
2931 4445 3042 4511 sed
3088 4462 3279 4510 omne
3318 4443 3492 4528 quod

1952 4564 2046 4625 est
2072 4559 2143 4623 in
2165 4558 2324 4640 ipsa.

2032 4672 2094 4732 6.
2126 4666 2286 4731 Item
2306 4664 2470 4730 nihil
2496 4666 2700 4749 potest
2723 4661 2947 4728 oculus
2970 4677 3156 4725 meus
3175 4660 3394 4728 videre
3418 4660 3491 4726 in

1954 4795 2060 4842 me
2079 4825 2096 4855 ‚
2127 4774 2299 4859 quod
2321 4792 2454 4839 non
2478 4771 2676 4856 possit
2701 4770 2920 4836 videre
2943 4768 3167 4833 oculus
3190 4759 3443 4833 alienus
3470 4790 3485 4833 ε

1954 4876 2009 4941 si
2045 4892 2205 4957 ergo
2249 4874 2339 4938 sic
2379 4876 2475 4938 est
2517 4872 2588 4935 in
2619 4869 2804 4935 oculo
2849 4865 3161 4951 corporali
3201 4868 3493 4949 respectu

1956 5085 2008 5136 q.
2028 5080 2153 5133 vm,
2181 5069 2277 5118 art.
2304 5068 2397 5131 133
2425 5062 2724 5126 niobes-dus,
2757 5062 2798 5113 ΙΙ
2834 5060 2995 5123 Sena,
3022 5058 3139 5110 dist.
3165 5069 3295 5122 vm,
3323 5060 3419 5109 art.
3440 5059 3492 5121 2,

1955 5155 2008 5206 q.
2052 5151 2105 5190 ιν
2120 5154 2138 5204 3
2183 5136 2432 5202 Durand.‚
2474 5136 2516 5187 11
2564 5135 2723 5196 Seni„
2767 5132 2881 5183 dist.
2909 5142 3013 5194 vu,
3053 5144 3106 5193 q.
3132 5141 3163 5178 v
3178 5145 3196 5193 3
3242 5128 3496 5180 Marsilius

1955 5213 2192 5277 Inguen„
2215 5210 2257 5260 11
2277 5211 2436 5270 sent„
2461 5210 2557 5257 art.
2575 5210 2622 5270 2,
2644 5220 2696 5271 q.
2734 5216 2814 5268 v13
2841 5202 3017 5267 Steph.
3037 5200 3246 5264 Brulef„
3268 5201 3308 5253 11
3333 5201 3494 5265 Seni„

1955 5285 2073 5335 dist.
2096 5294 2195 5335 v111
2211 5318 2225 5343 ‚
2249 5295 2300 5347 q.
2321 5292 2396 5332 11.
2416 5306 2477 5317 —
2496 5279 2520 5314 ²
2536 5279 2711 5343 Apoc„
2736 5287 2848 5341 111,
2877 5278 2956 5327 10.
2973 5300 3037 5311 —
3061 5273 3084 5309 ⁸
3102 5276 3254 5339 Aug„
3281 5273 3341 5324 de
3369 5271 3491 5325 Gen.

1958 5355 2027 5406 ad
2055 5354 2183 5418 litt„
2217 5351 2309 5404 lib.
2337 5353 2464 5415 xil,
2498 5365 2543 5402 c.
2576 5360 2686 5401 xvn
2708 5383 2722 5409 ‚
2748 5363 2806 5400 n.
2847 5351 2935 5413 35,
2974 5351 3026 5399 et
3057 5361 3102 5398 c.
3136 5357 3284 5409 xm,
3322 5358 3377 5395 n.
3416 5345 3495 5395 48.

1955 5426 1977 5463 '⁰
1995 5426 2149 5479 Dion.
2182 5426 2391 5489 Areop„
2417 5423 2479 5474 de
2516 5420 2636 5510 Cael,
2662 5418 2944 5485 Hieras-ch„
2985 5433 3031 5472 c.
3067 5430 3152 5484 111,
3180 5418 3236 5469 in
3257 5416 3420 5483 princ.
3444 5441 3495 5453 -
