4125 6225
1206 444 1585 512 DISTINCT.
1633 441 1930 508 mvn.
1974 437 2212 505 PART.
2255 438 2332 502 11.
3285 435 3364 500 49

237 605 375 658 suam
397 583 851 651 conclusionem
879 583 1111 663 infert,
1153 581 1325 665 quod
1350 580 1527 645 solus
1562 579 1711 662 Spi-

237 698 360 763 ritus
400 694 693 756 increatus
734 696 833 756 est
884 690 1472 772 incircumscriptus
1490 739 1507 768 ,
1551 688 1641 751 ibi
1691 709 1707 751 ε

242 805 373 869 Sunt
401 817 525 884 erqo
545 802 827 883 spiritus
855 800 1074 876 creati,
1103 803 1221 863 etc.
1253 797 1412 861 Item
1434 795 1714 861 secunda

239 928 366 994 pars,
390 909 445 970 in
469 925 589 989 qua
614 925 804 970 suam
829 906 1101 975 resumit
1125 904 1621 979 conclusionem,
1641 906 1717 967 ut

238 1016 397 1093 addat,
421 1013 598 1077 habet
620 1017 755 1078 tres
783 1017 1018 1097 partes,
1057 1012 1131 1076 In
1158 1014 1368 1096 prima
1400 1009 1720 1075 concludit

240 1120 750 1206 praedamnata,
774 1124 838 1184 et
857 1119 1338 1184 auctoritatibus
1356 1117 1714 1181 confirmat.

239 1230 295 1293 ln
313 1229 551 1293 secunda
574 1246 734 1292 vero
760 1232 979 1292 movet
999 1226 1482 1310 oppositionem,
1512 1228 1577 1287 et
1591 1221 1714 1285 sol-

239 1339 306 1403 vit
323 1337 494 1413 illam,
522 1336 610 1400 ibi
636 1359 653 1400 :
684 1336 796 1402 Ad
817 1337 934 1402 hoc
960 1340 1172 1403 autem
1195 1333 1349 1401 solet
1366 1334 1624 1415 opponi.
1647 1329 1722 1393 In

237 1446 379 1510 tertia
412 1446 680 1511 breviter
724 1446 1008 1529 epilogat
1036 1443 1434 1528 praedetermi
1442 1448 1591 1506 nata
1610 1490 1627 1519 ,
1658 1443 1723 1505 et

237 1552 455 1617 ostendit
496 1554 814 1618 rationem
852 1554 1012 1617 situs
1053 1549 1386 1636 praesentis
1423 1548 1683 1632 capituli
1701 1595 1719 1627 ,

238 1660 305 1723 ihi
328 1683 340 1723 :
362 1661 495 1726 lam
517 1662 916 1743 sufficienter
943 1660 1442 1728 demonstratum
1470 1662 1582 1725 est.

836 1850 975 1896 DUB.
1023 1847 1067 1895 Ι.

348 1967 503 2030 Neque
525 1965 903 2017 dimensionem
922 1966 1080 2016 habet
1103 1965 1236 2016 sicut
1262 1977 1467 2028 corpus,
1487 1965 1585 2013 etc.

300 2086 531 2154 Vldetur
562 2091 730 2155 male
770 2091 981 2156 dicere
1003 2141 1024 2171 ,
1061 2091 1214 2174 quia
1246 2090 1481 2155 dicitur
1519 2090 1539 2125 ¹
1586 2111 1601 2152 ε
1657 2086 1733 2154 Ut

237 2199 457 2278 possitis
479 2197 999 2280 comprehendere
1025 2215 1169 2263 cum
1209 2196 1503 2274 omnibus
1534 2194 1731 2259 Sanc·

238 2306 337 2383 tis,
363 2321 490 2387 (μω
512 2308 597 2370 sil
623 2305 994 2388 lonqitudo,
1023 2309 1141 2370 etc.
1159 2352 1177 2384 ,
1203 2308 1267 2368 et
1294 2302 1508 2367 Glossa
1534 2319 1736 2385 expo-

240 2412 311 2473 nit
334 2412 471 2475 illud
495 2413 572 2476 de
597 2412 748 2477 Deo.

300 2517 461 2602 Resp.
491 2520 794 2601 Magister
837 2520 1119 2603 loquitur
1159 2519 1416 2603 proprie
1450 2519 1530 2583 ad
1570 2517 1736 2582 litte·

241 2644 379 2705 ram,
415 2627 520 2692 sed
565 2627 909 2709 Apostolus
954 2626 1242 2709 loquitur
1285 2625 1734 2709 metaphorice.

242 2732 386 2797 Unde
414 2734 838 2818 multipliciter
860 2737 1275 2816 exponuntur
1297 2734 1406 2798 illa
1423 2734 1642 2797 verba.
1667 2731 1742 2796 In

244 2839 345 2904 Deo
365 2842 529 2905 enim
551 2842 887 2923 longitudo
914 2846 1009 2906 est
1033 2840 1536 2922 longanimitatis
1552 2888 1570 2917 ,
1598 2839 1745 2904 lati-

244 2948 371 3012 tudo
396 2950 708 3014 charitatis
722 2998 741 3028 ,
780 2949 1136 3014 sublimitas
1169 2947 1616 3013 misericordiae
1635 2995 1652 3024 ,
1685 2951 1748 3011 et

246 3062 595 3143 profundum
619 3062 897 3146 Justitiae
920 3111 939 3143 ,
974 3063 1111 3130 sive
1151 3061 1476 3145 sapientiae
1490 3108 1508 3141 ‚
1540 3077 1744 3143 quan-

248 3174 363 3233 tum
386 3172 457 3236 ad
480 3171 583 3237 Dei
602 3171 873 3255 judicia.
1631 3191 1637 3198 ·

845 3380 985 3426 DUB.
1028 3378 1099 3425 11.

276 3503 430 3556 Movet
445 3507 589 3559 etiam
610 3520 710 3573 per
728 3482 1014 3629 tempuglet
1037 3505 1211 3557 locum
1237 3506 1522 3555 creaturam
1540 3515 1727 3568 corpo-

973 3591 1078 3631 em·

320 3709 558 3777 Videtur
583 3713 757 3777 mala
783 3713 905 3777 ista
928 3712 1160 3777 divisio
1194 3709 1544 3793 Augustini
1574 3730 1590 3774 z
1621 3707 1759 3793 pri-

258 3835 368 3897 mo,
394 3820 537 3903 quia
559 3840 600 3885 a
639 3819 1024 3903 Philosopho
1052 3819 1312 3902 ponitur
1337 3818 1514 3882 nulla
1542 3822 1761 3882 muta-

256 3926 333 3989 tio
350 3929 682 3992 secundum
707 3931 996 4010 tempus;
1038 3931 1101 3990 et
1124 3926 1361 3990 iterum
1388 3944 1506 3989 sua
1531 3924 1761 3991 divisio

262 4050 374 4096 non
422 4035 664 4100 videtur
706 4033 1031 4099 sufficiens
1055 4080 1073 4113 ,
1129 4033 1283 4116 quia
1340 4031 1766 4115 Philosophus

261 4142 419 4221 ponit
441 4160 543 4206 sex
563 4143 804 4225 species
829 4146 1062 4205 motuS.

330 4247 497 4333 Resp.
521 4251 863 4315 Dicendum
890 4248 1083 4332 quod,
1113 4248 1462 4313 secundum
1487 4245 1768 4311 Philoso-

265 4355 447 4437 phum
472 4360 521 4435 ²,
549 4377 769 4424 omnes
806 4358 1046 4441 species
1083 4360 1296 4421 motus
1330 4355 1413 4420 ad
1443 4354 1620 4419 hunc
1646 4354 1769 4419 du-

266 4462 468 4544 plicem
491 4471 733 4532 motum
758 4467 1184 4540 reducuntur,
1225 4463 1463 4527 scilicet
1500 4462 1583 4527 ad
1624 4480 1772 4526 mo-

270 4572 395 4633 tum
428 4573 498 4637 ad
528 4575 717 4639 situm
735 4622 752 4651 ,
799 4577 864 4639 et
894 4573 975 4637 ad
1018 4576 1269 4636 motum
1313 4571 1395 4636 ad
1438 4571 1713 4635 formam
1752 4589 1769 4633 ε

276 4677 641 4761 Augustinus
660 4685 875 4747 autem
913 4684 1167 4745 motum
1194 4681 1274 4745 ad
1302 4680 1500 4744 situm
1535 4679 1775 4744 intelli-

281 4785 364 4865 git
386 4787 409 4821 ⁸
441 4807 543 4870 per
579 4794 823 4854 motum
854 4789 1207 4854 secundum
1236 4788 1485 4868 locum,
1531 4787 1644 4871 qui
1684 4790 1779 4851 est

282 4893 427 4957 entis
446 4897 717 4980 completi
736 4901 800 4962 et
817 4896 1095 4981 perfecti,
1116 4897 1253 4961 sive
1269 4896 1349 4961 de
1367 4896 1779 4960 innovatione

286 4998 433 5065 eirca
454 5003 821 5084 qualitatem,
850 5005 986 5069 sive
1009 5004 1457 5088 proprietatem
1482 5002 1782 5066 substan-

286 5106 422 5188 tiae,
447 5116 689 5177 eatenus
710 5131 837 5196 qua
875 5112 958 5178 ad
995 5113 1190 5178 situm
1218 5115 1313 5175 est
1334 5156 1352 5189 ‚
1381 5110 1506 5175 nisi
1544 5110 1782 5193 pariter

288 5215 363 5278 sit
384 5217 463 5281 ad
482 5218 771 5285 sormam:
807 5224 1062 5286 motum
1099 5224 1313 5285 autem
1348 5219 1427 5284 ad
1466 5219 1742 5284 formam
1758 5266 1778 5298 ‚

352 5378 369 5412 ¹
386 5375 667 5442 Ephes.,1n,
689 5382 758 5431 ἱθ.
775 5380 1068 5444 —2Arist.‚
1095 5379 1287 5445 Physic.
1316 5380 1404 5431 lib.
1447 5380 1512 5431 ΙΙΙ
1525 5417 1543 5444 ,
1569 5384 1708 5431 cont.
1733 5384 1781 5431 6.

296 5448 388 5482 —2
406 5450 545 5513 Aug„
563 5448 619 5498 de
647 5450 789 5515 Tria„
812 5452 897 5503 lib.
922 5453 1060 5517 vlu,
1087 5465 1134 5502 c.
1163 5463 1306 5503 nm.

627 5556 760 5604 rou.
797 5558 864 5606 11.

1822 577 1935 660 qui
1962 572 2394 639 subdividitur
2420 588 2534 654 per
2560 568 2849 652 quinque
2873 568 3112 652 species
3128 616 3148 649 ,
3183 588 3367 633 com-

1821 682 2161 768 prehendit
2183 681 2303 744 sub
2330 678 2681 743 mutatione
2698 677 3051 741 secundum
3075 681 3360 760 tempus;

1822 796 2080 876 propter
2105 791 2247 868 hoc,
2278 788 2450 871 quod
2474 787 2551 851 de
2581 804 2648 849 se
2674 785 2826 849 dicit
2849 801 3218 848 mensuram
3243 801 3366 846 va-

1823 898 2139 973 riabilem,
2166 900 2229 960 et
2250 896 2343 959 rei
2368 892 2712 959 variabilis.
2739 890 2916 955 Unde
2939 908 3199 955 omnem
3227 908 3369 953 mu-

1824 1006 2128 1069 tationem
2148 1053 2166 1084 ,
2222 1020 2371 1086 quae
2417 1006 2513 1065 est
2552 999 2906 1063 secundum
2956 995 3369 1080 proprietates

1827 1112 1921 1175 rei
1945 1110 2266 1175 absolutas
2291 1113 2356 1174 et
2393 1108 2765 1192 intrinsecas
2785 1153 2803 1182 ,
2838 1105 2976 1168 sive
3015 1102 3367 1166 secundum

1828 1217 2164 1308 qualitates
2190 1215 2581 1298 corporales,
2612 1213 2747 1277 sive
2789 1209 3145 1275 secundum
3185 1209 3373 1292 spiri-

1828 1322 2055 1400 tuales,
2087 1327 2161 1387 ut
2184 1326 2336 1386 sunt
2360 1320 2725 1385 affectiones
2751 1320 2819 1382 in
2847 1317 3205 1396 animabuS,
3236 1317 3373 1399 ipse

1831 1436 2016 1497 vocat
2042 1429 2465 1493 mutationem
2490 1428 2846 1493 secundum
2873 1430 3161 1508 tempus:
3196 1429 3259 1489 et
3283 1424 3376 1488 ita

1830 1543 2003 1624 patet
2026 1539 2192 1604 ratio
2216 1536 2566 1617 divisioniS,
2594 1539 2658 1600 et
2682 1534 3081 1600 sufficientia.

2468 1727 2606 1772 DUB.
2650 1726 2744 1772 111.

1925 1844 2210 1911 spiritualis
2232 1846 2405 1895 autem
2427 1844 2664 1894 creatura
2692 1854 2785 1905 per
2805 1842 3010 1905 tempus
3035 1843 3295 1891 movetur.

1916 1973 2182 2039 Videtur
2232 1973 2460 2037 falsum
2515 1971 2721 2034 dicere
2744 2017 2761 2046 ,
2823 1968 2977 2051 quia
3036 1966 3382 2050 spiritualis

1839 2086 2131 2145 creatura
2151 2081 2557 2144 mensuratur
2574 2094 2737 2155 aevo,
2762 2092 2912 2139 cum
2931 2075 3012 2137 sit
3033 2076 3341 2157 perpetua
3362 2093 3377 2136 ε

1841 2207 2023 2270 erg0,
2049 2187 2106 2251 si
2134 2190 2450 2262 movetur,
2478 2201 2612 2249 non
2637 2201 2752 2266 per
2775 2186 3028 2265 tempus
3049 2184 3347 2244 movetur
3362 2225 3381 2257 ,

1841 2299 1953 2363 sed
1978 2315 2095 2381 per
2118 2314 2359 2361 aevum.

1925 2404 2086 2469 Item
2109 2451 2126 2480 ,
2155 2402 2511 2466 intellectus
2542 2396 2870 2478 angelicus
2895 2398 2992 2459 est
3022 2392 3348 2459 deiformis
3366 2437 3383 2470 ,

1845 2513 2011 2577 sicut
2052 2511 2196 2576 vult
2240 2507 2661 2590 Philosophus
2713 2527 2727 2568 :
2775 2519 2934 2584 ergo
2971 2501 3270 2581 intelligit
3319 2499 3389 2563 in

1846 2617 2132 2692 instanti,
2160 2616 2301 2699 pari
2337 2613 2584 2678 ratione
2610 2615 2673 2676 et
2698 2609 2973 2674 afficitur
3008 2629 3024 2671 ε
3059 2625 3194 2671 non
3230 2624 3389 2688 ergo

1849 2726 2253 2808 intempore.
2286 2722 2628 2795 Praeterea,
2669 2721 2924 2795 tempus
2951 2733 3065 2798 per
3095 2715 3273 2797 prius
3298 2707 3420 2777 est'

1851 2851 2155 2899 mensura
2193 2836 2407 2895 motus
2445 2827 2633 2912 primi
2670 2824 2926 2888 mobilis
2969 2845 2984 2886 z
3034 2840 3194 2902 ergo
3233 2820 3395 2884 illud

1852 2942 2062 3007 solum
2103 2940 2514 3003 mensuratur
2545 2939 2860 3016 tempore,
2900 2930 3070 3013 quod
3111 2928 3395 3010 subjacet

1854 3050 1949 3115 illi
1984 3046 2190 3112 motui
2219 3066 2236 3111 ε
2276 3045 2386 3109 sed
2424 3043 2547 3107 tale
2589 3059 2726 3105 non
2767 3043 2862 3104 est
2899 3036 3193 3120 Angelus
3216 3084 3236 3117 ,
3277 3051 3397 3099 nec

1855 3160 2001 3242 ejus
2026 3158 2283 3221 motus:
2314 3170 2494 3234 ergo,
2524 3153 2642 3214 etc.
3426 3231 3430 3237 ‚

1937 3266 2124 3348 Resp.
2146 3263 2241 3328 Ad
2263 3277 2548 3345 praesens
2572 3255 2925 3321 notandum
2947 3251 3122 3336 quod
3147 3254 3401 3333 tempus

1859 3392 1993 3439 uno
2019 3371 2211 3437 modo
2235 3368 2466 3436 dicitur
2491 3364 2746 3450 proprie
2768 3411 2787 3443 ,
2815 3365 2880 3427 et
2904 3361 2997 3425 sic
3029 3358 3181 3425 dicit
3219 3376 3399 3422 men-

1860 3498 2083 3544 suram
2107 3477 2204 3542 rei
2241 3473 2568 3541 mutabilis
2595 3473 2667 3536 in
2694 3472 3012 3553 quantum
3042 3463 3366 3531 mutabilis
3381 3511 3398 3541 ,

1860 3593 2082 3654 tamen
2120 3586 2241 3651 sub
2283 3583 2529 3648 ratione
2580 3577 2866 3644 continui
2913 3594 2932 3639 ε
2983 3577 3048 3638 et
3094 3571 3407 3656 quoniam

1865 3702 2080 3761 motus
2100 3690 2291 3776 primi
2320 3687 2577 3754 mobilis
2602 3690 2697 3751 est
2721 3688 2934 3749 motus
2957 3681 3240 3745 maxime
3268 3678 3408 3743 evi-

1866 3804 2044 3880 dens,
2078 3804 2142 3865 et
2159 3798 2501 3863 continuus
2527 3795 2691 3858 inter
2711 3808 2968 3869 omnes3
2990 3788 3131 3852 ideo
3155 3791 3410 3869 tempus

1868 3912 1991 3976 hoc
2015 3907 2206 3973 modo
2233 3905 2466 3970 dicitur
2489 3900 2745 3985 proprie
2770 3916 2906 3963 esse
2934 3896 3003 3960 in
3030 3895 3239 3979 primo
3267 3910 3413 3958 mo-

1868 4018 1981 4084 bili
2001 4066 2021 4098 ,
2049 4017 2214 4081 sicut
2237 4013 2309 4077 in
2334 4012 2620 4092 subjecto
2638 4055 2656 4087 ‚
2697 4007 2769 4071 in
2794 4023 2925 4089 quo
2948 4003 3158 4086 primo
3184 4005 3282 4067 est
3301 4049 3320 4081 ,
3349 4004 3415 4065 et

1846 4127 1941 4191 ‚in
1990 4142 2121 4207 quo
2169 4120 2376 4205 primo
2424 4118 2707 4200 apparet.
2757 4112 2900 4176 Alio
2951 4110 3139 4174 modo
3182 4107 3415 4173 dicitur

1870 4240 2128 4315 tempus
2165 4243 2471 4293 mensura
2514 4221 2858 4305 cujuslibet
2899 4220 2994 4283 rei
3038 4215 3369 4282 mutabilis
3394 4262 3410 4293 ,

1874 4337 2230 4405 secundum
2269 4332 2442 4416 quod
2481 4327 2802 4394 mutabilis
2822 4375 2841 4405 ,
2893 4326 3028 4390 sive
3082 4326 3418 4388 moveatur

1876 4448 2275 4512 instantanee
2292 4489 2309 4519 ,
2340 4441 2473 4505 sive
2499 4436 2797 4519 continue
2815 4482 2834 4514 ‚
2877 4438 2943 4497 et
2975 4433 3065 4495 sic
3099 4448 3235 4494 non
3266 4434 3418 4493 tan-

1878 4561 2019 4621 tum
2044 4557 2143 4618 est
2162 4551 2234 4614 in
2257 4552 2440 4613 motu
2459 4542 2651 4628 primi
2680 4540 2956 4617 mobilis,
2977 4543 3041 4602 et
3062 4538 3132 4601 in
3151 4536 3254 4601 his
3271 4550 3418 4617 quae

1881 4664 1943 4729 ei
1971 4662 2323 4743 subjacent,
2351 4655 2460 4720 sed
2486 4653 2680 4717 etiam
2707 4650 2777 4713 in
2803 4647 2983 4713 omni
3001 4649 3232 4720 creato,
3255 4642 3422 4705 circa

1882 4772 2054 4856 quod
2088 4767 2313 4834 accidit
2337 4762 2609 4829 variatio
2639 4782 2655 4825 z
2688 4762 2753 4824 et
2776 4759 2867 4822 sic
2892 4760 2986 4821 est
3019 4755 3089 4819 in
3123 4749 3369 4833 angelis
3400 4769 3418 4813 t

1883 4888 1947 4949 et
1971 4901 2087 4966 per
2109 4880 2232 4945 hoc
2257 4878 2477 4961 patent
2500 4874 2765 4956 objecta.

1965 4989 2145 5068 Quod
2164 4987 2340 5053 enim
2359 4982 2578 5067 objicit
2592 4981 2669 5045 de
2696 4996 2864 5056 aevo,
2893 4972 3234 5039 dicendum
3251 4968 3430 5052 quod

1887 5116 2106 5168 aevum
2135 5100 2231 5161 est
2254 5111 2557 5159 mensura
2581 5087 2961 5170 angelorum
2997 5083 3312 5164 quantum
3346 5077 3429 5143 ad

1888 5227 2024 5275 esse
2047 5202 2456 5271 substantiale
2469 5250 2487 5282 ,
2517 5197 2688 5283 quod
2714 5199 2809 5260 est
2833 5189 3210 5257 invariabile
3238 5192 3302 5252 et
3326 5186 3430 5251 in-

1889 5314 2294 5399 corruptibile
2324 5332 2341 5377 :
2366 5311 2476 5376 sed
2504 5314 2788 5389 tempus,
2819 5304 3140 5385 quantum
3165 5297 3246 5362 ad
3271 5313 3431 5378 pro-

1887 5429 2203 5512 prietates,
2232 5439 2380 5505 quae
2406 5418 2759 5490 variantur,
2782 5415 2849 5476 et
2868 5408 3165 5494 quaedam
3188 5404 3426 5480 subito,

3120 5519 3163 5579 4
