4125 6225
1535 340 1916 409 DISTINGT.
1960 340 2173 407 XLIII.
3264 345 3381 407 ua

252 480 419 549 tacere
442 478 562 546 nisi
596 478 781 570 quod
806 479 984 548 facit.
1014 504 1050 546 ³>
1098 479 1260 547 Item
1296 503 1311 544 ε
1372 502 1407 543 «
1444 478 1630 548 Ratio
1675 487 1770 546 est
1805 500 1957 547 eum
1994 477 2320 546 dimittere
2364 500 2511 570 quae
2549 479 2856 566 dimittit3
2898 485 2963 547 et
3003 500 3138 546 non
3174 483 3384 568 potest

251 620 352 664 non
380 594 699 663 dimittere
728 595 906 688 quod
945 595 1110 664 ratio
1138 603 1234 663 est
1260 618 1413 663 eum
1442 595 1794 682 dimittere,
1824 602 1888 663 et
1915 596 2006 662 ita
2035 618 2168 663 non
2197 603 2406 686 potest
2434 619 2566 664 non
2596 595 2922 664 dimittere
2956 593 3134 687 quod
3162 592 3384 662 dimit—

251 714 323 780 tit.
350 738 379 775 ι)
409 712 485 781 Et
509 712 592 779 ad
621 710 744 780 hoe
770 711 1076 798 dicimuS‚
1119 711 1481 780 locutiones
1507 712 1851 800 ambiguas
1892 733 2050 796 esse,
2085 719 2149 778 et
2174 710 2322 780 ideo
2348 712 2896 781 determinandas,
2927 711 2997 780 Si
3027 711 3202 779 enim
3230 732 3380 777 cum

247 829 442 897 dicitur
469 853 485 895 ε
527 855 564 894 ε(
593 828 740 896 Non
777 835 986 920 potest
1019 829 1228 896 facere
1265 827 1393 896 nisi
1421 827 1598 919 quod
1633 828 1800 895 ratio
1837 835 1932 895 est
1960 850 2113 895 eum
2143 827 2352 896 faeere
2377 881 2394 915 ,
2417 855 2452 893 ³)
2486 828 2818 918 intelligas
2843 851 2996 897 eum
3031 849 3163 895 non
3200 849 3382 917 posse

248 944 412 1013 faeere
445 943 575 1012 nisi
613 967 692 1013 ea
723 967 876 1036 quae
913 944 1329 1013 rationabilia
1371 952 1526 1012 sunt
1550 997 1567 1029 ‚
1620 952 1683 1013 et
1727 968 1805 1014 ea
1839 967 1988 1036 quae
2016 946 2073 1013 si
2118 945 2353 1014 fierent
2378 999 2395 1032 ‚
2436 946 2856 1015 rationabilia
2896 952 3109 1013 essent
3132 996 3149 1031 ,
3185 966 3382 1013 verus

246 1071 318 1130 est
335 1082 567 1129 sensuS.
602 1060 675 1129 Si
701 1069 922 1129 autem
950 1060 1280 1149 intelligas
1298 1083 1453 1128 eum
1481 1083 1615 1128 non
1635 1083 1820 1152 posse
1842 1061 2050 1130 faeere
2079 1062 2209 1130 alia
2231 1062 2647 1130 rationabilia
2674 1071 2737 1131 et
2761 1063 2958 1148 bona,
2983 1061 3111 1129 nisi
3134 1083 3210 1128 ea
3227 1081 3379 1151 quae

245 1179 358 1246 vult
397 1177 668 1262 etfacit,
706 1177 913 1246 falsus
954 1185 1051 1245 est
1093 1178 1485 1245 intellectus,
1530 1178 1693 1246 Item
1741 1178 1922 1247 aliud
1969 1179 2345 1268 adjungunt
2378 1179 2662 1246 dicentes
2703 1203 2719 1245 :
2775 1204 2809 1243 α
2852 1177 2926 1246 Si
2964 1185 3173 1268 potest
3206 1176 3381 1245 Deus

246 1293 388 1362 aliud
412 1294 618 1362 faeere
646 1317 847 1385 quam
879 1293 1066 1379 facit,
1095 1301 1306 1384 potest
1330 1315 1486 1382 ergo
1520 1294 1729 1362 faeere
1769 1294 1948 1385 quod
1985 1316 2119 1362 non
2148 1294 2505 1385 praeseivit3
2540 1301 2605 1361 et
2629 1293 2683 1360 si
2713 1301 2920 1385 potest
2951 1294 3160 1362 faeere
3201 1293 3380 1385 quod

241 1433 351 1478 non
373 1410 715 1502 praescivit,
748 1417 961 1500 potest
986 1411 1124 1477 sine
1149 1408 1557 1500 praescientia
1584 1410 1840 1501 operari
1867 1434 1882 1473 ε
1923 1411 2081 1501 quia
2117 1432 2311 1478 omne
2347 1409 2524 1501 quod
2559 1409 2887 1477 facturum
2916 1432 2983 1477 se
3011 1409 3374 1500 praescivit,

246 1526 392 1612 faeit3
422 1550 538 1595 nee
563 1528 717 1596 facit
745 1527 996 1618 aliquid
1035 1526 1211 1618 quod
1248 1549 1382 1594 non
1427 1527 1766 1617 praesoivit.
1808 1526 1998 1606 Quod
2043 1527 2099 1593 si
2140 1534 2376 1616 praeter
2422 1525 2901 1616 praescientiam
2944 1525 3088 1617 ejus
3125 1523 3379 1615 aliquid
3504 1609 3508 1613 4

248 1642 363 1711 fieri
397 1643 789 1735 impossibile
830 1652 958 1730 est3
991 1665 1185 1711 omne
1209 1665 1366 1731 ergo
1393 1642 1566 1734 quod
1598 1642 1974 1734 praescitum
2006 1648 2145 1728 est,
2189 1642 2335 1709 fieri
2362 1664 2617 1711 neeesse
2644 1650 2740 1711 est
2780 1665 2795 1709 z
2826 1664 2983 1731 ergo
3010 1640 3193 1709 aliud
3234 1639 3378 1708 fieri

248 1782 410 1851 quam
449 1759 558 1845 sit,
608 1759 799 1827 nulla
835 1759 1087 1828 ratione
1113 1757 1420 1850 possibile
1456 1766 1590 1825 est:
1634 1780 1789 1847 ergo
1823 1781 1959 1826 non
1994 1765 2205 1848 potest
2245 1781 2285 1826 a
2310 1757 2445 1826 Deo
2470 1758 2615 1826 fieri
2643 1758 2771 1825 nisi
2799 1756 2975 1849 quod
3026 1758 3123 1826 tit.
3153 1783 3186 1821 n
3221 1756 3380 1825 Haee

248 1883 428 1943 autem
465 1875 733 1966 quaestio
761 1874 842 1942 de
868 1875 1275 1966 praeseientia
1300 1873 1489 1942 facile
1522 1873 1946 1942 determinari
1980 1881 2190 1966 potest
2220 1895 2334 1965 per
2368 1896 2443 1942 ea
2480 1897 2627 1967 quae
2663 1874 2964 1965 superius
2990 1874 3162 1943 dieta
3184 1880 3373 1959 sunt,

250 2012 368 2059 cum
390 1991 464 2061 de
488 1991 893 2082 praescientia
915 2000 1239 2081 ageretur.

315 2106 420 2175 His
442 2115 654 2177 autem
682 2107 784 2176 illi
813 2116 1225 2195 scrutatores,
1250 2108 1369 2200 qui
1395 2109 1770 2198 defecerunt
1791 2117 1808 2151 ¹
1839 2119 2209 2176 scrutantes
2233 2107 2548 2176 scrutinio
2581 2107 2663 2200 (a)
2679 2162 2696 2195 ‚
2729 2107 3115 2177 Sanctorum
3142 2130 3377 2176 annec-

250 2230 372 2290 tunt
391 2225 750 2294 testimonia
785 2249 802 2292 :
838 2225 995 2292 dicit
1023 2224 1199 2293 enim
1226 2224 1641 2313 Augustinus
1664 2226 1688 2259 ¹
1724 2224 1797 2291 in
1833 2224 2003 2292 libro
2031 2222 2112 2292 de
2138 2224 2447 2315 Symbolo
2470 2250 2492 2291 .·
2532 2251 2567 2290 t<
2601 2225 2739 2294 Hoc
2766 2226 2980 2294 solum
3010 2248 3144 2293 non
3170 2233 3376 2316 potest

251 2338 414 2425 Deus,
442 2341 610 2432 quod
635 2364 773 2409 non
801 2341 974 2411 vult.
1011 2366 1047 2405 »
1081 2340 1209 2408 Per
1246 2340 1422 2433 quod
1453 2340 1714 2408 videtur
1739 2362 1872 2408 non
1902 2363 2085 2432 posse
2126 2340 2338 2409 faeere
2377 2342 2629 2433 aliquid
2668 2342 2798 2435 nisi
2834 2342 3010 2434 quod
3041 2341 3184 2410 vult
3218 2367 3232 2409 :
3263 2342 3373 2409 sed

255 2477 362 2524 non
385 2458 520 2524 vult
542 2457 668 2525 nisi
695 2456 875 2549 quod
901 2456 1095 2524 facit:
1127 2464 1192 2524 et
1214 2456 1307 2524 ita
1335 2456 1600 2524 videtur
1624 2480 1759 2525 non
1787 2479 1970 2548 posse
1999 2457 2127 2525 nisi
2145 2456 2323 2548 quod
2352 2457 2529 2525 facit.
2558 2458 2735 2526 Illud
2762 2466 2982 2527 autem
3010 2457 3103 2526 ita
3132 2458 3377 2525 intelli-

252 2571 498 2659 gendum
524 2580 638 2641 est.
668 2572 743 2640 Id
775 2570 993 2640 solum
1020 2594 1154 2640 non
1181 2578 1390 2663 potest
1426 2572 1597 2641 Deus
1623 2571 1800 2664 quod
1829 2595 1964 2640 non
1991 2573 2163 2658 vult,
2196 2572 2438 2641 scilicet
2464 2596 2532 2641 se
2559 2596 2765 2665 posse.
2797 2574 2979 2642 Idem
3006 2573 3078 2641 in
3099 2574 3374 2666 septimo

250 2686 390 2757 libro
430 2672 945 2780 Coufessionum,
993 2688 1075 2756 ad
1110 2687 1324 2756 Deum
1363 2689 1665 2781 loquenS‚
1709 2686 1883 2756 ait⁸2
1940 2713 1972 2753 ε(
2012 2688 2162 2757 Non
2197 2689 2447 2778 cogeris
2485 2689 2737 2757 invitus
2770 2689 2852 2758 ad
2896 2688 3186 2780 aliquid,
3219 2689 3378 2780 quia

251 2804 512 2873 voluntas
535 2815 651 2873 tua
677 2828 814 2873 non
841 2813 937 2873 est
984 2804 1193 2896 major
1227 2827 1429 2896 quam
1457 2805 1785 2895 potentia:
1820 2812 1983 2874 esset
2006 2812 2228 2873 autem
2266 2804 2514 2895 major,
2550 2806 2604 2873 si
2634 2813 2697 2872 te
2727 2805 2868 2897 ipso
2900 2812 2971 2874 tu
3002 2804 3139 2896 ipse
3167 2804 3379 2895 major

255 2940 409 2988 aeses.
441 2946 474 2984 ³)
516 2921 612 2989 Ex
658 2922 782 2990 hoc
823 2920 1090 2990 videtur
1115 2919 1293 3013 quod
1334 2919 1510 2988 Deus
1551 2943 1687 2988 non
1729 2921 1928 3012 possit
1968 2921 2164 3012 plura
2203 2944 2403 3012 quam
2445 2921 2615 3004 vult,
2649 2921 2817 2990 sieut
2840 2944 2973 2990 non
3012 2919 3161 2992 vult
3185 2921 3380 3012 plura

257 3058 421 3127 quam
445 3046 689 3130 potest:
739 3038 909 3106 sieut
954 3038 1130 3106 enim
1173 3037 1482 3107 voluntas
1522 3059 1657 3105 non
1685 3045 1780 3105 est
1815 3037 2025 3132 major
2050 3036 2364 3128 potentia,
2407 3037 2498 3105 ita
2543 3060 2659 3105 nec
2702 3038 2991 3131 potentia
3034 3037 3243 3129 major
3282 3045 3378 3104 est

254 3153 543 3224 voluntate
573 3181 590 3223 :
638 3156 918 3248 ideoque
947 3155 1112 3225 sicut
1140 3155 1335 3247 plura
1371 3178 1504 3224 non
1531 3155 1678 3223 vult
1721 3177 1924 3247 quam
1965 3162 2213 3246 potest,
2244 3154 2336 3246 ita
2371 3177 2522 3223 eum
2555 3177 2690 3223 non
2717 3153 2911 3246 plura
2950 3177 3137 3245 posse
3171 3176 3373 3245 quam

256 3269 396 3339 velle
430 3272 674 3343 dieunt.
725 3273 857 3343 Sed
900 3273 983 3342 ad
1023 3274 1147 3343 hoe
1186 3273 1490 3360 dicimu5‚
1522 3271 1680 3364 quia
1713 3293 1835 3340 nee
1876 3272 2185 3340 voluntas
2220 3271 2533 3363 potentia,
2575 3293 2693 3340 nec
2720 3270 3010 3363 potentia
3036 3271 3375 3341 voluntate

257 3386 425 3477 major
443 3398 554 3477 oet,
586 3390 750 3482 quia
776 3414 913 3459 una
939 3398 1003 3457 et
1026 3390 1251 3458 eadem
1293 3411 1397 3456 res
1436 3396 1530 3457 est
1557 3387 1849 3480 potentia
1893 3395 1959 3455 et
1996 3388 2328 3473 voluntas,
2371 3387 2616 3455 scilicet
2655 3386 2792 3478 ipse
2828 3386 3028 3474 DeuS,
3070 3386 3186 3478 qui
3214 3393 3378 3455 esset

259 3502 426 3592 major
446 3505 674 3597 seipSO,
706 3505 765 3573 si
790 3506 1099 3575 voluntas
1126 3505 1335 3597 major
1371 3511 1535 3572 esset
1560 3504 1872 3596 potentia,
1913 3504 2019 3574 vel
2064 3504 2355 3596 potentia
2396 3503 2756 3572 voluntate.
2789 3502 2922 3571 Nec
2951 3503 3073 3571 hae
3098 3503 3377 3571 auctori-

263 3621 360 3685 tate
380 3630 638 3710 negatur
666 3621 880 3690 Deum
909 3621 1101 3713 plura
1127 3644 1311 3713 posse
1337 3644 1539 3713 quam
1568 3621 1763 3708 velle,
1794 3621 1953 3713 quia
1978 3620 2173 3711 plura
2197 3629 2353 3689 sunt
2376 3621 2663 3713 subjecta
2690 3621 2829 3713 ejus
2848 3621 3155 3712 potentiae
3174 3643 3376 3710 quam

263 3732 558 3805 voluntati.
588 3737 947 3806 Fateamur
972 3737 1193 3830 itaque
1220 3737 1446 3805 ‘Deum
1473 3737 1669 3828 plura
1707 3759 1891 3828 posse
1928 3737 2138 3806 faeere
2173 3759 2324 3829 quae
2354 3759 2487 3805 non
2523 3737 2695 3822 vult,
2736 3746 2799 3805 et
2839 3759 3024 3829 posse
3050 3735 3377 3805 dimittere

266 3869 374 3938 quae
395 3852 558 3921 facit.
598 3853 792 3934 Quod
819 3861 897 3921 ut
925 3854 1165 3923 certius
1193 3849 1582 3944 firmiusque
1610 3861 1934 3940 teneatur,
1967 3852 2327 3943 Scripturae
2363 3852 2747 3921 testimoniis
2774 3874 3139 3921 asseramus
3163 3852 3377 3921 Deum

266 3964 412 4054 plura
431 3992 608 4060 posse
644 3970 857 4038 facere
884 3992 1085 4061 quam
1111 3968 1287 4037 facit.
1317 3968 1578 4037 Veritas
1608 3969 1772 4061 ipsa,
1803 3968 2162 4038 secundum
2193 3967 2616 4056 Matthoeum,
2652 3968 2744 4037 ait
2766 3972 2787 4007 ⁸
2818 3993 2834 4036 :
2866 3969 2973 4037 An
2986 3981 3193 4060 putas
3221 3970 3376 4062 quia

266 4100 362 4148 non
371 4107 624 4174 possum
653 4108 888 4178 roqare
910 4089 1183 4154 Patrem
1221 4108 1467 4171 meum,
1500 4097 1564 4152 et
1590 4085 1907 4154 eoelzibebit
1933 4083 2104 4153 milzz'
2129 4083 2324 4153 modo
2343 4086 2700 4177 plusquam
2726 4084 3071 4154 duodecim
3099 4086 3379 4178 leqiones

270 4200 633 4288 aequm-um?
651 4202 758 4270 'Ex
785 4201 1031 4294 quibus
1054 4200 1270 4270 verbis
1297 4208 1593 4293 patenter
1617 4201 1946 4288 innuitur,
1983 4202 2140 4293 quia
2167 4213 2229 4270 et
2252 4201 2465 4269 Filius
2491 4208 2743 4293 poterat
2775 4223 3005 4291 rogare
3039 4201 3219 4293 quod
3242 4225 3377 4272 non

268 4314 502 4403 rogabat,
531 4325 594 4386 et
620 4317 816 4386 Pater
855 4317 1187 4404 exhibere,
1227 4317 1406 4408 quod
1441 4340 1575 4387 non
1613 4316 1979 4387 exhibebat.
2012 4317 2304 4409 Uterque
2332 4339 2486 4406 ergo
2521 4325 2773 4409 poterat
2798 4317 3009 4386 faeere
3036 4318 3213 4410 quod
3242 4342 3377 4389 non

269 4423 509 4501 faciebat.
551 4433 965 4524 Augustinus
996 4435 1191 4502 etiam
1229 4433 1300 4501 in
1338 4432 1732 4502 Enchirz'dz'o
1761 4434 1896 4502 ait⁸
1930 4458 1944 4500 z
1987 4459 2022 4498 α
2064 4432 2545 4525 omnipotentis
2587 4433 2895 4503 voluntas
2921 4435 3133 4503 multa
3170 4444 3380 4528 potest

269 4539 429 4614 facere
462 4572 602 4639 quae
646 4573 784 4620 non
821 4550 996 4636 vult,
1044 4571 1166 4618 nee
1192 4548 1347 4618 facit
1394 4575 1408 4616 ε
1453 4550 1668 4640 potuit
1708 4550 1884 4618 enim
1927 4550 2137 4617 facere
2170 4557 2246 4618 ut
2281 4548 2623 4617 duodecim
2666 4549 2954 4638 legiones
2989 4550 3376 4641 angelorum

268 4672 574 4748 pugnarent
598 4675 822 4735 contra
859 4665 1012 4733 illos
1050 4666 1170 4758 qui
1207 4665 1542 4734 Christum
1584 4675 1922 4758 ceperunt.
1955 4691 1992 4731 >³
2024 4666 2188 4733 Item
2216 4665 2288 4733 in
2316 4664 2587 4733 eodem:
2637 4691 2671 4731 (ι
2697 4665 2832 4734 Cur
2853 4667 3031 4758 apud
3058 4669 3377 4759 quosdam

270 4790 375 4842 non
395 4777 553 4848 faetae
573 4789 726 4850 sunt
769 4782 1074 4867 virtuteS,
1123 4804 1271 4872 quae
1318 4780 1374 4849 si
1415 4781 1596 4850 faeta:
1636 4782 1935 4867 fuissent,
1982 4781 2262 4870 egissent
2304 4781 2406 4849 illi
2443 4779 2746 4850 homines
2778 4782 3261 4873 poenitentiam3
3314 4793 3378 4853 et

276 4886 413 4961 faetae
446 4904 586 4964 sunt
609 4897 781 4989 apud
823 4918 933 4965 eos
956 4883 1074 4988 'qui
1111 4918 1245 4965 non
1286 4905 1473 4965 erant
1509 4897 1865 4966 credituri?
1912 4898 2103 4965 Tunc
2137 4920 2273 4966 non
2314 4896 2543 4965 latebit
2569 4897 2747 4989 quod
2774 4920 2954 4966 nune
2981 4898 3216 4968 latet...
3243 4898 3376 4970 Nee

281 5002 460 5095 utique
481 5009 702 5104 injuste
722 5012 895 5081 Deus
922 5013 1140 5082 noluit
1162 5014 1377 5083 salvos
1415 5013 1586 5102 fieri,
1629 5037 1779 5084 cum
1825 5022 2089 5107 possent
2114 5013 2280 5083 salvi
2307 5035 2467 5103 esse,
2500 5007 2555 5082 si
2581 5014 2800 5083 vellet.
2840 5012 3026 5084 Tunc
3052 5016 3124 5085 in
3151 5016 3377 5086 claris-

296 5163 938 5296 ssffiuffnss'i'cfgffi&
965 5174 1026 5225 de
1052 5173 1297 5239 Symhoe„
1326 5189 1370 5226 e.
1391 5188 1430 5227 1.
1449 5202 1511 5214 -
1535 5177 1729 5242 nug„
1761 5177 1981 5242 confess.
2017 5175 2109 5226 uh.
2134 5176 2260 5241 vu,
2290 5189 2336 5228 o.
2357 5186 2429 5226 ιν.
2447 5201 2511 5214 -
2531 5174 2774 5238 tazates„
2810 5186 2969 5241 xxvx,
2992 5180 3072 5229 53.
3092 5203 3154 5216 —
3174 5179 3196 5215 ⁸
3220 5181 3373 5245 Aug„

482 5277 513 5301 .,
564 5278 577 5290 .
692 5283 710 5309 ,
777 5282 788 5293 .
875 5281 889 5294 .

339 5323 398 5385 (Β)
418 5325 518 5379 ω.
535 5331 645 5383 edit.
668 5334 921 5386 seruante.

3420 2114 3618 2159 Auctori-

3432 2178 3591 2221 tatibus

3425 2245 3598 2283 utuntur

3421 2304 3466 2345 in
3483 2316 3617 2346 asser-

3428 2366 3587 2409 tionem

3403 2443 3490 2474 suae
3517 2432 3614 2487 opi-

3402 2495 3557 2541 nionis.
