4125 6225
490 5147 560 5192 Ad
577 5161 680 5206 opp.

770 366 890 433 1238

847 507 910 567 3.
961 502 1061 569 Ad
1098 503 1256 570 illud
1298 506 1470 589 quod
1500 507 1819 591 objicitur,
1850 509 2024 592 quod
2069 528 2301 594 eorpus

764 609 1129 676 humanum
1188 616 1284 676 est
1334 613 1402 677 in
1452 614 1804 681 rationibus
1853 616 2296 700 seminalibus3

756 718 897 798 jam
921 722 1092 800 patet
1124 721 1483 802 responsiO,
1529 722 1684 805 quia
1723 725 2020 806 quamvis
2051 726 2134 789 sit
2171 726 2262 789 ibi
2275 776 2294 806 ,

761 842 1101 907 nunquam
1151 829 1370 891 tamen
1416 828 1730 910 educitur,
1786 831 1911 895 nisi
1960 837 2299 898 concurrat

760 931 966 995 virtus
1014 934 1263 1014 agentis
1311 937 1643 1001 exterioris
1661 987 1678 1015 ,
1730 952 1878 1021 quae
1938 941 2172 1006 residet
2224 941 2296 1005 in

758 1037 1002 1104 lumbis
1016 1041 1160 1121 viri,
1188 1046 1254 1106 et
1274 1044 1538 1109 matrice
1563 1045 1845 1110 mulieris
1867 1052 1966 1112 :et
1989 1049 2132 1113 ideo
2155 1050 2296 1114 sine

757 1144 861 1210 his
899 1162 1236 1231 nunquam
1280 1154 1481 1231 potest
1509 1151 1616 1217 illa
1645 1153 1809 1218 ratio
1846 1155 2169 1219 seminalis
2212 1157 2292 1221 ad

757 1258 972 1318 actum
1018 1257 1367 1338 perfectum
1416 1259 1622 1325 educi.
1674 1261 1753 1326 Et
1799 1262 1856 1327 si
1901 1264 2239 1347 oinciatur
2271 1286 2287 1331 ε

766 1383 798 1422 ι
819 1361 997 1438 Quod
1030 1367 1234 1445 potest
1267 1366 1599 1449 disponere
1626 1369 2032 1452 dispositione
2075 1390 2291 1437 remo-

756 1475 852 1552 ta,
872 1493 903 1531 n
934 1476 1050 1537 etc.
1073 1494 1090 1554 ;
1113 1475 1451 1542 dicendum
1480 1480 1652 1562 quod
1682 1480 1835 1546 illud
1862 1482 2054 1547 habet
2077 1483 2290 1549 locum

754 1579 866 1642 ubi
893 1579 1218 1663 dispositio
1247 1590 1493 1650 remota
1532 1588 1606 1650 flt
1643 1590 1992 1654 necessaria
2024 1590 2159 1656 sola
2185 1593 2284 1655 in-

751 1686 1033 1752 tentione
1073 1710 1088 1752 :
1121 1692 1274 1753 tunc
1301 1692 1476 1755 enim
1506 1694 1737 1758 sufficit
1773 1696 2030 1761 virtutis
2066 1699 2288 1765 activae

751 1796 1144 1862 continuatio
1172 1802 1236 1862 et
1259 1800 1527 1865 intentio
1559 1822 1574 1867 t
1605 1818 1735 1868 non
1761 1810 2007 1887 autem,
2028 1811 2287 1891 quando

750 1903 1100 1983 requiritur
1125 1924 1311 1971 novae
1336 1909 1590 1988 formae,
1625 1911 1730 1976 vel
1765 1912 2026 1977 alterius
2063 1915 2287 1983 formae

750 2010 1107 2075 secundum
1158 2014 1433 2096 speciem
1482 2019 1763 2101 operatio
1808 2042 1823 2086 :
1862 2024 1929 2085 et
1964 2022 2056 2086 sic
2087 2027 2182 2087 est
2216 2024 2286 2088 in

748 2119 1091 2199 proposito.

830 2228 892 2288 4.
927 2224 1025 2289 Ad
1051 2226 1211 2291 illud
1248 2224 1421 2311 quod
1451 2231 1780 2314 objicitur,
1823 2236 1997 2319 quod
2029 2238 2282 2306 indiffe-

748 2334 963 2396 renter
1001 2350 1068 2397 se
1110 2334 1301 2400 habet
1333 2339 1606 2420 angelus
1643 2342 1724 2406 ad
1758 2346 1975 2408 omnia
2020 2364 2286 2429 corpora

747 2437 1122 2505 animalium
1141 2463 1158 2521 ;
1189 2443 1531 2511 dicendum
1551 2449 1743 2531 quod,
1766 2451 1880 2514 etsi
1906 2452 2027 2517 hoc
2052 2473 2283 2520 verum

746 2541 828 2606 sit
856 2544 933 2609 de
965 2545 1104 2628 ipso
1130 2551 1362 2631 angelo
1389 2553 1458 2616 in
1494 2573 1562 2618 se
1581 2604 1598 2632 ,
1628 2574 1760 2621 non
1785 2562 1880 2622 est
1919 2563 2137 2625 tamen
2163 2576 2281 2627 ve-

743 2666 893 2717 rum
932 2654 1012 2719 de
1038 2655 1272 2723 virtute
1312 2664 1560 2726 naturae
1577 2712 1595 2743 ,
1629 2682 1711 2729 ex
1745 2669 1930 2749 cujus
1968 2669 2068 2752 adj
2077 2672 2282 2737 utorio

743 2761 1014 2842 angelus
1048 2769 1350 2847 operatur
1379 2789 1396 2832 ε
1425 2773 1489 2833 et
1517 2770 1658 2836 ideo
1684 2772 1847 2839 sicut
1870 2778 2142 2858 angelus
2168 2798 2283 2863 per

742 2885 810 2931 se
834 2886 964 2934 non
989 2875 1194 2954 potest
1219 2875 1485 2941 educere
1507 2894 1738 2972 corpus
1766 2882 2129 2951 humanum
2145 2937 2162 2968 ,
2193 2888 2282 2955 ita

741 2991 859 3039 nec
882 2994 1114 3061 corpus
1135 2980 1412 3065 alicujus
1429 2985 1721 3051 animalis
1742 3008 1758 3068 ;
1780 2994 1844 3054 et
1868 2991 2030 3057 sicut
2048 2999 2281 3061 natura

738 3084 1037 3164 quaedam
1062 3090 1265 3170 potest
1287 3090 1574 3170 faciliter,
1620 3096 1916 3178 quaedam
1960 3119 2111 3166 cum
2137 3122 2280 3169 ma-

731 3191 860 3271 jori
903 3192 1269 3260 difficultate
1287 3245 1305 3276 ,
1338 3202 1412 3261 ut
1451 3201 1633 3283 prius
1662 3204 1877 3270 visum
1914 3209 2047 3287 est',
2091 3211 2180 3275 sic
2215 3216 2280 3277 et

737 3298 1008 3379 angelus
1032 3299 1232 3383 ipsius
1254 3304 1491 3370 virtute
1515 3309 1794 3391 adjutus.

820 3410 881 3470 ὅ.
910 3408 1008 3472 Ad
1043 3410 1200 3475 illud
1225 3414 1398 3495 quod
1426 3415 1765 3499 oincitur:
1800 3444 1830 3484 α
1850 3421 2031 3500 Quod
2073 3429 2277 3510 potest

738 3514 810 3578 in
837 3517 1045 3597 magis
1071 3519 1306 3597 nobile,
1323 3541 1352 3580 υ
1381 3527 1537 3604 etc.;
1562 3526 1898 3593 dicendum
1922 3534 2092 3615 quod
2114 3534 2274 3601 illud

737 3635 871 3684 non
902 3623 1094 3687 habet
1132 3643 1383 3709 semper
1421 3632 1756 3699 veritatem
1783 3637 1802 3672 ¹
1821 3686 1840 3715 ,
1884 3640 2038 3721 quia
2079 3642 2274 3708 homo

736 3731 940 3809 potest
983 3745 1291 3811 generare
1317 3735 1644 3804 hominem
1660 3791 1678 3822 ,
1710 3744 1823 3826 qui
1849 3750 1943 3810 est
1968 3749 2270 3832 nobilior,

737 3837 801 3899 et
827 3853 958 3900 non
979 3843 1183 3920 potest
1207 3859 1517 3922 generare
1537 3850 1790 3915 asinum
1817 3874 1832 3917 ε
1858 3856 2139 3922 maxime
2161 3878 2275 3924 au·

735 3945 865 4005 tem
914 3946 1068 4008 tunc
1111 3947 1358 4030 deficit,
1404 3956 1662 4035 quando
1707 3975 1810 4023 res
1855 3962 2129 4029 nobilior
2181 3972 2275 4032 est

735 4051 1032 4117 facilioris
1058 4057 1512 4139 productionis»,
1542 4065 1707 4130 sicut
1730 4068 2095 4152 frequenter
2121 4092 2274 4140 con-

735 4158 926 4241 tingit
954 4176 970 4222 2
995 4161 1160 4227 etsie
1172 4164 1244 4228 in
1260 4170 1578 4250 proposito
1596 4194 1612 4250 ;
1632 4191 1783 4239 nam
1796 4177 2042 4244 facilius
2055 4181 2272 4247 educi-

735 4272 844 4331 tur
866 4269 1083 4333 anima
1105 4273 1502 4354 vegetabilis„
1522 4278 1656 4343 sive
1684 4283 1998 4350 sensibilis
2023 4291 2264 4374 anima,

732 4395 847 4460 per
872 4381 1398 4462 putrefactionem
1427 4387 1694 4471 subjecti
1726 4391 1805 4476 (α)
1828 4442 1845 4473 ,
1875 4411 2078 4478 quam
2103 4399 2268 4466 edu·-

732 4491 914 4551 catur
939 4491 1002 4552 et
1028 4490 1435 4571 organizetur
1456 4512 1685 4563 verum
1710 4517 1938 4584 corpus
1963 4505 2265 4575 hominis.

1259 4723 1613 4809 QUAESTIO
1656 4731 1736 4803 II.

765 4883 860 4940 An
886 4900 1111 4957 corpora
1149 4884 1217 4941 ab
1241 4888 1449 4956 angelis
1476 4896 1752 4963 assumpta
1770 4896 1912 4964 fiant
1939 4896 2003 4955 de
2024 4905 2230 4961 natura

1124 4975 1354 5042 coelesti,
1385 4978 1471 5034 vel
1498 4979 1812 5039 elementari
1827 4984 1869 5041 ².

807 5129 894 5198 De
929 5147 1190 5218 corpore
1236 5141 1595 5225 assumpt0,
1639 5157 1720 5207 ex
1751 5149 1930 5226 parte
1969 5151 2263 5237 principii

792 5273 1000 5324 ¹Potest
1029 5274 1130 5324 dici
1155 5275 1293 5340 quod
1315 5282 1394 5329 est
1417 5293 1596 5330 verum
1632 5282 1696 5332 de
1722 5282 1819 5334 illis
1837 5300 1952 5351 quse
1980 5296 2100 5342 sunt
2126 5294 2261 5359 ejus-

725 5340 842 5392 dem
874 5344 1086 5398 ordinis.
1104 5372 1173 5384 —
1196 5349 1220 5383 ²
1238 5349 1319 5414 Cf.
1350 5350 1491 5422 Alex.
1522 5353 1750 5422 alensis,
1787 5369 1843 5423 pn
1869 5359 1949 5426 11,
1987 5374 2043 5430 q.
2063 5371 2257 5430 xxxxv,

1885 372 2505 442 SENTENTIARUM
2543 378 2697 445 ΜΒ.
2740 379 2821 447 11.

2408 513 2783 594 materialis;
2814 519 2879 581 et
2914 518 3228 601 quaeritur
3254 522 3478 587 utrum
3506 538 3737 604 corpus
3756 523 3932 602 illud,

2405 622 2575 704 quod
2625 623 2894 689 assumit
2933 626 3203 707 angelus
3221 672 3240 706 ,
3280 628 3395 693 fist
3432 628 3511 693 de
3547 634 3778 693 natura
3809 647 3939 694 οω-

2403 726 2543 792 lesti
2561 777 2580 806 ,
2609 744 2693 793 an
2737 729 3131 810 elementari3
3160 736 3224 798 et
3264 735 3439 817 quod
3483 735 3564 799 sit
3588 735 3667 798 de
3702 741 3935 800 natura

2404 835 2667 915 coelesti,
2695 837 2971 902 videtur.
3000 838 3175 903 Finis
3198 840 3471 923 imponit
3506 842 3933 907 necessitatem

2402 941 2503 1005 his
2527 958 2677 1024 quae
2702 944 2947 1008 suntad
2972 945 3172 1010 finem
3202 965 3220 1009 ε
3245 947 3356 1011 sed
3381 948 3650 1029 angelus
3672 951 3937 1015 assumit

2400 1067 2632 1131 corpus
2659 1049 2740 1114 ad
2765 1052 2867 1114 sui
2894 1051 3097 1134 ipsius
3116 1054 3544 1119 ostensionem
3567 1074 3585 1119 z
3608 1074 3755 1119 cum
3778 1075 3935 1138 ergo

2398 1156 2615 1235 angeli
2638 1175 2753 1240 per
2769 1161 3069 1223 naturam
3096 1160 3224 1224 sint
3243 1161 3514 1239 lumina,
3534 1161 3763 1226 debent
3778 1179 3934 1243 ergo

2396 1281 2720 1329 assumere
2754 1283 3022 1347 corpora
3056 1267 3135 1332 de
3163 1270 3393 1333 natura
3424 1268 3585 1333 lucis
3615 1290 3631 1333 ε
3661 1287 3817 1351 ergo
3857 1270 3935 1337 de

2396 1374 2626 1435 natura
2651 1371 2909 1437 coelesti.

2474 1481 2535 1541 2.
2596 1476 2755 1543 Item
2809 1497 3129 1561 organum
3146 1529 3164 1560 ,
3212 1481 3347 1547 sive
3395 1483 3927 1565 instrumentum,

2394 1584 2581 1650 debet
2607 1587 2990 1653 conformari
3015 1591 3321 1670 moventi,
3352 1591 3489 1655 sive
3518 1592 3750 1657 motori
3778 1616 3796 1657 ε
3825 1596 3929 1659 sed

2393 1692 2687 1773 angeluS,
2712 1712 3045 1759 assumens
3066 1715 3296 1779 corpus
3314 1702 3391 1761 ut
3410 1698 3925 1781 instrumentum,

2392 1803 2486 1863 est
2510 1800 2949 1883 immutabilia„
2970 1807 3033 1867 et
3056 1804 3480 1886 impassibiliS,
3503 1810 3568 1872 et
3588 1808 3927 1894 incorrup-

2391 1905 2586 1971 tibilis
2626 1926 2742 1990 per
2773 1911 3073 1974 naturam
3102 1929 3119 1974 ε
3162 1930 3320 1993 erg-0
3356 1914 3527 1978 unde
3566 1933 3800 1999 corpus
3829 1938 3927 1983 ss-

2390 2019 2719 2097 sumptum
2737 2016 3071 2094 formatur,
3094 2017 3278 2083 debet
3294 2037 3429 2084 esse
3450 2020 3926 2106 incorruptibile

2390 2123 2454 2183 et
2479 2120 2863 2203 impassibile
2894 2145 2909 2188 ε
2939 2124 3062 2188 tale
3094 2128 3311 2191 autem
3336 2146 3468 2192 non
3491 2134 3607 2208 est,
3636 2131 3759 2195 nisi
3784 2152 3924 2199 eor-

2388 2245 2512 2310 pus
2533 2229 2782 2295 coeleste
2814 2252 2829 2294 :
2856 2248 3034 2312 ergo,
3063 2235 3183 2297 etc.

2470 2339 2529 2399 3.
2576 2335 2734 2401 Item
2762 2336 2942 2402 locus
2982 2339 3268 2405 maxime
3300 2347 3663 2427 competens
3693 2348 3925 2429 angelo

2388 2446 2484 2507 est
2507 2462 2738 2527 eorpus
2765 2445 3037 2523 coeleste‚
3066 2452 3143 2512 ut
3163 2450 3396 2514 coelum
3424 2472 3440 2516 ε
3472 2453 3525 2516 si
3547 2472 3703 2536 ergo
3726 2474 3925 2537 ange·

2385 2549 2489 2614 lus
2514 2551 2586 2615 in
2612 2569 2875 2634 corpore
2904 2560 3226 2638 assumpto
3252 2557 3498 2623 locatur
3523 2563 3829 2643 tanquam
3854 2564 3923 2628 in

2387 2656 2751 2723 habitaculo
2773 2708 2789 2738 ,
2843 2661 3095 2726 videtur
3132 2665 3300 2744 quod
3356 2683 3590 2748 corpus
3631 2668 3786 2733 illud
3842 2671 3925 2737 sit

2386 2769 2717 2847 sumptum
2764 2767 2843 2832 de
2892 2767 3086 2849 coelo;
3139 2776 3254 2834 aut
3291 2790 3421 2837 non
3463 2776 3765 2858 competit
3800 2778 3920 2862 ipsi

2385 2872 2640 2952 angelo.

2463 2982 2525 3041 4.
2556 2977 2714 3044 Item
2752 2998 2985 3064 corpus
3011 2988 3409 3068 assumptum
3436 2996 3550 3053 aut
3575 2994 3670 3054 est
3697 2991 3779 3057 de
3804 3012 3918 3058 na-

2384 3096 2531 3159 tura
2568 3096 2804 3162 coelesti
2821 3145 2840 3178 ‚
2881 3103 2994 3164 aut
3018 3100 3386 3168 elementari
3422 3126 3438 3170 :
3468 3106 3527 3169 si
3570 3108 3649 3172 de
3690 3115 3919 3177 natura

2384 3202 2642 3280 coelesti,
2663 3203 2867 3269 habeo
2895 3209 3325 3290 propositum3
3348 3212 3405 3275 si
3429 3212 3505 3276 de
3524 3214 3915 3298 elementari,

2382 3313 2496 3372 aut
2519 3310 2728 3390 gravi,
2756 3315 2872 3376 aut
2892 3312 3019 3378 levi
3048 3335 3063 3377 ε
3097 3315 3206 3380 sed
3230 3317 3284 3379 si
3310 3321 3406 3380 est
3430 3319 3509 3383 de
3531 3324 3741 3403 gravi,
3768 3344 3917 3389 cum

2380 3416 2747 3483 difficultate
2778 3425 3078 3486 movetur
3103 3441 3398 3504 sursum;
3432 3426 3584 3493 side
3608 3430 3759 3508 levi,
3778 3432 3916 3498 vio-

2378 3520 2549 3587 lente
2592 3532 2889 3592 movetur
2926 3529 3223 3594 deorsum
3263 3555 3278 3596 ε
3323 3551 3482 3616 erg-0
3516 3537 3573 3600 si
3612 3547 3913 3606 neutrum

2378 3629 2615 3695 horum
2643 3635 2942 3716 competit
2973 3637 3287 3703 velocitati
3309 3643 3619 3722 angelicae
3639 3694 3658 3724 ,
3684 3665 3914 3731 corpus

2379 3740 2550 3821 quod
2586 3748 2927 3809 assumunt
2962 3764 3095 3810 non
3142 3752 3236 3811 est
3277 3748 3658 3817 elementare
3692 3773 3709 3817 :
3754 3773 3912 3838 ergo

2379 3864 2611 3929 eorpus
2633 3849 2903 3915 coeleste.

2461 3957 2521 4020 ὃ.
2553 3954 2742 4036 Item,
2781 3958 2835 4021 si
2883 3962 2977 4023 est
3016 3959 3429 4040 elementare‚
3475 3971 3587 4031 aut
3620 3974 3710 4033 est
3742 3973 3912 4036 mix·-

2378 4066 2540 4141 tum,
2572 4068 2687 4128 aut
2710 4065 2982 4148 simplex
3015 4089 3030 4133 ε
3061 4068 3117 4132 si
3141 4069 3411 4152 simplex
3431 4120 3451 4152 ,
3480 4092 3637 4155 ergo
3661 4094 3791 4140 non
3816 4086 3911 4144 aet

2377 4174 2602 4253 aptum
2626 4172 2709 4236 ad
2734 4173 3009 4238 colorem
3030 4224 3047 4254 ,
3075 4194 3195 4240 nec
3220 4178 3303 4241 ad
3338 4179 3620 4261 effigiem
3637 4232 3654 4263 ,
3685 4203 3803 4250 nec
3826 4189 3909 4252 ad

2376 4280 2915 4362 organizationem
2937 4305 2954 4361 ;
2980 4283 3033 4346 si
3060 4285 3340 4350 mixtum
3358 4335 3374 4365 ,
3407 4307 3566 4370 ergo
3592 4311 3738 4358 cum
3766 4314 3910 4360 cor—

2375 4405 2496 4470 pus
2535 4387 2815 4452 mixtum
2856 4389 2938 4454 sit
2974 4392 3313 4458 resolubile
3355 4399 3420 4459 et
3460 4401 3903 4481 rarefactibile,

2375 4494 2628 4559 videtur
2653 4496 2824 4578 quod
2857 4497 3020 4561 sicut
3048 4516 3277 4582 corpus
3306 4501 3668 4571 humanum
3689 4527 3773 4574 ex
3802 4530 3905 4576 se-

2372 4604 2697 4686 paratione
2723 4605 2957 4670 animae
2983 4607 3056 4670 flt
3078 4609 3439 4691 putridum,
3471 4615 3563 4677 sic
3590 4622 3652 4679 et
3677 4637 3910 4702 corpus

2372 4711 2454 4775 ab
2484 4711 2715 4792 angelo
2739 4718 3142 4797 assumptum
3188 4737 3205 4777 t
3253 4719 3426 4800 quod
3468 4729 3731 4805 apparet
3771 4746 3908 4793 aese

2370 4819 2605 4884 falsum
2650 4841 2665 4883 :
2714 4823 2907 4885 restat
2929 4837 3088 4903 ergo
3105 4871 3122 4901 ‚
3154 4825 3325 4906 quod
3365 4845 3498 4892 non
3542 4835 3638 4894 est
3676 4851 3909 4918 corpus

2370 5010 2562 5062 memb.
2589 5014 2648 5075 63
2677 5012 2729 5064 S.
2755 5009 2958 5077 Thom.,
2985 5027 3039 5077 p.
3066 5014 3121 5078 1,
3152 5029 3204 5080 q.
3229 5026 3311 5074 u,
3343 5021 3441 5069 art.
3464 5022 3523 5083 2,
3552 5021 3700 5086 ad3;
3728 5026 3905 5090 AEgid.

2368 5081 2541 5148 Rom„
2584 5086 2627 5134 Π
2665 5083 2822 5149 Seni„
2861 5084 2977 5136 dist.
3005 5096 3128 5151 v111,
3168 5101 3219 5152 q.
3245 5100 3296 5151 1,
3325 5093 3421 5141 art.
3445 5093 3504 5152 3,
3551 5097 3601 5144 et
3642 5095 3763 5146 dub.
3790 5103 3840 5160 1,
3868 5103 3905 5150 2

2368 5158 2422 5205 et
2448 5156 2477 5205 3
2489 5171 2507 5219 3
2550 5155 2809 5221 menard„
2852 5157 2894 5206 ll
2934 5157 3090 5219 sent„
3120 5159 3234 5209 dist.
3260 5170 3387 5225 vm,
3414 5171 3471 5223 n.
3502 5175 3591 5229 ως
3636 5167 3905 5235 ubertus,

2367 5227 2428 5277 de
2444 5235 2577 5277 motu
2600 5229 2755 5293 Any„
2779 5243 2830 5294 q.
2856 5241 2936 5291 11,
2962 5233 3059 5280 art.
3086 5233 3172 5294 11;
3205 5232 3381 5295 Steph.
3407 5236 3584 5286 Brulef
3597 5276 3615 5302 ‚
3657 5241 3698 5289 11
3737 5242 3906 5304 sent„

2369 5298 2487 5348 dist.
2511 5310 2633 5364 vni,
2662 5314 2715 5365 q.
2743 5312 2839 5364 1113
2872 5301 3168 5363 Dumndus,
3210 5305 3251 5353 Ιί
3283 5303 3442 5369 Seni„
3471 5308 3588 5360 dist.
3609 5322 3728 5373 vm,
3760 5326 3814 5377 q.
3837 5326 3899 5377 13

2370 5370 2520 5423 Gabr.
2542 5371 2679 5441 Biel,
2705 5373 2750 5425 11
2772 5372 2932 5437 Seni„
2960 5373 3077 5426 dist.
3098 5385 3213 5440 vni,
3232 5385 3408 5441 q.1.-
3431 5379 3498 5444 (a)
3529 5380 3614 5434 ΔΙ.
3643 5382 3831 5438 educti.
