4125 6225
479 3948 550 3993 Aa
565 3961 666 4005 opp.

717 482 797 542 96

709 612 902 677 simul
928 616 1021 676 est
1044 631 1192 676 cum
1217 614 1643 689 antecedente,
1673 611 1805 674 sive
1838 625 1985 671 cum
2015 624 2248 687 praece·

709 720 925 798 dente;
958 720 1275 799 similiter,
1307 720 1663 786 secundum
1688 717 2003 783 rationem
2027 713 2247 777 subse-

709 826 965 908 quendi,
985 826 1178 891 simul
1191 831 1284 891 est
1299 847 1450 891 cum
1465 827 1909 908 subsequente.
1929 820 2247 898 Quoniam

709 951 867 1015 ergo
893 936 1359 1018 praedestinatio
1385 937 1686 1019 importat
1711 932 1998 998 ordinem
2026 944 2247 991 secun-

707 1039 862 1104 dum
889 1042 1198 1107 rationem
1227 1042 1653 1127 praecedendi,
1679 1041 1820 1104 ideo
1847 1042 2085 1104 aeterna
2115 1038 2242 1110 est,

705 1150 1003 1229 quamvis
1032 1151 1114 1214 sit
1154 1155 1444 1234 respectu
1474 1148 1838 1233 temporalis
1877 1167 1894 1209 ι
1939 1141 2245 1226 quoniam

706 1273 838 1319 non
865 1261 960 1321 est
986 1258 1180 1322 simul
1208 1278 1356 1323 cum
1383 1259 1513 1338 illo,
1539 1258 1649 1323 sed
1670 1253 2001 1321 antecedit.

786 1366 846 1424 4.
888 1361 986 1426 Ad
1013 1363 1166 1428 illud
1196 1365 1368 1446 quod
1400 1365 1697 1447 objicitur
1720 1361 1890 1445 quod
1919 1355 2247 1441 praedesti-

705 1466 878 1528 natio
905 1467 1132 1530 transit
1158 1471 1359 1546 extra,
1403 1467 1743 1532 dicendum
1769 1462 1941 1546 quod
1977 1460 2245 1524 transire

702 1576 883 1636 extra
908 1576 1001 1637 est
1037 1573 1369 1656 dupliciter
1399 1594 1416 1639 :
1443 1580 1556 1639 aut
1584 1575 1655 1638 in
1681 1571 1921 1654 aliquid
1955 1569 2128 1652 quod
2152 1573 2246 1633 est

705 1683 907 1754 extra,
938 1680 1143 1744 autin
1171 1680 1410 1762 aliquid
1433 1659 1604 1763 quod
1638 1685 1732 1745 est
1757 1680 1958 1754 intra,
1986 1677 2095 1742 sed
2124 1676 2246 1741 erit

705 1790 906 1849 extra.
936 1785 1151 1851 Primo
1177 1789 1367 1853 modo
1391 1793 1686 1855 connotat
1707 1786 1884 1851 aliud
1900 1785 1968 1848 in
1985 1790 2156 1865 actu,
2182 1788 2247 1850 et

703 1892 854 1956 dicit
878 1894 1035 1976 quid
1058 1895 1407 1977 temporale
1426 1944 1444 1974 ,
1486 1900 1563 1958 ut
1600 1912 1847 1970 creare,
1888 1896 1952 1957 et
1988 1911 2242 1957 conser-

701 2018 891 2078 vare3
924 2001 1204 2066 secundo
1247 2001 1434 2066 modo
1466 2019 1634 2080 non,
1662 2005 1739 2065 ut
1769 2000 2238 2083 praedestinare.

783 2111 840 2171 5.
862 2108 960 2172 Ad
977 2108 1135 2172 illud
1155 2109 1327 2191 quod
1343 2108 1638 2191 objicitur
1659 2108 1736 2171 de
1754 2108 2238 2190 praeparatione,

701 2215 872 2298 quod
897 2215 1292 2280 anteceditur
1315 2215 1668 2280 secundum
1686 2215 1997 2298 principia
2019 2215 2243 2278 intrin-

699 2341 842 2386 seca
861 2371 879 2401 ,
937 2342 1071 2387 non
1114 2324 1467 2387 secundum
1517 2340 1775 2386 causam
1821 2322 2236 2402 efficientem3

701 2428 1040 2494 dicendum
1070 2431 1243 2512 quod
1268 2431 1567 2512 quaedam
1591 2434 1684 2493 est
1720 2448 1910 2493 causa
1936 2429 2238 2511 efficienS,

698 2556 848 2620 quae
897 2543 1195 2620 operatur
1235 2539 1592 2602 secundum
1633 2537 1964 2603 materiam
2004 2539 2241 2620 [113133-

701 2650 947 2709 centem
977 2666 994 2708 t
1028 2645 1148 2709 ista
1168 2646 1451 2728 quidem,
1482 2646 1634 2730 quia
1661 2646 1787 2710 alio
1812 2646 2078 2727 indiget,
2108 2663 2239 2710 non

701 2728 930 2817 dicitur
953 2771 1310 2836 praeparare
1337 2755 1593 2837 quando
1618 2755 1828 2819 solum
1854 2753 1996 2818 vult
2019 2757 2084 2817 et
2109 2754 2240 2818 dis-

697 2860 877 2941 ponit
905 2861 1079 2925 intus
1096 2910 1112 2937 ,
1140 2862 1249 2926 sed
1271 2864 1529 2944 quando
1556 2863 1889 2927 materiam
1916 2865 2090 2943 aptat
2117 2880 2237 2925 ex-

696 2968 913 3031 terius
968 2967 1273 3045 Quaedam
1328 2975 1421 3033 est
1474 2988 1665 3033 causa
1716 2968 1996 3032 efficiens
2017 3016 2032 3044 ‚
2091 2986 2241 3050 quae

696 3074 872 3139 nullo
896 3075 1141 3158 indiget
1165 3076 1244 3140 ad
1268 3076 1684 3159 operandum,
1714 3075 1823 3140 sed
1843 3075 2062 3139 statim
2087 3094 2237 3140 cum

696 3184 839 3246 vult
863 3189 1163 3266 operatur
1209 3207 1223 3248 ε
1266 3190 1330 3248 et
1361 3186 1427 3248 in
1462 3185 1573 3249 tali
1610 3185 2069 3266 praeparatione
2105 3203 2239 3250 non

696 3293 791 3352 est
823 3289 996 3354 aliud
1037 3309 1234 3373 quam
1271 3291 1604 3371 disponere
1635 3294 1698 3355 et
1739 3310 2096 3374 proponere
2131 3316 2146 3356 ε
2175 3297 2240 3359 et

694 3395 839 3459 talis
863 3401 958 3460 est
979 3397 1166 3477 Deus,
1197 3397 1350 3480 quia
1380 3398 1557 3462 nullo
1580 3397 1706 3462 alio
1727 3397 1971 3479 indiget
1996 3418 2037 3463 a
2067 3418 2135 3464 se
2157 3399 2237 3464 ad

696 3503 1115 3583 operandum.

1206 3636 1559 3714 QUAESTIO
1603 3637 1683 3703 11.

721 3786 816 3843 An
838 3787 1247 3862 proedestinatio
1273 3791 1350 3845 sit
1377 3790 1480 3846 Dei
1504 3792 1754 3860 scientia,
1781 3792 1869 3847 vel
1892 3791 2145 3847 voluntas
2165 3792 2204 3843 ¹.

777 3925 941 4003 Quid
970 3928 1053 3992 sit
1078 3930 1545 4013 praedestinatio
1577 3949 1594 3993 ε
1621 3936 1844 3997 utrum
1867 3932 2100 3997 scilicet
2126 3933 2235 3997 Dei

692 4035 955 4101 scientia
976 4085 993 4116 ,
1036 4038 1140 4101 vel
1180 4038 1499 4103 voluntas.
1557 4039 1634 4104 Et
1682 4040 2008 4122 supposito
2061 4041 2237 4123 quod

691 4142 860 4206 dicat
886 4143 1128 4226 aliquid
1155 4144 1324 4227 quod
1350 4145 1519 4209 sitin
1546 4151 1824 4229 utroque
1850 4165 2110 4228 genere,
2141 4152 2237 4211 est

691 4249 864 4312 enim
882 4298 900 4329 ‚
945 4251 1108 4315 sicut
1151 4251 1301 4315 dicit
1346 4252 1755 4334 Augustinus
1771 4303 1789 4333 ,
1837 4255 2236 4337 praescientia

688 4356 1143 4424 beneficiorum
1161 4363 1225 4424 et
1243 4361 1641 4443 propositum
1668 4362 2031 4441 miserendi,
2057 4381 2233 4445 quae·

687 4463 851 4528 ritur
876 4464 1051 4547 quod
1076 4465 1342 4530 istorum
1372 4467 1673 4550 importet
1697 4469 2141 4551 principaliuS,
2169 4473 2234 4535 et

686 4589 800 4653 per
854 4572 1120 4637 modum
1174 4574 1642 4656 complementi.
1702 4575 1882 4653 Quod
1932 4575 2233 4659 importet

686 4681 1044 4763 scientiam,
1074 4682 1331 4747 videtur
1348 4732 1364 4760 ‚
1400 4685 1552 4766 quia
1578 4687 2002 4767 compositum
2035 4685 2233 4751 trahit

684 4787 1120 4868 significatum
1149 4808 1189 4853 a
1213 4791 1739 4873 componentibus
1773 4813 1789 4856 ε
1820 4792 1927 4855 53(1
1956 4792 2229 4857 destina-

683 4895 772 4960 tio
798 4916 949 4961 cum
972 4898 1221 4962 dicatur
1248 4903 1311 4962 et
1336 4898 1553 4963 missio
1582 4903 1645 4962 et
1671 4898 2008 4979 ordinatio,
2038 4899 2108 4962 in
2134 4917 2233 4964 ra-

685 5004 857 5069 tione
875 5007 1444 5088 praedestinationis
1460 5008 1766 5090 accipitur
1789 5013 1861 5071 ut
1879 5008 2223 5087 ordinatim

683 5130 860 5192 nam,
888 5115 1055 5178 sicut
1078 5116 1226 5180 dicit
1260 5117 1666 5198 Augustinus
1691 5122 1735 5195 ²,
1780 5114 2228 5197 praedestinare

683 5218 854 5285 idem
872 5224 966 5286 est
991 5223 1161 5304 quod
1184 5223 1615 5307 praeordinare
1638 5223 1786 5288 :sed
1806 5222 2057 5302 artifex,
2084 5224 2228 5289 licet

740 5382 759 5416 ¹
780 5381 861 5445 Cf.
891 5382 1035 5434 Alex.
1061 5384 1258 5450 Alens„
1284 5400 1337 5451 p.
1367 5387 1387 5436 l
1399 5423 1418 5450 ‚
1444 5400 1498 5452 q.
1520 5395 1687 5436 xxvm
1702 5421 1719 5449 ‚
1753 5386 1944 5437 memb.
1971 5389 2017 5447 1,
2042 5389 2140 5435 art.
2160 5387 2187 5436 3
2201 5400 2220 5450 ;

678 5450 859 5515 steph.
882 5452 1091 5517 Brulet„
1115 5457 1134 5505 1
1159 5457 1319 5521 sent„
1338 5458 1456 5509 dist.
1475 5469 1565 5521 η,
1584 5471 1638 5522 q.
1657 5467 1725 5522 113
1750 5458 1888 5509 Petr.
1912 5456 1975 5507 de
1994 5457 2224 5522 Tarant„

1868 465 2488 537 SENTENTIA-EUM
2528 466 2674 533 LIB.
2721 467 2770 532 1.

2320 600 2330 610 '
2361 602 2582 666 volens
2607 608 2669 666 et
2695 604 2902 667 sciens
2932 602 3342 685 praeordinet,
3375 622 3503 669 non
3536 612 3741 675 tamen
3774 631 3875 678 or-

2357 707 2536 773 dinat
2572 709 2639 773 in
2675 716 2990 792 quantum
3030 710 3249 774 volens
3270 757 3290 789 ,
3331 712 3443 776 sed
3476 713 3545 777 in
3585 724 3879 798 quantum

2357 816 2561 881 sciens
2591 839 2608 881 ε
2640 837 2823 900 ergo,
2854 822 2974 883 etc.

2436 928 2499 988 2.
2527 924 2714 1006 Item,
2746 926 3008 990 scientia
3045 943 3178 990 non
3214 926 3522 992 dividitur
3545 933 3879 999 secundum

2356 1034 2669 1100 rationem
2714 1035 3060 1118 accipiendi
3103 1034 3172 1098 in
3213 1036 3482 1101 virtutes
3503 1087 3521 1118 ,
3565 1041 3668 1104 vel
3705 1042 3773 1106 in
3815 1063 3884 1110 ea

2354 1163 2504 1227 quae
2550 1149 2702 1209 sunt
2746 1144 3124 1223 voluntatis;
3174 1144 3285 1208 sed
3329 1144 3401 1208 in
3440 1165 3516 1211 ea
3555 1166 3703 1230 quae
3744 1155 3886 1215 sunt

2356 1252 2739 1333 cognitionis
2800 1272 2816 1316 ε
2877 1252 2987 1315 53(1
3042 1267 3162 1314 nos
3213 1250 3560 1331 dividimus
3614 1256 3884 1324 divinam

2355 1359 2683 1424 scientiam
2708 1360 2777 1424 in
2805 1358 3424 1443 praedestinationem
3447 1406 3465 1437 ,
3501 1364 3564 1425 et
3598 1366 3886 1446 reproba-

2354 1467 2592 1532 tionem
2617 1486 2814 1549 :ergo
2840 1466 3331 1550 praedestinatio,
3360 1469 3712 1535 secundum
3729 1474 3888 1555 quod

2353 1569 2747 1652 hujusmodi,
2779 1570 2859 1634 ad
2888 1569 3216 1634 scientiam
3252 1574 3510 1651 spectat.

2435 1678 2668 1744 Contra
2696 1698 2714 1742 z
2745 1677 3219 1743 Praedestinatio
3244 1683 3338 1741 est
3364 1696 3561 1744 causa
3586 1681 3808 1761 gratiae
3831 1686 3889 1747 et
3910 1687 4068 1735 Fundu-

2353 1786 2577 1868 gloriae
2612 1809 2627 1851 ε
2655 1786 2766 1850 53(1
2792 1785 3006 1867 gratia
3029 1788 3095 1850 et
3120 1784 3328 1866 gloria
3357 1786 3726 1851 immediate
3749 1791 3889 1852 sunt

2353 1912 2393 1958 a
2421 1894 2746 1960 voluntate
2779 1914 2794 1957 ε
2831 1910 2989 1974 ergo
3034 1892 3503 1976 praedestinatio
3545 1894 3625 1958 de
3657 1912 3723 1959 se
3751 1895 3889 1960 dicit

2352 2002 2505 2085 quid
2534 2003 2602 2065 in
2638 2019 2877 2083 genere
2903 2000 3275 2066 voluntatis,
3304 1999 3372 2066 Si
3398 2002 3572 2066 dicas
3606 2003 3774 2085 quod
3812 2022 3888 2069 ex

2353 2111 2420 2174 vi
2442 2110 2724 2174 nominis
2752 2128 2883 2173 non
2904 2108 3203 2191 importat
3228 2109 3405 2173 illam
3430 2110 3884 2190 causalitatem

2352 2223 2571 2282 contra
2619 2239 2635 2282 :
2665 2216 2813 2282 Esto
2848 2216 3023 2298 quod
3057 2215 3222 2280 Deus
3258 2217 3584 2299 praesciret
3618 2218 3886 2301 aliquem

2351 2325 2721 2389 habiturum
2751 2324 3027 2407 gratiam
3046 2327 3109 2387 et
3135 2323 3409 2405 gloriam
3425 2325 3686 2391 aliunde
3705 2346 3887 2409 quam

2350 2432 2430 2495 ab
2467 2432 2638 2514 ipso,
2677 2450 2809 2496 non
2854 2431 3168 2495 diceretur
3201 2431 3653 2514 praedestinare
3682 2454 3699 2497 ε
3741 2451 3887 2515 ergo

2350 2538 2427 2602 de
2451 2557 2517 2603 se
2550 2539 2695 2602 dicit
2721 2539 3172 2604 causalitatem.

2430 2643 2608 2722 Item,
2635 2646 3100 2735 praedestinatio
3129 2646 3431 2729 importat
3460 2648 3794 2713 scientiam
3822 2653 3882 2713 et

2328 2751 2741 2825 ,voluntatem
2770 2771 2787 2816 ε
2817 2753 2928 2816 53(1
2951 2754 3199 2836 quoties
3230 2754 3373 2817 haec
3411 2754 3541 2819 duo
3573 2755 3646 2817 in
3686 2755 3888 2837 aliquo

2348 2857 2777 2941 importantur
2793 2910 2811 2941 ,
2842 2860 3138 2924 voluntas
3163 2879 3230 2924 se
3255 2861 3448 2926 habet
3471 2880 3585 2945 per
3631 2862 3887 2926 modum

2349 2968 2786 3048 consequentis
2806 3017 2822 3044 ,
2850 2972 2913 3031 et
2936 2968 3221 3032 addentis
3258 2969 3339 3032 ad
3378 2968 3757 3034 scientiam:
3788 2968 3890 3033 sed

2346 3075 2517 3156 quod
2547 3075 2955 3158 consequitur
2981 3078 3044 3140 et
3069 3075 3262 3153 addit,
3293 3094 3361 3140 se
3388 3075 3580 3141 habet
3620 3094 3735 3160 per
3759 3094 3890 3141 mo-

2346 3180 2506 3244 dum
2539 3181 2911 3246 differentiae
2952 3186 3015 3247 et
3058 3182 3502 3265 complementi
3530 3230 3548 3262 ,
3594 3188 3668 3248 et
3709 3203 3749 3249 a
3784 3185 3889 3249 tali

2346 3291 2442 3351 est
2485 3305 2585 3351 res
2631 3288 3096 3359 denominanda
3145 3309 3162 3353 ε
3210 3288 3465 3354 videtur
3512 3308 3678 3371 ergo
3724 3290 3889 3373 quod

2346 3394 2718 3476 completius
2743 3396 3039 3477 importet
3062 3396 3478 3474 voluntatem,
3509 3404 3573 3461 et
3606 3397 3698 3462 ita
3724 3398 3889 3481 quod

2346 3501 2514 3566 male
2536 3502 2729 3567 situet
2755 3501 3075 3584 Magister.
3150 3501 3161 3526 ‘

2831 3720 3390 3788 CONCLUSIO.

2345 3864 2755 3922 Praedestinatio
2783 3868 3050 3939 importat
3077 3871 3360 3924 essentiam
3383 3867 3653 3935 divinam,
3678 3873 3744 3925 ut
3766 3885 3885 3926 caw-

2385 3970 2529 4010 ·sam
2557 3958 2755 4025 qratioe
2779 3960 2830 4012 et
2857 3958 3076 4028 qloriae-‚
3113 3962 3167 4014 et
3191 3959 3285 4014 hoc
3312 3958 3563 4015 ordinate
3580 3975 3602 4015 .·
3632 3959 3754 4016 ideo
3781 3962 3883 4015 im-

2408 4049 2600 4117 portat
2617 4048 2966 4115 munitatem,
2993 4051 3045 4102 et
3059 4051 3366 4119 potentiam
3387 4049 3639 4104 divinam
3656 4067 3674 4104 =
3704 4056 3883 4106 etcum

2418 4135 2548 4189 talis
2570 4136 2865 4191 cau-salitas
2894 4135 3171 4192 tribuatur
3194 4138 3492 4204 voluntati,
3522 4142 3587 4194 ut
3610 4140 3881 4208 efficienti,

2408 4225 2782 4297 principalius
2810 4230 2885 4282 est
2911 4228 2971 4282 in
2993 4242 3180 4299 yenere
3203 4228 3521 4283 voluntati-5.

2421 4360 2607 4444 Resp.
2640 4362 2719 4426 ad
2745 4363 2904 4443 Arg.
2936 4361 3282 4428 Dicendum
3322 4364 3491 4447 quod
3518 4383 3671 4429 cum
3713 4384 3882 4449 prae-

2339 4471 2676 4536 destinatio
2716 4471 3032 4552 significet
3074 4472 3360 4537 divinam
3411 4476 3753 4539 essentiam
3810 4479 3882 4539 ut

2337 4597 2600 4643 causam
2632 4580 2858 4659 gratiae
2886 4583 2949 4642 et
2974 4579 3197 4659 gloriae
3215 4629 3234 4660 ,
3265 4585 3327 4644 et
3366 4582 3490 4646 hoc
3523 4583 3879 4648 secundum

2338 4685 2694 4749 ordinatam
2721 4686 3230 4751 distributionem
3261 4689 3485 4769 gratiae
3514 4695 3579 4753 et
3606 4689 3873 4771 gloriae3

2337 4797 2651 4875 quantum
2700 4798 2795 4857 est
2832 4793 2910 4858 de
2949 4813 3050 4874 se,
3103 4812 3233 4859 non
3276 4800 3529 4861 tantum
3577 4798 3881 4880 importat

2336 4900 2663 4965 scientiam
2680 4948 2698 4979 ,
2735 4902 2844 4967 sed
2881 4902 3073 4967 etiam
3115 4902 3511 4969 voluntatem
3552 4909 3618 4970 et
3651 4910 3878 4989 poten-

2334 5009 2491 5072 tiam
2518 5030 2535 5072 :
2565 5009 2675 5073 sed
2699 5010 3005 5092 quoniam
3036 5011 3369 5075 causalitas
3395 5014 3619 5094 gratiae
3646 5018 3712 5076 et
3736 5013 3879 5095 glo-

2335 5115 2450 5179 riae
2477 5114 2846 5180 attribuitur
2863 5118 3116 5200 proprie
3131 5118 3441 5182 voluntati
3460 5126 3534 5183 ut
3551 5120 3872 5199 efficienti,

2336 5313 2355 5361 1
2383 5312 2542 5375 Sena,
2570 5311 2687 5362 dist.
2714 5323 2817 5376 η,
2844 5326 2896 5376 q.
2931 5324 3003 5376 ¹13
3048 5313 3300 5364 Francisc.
3331 5314 3393 5364 de
3423 5315 3608 5380 mayr..
3652 5317 3669 5366 Ι
3710 5317 3870 5381 Seni„

2333 5384 2449 5435 dist.
2478 5395 2576 5447 xL,
2621 5397 2674 5449 q.
2704 5395 2784 5435 111.
2810 5409 2869 5421 -
2897 5385 2922 5419 ¹
2948 5386 3049 5437 Seu
3090 5388 3257 5450 potius
3302 5391 3483 5439 auctor
3536 5389 3867 5454 Hypoqnost„

2331 5455 2421 5508 lib.
2449 5456 2546 5520 Vl,
2590 5454 2727 5506 inter
2751 5469 2910 5521 opera
2944 5458 2998 5509 S.
3030 5458 3327 5523 Augustini,
3357 5462 3398 5509 t.
3432 5461 3507 5525 x,
3548 5459 3783 5525 Append.
