4125 6225
789 444 909 504 426

789 574 1267 655 artesmagicae,
1293 575 1429 640 sive
1449 575 1889 655 divinationes,
1919 591 2053 638 non
2069 578 2336 656 possunt

790 698 924 745 esse
972 681 1211 763 absque
1252 686 1542 763 peccat03
1588 700 1706 745 nec
1750 683 1955 764 potest
1996 698 2036 743 a
2081 679 2331 744 diabolo

787 788 1031 871 requiri
1059 788 1429 867 consilium,
1459 789 1562 854 vel
1590 789 1781 853 etiam
1810 789 2127 854 auxilium
2144 837 2163 867 ,
2192 788 2332 853 sive

788 895 1249 975 ministerium,
1293 897 1532 979 absque
1568 902 1854 980 peccato,
1898 897 2024 960 nisi
2051 894 2333 960 fortassis

789 1003 857 1067 in
896 1004 1019 1068 hoc
1057 1022 1241 1081 casu,
1285 1005 1396 1068 ubi
1434 1005 1599 1069 Deus
1636 1004 1967 1069 diabolum
1994 1005 2333 1087 subjiceret

788 1111 1037 1175 homini
1055 1114 1229 1193 justo
1259 1130 1378 1176 suo
1396 1112 1640 1193 judicio
1658 1160 1674 1191 ‚
1705 1116 1768 1175 et
1793 1112 1961 1176 sicut
1997 1112 2075 1176 de
2096 1111 2331 1193 aliqui-

788 1215 912 1280 bus
937 1217 1092 1281 viris
1127 1217 1356 1281 sanctis
1393 1219 1615 1283 audivi
1641 1219 1890 1283 narrari
1924 1241 1938 1283 :
1967 1219 2329 1282 voluntario

790 1330 1005 1389 autem
1036 1325 1416 1390 commercio
1454 1344 1588 1390 non
1630 1331 1832 1409 potest
1872 1328 2010 1390 sine
2050 1329 2328 1409 peccato.

791 1433 918 1497 Aut
949 1432 1120 1496 enim
1153 1438 1249 1498 est
1284 1434 1371 1497 ibi
1403 1440 1734 1516 peccatum
1769 1434 2187 1513 infidelitatis,
2222 1439 2332 1497 ut-

791 1544 937 1623 pote
956 1541 1012 1603 si
1026 1541 1346 1604 daemonio
1370 1541 1685 1604 credendo
1705 1541 2010 1604 attribuat
2030 1541 2329 1605 divinum

790 1648 1062 1730 aliquid;
1114 1651 1231 1711 aut
1271 1653 1366 1711 est
1412 1648 1501 1711 ibi
1546 1653 1875 1730 peccatum
1926 1648 2295 1713 idololatriae
2311 1699 2328 1727 ,

792 1755 1010 1833 utpote
1033 1751 1106 1814 in
1129 1751 1554 1815 oblationibus
1580 1756 1642 1816 et
1668 1753 2022 1831 sacrificiis3
2053 1764 2167 1816 aut
2184 1753 2331 1818 ino—

792 1863 1129 1928 bedientiae
1155 1864 1382 1928 saltem
1400 1912 1417 1940 ‚
1446 1865 1598 1946 quia
1617 1865 1767 1928 facit
1794 1868 2017 1929 contra
2043 1864 2330 1947 prohibi-

793 1972 1033 2035 tionem
1075 1971 1397 2052 divinam,
1434 1976 1500 2036 et
1541 1970 1859 2036 Ecclesiae.
1902 1971 2084 2037 Ratio
2114 1976 2333 2037 autem

793 2077 991 2160 hujus
1017 2077 1462 2160 prohibitionis
1490 2080 1585 2140 est
1615 2095 1631 2140 ε
1663 2076 1817 2159 quia
1850 2077 1994 2141 talis
2020 2083 2234 2160 peccat
2265 2081 2334 2144 in

792 2184 1077 2266 seipsum
1094 2230 1111 2259 ,
1144 2184 1303 2248 dum
1330 2203 1398 2248 se
1425 2185 1761 2248 committit
1780 2184 2129 2249 discrimini
2144 2209 2160 2265 ;
2192 2205 2333 2269 pec-

793 2296 896 2354 cat
935 2293 1006 2355 in
1032 2291 1375 2356 Ecclesiam
1396 2340 1412 2372 ‚
1452 2292 1608 2374 quia
1641 2291 1834 2357 habet
1871 2294 2333 2358 commercium

793 2417 942 2463 cum
963 2399 1102 2478 illo,
1125 2399 1234 2481 qui
1265 2402 1359 2464 est
1384 2399 1645 2463 omnino
1669 2399 1999 2480 praeciSUS,
2024 2404 2091 2464 et
2114 2400 2334 2466 Eccle-

793 2507 906 2571 siae
929 2506 1330 2571 adversarius
1348 2528 1365 2585 ;
1392 2510 1609 2589 peccat
1626 2508 1821 2570 etiam
1839 2506 1911 2570 in
1935 2510 2333 2590 maJestatem

795 2612 1111 2690 divinam,
1143 2612 1303 2677 dum
1329 2613 1601 2676 recurrit
1625 2613 1705 2677 ad
1743 2613 2102 2694 diabolum,
2148 2617 2333 2698 quasi

793 2737 923 2783 non
950 2722 1033 2784 sit
1057 2720 1486 2802 omnipoten5‚
1520 2722 1586 2783 et
1622 2720 1887 2784 omnino
1924 2721 2243 2786 sufficiens
2272 2728 2337 2787 et

791 2825 1134 2907 benignus,
1167 2827 1333 2891 Deus
1363 2825 1867 2891 Christianorum
1893 2849 1909 2892 ε
1932 2831 1999 2892 et
2022 2828 2164 2892 ideo
2191 2847 2337 2910 pro-

791 2934 1068 2997 hibitum
1095 2938 1221 3014 est,
1241 2937 1306 2998 et
1329 2935 1468 2998 sine
1492 2938 1745 3016 peccato
1763 2935 1904 2998 fieri
1927 2954 2057 2999 non
2088 2940 2328 3018 potest:

793 3041 965 3105 unde
1009 3041 1424 3107 concedendae
1456 3044 1609 3105 sunt
1649 3041 1926 3106 rationes
1963 3043 2044 3107 ad
2074 3044 2197 3108 hoc
2227 3044 2334 3109 in-

793 3147 1025 3212 ductae.

875 3261 935 3319 1.
994 3255 1094 3330 Ad
1149 3254 1305 3320 illud
1366 3273 1524 3336 ergo
1576 3256 1749 3339 quod
1789 3258 2108 3341 objicitur,
2161 3261 2333 3343 quod

796 3361 1033 3426 Paulus
1068 3362 1367 3427 utebatur
1393 3362 1744 3428 ministerio
1775 3364 2088 3429 diabolico
2114 3367 2182 3430 in
2220 3387 2336 3449 pu-

793 3470 1029 3533 niendo
1054 3470 1282 3548 malos;
1314 3470 1436 3534 dici
1465 3474 1687 3552 potest,
1708 3472 1880 3554 quod
1907 3472 2031 3537 hoc
2048 3493 2182 3538 non
2200 3480 2338 3540 erat

795 3576 1106 3641 diabolico
1133 3577 1514 3641 commercio
1535 3625 1553 3654 ,
1586 3579 1694 3642 sed
1722 3580 1932 3661 magis
1967 3581 2188 3646 divino
2225 3587 2335 3664 ju-

794 3683 986 3762 dicio,
1021 3689 1083 3747 et
1114 3683 1314 3766 ipsius
1340 3684 1621 3767 Apostoli
1656 3686 1959 3769 imperio,
1999 3691 2105 3752 cui
2135 3692 2335 3772 subji-

795 3790 1128 3854 ciebantur
1152 3791 1410 3873 spiritu's
1443 3793 1742 3874 maligni,
1781 3815 1910 3859 non
1948 3798 2338 3862 confoedera-

794 3896 1054 3974 bantur,
1097 3897 1260 3961 sicut
1300 3900 1538 3981 magiS,
1581 3906 1644 3964 et
1687 3901 1941 3967 divinis,
1971 3901 2087 3968 vel
2116 3906 2337 3969 dicen-

795 4004 974 4083 dum,
997 4006 1171 4087 quod
1183 4004 1338 4070 illud
1355 4007 1600 4072 tradere
1619 4028 1750 4073 non
1766 4015 1902 4074 erat
1918 4011 2113 4093 aliud,
2137 4032 2335 4096 quam

794 4129 1114 4192 exponere
1138 4113 1463 4177 vexationi
1492 4115 1885 4180 daemonum.

874 4223 936 4281 2.
971 4218 1067 4282 Ad
1098 4219 1254 4282 illud
1282 4221 1454 4302 quod
1488 4223 1789 4304 objicitur
1825 4225 1904 4289 de
1931 4226 2336 4310 eleemosyna

794 4343 991 4407 quam
1022 4342 1280 4407 possum
1309 4327 1589 4409 accipere
1616 4330 1695 4392 ab
1718 4329 1956 4413 impio;
1994 4333 2338 4401 dicendum

795 4430 966 4513 quod
1006 4449 1139 4495 non
1166 4437 1260 4495 est
1303 4433 1508 4496 simile
1543 4435 1782 4518 duplici
1811 4455 1893 4501 ex
1934 4457 2126 4503 causa
2159 4463 2173 4504 z
2206 4442 2339 4523 pri-

795 4557 981 4603 mum
1014 4540 1304 4622 quidem,
1350 4542 1505 4624 quia
1540 4543 1656 4606 etsi
1685 4546 2055 4610 membrum
2102 4567 2232 4612 non
2261 4550 2342 4613 sit

796 4647 1122 4710 actualiter
1149 4648 1429 4726 unitum,
1462 4667 1591 4712 non
1613 4655 1826 4714 tamen
1850 4657 1944 4715 est
1971 4657 2340 4721 membrum

795 4755 1062 4817 omnino
1082 4754 1454 4837 praecisum,
1485 4757 1651 4821 sicut
1679 4758 2080 4840 daemonum3
2115 4767 2179 4825 et
2203 4781 2343 4845 pos-

795 4865 945 4925 sunt
977 4862 1207 4944 recipi,
1238 4867 1300 4926 et
1322 4862 1605 4946 impendi
1637 4883 1719 4929 ex
1745 4866 2050 4932 charitate
2086 4869 2342 4952 pietatis

797 4968 1007 5032 officia
1039 4990 1055 5032 :
1095 4987 1226 5033 non
1260 4969 1351 5033 sic
1395 4976 1489 5034 est
1527 4971 1605 5035 de
1650 4965 1902 5037 diabolo
1924 5022 1943 5052 ,
1991 4980 2053 5038 et
2098 4976 2343 5057 angelis

795 5078 967 5157 ejus,
999 5094 1278 5158 quorum
1306 5083 1477 5142 certa
1511 5082 1605 5142 est
1637 5079 1981 5147 damnatio.
2007 5083 2338 5165 AmpliuS,

797 5182 1199 5263 eleemosyna
1239 5203 1439 5268 quam
1487 5184 1682 5250 habet
1729 5188 2006 5270 impius,
2055 5195 2342 5273 tempore

796 5293 1186 5356 necessitatis
1226 5298 1320 5358 est
1364 5294 1486 5358 viri
1508 5296 1671 5378 justi
1706 5316 1723 5360 ε
1755 5315 1915 5379 ergo
1959 5299 2058 5363 vir
2086 5302 2340 5382 justu3‚

800 5416 950 5461 cum
976 5398 1184 5478 exigit
1209 5418 1383 5480 eam,
1412 5405 1476 5466 et
1515 5403 1769 5486 recipit,
1813 5405 1985 5486 quod
2011 5425 2211 5470 suum
2246 5412 2343 5472 est

1929 436 2552 505 SENTENTIARUM
2591 438 2740 505 LIB.
2782 440 2863 504 ΙΙ.

2440 574 2696 657 accipit,
2727 579 2792 639 et
2818 573 2962 639 ideo
2977 576 3152 657 juste
3172 570 3341 636 facit.
3373 569 3518 637 Non
3534 572 3622 636 sic
3638 576 3728 639 est
3746 575 3815 640 de
3831 577 3926 640 mi-

2442 679 2700 744 nisterio
2720 681 2953 745 diaboli
2984 681 3053 743 in
3070 679 3369 744 faciendis
3394 679 3708 746 miraculis
3732 701 3749 745 ε
3778 702 3923 748 imn-

2440 806 2637 870 quam
2664 789 2838 852 enim
2864 787 3184 853 diabolicis
3225 787 3547 851 miraculis
3562 836 3580 867 ,
3617 788 3715 853 vel
3751 793 3929 872 praesi-

2441 895 2561 959 diis
2589 896 2988 977 indigemus;
3032 895 3184 977 quia
3208 899 3321 960 aut
3343 895 3651 960 Dominus
3677 898 3927 964 subvenit

2442 1022 2558 1086 per
2600 1022 2699 1079 se,
2751 1007 2865 1068 aut
2918 1022 3031 1086 per
3075 1004 3384 1085 angelum
3429 1023 3653 1081 suum,
3698 1010 3800 1070 aut
3836 1026 3927 1089 per

2442 1111 2816 1191 proximum
2855 1114 3183 1190 nostrum,
3235 1113 3348 1173 aut
3389 1110 3614 1175 tribuit
3655 1112 3928 1193 patientia

2446 1219 2771 1283 meritum.
2906 1244 2921 1259 ·
3210 1214 3219 1227 “

2523 1329 2583 1391 3.
2615 1327 2714 1391 Ad
2739 1327 2899 1391 illud
2927 1326 3100 1410 quod
3142 1326 3463 1408 objicitur,
3492 1327 3666 1408 quod
3690 1328 3928 1394 diabolus

2442 1437 2539 1496 est
2559 1451 2814 1511 servus3
2839 1433 3179 1498 dicendum
3202 1426 3374 1515 quod
3397 1434 3543 1515 ejus
3564 1434 3866 1499 servitium
3883 1440 3929 1501 et

2444 1539 2878 1605 ministerium
2920 1560 3052 1605 non
3098 1544 3193 1605 est
3238 1540 3317 1604 ad
3358 1540 3479 1605 hoc
3529 1541 3871 1624 deputatum
3900 1562 3929 1606 a

2442 1647 2602 1729 Dec,
2636 1650 2762 1713 nisi
2790 1651 2903 1713 flat
2943 1649 3194 1732 speciali
3221 1648 3596 1730 privilegi03
3635 1651 3739 1715 sed
3760 1651 3930 1733 potius

2443 1758 2785 1839 deputatus
2810 1760 2904 1820 est
2930 1757 3010 1820 ad
3035 1754 3414 1821 tentandum
3431 1760 3494 1819 et
3512 1759 3926 1822 exercendum:

2442 1868 2506 1928 et
2532 1863 2621 1927 sic
2648 1865 2879 1942 servit,
2909 1863 3057 1927 licet
3080 1862 3367 1927 intendat
3387 1882 3793 1946 expugnare,
3816 1864 3931 1947 quia

2442 1972 2521 2037 de
2549 1974 2719 2036 malo
2750 1991 2870 2037 suo
2894 1972 3062 2037 Deus
3087 1970 3235 2036 facit
3258 1972 3507 2036 bonum
3534 1977 3830 2037 nostrum.

2526 2081 2584 2141 4.
2610 2078 2709 2141 Ad
2726 2077 2882 2141 illud
2898 2076 3072 2159 quod
3095 2076 3429 2159 quaeritur,
3455 2077 3633 2159 quod
3656 2080 3933 2160 peccatum

2442 2186 2608 2250 sitin
2623 2184 3110 2261 characteribuS,
3126 2182 3467 2247 dicendum
3480 2184 3657 2266 quod
3672 2202 3935 2266 magnum

2443 2293 2775 2372 peccatum
2801 2291 2896 2351 oet
2912 2336 2930 2366 ,
2960 2287 3113 2369 quia
3138 2287 3220 2351 ad
3254 2286 3377 2351 hoc
3400 2287 3573 2352 fiunt
3592 2336 3609 2364 ,
3650 2288 3855 2352 scilicet
3875 2287 3933 2351 ad

2445 2397 2872 2462 ministerium
2895 2397 3264 2463 daemonum
3280 2396 3754 2479 implorandum
3770 2416 3786 2460 ε
3803 2394 3935 2479 quod

2442 2522 2577 2569 non
2602 2503 2748 2569 licet
2783 2527 2798 2568 ι
2834 2507 2898 2567 et
2925 2504 3065 2568 ideo
3092 2503 3260 2568 malo
3284 2504 3414 2567 fine
3439 2504 3536 2569 fit.
3572 2503 3743 2582 Quod
3764 2507 3935 2568 autem

2443 2612 2759 2694 quaeritur
2786 2635 2799 2675 z
2823 2634 2853 2671 α
2875 2611 3007 2676 Aut
3026 2594 3265 2675 habent
3277 2611 3617 2691 virtutem,
3631 2615 3739 2675 aut
3755 2627 3892 2685 non;
3907 2630 3930 2667 ι

2442 2720 2806 2798 dicendum,
2828 2718 3000 2800 quod
3026 2737 3107 2783 ex
3129 2736 3197 2783 se
3223 2736 3357 2783 non
3385 2719 3631 2783 habent
3657 2718 3934 2791 virtutem,

2443 2827 2551 2891 sed
2588 2827 2798 2891 solum
2842 2844 2925 2889 ex
2968 2825 3278 2890 diabolica
3314 2825 3613 2908 pactione
3636 2848 3659 2895 ;
3699 2826 3782 2889 sic
3804 2822 3937 2888 enim

2444 2935 2690 3017 pepigit
2731 2933 3021 2999 diabolus
3068 2952 3219 2998 cum
3274 2933 3401 2997 illis
3450 2935 3573 3015 qui
3623 2934 3859 2999 fuerunt
3893 2932 3935 2994 ei

2444 3042 2917 3122 familiarioreS,
2963 3041 3136 3125 quod
3160 3041 3309 3105 talia
3341 3042 3536 3124 signa
3574 3057 3940 3124 recognosce·

2445 3154 2564 3230 ret,
2595 3155 2660 3215 et
2688 3150 2768 3214 ad
2795 3150 2946 3213 talia
2976 3167 3043 3213 se
3074 3153 3422 3231 praesenter
3449 3150 3725 3214 offerret.
3759 3147 3941 3213 Osten-

2446 3257 2538 3322 dit
2563 3261 2777 3321 autem
2806 3274 2920 3339 per
2944 3255 3052 3320 illa
3070 3275 3140 3320 se
3158 3256 3327 3338 cogi,
3347 3260 3424 3320 ut
3445 3257 3735 3321 ostendat
3750 3252 3940 3335 aliquid

2445 3365 2731 3430 veritatis
2755 3382 2890 3428 esse
2928 3364 2995 3426 in
3021 3364 3399 3446 hujusmodi
3437 3364 3719 3442 artibus»,
3746 3363 3807 3425 in
3833 3359 3943 3444 qui·

2446 3474 2568 3537 bus
2595 3476 2747 3536 sunt
2780 3472 2987 3536 multa
3015 3471 3308 3550 nefanda,
3344 3489 3457 3553 per
3483 3490 3635 3553 quae
3663 3469 3944 3534 abducitur

2396 3645 2408 3663 ,
2446 3582 2643 3646 homo
2683 3585 2746 3644 et
2775 3599 2814 3643 a
2852 3580 3015 3658 fide,
3056 3582 3121 3643 et
3146 3598 3186 3642 a
3221 3579 3396 3643 cultu
3436 3578 3571 3643 Dei.
3615 3577 3783 3642 Unde
3807 3572 3943 3639 nullo

2451 3689 2639 3752 modo
2666 3686 3054 3751 credendum
3087 3689 3182 3750 est
3216 3686 3390 3768 quod
3416 3685 3575 3750 tales
3607 3686 3943 3749 characteres

2447 3795 2688 3878 aliquid
2713 3792 2975 3875 possint,
3014 3793 3298 3857 maxime
3332 3810 3526 3874 super
3554 3791 3823 3873 spiritus,
3852 3785 3945 3850 nisi

2449 3921 2531 3966 ex
2552 3901 2839 3985 pactione
2862 3918 3091 3964 eorum
3120 3922 3136 3963 :
3168 3905 3232 3964 et
3258 3900 3402 3963 ideo
3429 3899 3653 3962 omnia
3680 3898 3818 3961 talia
3839 3911 3941 3959 ffir-

2450 4010 2628 4072 mina
2652 4026 2821 4071 vana
2846 4010 3000 4071 sunt
3038 4009 3103 4070 et
3127 4005 3515 4087 perniciosa3
3545 4024 3664 4068 nec
3689 4004 3824 4068 facit
3843 4001 3947 4064 dia-

2450 4118 2636 4181 bolus
2675 4115 2826 4197 quia
2861 4115 2929 4178 in
2969 4114 3094 4177 illis
3119 4114 3485 4192 delectetur,
3528 4112 3640 4177 sed
3670 4113 3740 4175 in
3765 4106 3946 4173 infide-

2447 4225 2621 4289 litate
2645 4222 3040 4287 facientium.

2532 4336 2592 4396 5.
2615 4331 2711 4395 Ad
2737 4329 2893 4394 illud
2922 4327 3095 4411 quod
3124 4326 3460 4410 quaeritur,
3486 4326 3557 4389 in
3583 4343 3713 4409 quo
3738 4328 3823 4389 oet
3844 4335 3948 4404 pee-

2453 4445 2696 4515 catum,
2739 4436 3083 4500 dicendum
3125 4435 3297 4517 quod
3325 4434 3378 4497 si
3408 4433 3645 4515 aliquis
3669 4432 3782 4496 hoc
3805 4426 3950 4492 faciat

2450 4565 2582 4611 non
2613 4544 2878 4609 credens
2899 4562 3009 4607 eos
3036 4542 3273 4606 habere
3306 4559 3487 4623 posse
3509 4588 3528 4619 ,
3572 4559 3693 4604 nec
3729 4537 3951 4603 offerens

2453 4653 2838 4736 quidquam,
2872 4654 3086 4732 peccat
3121 4651 3375 4731 peccato
3412 4644 3873 4719 inobedientiae,
3906 4641 3953 4700 et

2452 4763 2706 4843 peccato
2731 4775 3012 4835 morum,
3033 4756 3189 4838 quia
3205 4773 3289 4818 ex
3309 4753 3583 4836 hacipsa
3603 4748 3955 4818 invocatione

2453 4870 2821 4934 daemonum
2870 4865 3018 4928 facit
3060 4862 3513 4927 contumeliam
3560 4861 3689 4925 Deo
3731 4875 3867 4933 suc,
3910 4854 3956 4913 et

2455 4977 2644 5041 coetui
2669 4975 3016 5038 christiano
3055 4996 3070 5036 ε
3104 4975 3170 5036 et
3194 4971 3353 5034 dum
3368 4970 3593 5052 jungit
3618 4987 3686 5032 se
3707 4964 3957 5030 schisma·

2455 5085 2581 5147 tico
2607 5087 2671 5146 et
2702 5082 3013 5157 mendaci,
3043 5098 3110 5145 se
3137 5078 3419 5162 periculo
3448 5075 3782 5141 committit
3822 5090 3836 5134 ε
3873 5065 3957 5130 sed

2455 5192 2592 5270 vix,
2622 5194 2738 5255 aut
2760 5206 3101 5270 nunquam
3131 5205 3213 5250 ex
3229 5186 3355 5250 hoc
3381 5185 3514 5249 solo
3543 5182 3783 5247 diabolo
3804 5175 3954 5241 satis·

2455 5300 2643 5375 facit,
2679 5298 2802 5361 nisi
2844 5297 3064 5379 aliqua
3092 5293 3431 5359 infidelitas
3450 5341 3469 5369 ,
3508 5292 3612 5358 vel
3652 5282 3958 5355 idololatria

2455 5408 2911 5471 immisceatur.
2935 5403 3114 5471 Sicut
3133 5402 3309 5467 enim
3335 5401 3416 5466 ad
3443 5399 3666 5466 divina
3690 5389 3956 5461 miracula

4074 6151 4085 6194 t—
