4125 6225
48 1215 51 1314 l

44 1375 49 1468 ξ

1302 350 1682 418 DISTINCT.
1718 349 2012 416 XXXVII.
2058 350 2291 416 PART.
2337 352 2387 416 Ι.
3326 358 3403 418 37

265 487 363 570 tia,
387 485 508 551 sive
538 482 867 573 sapientia
907 486 1067 572 Dei;
1113 496 1180 554 et
1222 508 1379 556 oum
1424 486 1786 555 diceremus
1834 486 2045 554 Deum
2088 487 2252 554 scire
2307 487 2565 573 omnia,
2610 486 2959 578 quaesitum
2998 494 3093 556 est
3129 494 3394 577 utrum,
3456 503 3617 548 dietam

3456 567 3622 610 venerit

259 609 479 694 propter
499 599 945 688 cognitionem
987 625 1191 693 quam
1233 602 1312 671 de
1351 603 1660 671 omnibus
1698 601 1923 685 habet,
1969 601 2344 670 dicerentur
2380 603 2602 671 omnia
2649 624 2783 672 esse
2825 603 2896 669 in
2927 602 3063 672 Deo
3088 655 3106 689 ,
3145 628 3232 672 an
3272 605 3403 673 alia
3430 625 3648 698 ‹insaeptu-

256 719 465 788 ratioue
491 715 605 784 hoc
632 716 887 787 diceret
914 717 1279 811 Scriptura.
1312 719 1532 811 Hujus
1576 741 1730 808 ergo
1766 717 2152 810 quaestionis
2178 720 2425 789 occasio
2453 719 2525 787 in
2552 719 2954 811 praemissam
2979 741 3101 789 nos
3128 719 3400 792 deduxit

259 831 722 927 disputationem
734 887 752 902 .

826 1143 1056 1220 PARS
1097 1145 1150 1227 Ι.
1190 1179 1195 1184 ·

243 1333 352 1412 Quo
386 1351 547 1398 nono
576 1331 748 1400 Deus
783 1352 900 1399 κεί·
926 1355 987 1398 m
1014 1355 1203 1402 naeus
1232 1356 1310 1401 m·
1335 1354 1502 1403 Locus
1528 1354 1758 1403 conro-

840 1447 1115 1494 munus,

519 1628 1025 1699 EXPOSITIO
1079 1631 1449 1698 Tssx‘rus,
1515 1603 1521 1608 ’

234 1784 283 1833 Et
315 1782 551 1848 quoniam
591 1784 1007 1835 demonstratum
1045 1788 1123 1836 est
1161 1798 1225 1836 ex
1265 1789 1409 1847 parte
1451 1798 1553 1850 quo
1598 1785 1756 1836 modo

585 1857 764 1907 omnia
789 1858 1027 1908 dicantur
1048 1871 1158 1908 esse
1178 1857 1232 1907 in
1254 1858 1381 1910 Dec.

293 1995 488 2078 Supra
529 1997 681 2079 egit
726 1997 1034 2079 Magister
1055 2045 1072 2073 ‚
1115 2017 1244 2080 quo
1296 1998 1484 2065 modo
1539 2001 1757 2064 omnia

224 2110 355 2168 sunt
396 2105 462 2167 in
525 2104 699 2183 Deo;
743 2106 854 2170 hic
900 2105 1175 2170 secundo
1220 2107 1356 2188 agit
1396 2125 1524 2189 quo
1565 2109 1756 2174 modo

222 2211 361 2276 neus
385 2213 579 2278 sitin
604 2214 803 2277 rebus
829 2214 989 2277 etin
1014 2212 1168 2276 locis
1195 2214 1648 2296 corporalibus,
1678 2214 1756 2279 Et

222 2321 504 2402 quoniam
533 2320 624 2384 ad
666 2339 803 2385 ese
838 2321 908 2383 in
950 2320 1087 2384 loco
1128 2320 1289 2383 etin
1329 2339 1398 2384 re
1427 2322 1752 2402 mutabili,

222 2429 485 2510 sequitur
506 2429 792 2492 mutatio
820 2428 894 2490 in
930 2445 1007 2492 eo
1027 2427 1199 2510 quod
1221 2427 1286 2489 in
1314 2426 1421 2490 illo
1448 2431 1581 2504 est3
1612 2428 1755 2493 ideo

220 2536 335 2616 agit
356 2535 432 2599 de
470 2535 589 2599 Dei
631 2536 1150 2600 immutabilitate
1184 2538 1499 2616 quantum
1538 2534 1619 2598 ad
1653 2536 1753 2599 lo-

220 2660 347 2705 cum
372 2689 390 2720 ,
431 2643 654 2719 infra,
692 2642 920 2706 eadem
969 2642 1366 2728 distinctione
1412 2663 1426 2704 :
1480 2640 1757 2724 Cumque

78 2749 435 2815 mamm
472 2758 767 2827 natura,
802 2753 925 2813 etc.
962 2747 1173 2811 Prima
1209 2766 1356 2830 pars
1396 2746 1587 2810 habet
1630 2753 1756 2813 tres

219 2865 430 2942 partes.
459 2860 537 2924 In
581 2861 800 2942 prima
839 2863 1059 2924 narrat
1102 2876 1230 2941 quo
1260 2859 1449 2923 modo
1476 2858 1639 2923 Deus
1662 2866 1757 2925 est

218 2968 276 3030 in
295 2966 445 3032 locis
470 2972 538 3032 et
572 2969 649 3030 in
670 2969 866 3031 rebus
883 3016 901 3047 ,
936 2973 999 3031 et
1024 2986 1138 3049 per
1163 2967 1568 3031 auctoritates
1599 2987 1755 3033 con-

215 3074 430 3137 firmat.
460 3074 539 3139 In
578 3075 869 3140 secunda
905 3075 1129 3139 nititur
1166 3074 1483 3139 dictorum
1510 3078 1756 3158 aperire

216 3181 722 3263 intelligentiam,
758 3182 853 3246 ibi
884 3202 901 3245 ε
942 3184 1069 3255 Ouo
1114 3183 1298 3249 modo
1340 3189 1555 3250 autem
1588 3188 1755 3251 Deus

215 3288 438 3355 habitet
465 3293 544 3354 in
573 3290 783 3361 bonis,
813 3294 931 3354 etc.
966 3290 1041 3354 ln
1067 3291 1252 3354 tertia
1273 3291 1544 3354 ostendit
1570 3292 1757 3356 intel-

216 3394 398 3460 lectus
425 3399 639 3462 nostri
674 3397 756 3461 ad
790 3397 914 3461 hoc
949 3398 1328 3479 capiendum
1358 3398 1755 3464 insufficien-

215 3505 380 3583 tiam,
399 3505 487 3567 ibi
517 3528 533 3568 :
558 3505 671 3569 Ea·
686 3504 1025 3583 praedictis
1034 3510 1213 3587 patet
1234 3520 1359 3588 quo
1384 3504 1567 3571 modo
1592 3510 1756 3574 Deus

216 3609 431 3693 ubique
459 3619 639 3679 totus
667 3618 783 3678 est.
818 3609 1031 3675 Prima
1061 3630 1209 3694 pars
1231 3611 1426 3675 habet
1449 3616 1578 3676 tres
1608 3632 1753 3696 par-

216 3722 317 3781 tos.
346 3718 420 3783 ln
466 3721 689 3802 prima
734 3720 1007 3784 ostendit
1032 3719 1254 3783 modos
1282 3719 1526 3783 essendi
1552 3720 1753 3785 Deum

215 3824 277 3889 iu
298 3827 516 3891 rebus.
546 3828 623 3892 In
664 3828 947 3892 secunda
970 3845 1127 3891 vero
1167 3827 1501 3890 confirmat
1536 3833 1759 3892 aucto-

214 3933 503 3997 ritatibus
516 3935 694 4016 quod
714 3934 881 3998 Deus
898 3938 993 3997 est
1005 3934 1243 4016 ubique
1260 3951 1374 4015 per
1391 3935 1751 4014 essentiam,

211 4039 289 4102 ibi
322 4063 339 4103 ε
380 4041 477 4106 Ne
518 4048 737 4108 autem
768 4044 940 4120 ista,
974 4043 1133 4122 quia
1170 4042 1590 4122 capacitatem
1630 4043 1758 4107 hu-

212 4164 410 4213 manoe
452 4150 947 4231 intelligentiae,
990 4154 1108 4213 etc.
1150 4148 1225 4212 In
1266 4148 1454 4212 tertia
1488 4150 1759 4213 ostendit

212 4254 372 4334 quod
410 4255 584 4319 Deus
619 4257 692 4319 in
732 4257 884 4320 solis
919 4257 1149 4319 sanctis
1181 4256 1423 4319 habitat
1458 4273 1758 4338 per-gra-

212 4359 380 4436 tiam,
412 4362 508 4423 ibi
539 4384 556 4425 :
586 4362 666 4427 ln
691 4366 942 4429 sanctis
964 4377 1109 4428 vero
1137 4363 1334 4429 etiam
1365 4362 1648 4443 habitat,
1683 4365 1759 4429 in

214 4468 477 4547 quibus,
511 4472 634 4531 etc.
668 4468 973 4533 Similiter
1013 4470 1290 4534 secunda
1322 4488 1504 4551 parS,
1536 4470 1604 4533 in
1631 4489 1761 4552 qua

212 4575 430 4639 recitat
474 4575 812 4641 dictorum·
839 4578 1325 4659 intelligentiam
1345 4627 1363 4655 ,
1397 4577 1589 4640 habet
1633 4582 1760 4641 tres

217 4690 422 4764 part&
466 4706 485 4747 ε
516 4685 589 4748 in
615 4687 829 4768 prima
853 4687 1312 4752 rationabiliter
1342 4686 1756 4765 manuducit3

214 4787 277 4852 in
301 4793 592 4856 secunda
628 4794 891 4858 stultam
928 4794 1239 4859 rationem
1268 4795 1582 4873 excludit,
1611 4793 1701 4857 ibi
1741 4811 1760 4855 z

218 4894 577 4965 Sciendum
612 4906 711 4967 est
756 4904 948 4967 etiam
987 4905 1183 4985 quia,
1221 4908 1295 4969 ut
1330 4904 1429 4968 ait
1466 4904 1636 4985 Aua.
1685 4901 1764 4964 In

216 5006 434 5085 tertia,
484 5007 562 5070 in
606 5007 1088 5074 admirationem
1132 5010 1354 5091 erigit,
1404 5009 1491 5071 ibi
1534 5031 1550 5073 ε
1592 5007 1765 5073 Illud

214 5126 455 5194 quoquc
484 5114 794 5179 mirabile
817 5123 936 5192 est,
960 5121 1077 5179 etc.
1108 5138 1123 5179 :
1155 5119 1550 5179 sacramenta
1588 5114 1765 5178 enim

214 5217 427 5283 diviua
455 5220 686 5301 magis
714 5226 863 5284 sunt
889 5221 1201 5285 mirabilia
1222 5239 1419 5304 quam
1458 5220 1767 5301 intelligi-

212 5321 384 5387 bilia.
416 5324 590 5390 Item
619 5326 818 5390 tertia
839 5346 1009 5411 pars,
1036 5327 1108 5392 in
1126 5346 1254 5411 qua
1274 5328 1547 5395 ostendit
1567 5326 1766 5392 insuf-

1868 1134 2215 1199 ficientiam
2232 1136 2316 1200 ad
2337 1138 2853 1218 cognoscendum
2870 1153 3001 1220 quo
3023 1135 3214 1200 modo
3241 1133 3407 1200 Deus

1867 1244 1963 1305 est
1990 1242 2234 1324 ubique
2254 1260 2368 1325 per
2392 1245 2756 1324 essentiam,
2780 1244 2974 1309 habet
2994 1248 3123 1308 tres
3150 1249 3399 1327 partes:

1866 1349 2076 1431 primo
2108 1351 2282 1414 enim
2312 1350 2582 1416 ostendit
2610 1352 2783 1433 quod
2813 1352 3169 1416 intellectus
3202 1354 3404 1418 nostri

1865 1475 1998 1521 non
2054 1458 2420 1536 sufficiunt3
2470 1460 2747 1524 secundo
2793 1459 3075 1525 excludit
3129 1477 3236 1524 eos
3290 1462 3405 1543 qui

1866 1569 2371 1648 praesumptuose
2398 1566 2677 1646 solvunt,
2711 1566 2801 1631 ibi
2835 1588 2849 1630 ε
2888 1566 3166 1639 Quidam
3195 1573 3405 1634 tamen

1863 1673 2180 1737 immensa
2235 1674 2494 1755 inqenio
2549 1688 2662 1739 suo
2721 1675 2939 1739 metiri
2959 1720 2978 1748 ,
3025 1679 3145 1736 etc.
3193 1672 3404 1738 Tertio

1865 1795 2019 1843 vero
2038 1778 2257 1860 abjicit
2274 1796 2381 1843 eos
2399 1779 2512 1861 qui
2536 1779 3051 1843 irrationabiliter
3071 1784 3399 1861 quaerunt,

1863 1885 1952 1948 ibi
1984 1906 1999 1948 ε
2037 1884 2202 1952 Solet
2227 1888 2422 1952 etiam
2458 1887 2536 1952 ab
2568 1888 2805 1952 eisdem
2831 1887 3039 1968 quaeri
3065 1903 3187 1969 quo
3219 1888 3402 1955 modo

1865 1995 2032 2058 Deus
2050 2041 2071 2071 ,
2101 1997 2219 2056 etc.
2249 1992 2364 2057 Ubi
2395 1993 2668 2057 ostendit
2710 1994 3131 2075 quaestionem
3177 2013 3404 2060 eorum

1865 2118 1999 2164 esse
2022 2100 2316 2165 frivolam
2345 2103 2407 2165 et
2433 2100 2840 2183 responsione
2857 2101 3212 2182 indignam.

2519 2304 2658 2351 DUB.
2705 2305 2749 2348 1.

2149 2420 2267 2471 Mali
2293 2433 2419 2471 vero
2445 2434 2551 2471 non
2576 2424 2696 2471 sunt
2725 2432 2846 2470 cum
2871 2417 2958 2469 illo
2973 2455 2991 2483 ,
3025 2422 3126 2470 etc.

1943 2543 2215 2608 Contra:
2255 2543 2518 2608 Videtur
2563 2542 2731 2606 male
2773 2541 2980 2605 dicere
3001 2590 3021 2620 ,
3054 2542 3208 2624 quia
3251 2544 3405 2608 mali

1864 2655 2014 2715 sunt
2046 2651 2116 2713 in
2145 2651 2271 2715 Deo
2291 2701 2307 2729 ‚
2334 2651 2488 2733 quia
2529 2652 2600 2714 in
2627 2650 2737 2713 illo
2765 2648 3030 2723 vivunt,
3061 2654 3404 2715 moventur

1863 2762 1928 2822 et
1954 2762 2106 2821 sunt
2136 2779 2150 2822 z
2184 2777 2341 2839 ergo
2368 2759 2422 2820 si
2445 2776 2576 2822 non
2604 2757 2989 2839 importatur
3021 2759 3228 2837 major
3255 2774 3403 2821 con-

1862 2864 2187 2928 venientia
2220 2883 2336 2946 per
2361 2865 2483 2928 hoc
2507 2864 2680 2947 quod
2705 2865 2801 2927 est
2829 2880 2964 2926 esse
2984 2881 3134 2926 cum
3159 2862 3398 2944 aliqu0,

1863 2989 2060 3053 quam
2099 2972 2172 3035 in
2205 2973 2460 3054 aliquo;
2504 2970 2759 3035 videtur
2801 2969 3003 3051 quod,
3043 2969 3206 3032 sicut
3249 2969 3405 3032 mali

1864 3078 2165 3144 dicuntur
2209 3098 2343 3144 esse
2380 3080 2449 3143 in
2487 3078 2647 3158 Dec,
2677 3078 2768 3142 ita
2800 3076 3070 3141 debeant
3112 3075 3235 3140 dici
3268 3094 3403 3141 esse

1864 3204 2011 3250 cum
2046 3186 2193 3250 Deo.
2230 3186 2390 3251 Item
2417 3209 2431 3250 :
2463 3185 2621 3262 Quae
2650 3187 2743 3248 est
2769 3184 2979 3264 magis
3005 3183 3395 3265 impropria:

1873 3314 1903 3352 α
1931 3291 2095 3357 Deus
2126 3298 2219 3357 est
2258 3311 2409 3357 cum
2455 3292 2640 3356 malis
2663 3338 2680 3367 ‚
2727 3312 2758 3350 n
2808 3290 2910 3354 vel
2951 3312 2966 3354 ε
3009 3314 3042 3352 «ι
3073 3289 3222 3354 Mali
3253 3308 3404 3354 cum

1864 3400 1989 3465 Deo
2006 3402 2037 3464 ’ἶ
2064 3422 2096 3460 1>
2131 3400 2384 3465 videtur
2411 3400 2582 3482 quod
2610 3400 2751 3462 haec
2791 3420 2805 3461 :
2841 3420 2873 3458 α
2901 3397 3049 3462 Mali
3075 3402 3225 3461 sunt
3251 3416 3404 3463 cum

1864 3506 2011 3571 Dec.
2034 3529 2064 3565 ι)
2093 3506 2271 3572 Unde
2299 3507 2723 3587 Augustinus,
2757 3505 2826 3568 in
2847 3505 3010 3569 libro
3040 3504 3403 3586 Confessio-

1862 3631 2019 3679 num
2039 3615 2057 3649 ¹
2092 3636 2107 3677 ε
2151 3637 2181 3674 α
2204 3613 2452 3677 Mecum
2467 3630 2629 3691 eraS,
2652 3615 2716 3675 et
2735 3616 2946 3675 tecum
2965 3629 3098 3675 non
3120 3629 3336 3691 eram;
3361 3634 3392 3672 n

1861 3719 2147 3802 loquitur
2176 3737 2294 3800 pro
2323 3721 2485 3781 statu
2517 3716 2777 3799 peccati.

1943 3826 2068 3890 Sed
2096 3830 2356 3889 contra:
2389 3841 2535 3890 cum
2563 3824 2713 3887 dicit
2742 3824 3179 3888 auctoritatem
3211 3826 3280 3888 in
3299 3844 3407 3889 ca—

3429 693 3607 732 tionem.

1862 3935 2073 4012 suali3
2122 3951 2279 4015 ergo
2338 3933 2590 3996 videtur
2650 3931 2821 4012 quod
2884 3930 3116 3995 melius
3172 3930 3406 3996 dicitur
3449 3952 3458 3959 ·

1862 4043 2058 4107 homo
2090 4060 2239 4105 cum
2267 4039 2414 4118 De0,
2445 4056 2642 4120 quam
2672 4056 2708 4101 e
2732 4055 3061 4101 converso.
3310 4119 3317 4125 .

1944 4152 2130 4232 Resp.
2178 4148 2527 4213 Dicendum
2568 4146 2740 4228 quod
2803 4146 2944 4210 baec
2994 4146 3362 4228 praepositio
3385 4195 3405 4225 ‚

1865 4244 2031 4337 cum,
2052 4257 2202 4321 dicit
2232 4254 2711 4319 associationem
2737 4274 2753 4316 ε
2779 4253 2845 4315 in
2870 4253 3163 4316 societate
3188 4258 3407 4318 autem

1866 4364 2348 4430 considerantur
2391 4360 2521 4424 duo
2544 4407 2561 4435 ‚
2601 4358 2833 4422 scilicet
2877 4364 3182 4423 mutuum
3222 4360 3410 4424 auxi-

1864 4472 2027 4535 lium
2052 4518 2071 4549 ,
2114 4472 2178 4533 et
2225 4466 2632 4531 conformitas
2676 4465 3069 4530 voluntatis:
3100 4468 3411 4547 quoniam

1866 4597 2024 4661 ergo
2074 4577 2194 4641 soli
2245 4575 2397 4639 boni
2435 4575 2675 4637 habent
2715 4572 3114 4635 voluntatem
3162 4573 3413 4637 confor-

1867 4707 2073 4769 mem,
2111 4689 2173 4749 et
2212 4688 2363 4747 sunt
2404 4682 2797 4764 coadjutores
2836 4681 2986 4760 Dei,
3018 4680 3160 4745 ideo
3203 4681 3280 4746 de
3321 4682 3415 4746 eis

1868 4794 2019 4858 solis
2046 4791 2299 4875 proprie
2326 4790 2559 4854 dicitur
2592 4787 2764 4870 quod
2810 4787 2937 4851 sint
2980 4804 3130 4850 cum
3167 4785 3326 4865 Dec,
3351 4792 3417 4851 et

1869 4921 1905 4966 e
1950 4890 2258 4965 converso
2280 4947 2297 4975 ‚
2324 4898 2476 4985 quia
2515 4900 2672 4961 tunc
2709 4896 2871 4972 hoc,
2900 4893 3071 4977 quod
3106 4898 3201 4957 est
3228 4909 3410 4973 cum,

1870 5026 2001 5073 non
2026 5006 2180 5071 dicit
2208 5004 2671 5069 auctoritatem.
2709 5002 2872 5079 Quia
2902 5018 3056 5065 vero
3093 4999 3244 5063 mali
3279 5017 3414 5063 non

1870 5116 2353 5181 conformantur
2372 5161 2392 5191 ,
2425 5129 2544 5176 nec
2580 5109 2975 5175 auxiliantur
3008 5106 3136 5170 Deo
3177 5107 3250 5169 in
3296 5124 3416 5170 sua

1872 5222 2096 5300 salute,
2124 5221 2234 5285 sed
2260 5218 2735 5294 contradicunt,
2769 5219 2835 5278 et
2858 5218 3075 5277 tamen
3102 5211 3268 5279 Deus
3297 5213 3411 5278 ad-

1944 5349 2126 5413 ¹Aug.,
2152 5347 2374 5412 confess.
2400 5344 2491 5396 lib.
2514 5345 2593 5408 x,
2621 5356 2670 5393 c.
2688 5350 2857 5391 xxvn.
