4125 6225
721 443 842 503 620

720 569 1094 655 hujusmodi
1120 568 1423 634 animalia
1448 570 1560 631 aut
1580 568 1743 632 facta
1765 571 1973 631 essent
1996 568 2252 646 frustra,

721 684 835 745 aut
866 697 995 743 non
1025 680 1176 741 sunt
1213 677 1372 740 facta
1411 679 1668 758 propter
1694 675 2045 740 hominem.
2093 673 2157 738 Si
2184 677 2258 737 tu

721 790 891 857 dicas
917 788 1088 871 quod
1115 786 1283 851 Deus
1310 805 1386 850 ea
1413 785 1585 864 fecit,
1628 785 1782 866 quia
1809 783 2108 867 praevidit
2137 782 2259 845 ho-

723 897 966 963 minem
992 913 1126 959 esse
1149 894 1505 977 lapsurum,
1535 895 1690 955 tunc
1710 891 1961 955 videtur
1993 888 2163 972 quod
2192 888 2260 951 in

724 1004 1055 1070 voluntate
1096 1000 1376 1065 hominis
1419 1003 1483 1064 et
1517 1001 1818 1081 potestate
1858 997 2256 1076 consisteret,

725 1115 945 1176 utrum
969 1110 1079 1173 illa
1099 1107 1401 1173 animalia
1422 1107 1659 1172 frustra
1682 1109 1890 1171 essent
1911 1129 1927 1170 ε
1949 1103 2123 1188 quod
2151 1101 2262 1167 fal-

726 1236 874 1282 sum
904 1220 1019 1280 est.

808 1330 868 1389 3.
899 1325 1081 1403 Item,
1104 1324 1157 1387 si
1180 1322 1480 1388 animalia
1507 1323 1667 1386 facta
1691 1323 1842 1386 sunt
1867 1321 2126 1404 propter
2151 1318 2267 1382 ho-

728 1434 995 1508 minem,
1024 1451 1181 1514 ergo
1212 1432 1391 1496 nulla
1416 1431 1645 1495 debent
1674 1447 1809 1494 esse
1849 1429 2013 1492 facta
2044 1432 2266 1491 contra

730 1544 1062 1608 hominem
1102 1564 1117 1605 ε
1157 1541 1266 1605 sed
1304 1539 1525 1604 multae
1569 1538 1787 1603 bestiae
1829 1538 2079 1601 homini
2118 1539 2268 1601 sunt

685 1717 692 1726 ,
733 1651 1020 1716 nocivae:
1048 1667 1205 1730 ergo
1233 1666 1365 1712 non
1391 1648 1747 1711 debuerunt
1771 1646 1909 1709 fieri
1936 1646 2002 1708 in
2027 1644 2270 1727 prima·-

736 1759 833 1822 ria
857 1775 1077 1821 rerum
1104 1755 1482 1831 conditione,
1503 1758 1616 1818 aut
1640 1757 1806 1817 certe
1831 1755 2062 1817 frustra
2088 1753 2268 1817 factae

737 1868 908 1928 sunt.
943 1862 1010 1927 Si
1057 1868 1129 1926 tu
1165 1862 1333 1926 dicas
1373 1862 1547 1945 quod
1589 1861 1806 1925 hestiae
1843 1879 1974 1924 non
2018 1863 2271 1943 possent

736 1989 984 2049 nocere,
1014 1970 1069 2032 si
1090 1969 1286 2034 homo
1320 1988 1453 2032 non
1477 1974 1809 2051 peccasset,
1839 1973 1994 2032 tunc
2018 1969 2272 2033 videtur

735 2078 907 2161 quod
933 2081 1075 2160 post
1097 2082 1430 2160 peccatum
1449 2077 1726 2142 hominis
1747 2077 1827 2141 sit
1852 2095 2025 2142 nova
2051 2079 2273 2159 poten-

735 2186 824 2248 tia
849 2185 940 2248 eis
964 2185 1213 2248 tradita.

817 2296 879 2355 4.
911 2291 1090 2371 Item,
1114 2292 1167 2355 si
1199 2292 1500 2356 animalia
1519 2292 1684 2356 facta
1704 2295 1855 2358 sunt
1875 2294 2132 2375 propter
2157 2290 2276 2354 ha—

738 2402 1108 2466 bitationem
1158 2401 1436 2465 hominis
1492 2400 1947 2478 decorandam3
2008 2420 2158 2465 cum
2207 2401 2277 2464 in

741 2514 909 2574 statu
943 2509 1322 2573 innocentiae
1358 2527 1490 2573 non
1527 2509 1783 2573 deberet
1816 2509 2122 2573 habitatio
2159 2508 2278 2573 foe-

742 2615 901 2695 dari,
929 2615 1181 2680 videtur
1211 2616 1381 2698 quod
1407 2635 1539 2680 non
1569 2616 1927 2681 debuerunt
1957 2616 2279 2699 corrupti-

742 2723 892 2787 bilia
917 2723 1218 2787 animalia
1245 2724 1404 2801 fieri,
1429 2743 1576 2806 quae
1602 2725 1737 2788 suis
1763 2724 2282 2806 corruptionibus

743 2835 808 2894 et
830 2831 1339 2895 exhalationibus
1365 2832 1693 2895 inficerent
1723 2849 1959 2895 aerem.
1991 2830 2157 2895 Situ
2184 2832 2281 2894 di·

745 2956 850 3000 cas
877 2939 1048 3020 quod
1073 2958 1208 3003 non
1236 2942 1828 3021 corrumperentur,
1857 2939 1981 3003 hoc
2006 2943 2102 3003 est
2128 2958 2282 3003 con-

744 3046 844 3108 tra
871 3044 1309 3127 Augustinum
1330 3062 1520 3129 super
1549 3046 1841 3112 Genesim
1858 3046 1948 3112 ad
1974 3047 2280 3127 litteram,

744 3153 856 3216 lib.
881 3152 988 3233 111,
1018 3155 1131 3236 qui
1159 3155 1311 3219 dicit
1332 3159 1485 3220 tunc
1509 3156 1675 3220 facta
1700 3174 1834 3220 esse
1861 3156 2163 3220 animalia
2183 3157 2285 3219 vi-

746 3262 962 3325 ventia
988 3261 1064 3325 de
1094 3263 1336 3345 rapina.
1369 3264 1476 3327 Ait
1501 3263 1673 3327 enim
1705 3264 1830 3327 sic¹
1864 3282 1883 3326 ε
1920 3287 1951 3325 α
1977 3262 2284 3340 Quaedam

746 3370 1154 3434 refectionem
1190 3372 1470 3453 corporis
1509 3372 1611 3436 sui
1659 3391 1742 3437 ex
1781 3372 2058 3436 aliorum
2098 3391 2283 3454 quae-

748 3484 900 3543 runt
923 3480 1291 3562 corporibus
1323 3501 1338 3543 :
1372 3502 1403 3539 1>
1439 3481 1550 3544 ubi
1579 3479 1866 3563 loquitur
1890 3482 1967 3546 de
1995 3482 2230 3545 bestiiS.

829 3591 888 3650 5.
936 3587 1127 3667 Item,
1172 3587 1483 3670 quidquid
1530 3588 1611 3651 sit
1648 3588 1725 3652 de
1772 3589 1915 3669 hoc,
1962 3589 2099 3652 sive
2142 3607 2287 3652 mo-

748 3694 1022 3773 riantur,
1062 3695 1197 3759 sive
1239 3713 1371 3759 non
1409 3695 1785 3774 moriantur,
1818 3696 2073 3760 videtur
2111 3697 2285 3779 quod

748 3802 1052 3866 animalia
1070 3820 1216 3884 quae
1237 3803 1362 3866 alia
1387 3804 1718 3883 devorant,
1742 3804 2018 3867 hominis
2037 3806 2285 3870 habita-

747 3911 989 3973 tionem
1016 3909 1451 3986 dehonestent,
1485 3930 1634 3975 cum
1658 3930 1735 3977 ea
1761 3913 2107 3993 destruant,
2139 3931 2287 3996 quae

750 4014 831 4079 ad
858 4015 1057 4098 ipsius
1080 4015 1323 4081 faciunt
1351 4016 1644 4081 decorem
1671 4021 1737 4082 et
1763 4023 2084 4084 ornatum.

1294 4275 1743 4343 CONCLUSIO.

751 4434 949 4492 Omnia
969 4431 1256 4488 sensibilia
1277 4436 1505 4505 propter
1531 4433 1796 4490 hominem
1824 4436 1951 4490 sunt
1975 4436 2149 4504 facta,
2179 4437 2293 4492 sive

820 4526 883 4578 iu
908 4527 1059 4579 statu
1084 4525 1435 4588 innocentioe‚
1475 4524 1587 4579 sive
1626 4526 1688 4580 in
1712 4527 1861 4580 statu
1886 4527 2096 4596 peccati
2122 4527 2294 4581 consi-

824 4613 968 4670 deres
992 4613 1170 4670 illum.

841 4774 1026 4857 Resp.
1058 4775 1138 4839 ad
1160 4774 1434 4857 Argum.
1467 4775 1566 4841 Ad
1591 4774 2041 4859 praedictorum
2070 4776 2295 4841 intelli-

759 4885 1045 4966 gentiam
1067 4887 1161 4948 est
1188 4883 1544 4947 notandum
1580 4883 1753 4965 quod
1782 4884 1952 4963 fluis,
1983 4883 2063 4947 ad
2094 4902 2290 4966 quem

753 5011 855 5057 res
896 4993 1295 5069 ordinantur,
1346 4991 1581 5074 duplex
1625 4995 1718 5054 est
1752 5013 1766 5056 ε
1803 4991 2064 5074 quidam
2115 4993 2289 5057 enim

752 5106 847 5165 est
875 5101 1019 5165 finis
1063 5099 1426 5183 principalis
1464 5104 1528 5164 et
1562 5099 1829 5163 ultimus
1851 5149 1868 5178 ,
1903 5098 2169 5182 quidam
2198 5104 2294 5163 est

752 5210 900 5273 finis
927 5208 1046 5271 sub
1087 5210 1237 5272 fine.
1287 5207 1354 5272 Si
1380 5208 1591 5290 primo
1620 5208 1811 5272 modo
1853 5207 2183 5290 loquimur
2214 5207 2290 5272 de

754 5318 906 5395 fine,
936 5315 1026 5379 sic
1048 5316 1340 5381 omnium
1366 5321 1824 5393 creaturarum,
1849 5319 1984 5380 tam
2009 5316 2292 5380 rationa-

827 5442 1005 5504 ¹Aug.,
1043 5439 1104 5489 de
1131 5442 1301 5493 Genus.
1330 5440 1402 5490 ad
1426 5441 1555 5505 litt„
1588 5441 1677 5495 lib.
1708 5442 1803 5504 111,
1830 5456 1879 5491 c.
1899 5453 2020 5504 ΧΠ,
2047 5455 2103 5490 n.
2125 5444 2202 5492 25.
2228 5466 2291 5480 -

1798 425 2421 496 SENTENTIARUM
2458 427 2608 493 ΠΒ.
2652 428 2734 494 11.

2364 564 2550 644 lium,
2595 582 2791 646 quam
2834 564 3332 645 irrationalium,
3380 567 3528 631 finis
3571 571 3667 631 oet
3711 567 3896 648 Deus,

2364 674 2517 756 quia
2541 674 2760 739 omnia
2779 679 3038 755 propter
3068 676 3477 757 semetipsum
3505 677 3751 742 creavit
3787 678 3897 742 Al-

2366 781 2661 846 tissimus
2678 785 2734 859 ²,
2762 781 2979 844 omnia
3001 781 3174 844 enim
3203 781 3343 845 fecit
3371 782 3451 846 ad
3486 782 3746 847 laudem
3772 801 3901 847 suae

2310 884 2325 900 “
2365 888 2684 953 bonitatis.
2728 887 2795 952 Si
2835 892 3054 951 autem
3093 889 3441 970 loquamur
3484 887 3565 953 de
3608 891 3740 954 fine
3776 910 3902 956 non

2367 996 2719 1081 principali,
2766 996 2878 1078 qui
2925 1000 3020 1059 est
3062 997 3209 1059 finis
3252 997 3531 1079 quodam
3577 1000 3803 1077 mod0,
3844 1004 3905 1064 et

2368 1105 2514 1168 finis
2539 1103 2660 1167 suh
2693 1104 2860 1181 flne3
2897 1102 2988 1167 sic
3014 1102 3234 1168 omnia
3259 1104 3578 1168 sensibilia
3602 1106 3728 1169 alia
3751 1107 3906 1170 facta

2370 1216 2521 1276 sunt
2550 1216 2806 1295 propter
2825 1210 3175 1274 hominem.
3206 1209 3284 1274 Et
3307 1211 3430 1276 hoc
3464 1212 3748 1278 insinuat
3773 1213 3909 1278 Phi-

2369 1319 2672 1402 losophus
2696 1337 2845 1382 cum
2874 1318 3025 1383 dicit
3040 1319 3062 1354 ³
3087 1336 3104 1383 ι
3135 1342 3166 1380 «ι
3187 1315 3428 1382 Sumus
3449 1320 3596 1383 finis
3617 1339 3737 1385 nos
3753 1339 3908 1403 quo-

2372 1426 2520 1490 dam
2545 1427 2737 1491 modo
2765 1426 3058 1490 omnium
3088 1444 3337 1506 eorum,
3367 1445 3518 1509 quae
3548 1433 3728 1492 sunt.
3751 1451 3782 1489 s
3810 1430 3909 1493 In·
4017 1408 4027 1419 ’

2373 1536 2584 1598 sinuat
2622 1535 2815 1598 etiam
2855 1532 3180 1616 Scriptura
3219 1534 3424 1600 multo
3463 1536 3908 1615 excellentius,

2375 1660 2527 1705 cum
2559 1641 2750 1704 dicit*
2782 1663 2797 1704 ε
2830 1642 3172 1708 Faciamus
3201 1642 3517 1708 hominem
3549 1643 3640 1709 ad
3676 1646 3912 1725 imam·-

2375 1767 2519 1816 nem
2570 1755 2631 1816 et
2689 1750 3191 1818 similitudinem
3221 1758 3538 1832 nostram,
3591 1759 3655 1818 et
3695 1756 3914 1834 proesit

2372 1863 2660 1946 piscibus
2700 1864 2927 1941 maris,
2958 1867 3075 1927 etc.
3107 1862 3270 1940 Quia
3291 1864 3466 1927 enim
3495 1865 3694 1928 homo
3721 1867 3914 1929 ratio-

2377 1971 2477 2033 nis
2502 1988 2702 2052 capax
2723 1973 2840 2050 est,
2868 1969 3010 2034 ideo
3039 1971 3230 2034 habet
3254 1970 3611 2034 libertatem
3646 1972 3911 2050 arbitrii,

2379 2084 2442 2143 et
2483 2083 2672 2142 natus
2710 2081 2804 2141 est
2840 2077 3118 2160 piscibus
3160 2077 3511 2156 dominari;
3563 2078 3723 2160 quia
3768 2097 3914 2143 vero

2379 2204 2495 2269 per
2540 2184 3023 2248 similitudinem
3064 2188 3255 2248 natus
3297 2189 3392 2247 est
3432 2183 3503 2247 in
3546 2184 3753 2249 Deum
3781 2191 3917 2250 teu-

2381 2295 2529 2359 dere
2560 2293 2946 2368 immediate,
2978 2293 3122 2356 ideo
3149 2310 3371 2356 omnes
3408 2298 3722 2359 creaturae
3760 2297 3918 2360 irra-

2382 2401 2649 2465 tionales
2674 2400 2753 2464 ad
2789 2400 3004 2482 ipsum
3048 2398 3449 2479 ordinantur,
3491 2404 3565 2463 ut
3603 2403 3919 2467 mediante

2383 2509 2520 2591 ipso
2564 2508 2638 2571 in
2673 2508 2870 2570 finem
2912 2506 3216 2570 ultimum
3248 2506 3702 2589 perducantur.
3735 2510 3808 2574 Et
3836 2511 3919 2573 sic

2385 2614 2798 2681 concedenda}
2836 2617 2988 2678 sunt
3026 2613 3303 2678 rationes
3341 2614 3745 2680 ostendentes
3787 2618 3919 2680 ani·

2386 2724 2577 2788 malia
2602 2726 2860 2806 propter
2885 2723 3207 2787 hominem
3232 2724 3394 2788 tacta
3421 2742 3578 2788 esse.
3607 2725 3707 2790 Ad
3735 2726 3923 2790 disso-

2385 2832 2694 2897 lutionem
2730 2835 2946 2895 autem
2988 2831 3311 2895 rationum
3342 2850 3489 2914 quae
3535 2832 3923 2899 inducuntur

2387 2941 2459 3003 in
2502 2938 2928 3014 contrarium,
2971 2939 3325 3003 notandum
3362 2943 3476 3019 est,
3521 2942 3698 3023 quod
3750 2943 3923 3007 aliter

2390 3048 2769 3112 ordinantur
2793 3044 3093 3109 animatia
3110 3046 3190 3110 ad
3214 3046 3547 3110 hominem
3579 3051 3927 3116 secundum

2390 3160 2628 3220 statum
2655 3155 3058 3230 innocentiae,
3091 3155 3275 3219 aliter
3301 3158 3658 3222 secundum
3696 3163 3929 3224 statum

2388 3271 2638 3330 naturae
2659 3266 2871 3348 lapsae.
2896 3264 3268 3330 Secundum
3286 3270 3523 3331 statum
3548 3267 3932 3334 innocentiae

2389 3375 2767 3439 ordinantur
2787 3375 2867 3438 ad
2893 3373 3222 3438 hominem
3237 3374 3591 3439 secundum
3618 3376 3932 3441 rationem

2391 3481 2873 3563 quadruplicem
2908 3501 2925 3545 ε
2958 3482 3168 3564 prima
3190 3482 3355 3545 ratio
3394 3482 3592 3546 estad
3622 3484 3931 3548 manifes-

2391 3589 2659 3653 tandum
2691 3592 2832 3671 ejus
2858 3589 3226 3672 imperium,
3257 3591 3429 3671 quod
3456 3591 3932 3657 manifestarent

2392 3696 2551 3760 dum
2595 3696 2654 3759 ei
2698 3715 2813 3778 per
2853 3696 3072 3761 omnia
3110 3697 3475 3775 obedirent;
3510 3699 3811 3779 secunda,
3857 3699 3933 3763 ad

2392 3803 2821 3867 decorandum
2861 3805 3140 3868 hominis
3164 3804 3636 3882 habitaculum,
3674 3808 3933 3890 perpul-

2394 3911 2625 3974 chrum
2652 3912 2827 3975 enim
2858 3917 2993 3975 erat
3018 3911 3452 3976 habitaculum
3481 3912 3763 3977 hominis
3794 3915 3933 3979 ani-

2394 4019 2663 4083 malium
2707 4018 3260 4101 multiplicatione,
3308 4039 3438 4084 non
3489 4021 3701 4086 solum
3744 4024 3931 4087 arbo-

2394 4144 2569 4205 rum,
2599 4126 2879 4190 decorari
2902 4147 2920 4205 ;
2946 4127 3154 4206 tertia,
3182 4127 3263 4191 ad
3289 4128 3700 4192 excitandum
3728 4130 3933 4194 homi-

2395 4234 2499 4298 nis
2524 4252 2807 4310 sensum,
2832 4237 2906 4297 ut
2929 4234 2997 4298 in
3019 4235 3306 4317 ipsorum
3334 4235 3714 4300 animalium
3746 4241 3929 4302 natu-

2396 4337 2486 4401 ris
2522 4337 2789 4402 diversis
2831 4338 3074 4403 videret
3121 4339 3318 4403 homo
3364 4339 3930 4405 multiformitatem

2397 4445 2719 4528 sapientire
2760 4445 3151 4526 Conditoris3
3183 4450 3432 4528 quarta,
3476 4447 3558 4510 ad
3599 4447 3933 4512 moderan-

2398 4554 2556 4618 dum
2600 4556 2742 4635 ejus
2770 4554 3107 4633 affectum,
3142 4557 3215 4618 ut
3254 4554 3412 4618 dum
3453 4554 3649 4620 homo
3698 4556 3935 4623 videret

2399 4661 2701 4725 animalia
2726 4662 3079 4726 secundum
3103 4661 3551 4726 rectitudinem
3583 4681 3722 4726 suae
3754 4668 3934 4727 natu·

2398 4786 2491 4831 rae
2514 4787 2769 4833 currere
2795 4772 2860 4832 et
2896 4787 3113 4834 amare
3140 4768 3298 4833 illud
3325 4769 3405 4833 ad
3431 4770 3604 4851 quod
3631 4769 3936 4834 naturali-

2397 4878 2496 4939 ter
2518 4876 2681 4940 facta
2717 4879 2889 4954 sunt,
2926 4895 3009 4940 ex
3034 4877 3156 4940 hoc
3182 4876 3569 4940 excitaretur
3606 4877 3689 4942 ad
3718 4895 3938 4941 aman-

2397 4984 2555 5048 dum
2584 4983 2806 5048 Deum.
2836 4983 2915 5048 Et
2941 4989 3199 5067 propter
3226 4985 3342 5049 has
3378 4984 3657 5049 rationes
3674 5003 3809 5051 non
3839 5003 3937 5049 so·

2398 5091 2728 5156 lummodo
2782 5092 2928 5156 fecit
2993 5092 3158 5157 Deus
3203 5095 3501 5175 ,iumenta
3523 5142 3541 5170 ,
3588 5094 3701 5157 sed
3749 5094 3936 5158 etiam

2396 5199 2628 5263 bestias
2676 5202 2738 5265 et
2782 5217 3060 5282 pecora:
3091 5201 3310 5265 omnia
3357 5200 3532 5265 enim
3577 5201 3823 5267 faciunt
3858 5198 3933 5265 ad

2397 5362 2605 5421 ¹Pron„
2631 5371 2748 5424 xvi,
2779 5360 3136 5425 4.—⁸Arist.,
3167 5361 3369 5427 Physic.
3396 5361 3487 5413 lib.
3510 5362 3552 5411 Η
3572 5399 3592 5426 ,
3621 5365 3761 5415 cont.
3782 5363 3859 5413 24.
3880 5384 3935 5401 -

2393 5442 2415 5477 ι
2435 5438 2577 5495 Gen„
2599 5444 2640 5498 ι,
2660 5432 2740 5490 26,
