4125 6225
1112 426 1310 495 DIST.
1353 423 1486 492 Vll.
1534 419 1764 488 PART.
1807 419 1858 486 1.
1909 419 2095 488 ART.
2137 422 2189 487 1.
2229 422 2534 502 QUAEST.
2576 423 2628 490 Ι.

278 567 625 635 voluntatis
667 567 763 630 est
802 564 1103 644 derectus,
1144 581 1280 628 non
1318 561 1545 646 positio
1591 578 1609 623 :
1655 552 1813 638 ergo

277 693 412 740 non
454 674 649 740 habet
675 690 935 737 causam
965 673 1363 751 efficientem,
1396 668 1502 733 sed
1526 665 1816 734 deficien-

278 787 410 848 tem
446 806 462 847 :
507 782 617 847 sed
651 781 817 845 Deus
853 779 1095 845 nullius
1119 784 1213 843 est
1243 797 1434 844 causa
1477 775 1812 842 deficiens:

279 908 440 972 ergo
468 907 601 953 non
644 891 738 951 est
765 903 979 963 causa,
1009 886 1115 952 vel
1157 886 1318 950 ratio
1365 886 1564 970 hujus
1587 883 1819 967 impos-

278 994 612 1058 sibilitatis.
661 993 953 1058 Secunda
991 996 1086 1057 est
1111 993 1251 1056 haec
1290 1012 1307 1055 1
1355 991 1521 1056 Deus
1562 992 1817 1054 8111666-

279 1104 503 1168 denter
525 1119 747 1166 omnes
786 1101 1079 1165 homines
1121 1103 1185 1164 et
1222 1100 1488 1182 angelos
1522 1098 1660 1163 vult
1699 1096 1817 1161 sal-

276 1229 395 1274 vos
436 1210 579 1274 fieri
597 1259 613 1289 ,
658 1221 733 1273 ut
772 1208 923 1273 dicit
963 1208 1429 1287 Damascenus;
1473 1207 1628 1290 quia
1685 1223 1816 1269 non

279 1317 537 1395 creavit,
578 1316 713 1381 sive
747 1315 1085 1398 plasmavit
1129 1316 1209 1379 ad
1246 1332 1501 1398 poenam
1519 1363 1537 1393 ,
1576 1312 1685 1377 sed
1736 1311 1817 1376 ad

276 1424 575 1506 gloriam.
624 1422 693 1487 Si
745 1441 903 1505 ergo
953 1442 1084 1488 non
1137 1423 1278 1489 vult
1309 1423 1574 1506 angelos
1617 1421 1819 1485 malos

276 1531 650 1608 beatificari,
697 1532 820 1596 1106
859 1535 952 1596 est
990 1531 1199 1596 solum
1227 1530 1551 1597 voluntate
1591 1546 1817 1594 conse-

276 1645 512 1726 quente
555 1664 572 1706 1
615 1641 725 1706 sed
763 1641 1060 1706 voluntas
1097 1659 1487 1725 consequens
1553 1641 1646 1705 est
1700 1656 1813 1702 ex-

275 1768 492 1814 cessus
544 1769 625 1814 ex
689 1767 881 1813 causa
910 1752 1125 1813 nostra
1141 1797 1158 1824 ‚
1190 1747 1293 1814 vel
1334 1767 1415 1812 ex
1453 1751 1632 1831 parte
1674 1763 1818 1810 nos-

277 1861 415 1921 tra:
446 1875 604 1938 ergo
639 1856 762 1920 alia
805 1855 970 1920 ratio
1016 1859 1111 1920 est
1141 1837 1400 1919 ulterior
1423 1902 1440 1934 ,
1471 1871 1669 1936 quare
1695 1852 1819 1915 1106

275 1964 561 2029 concedit
585 1983 602 2027 :
630 1982 761 2028 non
787 1981 945 2045 ergo
974 1963 1270 2028 voluntas
1312 1962 1442 2026 Dei.
1472 1960 1682 2025 Tertia
1725 1962 1820 2024 est

276 2071 420 2138 haec
447 2095 462 2136 ε
494 2070 562 2137 Si
592 2071 878 2136 diabolus
914 2071 1168 2137 veniam
1210 2073 1477 2153 peteret,
1508 2067 1820 2133 Dominus

275 2197 409 2267 non
431 2179 791 2262 repelleret;
813 2179 988 2262 quia,
1014 2179 1176 2242 sicut
1202 2178 1351 2241 dicit
1370 2176 1749 2242 Ambrosius
1770 2181 1815 2253 ¹,

274 2287 412 2369 ipse
436 2286 659 2369 recipit
687 2287 1127 2368 confugientes
1163 2285 1242 2349 ad
1280 2304 1378 2365 se,
1406 2286 1529 2349 1106
1551 2283 1819 2366 justitiae

274 2397 370 2458 est
400 2415 416 2458 z
452 2395 561 2458 sed
587 2399 806 2458 contra
838 2393 1155 2476 justitiam
1197 2392 1363 2457 Deus
1405 2391 1584 2456 nullo
1631 2390 1820 2454 modo

271 2501 444 2565 facit.
488 2500 822 2578 Praeterea,
847 2504 1439 2584 quantumcumque
1465 2498 1660 2562 homo
1696 2495 1820 2562 Deo

280 2609 596 2688 servierit,
642 2608 696 2672 si
746 2595 1015 2691 poeni‘tet
1064 2607 1142 2672 de
1182 2607 1393 2684 boniS‚
1441 2605 1605 2670 Deus
1651 2606 1821 2669 bona

274 2716 600 2800 praeterita
646 2734 778 2799 non
816 2717 1097 2796 acceptat
1129 2733 1144 2778 :
1194 2732 1353 2796 ergo
1394 2713 1683 2777 similiter
1700 2762 1717 2791 ,
1764 2713 1820 2777 si

273 2825 543 2909 poenitet
568 2825 645 2889 de
673 2824 873 2903 ma10‚
899 2823 1156 2889 videtur
1192 2822 1363 2907 quod
1404 2822 1573 2887 mala
1600 2821 1820 2886 remit-

272 2933 391 3008 tat,
424 2932 488 2993 et
511 2929 633 2992 1106
650 2929 893 3010 spectat
917 2926 996 2990 ad
1023 2944 1277 2990 summe
1304 2925 1773 2990 misericordem
1800 2947 1815 2989 ε

274 3058 438 3123 ergo
466 3040 631 3105 ratio
654 3057 851 3125 quare
881 3038 1180 3104 voluntas
1198 3036 1432 3101 diaboli
1458 3055 1591 3101 non
1618 3041 1823 3120 potest

273 3146 606 3211 rectificari
631 3194 647 3222 ,
692 3164 823 3209 non
864 3148 1069 3228 potest
1109 3144 1543 3228 principaliter
1602 3146 1821 3210 venire

273 3271 364 3318 ex
384 3258 563 3336 parte
588 3252 723 3330 Dei,
748 3256 822 3317 ut
844 3255 1017 3335 patet
1037 3270 1119 3315 ex
1145 3251 1267 3315 hac
1292 3251 1525 3334 triplici
1551 3251 1819 3317 ratione.

274 3359 642 3426 Ostenditur
673 3360 865 3424 etiam
895 3358 1066 3440 quod
1096 3376 1226 3422 non
1258 3377 1338 3422 ex
1368 3362 1545 3442 parte
1571 3363 1822 3424 naturae

274 3467 495 3548 angeli
551 3466 767 3530 veniat
818 3467 959 3530 haec
1017 3464 1487 3548 impossibilitas
1537 3488 1552 3528 :
1612 3465 1823 3548 primo

272 3573 651 3639 auctoritate
681 3573 1031 3654 Augustini
1057 3579 1080 3614 ¹
1105 3572 1185 3638 de
1213 3572 1374 3639 Fide
1402 3572 1492 3638 ad
1516 3572 1773 3639 Petrum
1801 3593 1825 3636 .·

281 3707 317 3745 ιι
335 3681 403 3746 Si
421 3681 707 3746 humana
723 3686 973 3760 natura,
997 3685 1359 3763 postquam,
1377 3700 1415 3745 a
1436 3680 1559 3745 Deo
1576 3698 1821 3759 aversa,

272 3789 627 3853 bonitatem
662 3788 929 3871 perdidit
957 3788 1326 3865 voluntem,
1349 3806 1432 3852 ex
1450 3788 1656 3871 seipsa
1683 3806 1828 3852 rur-

274 3916 429 3961 sum
456 3916 601 3961 eam
635 3897 716 3980 (a)
743 3898 975 3961 habere
1014 3897 1345 3980 potuisset,
1387 3897 1590 3961 multo
1633 3897 1828 3980 possi-

272 4005 473 4069 bilius
525 4004 648 4068 hoc
699 4008 929 4067 natura
985 4003 1275 4085 angelica
1331 4002 1622 4077 haberet3
1680 4022 1827 4085 quae

276 4112 523 4193 quanto
545 4110 761 4172 minus
787 4112 1098 4190 gravatur
1124 4108 1403 4191 pondere
1430 4110 1667 4172 terreni
1693 4127 1828 4173 cor-

276 4219 478 4302 poriS,
514 4221 689 4282 tanto
721 4217 930 4299 magis
958 4218 1077 4281 hac
1121 4221 1284 4281 esset
1323 4216 1589 4300 praedita
1620 4216 1827 4280 facul-

278 4328 431 4389 tate.
456 4348 486 4385 1>

363 4436 423 4495 3.
452 4431 609 4495 Item
631 4430 755 4494 1106
774 4428 1028 4494 videtur
1043 4429 1325 4495 secunda
1348 4429 1632 4494 ratione:
1666 4428 1829 4507 Quia

291 4540 567 4623 angelus
596 4539 916 4624 peccando
942 4557 1076 4604 non
1101 4539 1313 4604 amisit
1349 4538 1592 4603 arbitrii
1633 4539 1826 4602 liber-

279 4652 505 4727 tatem,
538 4649 845 4731 quoniam
873 4648 1130 4712 libertas
1156 4647 1401 4712 arbitrii
1426 4652 1520 4711 est
1552 4648 1609 4711 ei
1636 4652 1826 4713 natu-

279 4757 472 4822 ralis:
497 4757 609 4821 sed
636 4757 880 4821 ratione
908 4757 1089 4820 liberi
1116 4756 1386 4833 arbitrii,
1418 4758 1553 4820 erat
1573 4774 1826 4837 suscep-

279 4864 477 4928 tibilis
506 4862 900 4927 rectitudinis
917 4882 956 4926 a
981 4863 1081 4926 sui
1108 4866 1374 4926 natura:
1407 4881 1563 4944 ergo
1592 4863 1824 4941 adhuc,

279 4974 599 5053 quantum
630 4974 724 5035 aet
752 4988 832 5034 ex
858 4974 1037 5053 parte
1063 4974 1315 5035 naturae
1341 4988 1499 5048 suae,
1533 4969 1831 5052 suscepti·

278 5076 429 5140 bilis
455 5080 571 5140 est.

359 5188 421 5248 4.
457 5184 640 5264 Item,
676 5183 731 5248 si
761 5186 995 5249 natura
1028 5183 1246 5267 angeli
1292 5188 1387 5247 est
1422 5202 1613 5249 causa
1655 5182 1828 5249 illius

344 5345 363 5381 ¹
381 5346 644 5408 Ambros„
665 5345 719 5394 in
741 5345 878 5407 Luc„
896 5344 984 5395 lib.
1002 5345 1115 5411 Vll,
1135 5359 1188 5397 n.
1206 5347 1383 5396 23⁰.—
1398 5346 1419 5379 ²
1434 5345 1542 5397 11110
1566 5345 1825 5411 Ε8136111.,

276 5414 340 5465 de
365 5417 493 5467 Fide
514 5417 585 5467 ad
606 5417 766 5477 Petr„
794 5429 841 5466 c.
866 5427 945 5469 111.

3349 431 3466 493 393

1922 556 2468 641 impossibilitatis,
2494 561 2560 624 et
2583 562 3054 645 cujuscumque
3073 562 3167 627 rei
3185 581 3298 646 per
3323 582 3463 628 mo-

1923 666 2081 730 du‘m
2126 671 2380 732 naturae
2425 671 2519 732 est
2570 686 2763 732 causa
2779 717 2797 747 ‚
2834 667 2996 733 Deus
3040 668 3329 735 similiter
3372 676 3466 736 est

1925 791 2139 854 causa,
2169 775 2323 858 quia
2362 774 2495 838 sola
2534 774 2832 840 voluntas
2875 776 3248 841 adversatur
3293 778 3417 843 Deo
3444 802 3460 844 :

1924 897 2082 961 ergo
2112 880 2274 946 Deus
2314 885 2477 946 esset
2514 899 2706 945 causa
2727 930 2744 960 ,
2775 881 2890 964 qui
2931 882 3127 947 talem
3169 889 3466 950 naturam

1921 987 2109 1051 fecit:
2140 989 2193 1051 si
2217 1006 2374 1070 ergo
2403 987 2590 1052 nullo
2609 988 2798 1052 modo
2817 988 2983 1077 Deus
3007 993 3101 1053 est
3131 1008 3324 1055 causa
3350 992 3468 1055 im-

1924 1095 2351 1178 possibilitatis
2377 1096 2456 1161 ad
2488 1097 2757 1175 bonum,
2786 1114 2943 1177 ergo
2962 1114 3080 1160 1166
3097 1102 3329 1162 natura
3345 1117 3467 1162 an-

1924 1205 2077 1286 geli.
2109 1205 2472 1271 Ostenditur
2493 1206 2688 1270 etiam
2714 1207 2885 1289 quod
2922 1207 3089 1272 ratio
3118 1226 3248 1272 non
3279 1209 3361 1272 sit
3387 1227 3470 1273 ex

1923 1315 2105 1396 parte
2129 1313 2370 1396 peccati
2397 1313 2707 1395 angelici:
2743 1314 2896 1395 quia
2922 1317 3252 1396 peccatum
3272 1334 3468 1397 ange-

1922 1419 2121 1484 licum
2151 1439 2280 1485 non
2307 1421 2554 1485 excedit
2581 1424 2910 1503 peccatum
2948 1421 3229 1486 hominis
3263 1423 3335 1487 in
3361 1424 3469 1486 in-

1922 1529 2203 1609 finitum,
2237 1535 2554 1613 quantum
2581 1529 2662 1594 ad
2689 1528 2972 1612 aliquam
2998 1530 3463 1597 conditionem:

1922 1654 2082 1718 ergo
2132 1656 2261 1702 non
2315 1639 2537 1702 nocuit
2587 1638 2659 1701 111
2714 1637 3071 1718 infinitum,
3129 1640 3469 1722 plusquam

1923 1747 2254 1827 peccatum
2280 1745 2600 1809 hominis:
2636 1743 2744 1807 sed
2773 1747 3100 1826 peccatum
3148 1745 3428 1810 hominis
3449 1796 3466 1828 ,

1924 1854 2041 1916 etsi
2071 1853 2318 1917 auferat
2369 1851 2816 1916 rectitudinem
2830 1899 2848 1929 ‚
2899 1869 3030 1915 non
3066 1854 3282 1915 tamen
3335 1853 3472 1916 abs-

1924 1961 2070 2024 tulit
2111 1961 2590 2043 possibilitatem
2635 1960 2713 2024 ad
2753 1958 3202 2023 rectitudinem
3250 1982 3264 2024 :
3313 1978 3471 2041 ergo

1925 2068 2177 2133 videtur
2216 2068 2384 2151 quod
2417 2070 2746 2150 peccatum
2797 2066 3037 2148 angeli,
3092 2068 3207 2130 etsi
3263 2067 3473 2148 magis

1925 2175 2323 2258 elongaverit
2340 2224 2358 2254 ,
2420 2193 2551 2239 non
2588 2174 2915 2255 elongavit
2973 2173 3222 2238 infinite
3253 2196 3269 2237 z
3314 2193 3472 2256 ergo

1927 2281 2179 2346 videtur
2212 2282 2384 2365 quod
2411 2281 2737 2363 elongavit
2762 2299 2912 2344 cum
2940 2280 3354 2362 possibilitate
3385 2281 3465 2345 ad

1925 2388 2204 2453 reditum
2255 2413 2270 2453 ε
2315 2394 2380 2453 61
2401 2390 2490 2453 118
2520 2407 2653 2453 11011
2699 2387 2959 2453 videtur
2984 2389 3146 2452 ratio
3184 2405 3268 2451 ex
3293 2391 3471 2471 parte

1932 2496 2191 2578 peccati.

2006 2606 2068 2666 5.
2096 2600 2277 2681 Item,
2312 2600 2901 2684 quantulacumque
2937 2602 3168 2683 gratia,
3199 2601 3255 2665 si
3276 2601 3473 2667 adve-

1927 2708 2096 2772 niret
2124 2709 2439 2772 voluntati
2460 2707 2716 2785 diaboli,
2750 2707 3093 2791 expelleret
3114 2711 3311 2772 totam
3341 2708 3475 2773 cul-

1927 2829 2101 2893 pam,
2135 2811 2363 2893 loquor
2381 2811 2457 2875 de
2494 2811 2703 2892 gratia
2724 2815 2984 2891 gratum
3027 2812 3294 2875 faciente
3324 2834 3338 2876 ε
3365 2812 3473 2875 sed

1928 2919 2192 2983 morbus
2219 2918 2331 3001 qui
2360 2917 2606 2982 modico
2636 2918 2919 2982 remedio
2945 2917 3323 2983 adveniente
3353 2936 3474 3000 po-

1928 3028 2048 3089 test
2072 3026 2306 3105 curari,
2337 3044 2467 3091 non
2495 3025 2728 3089 dicitur
2755 3024 2832 3090 de
2850 3044 2918 3089 se
2946 3025 3337 3102 incurabilia,
3365 3026 3474 3091 sed

1927 3140 2187 3219 propter
2213 3137 2529 3201 defectum
2557 3136 2846 3214 remedii,
2867 3137 2921 3200 si
2949 3136 3104 3200 illud
3119 3153 3249 3199 non
3273 3136 3470 3200 adsit:

1928 3265 2086 3329 ergo
2113 3248 2583 3332 impossibilitas
2615 3247 3080 3314 rectificationis
3133 3247 3238 3311 vel
3286 3248 3477 3311 recti-

1929 3360 2170 3425 tudinis
2198 3361 2267 3424 in
2293 3360 2624 3427 voluntate
2668 3361 2884 3443 angeli
2913 3380 3046 3426 non
3088 3365 3183 3425 est
3225 3362 3473 3426 ratione

1931 3465 2138 3548 culpae
2166 3467 2549 3549 principalis

2010 3577 2072 3636 6.
2127 3572 2285 3637 116111
2340 3575 2528 3657 culpa
2575 3592 2709 3639 non
2757 3574 2998 3638 inducit
3041 3574 3475 3638 necessitatem

1934 3680 2281 3759 voluntati,
2311 3682 2464 3764 quia
2503 3687 2597 3746 est
2639 3684 2707 3745 in
2756 3681 3082 3746 voluntate
3127 3682 3478 3746 secundum

1932 3789 2104 3871 quod
2130 3789 2428 3852 voluntas
2449 3793 2581 3865 est3
2612 3788 2789 3852 etita
2817 3787 3174 3852 secundum
3205 3789 3378 3871 quod
3401 3789 3480 3852 li-

1934 3895 2088 3958 bera
2110 3899 2174 3959 et
2198 3895 2507 3960 vertibilis
2532 3917 2546 3959 1
2582 3913 2740 3977 ergo
2768 3896 2821 3958 si
2846 3914 2977 3959 non
3005 3895 3252 3959 inducit
3269 3914 3481 3959 neces-

1934 4003 2205 4080 sitatem,
2247 3991 2406 4084 ergo
2455 4021 2584 4066 non
2629 4002 2836 4066 aufert
2875 4002 3353 4084 possibilitatem
3397 4004 3474 4066 ad

1934 4109 2318 4193 oppositum,
2341 4110 2505 4189 etita
2522 4109 3004 4173 rectitudinem:
3025 4127 3181 4191 ergo
3209 4128 3339 4172 non
3363 4128 3478 4173 ve-

1934 4220 2030 4283 nit
2056 4218 2165 4282 illa
2193 4218 2665 4301 impossibilitas
2691 4218 2782 4283 ex'
2801 4221 2979 4301 parte
3006 4203 3248 4301 peccati
3274 4240 3289 4282 ε
3319 4236 3476 4299 ergo

1936 4327 2118 4390 1111110
2144 4326 2357 4389 modo.

2479 4496 2928 4565 CONCLUSIO.

1938 4668 2245 4722 Daemonum
2288 4666 2541 4722 voluntas
2587 4663 2651 4720 de
2679 4667 2932 4736 potentia
2972 4665 3200 4721 habente
3242 4665 3483 4722 ordinem

2009 4756 2086 4811 acl
2109 4760 2288 4812 actum
2312 4756 2606 4826 rectificare·
2633 4768 2740 4810 non
2762 4757 2961 4826 potest,
2995 4757 3211 4811 tametsi
3239 4757 3345 4811 Deo
3375 4771 3483 4811 non

2006 4850 2083 4903 sit
2109 4846 2441 4919 impossibile
2462 4844 2679 4900 diabolo
2711 4844 2905 4901 bonam
2926 4846 3206 4901 restituere
3225 4845 3480 4901 volunta-

2012 4940 2148 5000 tem,
2189 4950 2308 4991 cum
2339 4935 2722 5006 poenitentiam
2759 4949 2868 4990 non
2887 4936 3063 5005 possit
3092 4934 3314 5001 habere,
3366 4951 3483 4991 cum

2011 5029 2215 5098 tempus
2233 5024 2354 5096 jam
2375 5024 2707 5096 praeterierit
2736 5024 3095 5080 conversionis
3123 5027 3177 5080 et
3203 5027 3408 5081 meriti.

2027 5162 2307 5265 Resp.ad
2322 5182 2483 5263 Arg.
2508 5179 2858 5245 Dicendum
2881 5181 3075 5263 quod,
3096 5182 3257 5245 sicut
3271 5180 3483 5246 Sancti

1937 5292 2157 5356 dicunt
2178 5294 2242 5354 et
2266 5287 2695 5365 auctoritateS,
2726 5288 3024 5352 voluntas
3048 5290 3280 5354 diaboli
3303 5290 3482 5355 nullo

2000 5416 2069 5482 (α)
2099 5414 2242 5465 Deest
2269 5426 2385 5465 eam
2409 5414 2520 5462 coet.
2536 5410 2660 5461 edit.
