4125 6225
544 405 661 466 188

536 536 724 619 plura
749 536 940 618 signa
960 537 1188 602 debent
1211 539 1407 620 accipi
1435 559 1473 603 a
1502 544 1680 623 parte
1702 540 1875 620 mali,
1910 540 2079 604 sicut

535 662 618 708 ex
634 648 815 726 parte
833 646 984 708 boni
1017 667 1030 708 :
1062 665 1212 710 cum
1234 647 1437 728 igitur
1462 666 1544 711 ex
1568 652 1743 730 parte
1766 648 1919 711 boni
1944 647 2078 711 sint

530 752 678 827 tria,
711 756 898 834 patet,
929 757 1047 816 etc.

614 865 673 923 5.
719 860 900 938 Item,
944 860 1111 924 sicut
1156 860 1506 943 impletioni
1554 861 1891 943 respondet
1930 880 2079 944 per-

539 967 774 1046 missi0,
812 969 900 1032 ita
917 973 981 1033 et
1014 967 1389 1050 prohibitio;
1429 969 1559 1032 imo
1593 969 1798 1032 multo
1827 968 2074 1044 fortiuS,

536 1079 601 1138 et
643 1075 852 1156 magis
889 1094 972 1139 ex
1012 1075 1342 1157 opposito:
1397 1094 1555 1157 ergo
1592 1077 1866 1152 ‚videtur
1909 1076 2079 1160 quod

537 1181 724 1263 plura
752 1181 879 1244 sint
910 1182 1122 1263 signa.

618 1294 678 1353 6.
715 1288 896 1367 Item,
927 1290 1088 1353 sicut
1118 1290 1531 1374 praeceptioni
1554 1290 1902 1373 opponitur
1929 1308 2081 1373 pro-

536 1397 787 1472 hibitio,
828 1398 917 1460 ita
947 1397 1207 1462 consilio
1257 1397 1600 1462 dissuasio:
1635 1416 1793 1479 ergo
1826 1397 2082 1463 videtur

538 1506 710 1586 quod
742 1505 867 1567 sint
893 1505 1098 1588 plura.

1052 1697 1561 1765 CONCLUSIO.
1664 1691 1669 1696 ’

548 1832 862 1890 Voluntatis
900 1830 1099 1886 divinae
1137 1832 1297 1899 siqua
1343 1831 1661 1898 sufficienter
1702 1834 2081 1889 enumerantur

614 1925 674 1977 in
712 1922 1114 1993 impletionem,
1148 1919 1603 1991 prohibitionem,
1641 1923 2076 1994 permissionem,

607 2015 957 2084 praeceptum,
990 2016 1042 2066 et
1069 2011 1371 2067 consilium.

619 2153 802 2230 Resp.
823 2148 900 2211 ad
922 2148 1196 2228 Argum.
1223 2146 1566 2212 Dicendum
1580 2146 1750 2227 quod
1767 2165 2081 2212 numerus

547 2257 881 2337 signorum
923 2273 1058 2318 uno
1108 2254 1297 2318 modo
1341 2252 1671 2317 consuevit
1717 2255 1915 2337 accipi
1964 2256 2075 2318 sic.

541 2364 848 2428 Voluntas
875 2362 1043 2425 enim
1075 2361 1312 2436 divina,
1343 2361 1596 2444 proprie
1616 2360 1957 2443 loquendo,
1985 2367 2082 2426 est

542 2470 954 2556 praesentium
1025 2474 1088 2533 et
1137 2469 1546 2546 futurorum;
1603 2471 2077 2551 praeteritorum

541 2583 759 2642 autem
783 2577 909 2641 alio
927 2576 1116 2640 modo
1135 2595 1266 2641 non
1294 2580 1389 2641 est
1417 2595 1611 2658 quam
1638 2577 2075 2659 praesentium.

543 2683 907 2750 Secundum
935 2685 1056 2748 hoc
1099 2684 1453 2749 notandum
1488 2685 1657 2767 quod
1676 2732 1691 2760 ,
1720 2685 1773 2747 si
1816 2689 1911 2748 est
1939 2703 2080 2748 res-

545 2797 729 2875 pectu
759 2792 1124 2875 praesentiS,
1155 2795 1266 2855 aut
1292 2792 1446 2856 illud
1475 2795 1569 2855 est
1596 2793 1871 2870 bonum,
1900 2796 1964 2855 et
1992 2792 2083 2855 sic

546 2900 859 2982 impletio;
910 2903 1024 2963 aut
1065 2898 1338 2976 malum,
1383 2905 1445 2961 et
1481 2898 1570 2962 sic
1612 2899 1963 2981 permissio.
2015 2898 2082 2962 Si

545 3012 836 3088 respectu
867 3005 1067 3070 futuri
1092 3053 1109 3083 ,
1146 3006 1270 3068 hoc
1315 3008 1409 3067 est
1454 3005 1818 3086 tripliciter:
1850 3009 1963 3069 aut
1989 3009 2085 3069 est

545 3114 815 3188 malum,
850 3117 912 3178 et
940 3112 1030 3175 sic
1055 3110 1434 3194 prohibiti03
1466 3116 1578 3176 aut
1607 3112 1849 3177 bonum
1877 3130 2087 3177 neces-

546 3220 810 3296 sarium,
841 3218 1019 3281 etsie
1037 3219 1403 3300 praeceptio:
1429 3223 1540 3282 aut
1556 3220 1798 3283 bonum
1824 3238 2087 3303 supere-

548 3327 899 3408 rogationis
920 3375 936 3403 ,
972 3331 1035 3390 et
1071 3327 1163 3389 sic
1193 3327 1565 3390 consilium:
1598 3327 1841 3391 bonum
1868 3333 2083 3392 autem

549 3434 1127 3518 supererogationis
1163 3452 1298 3497 non
1348 3433 1541 3497 habet
1590 3434 1832 3498 malum
1880 3453 2085 3526 oppo-

549 3544 741 3606 situm
777 3564 792 3605 :
843 3541 985 3605 ideo
1027 3560 1146 3606 nec
1198 3540 1532 3604 consilium
1580 3541 1772 3605 habet
1822 3541 2084 3623 signum

548 3650 932 3732 oppositum.
962 3649 1103 3713 Alio
1125 3649 1313 3712 modo
1339 3652 1599 3728 possunt
1620 3648 1931 3730 distingui
1954 3650 2081 3714 sic:

546 3756 855 3822 Voluntas
882 3756 1120 3832 divina,
1149 3755 1311 3818 sicut
1328 3755 1494 3818 infra
1520 3756 1777 3836 patebit,
1809 3760 1921 3820 aut
1945 3757 2088 3821 vult

548 3862 948 3945 simpliciter,
1010 3867 1122 3925 aut
1165 3862 1308 3925 vult
1353 3862 1854 3927 conditionaliter
1876 3912 1893 3941 ,
1950 3864 2086 3928 sive

547 3975 865 4052 quantum
894 3971 960 4032 in
992 3988 1094 4033 se:
1129 3973 1194 4033 et
1220 3975 1494 4052 utroque
1542 3970 1730 4034 modo
1770 3972 2088 4053 contingit

550 4096 692 4142 eam
723 4078 989 4158 signari.
1023 4075 1330 4142 Voluntas
1373 4095 1531 4159 ergo
1564 4076 1852 4141 absoluta
1884 4082 2089 4159 potest

552 4185 630 4250 ad
659 4186 898 4268 aliquid
927 4185 1305 4266 comparari,
1333 4190 1445 4249 aut
1476 4203 1589 4267 per
1615 4185 1879 4249 modum
1911 4204 2089 4249 com-

558 4291 908 4375 placentiae,
940 4296 1053 4355 aut
1091 4311 1205 4374 per
1248 4292 1512 4357 modum
1550 4290 1984 4374 displicentiae'.
2022 4292 2089 4356 Si

554 4417 669 4481 per
696 4398 959 4462 modum
994 4398 1406 4480 displicentiae
1428 4446 1446 4477 ,
1492 4397 1648 4461 illud
1679 4398 1857 4462 nullo
1898 4399 2089 4462 modo

557 4505 628 4567 fit
653 4523 670 4567 z
698 4509 762 4568 et
782 4504 870 4567 ita
892 4504 1059 4568 hanc
1077 4522 1206 4568 non
1235 4505 1547 4586 contingit
1571 4504 1941 4586 significari,
1972 4524 2091 4569 neo

555 4609 700 4673 sciri
732 4610 945 4692 aliquo
985 4612 1171 4692 signo
1203 4611 1521 4675 exteriori.
1561 4609 1628 4676 Si
1677 4630 1790 4694 per
1824 4611 2091 4676 modum

556 4718 1050 4801 complacentiae,
1075 4724 1188 4783 aut
1205 4720 1359 4803 quia
1378 4720 1579 4802 placet
1604 4720 1761 4784 illud
1792 4719 1963 4802 quod
1992 4721 2087 4800 nt,

555 4829 618 4889 et
644 4825 734 4889 sic
761 4826 1075 4909 impletio:
1101 4831 1216 4891 aut
1238 4827 1391 4909 quia
1417 4827 1620 4909 placet
1647 4826 1823 4891 aliud
1849 4846 1931 4891 ex
1956 4827 2088 4908 illo,

555 4937 620 4995 et
644 4933 733 4997 sic
757 4933 1086 5016 permissio
1120 4957 1134 4997 :
1168 4938 1231 4997 et
1258 4934 1347 4997 sic
1380 4934 1693 4998 habemus
1718 4933 1848 4997 duo
1880 4934 2088 5015 signa.

556 5037 765 5103 Potest
798 5040 1029 5104 iterum
1061 5041 1408 5122 significari
1435 5040 1656 5104 divina
1699 5040 1994 5103 voluntas
2021 5048 2096 5104 ut

558 5148 955 5228 antecedenS,
985 5150 1119 5212 sive
1149 5148 1610 5226 conditionaHS,
1645 5150 1708 5209 et
1735 5146 1857 5209 hoc
1883 5147 2094 5230 dupli·

559 5254 762 5318 citer:
811 5259 924 5320 aut
971 5274 1085 5338 per
1129 5257 1394 5320 modum
1446 5254 1956 5335 complacentiae,
2005 5255 2097 5319 ita

559 5361 731 5443 quod
760 5362 1121 5444 oppositum
1149 5363 1463 5447 displicet,
1493 5369 1556 5425 et
1593 5360 1684 5425 sic
1726 5361 2091 5443 praeoeptio3

1679 403 2300 471 SENTENTIARUM
2338 403 2488 472 LIB.
2533 406 2584 471 1.

2184 545 2296 605 aut
2327 559 2440 624 per
2477 542 2742 605 modum
2788 541 3218 623 displicenti&
3262 550 3325 610 et
3363 547 3452 612 sic
3493 549 3720 630 prohi-

2184 648 2373 727 bitio;
2429 653 2542 713 aut
2581 669 2695 733 per
2749 650 3016 713 modum
3072 652 3576 736 complacentiae,
3632 657 3721 720 ita

2182 758 2398 820 tamen
2424 758 2593 839 quod
2635 759 2995 841 oppositum
3036 778 3166 822 non
3212 761 3512 844 displicet,
3542 768 3604 828 et
3629 765 3722 828 sic

2185 864 2541 929 consilium.
2563 864 2682 929 Per
2701 865 2966 929 modum
2988 885 3143 930 vero
3169 868 3603 951 displicentiae,
3632 871 3722 935 ita

2186 972 2354 1052 quod
2373 973 2732 1056 oppositum
2752 992 2882 1037 non
2909 974 3133 1056 placet,
3155 992 3290 1038 non
3309 980 3404 1039 est
3429 978 3721 1059 possibile

2186 1079 2486 1160 reperiri:
2510 1084 2574 1143 et
2591 1080 2941 1142 secundum
2965 1081 3087 1144 hoc
3108 1083 3281 1162 patet
3304 1100 3636 1163 numeruS,
3660 1087 3725 1148 et

2187 1185 2589 1262 sufficientia,
2618 1189 2682 1249 et
2708 1185 2942 1249 solutio
2970 1187 3386 1268 objectorum.

2268 1299 2325 1356 1.
2385 1292 2564 1371 Quod
2617 1294 2790 1356 enim
2852 1294 3148 1374 objicitur
3201 1294 3371 1376 qnod
3428 1294 3726 1361 voluntas

2188 1399 2562 1482 beneplaciti
2613 1417 2746 1463 non
2801 1403 2896 1462 est
2945 1399 3284 1482 multiplex
3305 1448 3323 1477 ,
3384 1401 3724 1467 dicendum

2187 1506 2358 1590 quod
2395 1507 2518 1569 hoc
2545 1524 2772 1569 verum
2815 1509 2908 1570 est
2950 1510 3263 1587 quantum
3303 1508 3383 1572 ad
3426 1509 3726 1574 substan-

2186 1615 2340 1677 tiam
2366 1636 2381 1692 ;
2419 1617 2634 1677 tamen
2661 1617 2978 1696 quantum
3004 1613 3084 1677 ad
3110 1619 3466 1693 connotata,
3500 1617 3727 1679 multi-

2187 1722 2335 1803 plex
2364 1725 2475 1802 est,
2505 1727 2580 1786 ut
2609 1723 2822 1787 visum
2848 1724 2982 1785 est:
3014 1720 3310 1785 voluntas
3339 1722 3512 1786 enim
3540 1724 3727 1787 abso-

2186 1828 2324 1892 luta
2367 1832 2662 1893 connotat
2707 1828 3068 1891 naturalem
3122 1828 3585 1892 ordinationem
3630 1831 3726 1893 rei

2188 1934 2262 1998 ad
2293 1940 2620 2013 eventum,
2656 1934 2820 1999 sicut
2848 1935 3143 1998 omnium
3162 1934 3240 1997 ad
3271 1934 3561 1998 salutem.

2266 2047 2328 2107 2.
2371 2042 2469 2106 Ad
2496 2042 2653 2106 illud
2679 2041 2850 2124 quod
2882 2043 3215 2123 quaeritur,
3251 2045 3476 2105 utrum
3501 2042 3724 2106 distin-

2187 2155 2472 2232 guantur
2497 2151 2741 2214 ratione
2777 2149 2947 2212 modi
2975 2149 3414 2230 significandi,
3443 2154 3590 2226 etc„
3624 2150 3730 2212 di-

2187 2258 2460 2321 cendum
2492 2257 2659 2339 quod
2688 2257 2933 2320 ratione
2951 2257 3127 2320 modi
3156 2255 3554 2336 significandi
3581 2277 3595 2318 ε
3630 2262 3730 2319 est

2184 2367 2357 2429 enim
2377 2365 2601 2447 aliquis
2618 2364 2850 2427 modus
2874 2363 3276 2445 significandi
3297 2362 3721 2441 voluntatem,

2186 2478 2261 2537 ut
2295 2473 2731 2551 detestantem3
2762 2472 2931 2554 quod
2962 2471 3109 2534 facit
3140 2470 3518 2553 prohibitio:
3561 2471 3732 2535 alius

2187 2580 2414 2644 modus
2426 2585 2500 2644 ut
2513 2580 2991 2663 approbantem3
3016 2580 3182 2661 quod
3205 2579 3355 2642 facit
3371 2579 3724 2660 praeceptio.

2270 2692 2328 2751 3.
2375 2688 2472 2751 Ad
2500 2687 2658 2751 illud
2695 2687 2864 2769 quod
2892 2669 3002 2768 ‘obj
3013 2685 3198 2748 icitur
3229 2685 3400 2767 quod
3434 2685 3734 2748 voluntas

2188 2813 2318 2858 non
2357 2798 2452 2858 est
2487 2797 2779 2876 respectu
2818 2792 2992 2870 mali,
3041 2791 3388 2856 dicendum
3417 2791 3584 2873 quod
3618 2809 3734 2872 per

2188 2901 2454 2965 modum
2483 2900 2889 2984 approbantis
2924 2918 3057 2963 non
3102 2901 3196 2962 est
3234 2903 3522 2980 respectu
3547 2898 3724 2976 mali,

2190 3009 2298 3073 sed
2321 3027 2400 3072 ex
2431 3010 2598 3071 malo
2623 3008 2848 3085 eliciti3
2881 3025 2996 3090 per
3028 3007 3292 3070 modum
3332 3024 3487 3071 vero
3522 3009 3733 3070 detes-

2188 3117 2399 3193 tantiS,
2430 3121 2523 3179 est
2547 3118 2837 3197 respectu
2867 3114 3017 3177 mali
3045 3115 3113 3176 in
3143 3132 3231 3177 se.

2271 3227 2332 3285 4.
2376 3222 2475 3286 Ad
2503 3221 2659 3285 illud
2698 3221 2868 3303 quod
2908 3220 3205 3302 oincitur
3251 3221 3422 3303 quod
3466 3220 3733 3285 cuilibet

2191 3330 2358 3393 bono
2385 3327 2718 3410 respondet
2761 3326 3003 3390 malum
3046 3344 3131 3390 ex
3172 3327 3481 3408 opposito,
3517 3326 3734 3390 dicen-

2192 3437 2350 3499 dum
2377 3434 2545 3516 quod
2573 3451 2805 3496 verum
2828 3437 2954 3510 est3
2977 3432 3084 3496 sed
3111 3437 3326 3496 tamen
3353 3433 3521 3496 bono
3546 3452 3734 3515 supe-

2192 3541 2615 3623 rerogationis
2657 3543 2860 3624 potest
2905 3541 3139 3625 opponi
3183 3541 3450 3616 malum,
3494 3546 3559 3605 et
3603 3559 3736 3606 non

2196 3649 2475 3713 malum:
2508 3648 2575 3710 in
2617 3650 2933 3729 quantum
2969 3648 3579 3730 supererogationiS,
3612 3667 3731 3730 op-

2195 3756 2454 3839 ponitur
2485 3755 2702 3818 minus
2731 3755 3016 3835 bonum3
3064 3756 3134 3818 in
3173 3760 3485 3838 quantum
3519 3761 3736 3820 autem

2194 3864 2468 3941 bonum,
2517 3863 2862 3944 opponitur
2908 3864 3174 3938 malum,
3225 3863 3335 3927 sed
3384 3883 3513 3927 non
3560 3864 3738 3928 aliud

2196 3989 2389 4053 quam
2418 3969 2577 4034 illud
2604 3970 2773 4051 quod
2810 3971 3153 4052 opponitur
3179 3970 3348 4034 bono
3386 3971 3723 4053 praecepti:

2196 4081 2256 4140 et
2277 4078 2418 4141 ideo
2444 4076 2608 4140 cadit
2631 4078 2752 4139 sub
2783 4077 3232 4159 prohibitione.

2277 4187 2336 4249 5.
2368 4185 2464 4248 Ad
2503 4183 2662 4246 illud
2690 4183 2862 4267 quod
2892 4183 3186 4265 objicitur
3213 4182 3289 4245 de
3325 4182 3735 4264 cohibitione,

2197 4291 2533 4356 dicendum
2585 4290 2755 4373 quod
2812 4291 2920 4354 illa
2966 4289 3231 4372 impedit
3283 4289 3613 4369 effectum,
3675 4298 3740 4356 et

2197 4402 2455 4481 propter
2480 4398 2602 4460 hoc
2629 4396 2838 4479 privat
2863 4397 3177 4460 rationem
3210 4395 3635 4477 significandi,
3664 4402 3741 4462 ut

2197 4507 2421 4569 visum
2449 4508 2564 4570 est.

2279 4617 2339 4676 6.
2378 4612 2479 4676 Ad
2521 4612 2678 4676 illud
2714 4611 2887 4694 quod
2917 4611 3226 4694 *objicitur
3260 4611 3436 4693 quod
3478 4612 3743 4677 consilio

2200 4719 2541 4803 opponitur
2585 4718 2891 4783 dissuasio
2910 4767 2927 4797 ,
2978 4717 3320 4781 dicendum
3366 4719 3537 4800 quod
3579 4719 3745 4785 sicut

2201 4825 2418 4909 opinio
2441 4828 2537 4888 est
2558 4844 2691 4889 una
2711 4824 3199 4900 contrariorum,
3226 4825 3379 4905 quia
3407 4829 3502 4888 est
3526 4843 3745 4907 accep-

2205 4932 2296 4994 tio
2326 4932 2519 4995 unius
2555 4932 2750 5014 partis
2776 4949 2926 4995 cum
2963 4929 3297 4994 formidine
3324 4930 3616 5009 alterius;
3651 4933 3747 4998 sic

2204 5038 2542 5102 eonsilium
2562 5086 2577 5113 ,
2609 5038 2763 5120 quia
2789 5056 2918 5101 non
2945 5035 3174 5117 accipit
3199 5036 3463 5099 alteram
3497 5044 3746 5118 partem

2204 5144 2648 5221 determinate,
2683 5145 2835 5225 quia
2871 5141 3345 5225 comprehendit
3381 5144 3746 5208 suasionem

2205 5257 2269 5315 et
2294 5252 2752 5317 dissuasionem
2784 5271 2801 5315 ε
2830 5269 2982 5314 nam
3012 5249 3125 5331 qui
3152 5249 3404 5329 suadet,
3439 5253 3713 5315 consulit
3721 5271 3743 5333 3

2206 5360 2408 5442 etqui
2434 5360 2780 5440 dissuadet,
2813 5358 3104 5423 similiter
3129 5357 3371 5439 aliquid
3398 5359 3692 5425 consulit.
