4125 6225
1399 467 1784 536 DlSTINCT.
1823 467 2151 535 XXXVIII.
3297 471 3377 534 63

255 609 709 683 &etmalorum
734 662 751 697 ‚
784 615 959 678 esset
986 608 1215 701 utique
1242 607 1419 676 Deus
1460 614 1689 674 auctor
1715 605 2070 673 malorum.
2107 589 2298 684 Quod
2338 603 2873 693 penitussfalsum
2899 613 3017 673 est.
3047 604 3195 674 Non
3223 626 3380 694 ergo
3407 633 3504 677 (ιω
3546 634 3617 665 ⁸0·

3425 696 3608 738 queren-

253 726 465 797 scientia
490 726 598 795 vel
624 726 1039 818 praescientia
1065 725 1185 794 Dei
1214 747 1409 793 causa
1435 730 1531 791 est
1560 722 1858 791 omnium
1889 742 2037 811 quae
2066 720 2129 787 ei
2154 719 2457 788 subsunt.
3408 749 3491 800 tur,
3502 747 3539 789 21
3558 747 3621 790 31.

314 844 510 934 Neque
539 843 732 911 etiam
765 864 868 910 res
894 842 1137 911 futurae
1163 864 1356 910 causa
1383 846 1541 907 sunt
1581 837 1701 906 Dei
1747 835 2171 929 praescientiae
2207 860 2222 904 τ
2252 835 2403 904 licet
2447 837 2625 904 enim
2665 860 2801 906 non
2846 845 3056 906 essent
3088 838 3331 908 futurae
3356 892 3373 926 ,
3424 815 3602 915 3323:

255 961 345 1030 nisi
368 958 812 1051 praescirentur
838 981 880 1026 a
906 958 1074 1043 Deo;
1113 979 1248 1026 non
1284 964 1505 1024 tamen
1533 954 1680 1023 ideo
1707 954 2166 1045 praesciuntur,
2216 952 2375 1043 quia
2414 952 2655 1022 futurae
2699 962 2879 1022 sunt.
2925 953 2999 1023 Si
3036 956 3212 1023 enim
3257 956 3380 1025 hoc
3407 932 3620 1040 {¹522}

254 1084 403 1161 esset,
429 1083 588 1144 tunc
613 1074 759 1165 ejus
786 1073 967 1165 quod
993 1083 1312 1142 aeternum
1345 1079 1475 1157 est,
1506 1070 1761 1162 aliquid
1788 1070 2091 1138 existeret
2116 1092 2312 1138 causa
2333 1122 2350 1157 ,
2382 1070 2466 1138 ab
2495 1093 2573 1139 eo
2600 1071 2918 1158 alienum,
2950 1072 3034 1140 ab
3060 1096 3135 1141 eo
3165 1072 3383 1141 diver·
3418 1069 3608 1164 022¹}ss

251 1216 388 1278 snm,
416 1200 587 1260 etex
611 1190 931 1260 creaturis
955 1189 1351 1281 dependeret
1375 1187 1644 1257 scientia
1669 1186 2025 1273 CreatoriS,
2069 1194 2134 1254 et
2158 1194 2449 1254 creatum
2489 1209 2679 1256 causa
2705 1196 2870 1257 esset
2896 1189 3190 1257 increati.
3237 1187 3381 1258 Ori-
3444 1193 3590 1225 ’ΨΜ

3430 1254 3526 1296 quae
3549 1244 3591 1286 ei

252 1330 405 1398 genes
433 1316 687 1394 tamen,
716 1329 912 1400 super
937 1307 1319 1399 Epistulam
1348 1304 1442 1373 ad
1480 1307 1836 1384 Romano&
1877 1302 1971 1370 ait
1993 1303 2012 1339 ¹
2044 1329 2061 1372 z
2104 1327 2138 1366 ((
2163 1301 2314 1371 Ν33
2360 1305 2703 1394 'propterea
2744 1304 2997 1396 aliquid
3037 1304 3183 1391 erit,
3223 1303 3383 1397 quia
3409 1305 3609 1350 ‘'mm‘-

246 1424 297 1492 id
316 1423 416 1491 scit
439 1423 613 1492 Deus
641 1423 950 1492 futurum
972 1449 989 1506 3
1019 1422 1131 1492 sed
1158 1422 1319 1514 quia
1343 1421 1647 1489 futurum
1677 1427 1797 1506 est,
1821 1418 1968 1487 ideo
1993 1418 2197 1486 scitur
2223 1441 2263 1486 3
2289 1419 2448 1505 Dec,
2480 1427 2834 1512 antequam
2865 1420 3002 1488 fiat.
3035 1421 3175 1490 Hoc
3201 1420 3383 1490 vide-
3409 1390 3624 1495 refflssfl.

249 1548 332 1609 tur
350 1540 685 1631 praemissis
710 1539 931 1608 verbis
957 1538 1316 1627 Augustini
1352 1537 1644 1605 obviare.
1696 1535 1819 1603 Hic
1854 1534 2032 1602 enim
2076 1534 2432 1624 significari
2471 1535 2730 1603 videtur
2774 1535 2951 1628 quod
2990 1559 3092 1605 res
3132 1538 3377 1607 futurae
3431 1526 3605 1619 '‘Zussssn

246 1677 403 1723 cansa
425 1663 576 1723 sunt
600 1655 1056 1748 praescientiae3
1084 1654 1177 1721 ibi
1202 1676 1384 1739 vero,
1410 1652 1586 1744 quod
1617 1651 2013 1743 praescientia
2039 1673 2237 1720 eausa
2263 1651 2346 1719 sit
2371 1674 2596 1720 rerum
2620 1651 3020 1722 futurarum.
3409 1655 3621 1759 ωξζξῗῦ.

311 1772 477 1842 Hanc
503 1773 735 1861 igitur,
768 1793 923 1863 quae
945 1770 1235 1856 videtur,
1265 1768 1771 1860 repugnantiam
1799 1767 1881 1836 (13
1921 1767 2138 1836 medio
2181 1768 2409 1836 tollere
2442 1768 2811 1860 cupienteS,
2843 1769 3120 1837 dicimus
3146 1791 3250 1839 res
3278 1769 3385 1839 fu·
3409 1769 3620 1875 {2¹55ss

241 1896 391 1957 taras
416 1889 796 1957 nullatenus
821 1906 1089 1956 causam
1118 1909 1253 1955 esse
1280 1885 1701 1977 praescientiae
1726 1884 1832 1954 vel
1861 1884 2148 1952 scientiae
2174 1883 2332 1971 Dei,
2363 1907 2482 1953 nec
2519 1884 2665 1954 ideo
2691 1886 2979 1977 praesciri
3003 1938 3021 1971 ,
3054 1887 3160 1954 vel
3186 1886 3337 1955 sciri
3361 1938 3378 1972 ,
3430 1892 3528 1937 Ποῖ·

240 2005 365 2097 (1313
388 2005 623 2074 futurae
648 2005 759 2073 vel
790 2005 973 2073 factae
1000 2011 1156 2072 sunt
1184 2026 1199 2069 t
1233 2003 1324 2070 ita
1349 2010 1747 2093 exponentes
1778 2001 1955 2093 qnod
1986 2002 2076 2069 ait
2117 1999 2457 2090 Origenes,
2478 2028 2514 2068 ((
2548 2003 2714 2084 Quia
2745 2003 3050 2079 futurum
3077 2009 3196 2088 est,
3237 2002 3383 2073 ideo
3423 1985 3622 2103 3ξὲζῖ

240 2121 405 2189 scitur
428 2143 465 2189 a
488 2121 645 2205 Deo,
676 2129 1035 2212 antequam
1062 2118 1203 2206 fiat,
1235 2143 1271 2182 1)
1302 2117 1368 2186 id
1396 2128 1524 2204 est,
1556 2117 1739 2209 quod
1763 2117 2070 2186 futurum
2101 2125 2220 2201 est,
2245 2118 2443 2187 scitur
2472 2141 2509 2187 3
2536 2119 2669 2187 Deo
2707 2126 3062 2211 antequam
3097 2120 3236 2207 fiat,
3270 2144 3383 2188 ne-
3411 2111 3624 2228 {¹252ss

241 2260 345 2328 que
366 2238 627 2306 sciretur
654 2237 783 2305 nisi
811 2236 1120 2304 futurum
1146 2243 1353 2320 esset,
1383 2242 1459 2303 ut
1489 2257 1623 2303 non
1654 2241 1919 2303 notetur
1944 2233 2039 2301 ibi
2080 2256 2277 2303 causa
2296 2287 2313 2320 ,
2354 2234 2484 2302 nisi
2521 2235 2663 2304 5133
2691 2259 2821 2327 qua
2865 2259 2999 2305 non
3027 2236 3238 2306 fieret.
3289 2237 3385 2307 lta
3410 2236 3623 2341 ἓξὲξ·

238 2351 403 2420 etiam
422 2353 697 2422 dicimus
723 2351 1063 2421 scientiam
1088 2404 1107 2438 ,
1137 2352 1245 2419 vel
1269 2350 1743 2443 praescientiam
1772 2349 1891 2417 Dei
1918 2373 2054 2418 non
2082 2373 2219 2418 esse
2250 2373 2512 2420 causam
2540 2374 2765 2422 eorum
2782 2405 2800 2439 ,
2831 2376 2983 2445 quae
3013 2353 3187 2423 fiunt
3206 2407 3224 2441 ,
3255 2355 3382 2423 nisi
3423 2361 3610 2468 ⁸3:222-

241 2469 406 2538 talem
424 2522 443 2555 ,
468 2469 605 2538 sine
634 2493 771 2560 qua
797 2491 934 2536 non
965 2467 1173 2554 fiunt,
1203 2466 1259 2535 si
1286 2475 1507 2535 tamen
1532 2466 1871 2535 scientiam
1912 2466 1994 2535 ad
2040 2468 2345 2536 notitiam
2379 2476 2637 2537 tantum
2682 2470 3065 2540 referamus.
3110 2471 3183 2541 Si
3222 2494 3380 2542 vero
3437 2492 3587 2533 tatum·

239 2586 469 2655 nomine
492 2586 779 2655 scientiae
808 2584 1179 2654 includitur
1224 2584 1421 2651 etiam
1464 2583 1948 2674 beneplacitum
1984 2591 2184 2674 atque
2217 2583 2587 2676 dispositio,
2620 2594 2774 2654 tunc
2809 2595 2978 2656 recte
3011 2596 3220 2679 potest
3252 2588 3383 2658 dici

239 2713 404 2762 causa
425 2716 683 2780 eorum,
725 2715 877 2785 quae
910 2692 1087 2761 Deus
1113 2691 1290 2760 facit.
1330 2690 1452 2759 His
1497 2691 1675 2761 enim
1711 2690 1974 2760 duobus
2018 2690 2229 2759 modis
2269 2690 2383 2783 (ut
2409 2692 2711 2784 superius
2738 2704 2761 2738 ¹
2787 2702 3218 2784 praetaxatum
3245 2698 3375 2788 est)

241 2809 519 2901 accipitur
547 2809 835 2899 cognitio
855 2862 876 2892 ,
908 2809 1016 2878 vel
1042 2808 1309 2876 scientia
1334 2807 1497 2895 Dei,
1528 2807 1770 2876 scilicet
1795 2830 1915 2898 pro
1942 2808 2181 2877 notitia
2212 2809 2352 2877 sola
2368 2861 2385 2896 ,
2418 2809 2524 2876 vel
2552 2832 2672 2901 pro
2698 2810 2934 2879 notitia
2960 2811 3158 2880 simul
3186 2820 3252 2880 et
3273 2813 3385 2881 be-

241 2926 547 3019 neplacito.
578 2926 723 2994 Hoc
750 2925 949 2994 modo
976 2926 1142 2994 forte
1183 2925 1415 3017 accipit
1440 2925 1854 3014 Augustinus
1879 2924 1924 3011 ⁸,
1964 2924 2187 2993 dicens
2221 2948 2236 2992 ε
2288 2951 2323 2990 ι(
2367 2924 2523 2995 Ideo
2571 2937 2729 2994 sunt
2752 2979 2770 3013 ,
2800 2927 2959 3019 quia
2987 2927 3203 3013 novit,
3235 2953 3270 2993 >2
3315 2928 3385 2997 id

244 3050 357 3129 est,
378 3043 526 3136 quia
549 3043 781 3112 scienti
808 3042 1090 3136 placuit,
1121 3050 1185 3110 et
1209 3042 1370 3134 quia
1396 3043 1604 3111 sciens
1631 3041 1972 3134 disposuit.
2018 3041 2140 3110 Hic
2175 3064 2403 3111 sensus
2431 3064 2514 3111 ex
2550 3065 2626 3111 eo
2668 3043 3043 3136 adjuvatur,
3096 3046 3256 3137 quia
3298 3044 3380 3116 de

246 3156 405 3228 bonis
431 3161 518 3229 ibi
542 3168 805 3230 tantum
833 3161 925 3229 ait
950 3160 1397 3249 Augustinus,
1430 3160 1677 3228 scilicet
1702 3159 1783 3228 de
1818 3159 2135 3227 creaturis
2160 3211 2178 3245 ,
2217 3168 2284 3227 et
2317 3159 2400 3228 de
2440 3159 2544 3228 his
2583 3182 2734 3252 quae
2774 3159 2950 3230 Deus
2993 3161 3189 3230 facit:
3234 3185 3385 3253 quae

248 3276 434 3344 omnia
457 3278 643 3346 novit
667 3298 806 3346 non
833 3277 1050 3345 solum
1078 3275 1381 3362 scientia,
1410 3275 1524 3344 sed
1552 3275 1750 3343 etiam
1776 3274 2181 3367 heneplacito
2210 3298 2285 3343 ac
2310 3275 2753 3367 dispositione.
2785 3276 2894 3345 Sic
2920 3298 3076 3366 ergo
3100 3277 3195 3346 ibi
3222 3279 3385 3346 acci-

250 3388 396 3479 pitur
414 3391 525 3460 Dei
551 3392 843 3481 cognitio
863 3445 882 3479 ‚
912 3400 987 3460 ut
1014 3414 1149 3460 non
1178 3391 1373 3460 modo
1400 3391 1698 3460 notitiam
1718 3444 1735 3478 ,
1775 3392 1885 3461 sed
1915 3392 2113 3460 etiam
2145 3392 2628 3484 beneplacitum
2667 3392 2788 3461 Dei
2815 3393 3163 3483 significet.
3213 3394 3388 3466 Mala

256 3527 383 3575 vero
405 3508 514 3576 scit
534 3508 750 3596 Deus,
784 3516 849 3577 et
881 3508 1137 3599 praescit
1181 3516 1536 3599 antequam
1577 3507 1775 3595 fiant;
1822 3509 1933 3577 sed
1971 3509 2111 3577 sola
2149 3508 2383 3576 notitia
2405 3561 2423 3595 ,
2464 3532 2598 3577 non
2633 3509 3037 3602 beneplacito
3072 3534 3087 3577 ε
3133 3513 3388 3602 praescit

255 3622 395 3691 enim
420 3624 585 3693 Deus
618 3637 681 3694 et
711 3624 1004 3717 praedicit
1029 3626 1227 3692 etiam
1253 3646 1404 3716 quae
1444 3647 1579 3692 non
1607 3631 1703 3692 est
1728 3625 1864 3715 ipse
1891 3623 2217 3711 facturus3
2258 3624 2428 3693 sicut
2466 3625 2789 3717 praescivit
2815 3634 2880 3694 et
2903 3626 3209 3718 praedixit
3234 3627 3388 3695 infi-

255 3734 538 3808 delitatem
565 3740 986 3829 Judaeorum,
1018 3740 1129 3809 sed
1156 3762 1293 3807 non
1320 3739 1472 3808 fecit
1504 3765 1519 3807 :
1550 3763 1669 3809 nec
1695 3740 1843 3810 ideo
1872 3741 2031 3833 quia
2074 3741 2424 3833 praescivit,
2476 3741 2557 3809 ad
2603 3750 2937 3834 peccatum
2982 3743 3388 3813 infidelitatis

259 3872 341 3921 eos
361 3858 580 3945 coegit3
611 3879 735 3925 nec
762 3857 1121 3947 praescisset
1146 3857 1253 3925 vel
1278 3857 1679 3947 praedixisset
1704 3879 1934 3925 eorum
1964 3857 2164 3944 mala,
2196 3857 2323 3925 nisi
2350 3865 2562 3926 essent
2587 3880 2663 3925 ea
2689 3857 3004 3928 habituri.
3037 3858 3227 3928 Unde
3245 3860 3387 3930 Au-

260 3971 511 4058 gustinus
532 3995 726 4064 super
742 3974 1074 4040 Ioannem
1095 3976 1157 4040 ⁴:
1198 3997 1234 4037 ((
1257 3972 1463 4059 Deus,
1497 3972 1745 4064 inquit,
1775 3972 2157 4041 futurorum
2186 3973 2491 4064 praescius
2522 3996 2638 4065 per
2660 3973 3057 4065 Prophetam
3085 3974 3388 4067 praedixit

263 4084 660 4157 infidelitatem
686 4088 1070 4157 Judaeorum
1094 4113 1113 4174 3
1145 4087 1258 4156 sed
1288 4110 1420 4156 non
1449 4087 1635 4175 fecit,
1666 4110 1881 4179 neque
1908 4087 2263 4180 praescisset
2288 4089 2463 4157 mala
2488 4112 2718 4158 eorum
2737 4142 2756 4177 ,
2787 4091 2915 4158 nisi
2939 4114 3015 4159 ea
3040 4092 3378 4162 haberent.

263 4198 372 4271 Non
400 4204 564 4273 enim
591 4204 741 4273 ideo
775 4226 1178 4296 quemquam
1207 4203 1288 4272 ad
1316 4203 1715 4295 peccandum
1742 4204 1958 4293 cogit,
1992 4203 2154 4295 quia
2189 4205 2416 4273 futura
2451 4204 2798 4275 hominum
2827 4217 3084 4298 peccata
3102 4208 3241 4300 jam
3267 4232 3387 4279 no-

265 4318 369 4386 vit:
396 4320 651 4390 illorum
680 4321 857 4390 enim
889 4320 1215 4412 praescivit
1244 4329 1502 4411 peccata
1524 4374 1542 4407 ,
1571 4343 1705 4389 non
1735 4343 1877 4389 sua.
1909 4319 2195 4412 Ideoque
2213 4320 2269 4389 si
2296 4342 2372 4388 ea
2399 4343 2545 4413 quae
2571 4322 2685 4390 ille
2708 4324 3058 4413 praescivit,
3089 4325 3384 4415 ipsorum

264 4454 362 4503 non
384 4446 555 4525 sunt;
582 4462 715 4507 non
744 4460 899 4506 vere
925 4438 1041 4505 ille
1072 4437 1415 4529 praescivit.
1450 4436 1580 4506 Sed
1608 4437 1767 4528 quia
1796 4436 1981 4505 illius
2009 4435 2414 4527 praescientia
2447 4435 2589 4504 falli
2632 4460 2767 4507 non
2805 4448 3012 4530 potest
3027 4468 3047 4530 ;
3081 4440 3221 4510 sine
3247 4440 3383 4510 du-

266 4546 345 4620 bio
364 4576 483 4622 non
507 4554 657 4640 alii,
692 4554 805 4623 sed
830 4553 957 4646 ipsi
985 4561 1282 4645 peccant,
1313 4577 1479 4646 quos
1504 4553 1682 4623 Deus
1720 4562 2084 4645 peccatores
2112 4576 2248 4623 esse
2275 4554 2622 4645 praescivit.
2655 4555 2738 4623 Et
2776 4556 2923 4626 ideo
2960 4558 3015 4626 si
3064 4580 3200 4628 non
3246 4582 3386 4628 ma-

265 4662 405 4755 lum,
431 4670 534 4738 sed
560 4671 808 4740 bonum
835 4670 1046 4739 facere
1078 4669 1476 4756 voluissent,
1509 4692 1645 4738 non
1676 4655 1928 4738 malum
1973 4669 2211 4738 facturi
2238 4669 2758 4762 praeviderentur
2799 4673 2881 4741 ab
2920 4696 2996 4743 eo
3033 4675 3156 4767 qui
3199 4676 3386 4745 novit

268 4783 392 4872 quid
410 4787 486 4856 sit
508 4788 780 4880 quisque
804 4787 1122 4856 facturus.
1158 4810 1195 4851 ¹>
1214 4785 1335 4853 His
1362 4784 1582 4854 verbis
1608 4794 1827 4877 aperte
1854 4785 2244 4874 ostenditur,
2286 4785 2342 4854 si
2368 4786 2717 4876 diligenter
2743 4789 3183 4876 attendamuS,
3218 4813 3385 4883 prae·

274 4898 551 4971 scientiam
577 4903 693 4972 Dei
717 4926 851 4972 non
880 4926 1015 4972 esse
1044 4924 1308 4971 causam
1338 4903 1663 4971 malorum
1695 4924 1845 4994 quae
1874 4900 2155 4994 praescit,
2186 4902 2345 4994 quia
2371 4925 2507 4971 non
2529 4925 2607 4972 ea
2636 4905 2890 4994 praescit
2915 4914 3228 4999 tanquam
3258 4906 3383 4976 fac-

270 5018 455 5103 turus,
478 5041 590 5089 nec
612 5027 924 5112 tanquam
951 5042 1072 5088 sua
1093 5071 1113 5106 ,
1152 5018 1264 5087 sed
1294 5017 1568 5087 illorum
1605 5017 1726 5110 qui
1772 5026 1929 5088 sunt
1962 5041 2039 5086 ea
2081 5017 2321 5087 facturi
2358 5019 2458 5090 vel
2495 5019 2808 5090 habituri.
2852 5020 3189 5090 Praescivit
3226 5045 3384 5113 ergo

270 5125 367 5197 illa
383 5133 505 5201 sola
526 5135 751 5204 notitia
771 5188 790 5222 ,
819 5135 931 5205 sed
958 5158 1096 5205 non
1122 5135 1526 5225 beneplacito
1555 5135 1978 5205 auctoritatis.
2008 5134 2200 5204 Unde
2226 5136 2421 5206 datur
2446 5138 2729 5227 intelligi
2756 5138 2934 5230 quod
2963 5138 3140 5209 Deus
3165 5163 3201 5209 e
3228 5162 3384 5210 con-

338 5381 565 5449 ¹0rigen.,
592 5384 801 5450 Explan.
822 5386 891 5437 ad
913 5387 1070 5447 Rom„
1100 5398 1145 5435 e.
1169 5394 1287 5444 vm,
1312 5385 1404 5437 lib.
1435 5387 1548 5440 vn.
1575 5412 1638 5426 —
1662 5388 1687 5425 ⁸
1716 5387 1844 5439 Dist.
1874 5398 2059 5451 xxxvi,
2087 5400 2226 5453 resp.
2251 5387 2317 5438 ad
2331 5388 2457 5439 dub.
2485 5390 2535 5440 3.
2566 5414 2629 5428 --
2653 5389 2676 5426 ⁸
2702 5390 2856 5454 Aug„
2881 5390 2944 5442 de
2971 5391 3130 5457 mm,
3154 5391 3242 5446 lib.
3267 5394 3378 5460 xv,

280 5459 436 5517 e-xm,
456 5455 797 5507 maz—bna
818 5460 1063 5509 nunaunt
1086 5455 1384 5508 vei-baille:
1416 5458 1639 5523 «Neque
1660 5457 1951 5523 praescisset
1970 5458 2108 5511 mala
2127 5472 2330 5525 eorum,
2353 5459 2456 5511 nisi
2483 5473 2546 5512 ea
2568 5459 2882 5513 haberent.»
