4125 6225
1004 413 1202 498 DIST,
1246 411 1542 479 XXXVII.
1587 410 1821 477 PART.
1870 412 1921 476 1.
1965 410 2147 477 ART.
2188 410 2237 475 I.
2284 410 2581 490 QUAEST.
2623 413 2672 477 Ι.
3357 413 3433 473 39

293 555 460 637 gister
483 551 550 614 in
567 549 800 626 littera,
823 549 1039 612 sordes
1066 548 1423 632 corporales
1449 566 1581 611 non
1613 549 1788 611 coin-

291 662 520 744 quinant
544 677 775 738 corpus
799 656 1151 740 spirituale,
1172 655 1328 737 quia
1351 632 1475 718 'nec
1502 673 1790 718 commu-

291 770 431 832 nicat
470 767 534 828 in
576 765 874 843 materia,
918 782 1037 828 nec
1092 763 1438 844 dependet,
1490 766 1567 825 ut
1620 766 1792 844 patet

292 874 540 948 inradia,
570 873 685 954 qui
711 889 844 935 non
870 872 1154 934 inficitur
1180 870 1465 946 faecibuS,
1494 869 1644 951 quia
1675 887 1792 932 nec

292 962 583 1064 dependet,
619 998 739 1043 nec
769 980 1202 1042 communicat
1229 979 1295 1040 in
1322 976 1793 1039 transmutabili

294 1088 566 1152 materia:
598 1092 661 1150 et
687 1088 1000 1168 quoniam
1035 1084 1200 1149 Deus
1234 1090 1539 1148 neutrum
1567 1084 1789 1163 habet,

290 1197 406 1260 ideo
439 1213 567 1258 non
612 1194 785 1258 valet
831 1193 1013 1257 illud.
1054 1192 1233 1270 Quod
1281 1191 1577 1273 objicitur
1625 1193 1795 1273 quod

289 1303 429 1367 Deus
446 1308 557 1376 ‚est
599 1303 672 1365 in
722 1301 1159 1385 peccatoribus
1180 1348 1198 1380 ,
1234 1299 1578 1364 dicendum
1625 1300 1796 1380 quod

289 1411 513 1474 nullum
567 1409 1028 1474 inconveniens
1074 1412 1234 1472 osset
1284 1408 1529 1470 dicere:
1579 1411 1797 1471 tamen

289 1519 421 1599 quia·
443 1518 562 1581 hoc
590 1518 927 1581 videbatur
957 1535 1185 1580 sonare
1215 1517 1284 1578 in
1323 1516 1794 1594 contumeliam,

288 1627 409 1689 ideo
422 1625 707 1708 ponenda
732 1630 826 1688 est
854 1624 1317 1703 determinatio,
1346 1624 1590 1686 ratione
1617 1625 1801 1704 cujus

290 1733 573 1796 sermonis
614 1732 974 1796 intellectus
1011 1750 1208 1795 sanus
1244 1736 1588 1813 appareat3
1641 1736 1715 1793 ut
1746 1730 1801 1792 si

289 1839 508 1903 dicatur
541 1862 555 1902 :
605 1840 822 1904 «Deus
857 1844 954 1902 est
981 1840 1050 1902 in
1079 1838 1349 1916 diabolo,
1386 1837 1488 1901 vel
1531 1838 1597 1899 in
1624 1836 1802 1899 adul-

290 1950 424 2022 tero,
454 1951 771 2029 quantum
790 1946 873 2011 ad
890 1944 1442 2010 conservationem
1471 1947 1740 2008 naturae.
1761 1965 1792 2002 n

730 2179 1218 2249 ARTICULUS
1264 2179 1316 2248 Ι.

356 2380 444 2444 Ad
488 2380 980 2461 intelligentiam
1013 2378 1212 2460 hujus
1261 2379 1458 2460 partis
1496 2377 1808 2460 quaeritur

288 2486 354 2551 de
386 2487 717 2551 existentia
754 2486 862 2550 Dei
910 2486 1191 2568 ubique;
1237 2490 1299 2549 et
1329 2485 1498 2548 circa
1536 2484 1659 2548 hoc
1686 2485 1811 2548 tria

289 2594 697 2676 principaliter
740 2599 1128 2675 quaeruntur
1165 2615 1179 2654 :
1236 2593 1444 2675 primo
1494 2592 1808 2675 quaeritur

290 2706 491 2765 utrum
520 2720 653 2765 esse
674 2701 915 2782 ubique
945 2701 1280 2765 conveniat
1311 2699 1475 2777 Deo;
1507 2698 1806 2777 secundo,

288 2815 487 2872 utrum
541 2828 671 2872 esse
714 2808 955 2890 ubique
997 2808 1078 2870 sit
1121 2807 1451 2889 proprium
1492 2805 1602 2868 Dei
1630 2827 1647 2882 ;
1680 2809 1811 2867 ter-

290 2916 393 2994 tio,
420 2915 696 2997 qualiter
744 2915 1085 2978 conveniat
1116 2914 1241 2977 Deo
1275 2932 1410 2976 esse
1442 2913 1703 2995 ubique.
1737 2912 1815 2976 Et

291 3031 589 3109 quantum
617 3025 694 3090 ad
725 3027 1011 3108 primum
1031 3074 1049 3101 ,
1082 3026 1235 3108 quia
1263 3042 1392 3091 esse
1424 3025 1655 3107 ubique
1698 3042 1813 3108 po-

292 3137 398 3196 test
419 3134 796 3198 distribuere
844 3152 962 3216 pro
1007 3133 1305 3197 omnibus
1340 3135 1530 3197 rebus
1553 3182 1570 3211 ,
1605 3137 1667 3197 et
1697 3150 1815 3215 pro

295 3241 577 3304 omnibus
634 3240 832 3320 lociS,
881 3240 1012 3304 duo
1062 3245 1444 3322 quaeruntur
1491 3263 1505 3304 :
1565 3242 1813 3323 prim0,

296 3352 500 3410 utrum
528 3347 693 3411 Deus
711 3349 795 3411 sit
823 3350 893 3410 in
922 3348 1223 3411 omnibus
1248 3348 1477 3427 rebus:
1508 3349 1811 3428 secunde,

298 3458 499 3518 utrum
528 3456 607 3519 sit
635 3455 707 3518 in
735 3455 1043 3520 omnihus
1071 3455 1246 3518 locis.

808 3693 1165 3773 QUAESTIO
1207 3694 1257 3758 Ι.

563 3848 653 3904 An
680 3849 822 3904 Deus
850 3848 925 3901 sit
952 3848 1013 3900 in
1041 3845 1285 3902 omnibus
1313 3845 1465 3902 rebus
1496 3844 1535 3902 ¹.

36 4030 37 4033 ¹
140 4028 281 4072 ruam
373 4002 542 4079 Quod
559 4004 639 4067 sit
664 4004 735 4066 in
768 4000 1072 4066 omnibus
1090 4002 1302 4080 rebus,
1333 4000 1689 4065 ostenditur
1708 4001 1817 4065 sic.

304 4109 724 4194 Philosophus,
741 4111 810 4173 in
821 4111 1030 4192 prima
1047 4108 1501 4191 philosophia²:
1528 4132 1557 4169 (ι
1569 4107 1618 4186 Q
1630 4113 1820 4173 nanto

303 4219 523 4301 aliquid
558 4219 942 4301 simplicius,
979 4221 1154 4280 tanto
1182 4237 1222 4281 a
1250 4218 1540 4300 pluribus
1567 4217 1822 4298 indige-

304 4331 438 4401 tur,
466 4334 529 4390 et
556 4327 621 4389 in
651 4326 948 4408 pluribus
979 4325 1351 4388 invenitur:
1386 4324 1497 4387 sed
1534 4323 1698 4387 Deus
1730 4328 1826 4387 est

304 4434 791 4516 simplicissimus
838 4432 910 4494 in
964 4434 1095 4494 fine
1139 4431 1552 4513 simplicitatis
1599 4452 1615 4494 :
1667 4450 1824 4512 ergo

306 4540 614 4605 invenitur
656 4541 722 4603 in
768 4537 1121 4602 omnibus:
1170 4538 1281 4602 sed
1333 4556 1463 4601 non
1509 4538 1825 4620 reperitur

306 4648 418 4710 nisi
444 4648 551 4712 ubi
576 4655 666 4711 oet
699 4666 717 4711 :
746 4663 908 4727 ergo
935 4645 1123 4708 estin
1151 4645 1471 4709 omnibus.

382 4754 565 4834 Item,
596 4759 841 4837 quanto
875 4771 1065 4816 causa
1104 4753 1278 4834 prior
1300 4801 1318 4832 ,
1352 4756 1529 4816 tanto
1561 4752 1824 4815 univer·
1866 4808 1875 4817 ,

312 4863 533 4928 salior:
581 4881 741 4944 ergo
790 4879 980 4924 causa
1019 4861 1228 4943 prima
1272 4865 1366 4923 est
1412 4860 1828 4923 universalis-

313 4970 466 5033 sima
514 4994 529 5034 :
581 4969 691 5033 sed
756 4971 995 5049 quanto
1053 4966 1291 5048 aliquid
1359 4966 1825 5046 universalius»,

315 5081 475 5141 tanto
491 5077 701 5140 influit
717 5075 789 5137 in
812 5074 1026 5156 plura;
1059 5092 1217 5155 ergo
1245 5092 1393 5138 cum
1414 5075 1624 5157 prima
1641 5091 1833 5137 causa
1892 5056 1901 5065 ’

374 5223 391 5257 ¹
409 5223 487 5285 Cf.
513 5223 649 5273 Alex.
680 5218 898 5283 Mensis,
920 5234 972 5283 p.
992 5220 1046 5281 1,
1074 5233 1126 5284 q.
1147 5231 1223 5276 lx,
1246 5221 1438 5270 memb.
1459 5222 1487 5271 3
1501 5238 1519 5285 ;
1550 5223 1604 5273 S.
1627 5221 1831 5284 Thom.‚

316 5306 367 5355 p.
386 5295 428 5355 l,
449 5308 499 5358 q.
519 5305 631 5357 viu,
654 5296 757 5342 art.
782 5295 839 5353 ¹3
869 5294 919 5341 et
943 5292 957 5338 l
983 5292 1140 5355 Seni„
1159 5291 1276 5342 dist.
1295 5305 1476 5344 xxxvu
1492 5332 1509 5358 ,
1531 5307 1585 5357 q.
1604 5304 1641 5354 1,
1663 5297 1759 5343 art.
1780 5304 1826 5354 13

318 5364 474 5427 AEgid.
500 5367 671 5427 Rom„
712 5364 734 5412 ι
779 5361 930 5421 Sena,
958 5361 1076 5413 dist.
1099 5374 1313 5429 xxxvn,
1349 5377 1481 5429 q.1;
1525 5364 1831 5428 Richardus,

320 5449 337 5499 1
364 5436 516 5502 Sena,
534 5438 654 5488 dist..
674 5444 880 5499 mvn,
898 5447 950 5498 q.
968 5446 1012 5497 13
1043 5435 1217 5500 Steph.
1241 5436 1450 5502 Brulet„
1482 5438 1501 5487 l
1528 5437 1690 5501 Sem„
1713 5435 1835 5489 dist.

1899 548 1982 611 sit
2023 547 2599 624 universalissima,
2649 545 2864 610 influit
2905 544 2975 609 in
3021 543 3280 610 omnia:
3329 544 3440 608 sed

1901 673 2092 719 omne
2132 655 2302 738 quod
2333 655 2546 720 influit
2592 655 2661 717 in
2704 653 2940 736 aliquid
2963 702 2981 733 ‚
3016 656 3111 716 est
3148 653 3239 716 illi
3267 669 3440 734 prae-

1860 811 1863 816 ·
1901 782 2046 827 sens
2092 763 2446 827 secundum
2494 763 2841 840 virtutem3
2891 778 3211 842 nusquam
3266 759 3437 824 enim

1902 876 1963 936 et
2007 889 2343 954 nunquam
2373 874 2672 952 operatur
2703 886 2904 949 agens
2926 916 2943 945 ,
2973 868 3095 931 nisi
3135 886 3251 949 per
3280 885 3442 950 prae-

1903 981 2173 1044 sentiam
2217 980 2473 1044 virtutis
2510 1003 2524 1043 :
2574 980 2684 1042 sed
2738 978 2902 1041 Deus
2945 980 3203 1060 propter
3255 995 3439 1040 suam

1904 1088 2370 1170 simplicitatem
2425 1091 2519 1151 est
2564 1086 2737 1151 idem
2784 1086 2955 1168 quod
3005 1103 3122 1147 sua
3179 1084 3389 1147 virtus
3423 1104 3440 1148 :

1906 1215 2055 1260 cum
2084 1215 2241 1278 ergo
2266 1198 2471 1260 virtus
2503 1195 2611 1259 Dei
2640 1195 2815 1258 sitin
2847 1193 3147 1258 omnibus
3164 1240 3181 1268 ‚
3208 1195 3272 1256 et
3295 1192 3444 1256 sub-

1907 1306 2134 1368 stantia
2164 1310 2258 1370 est
2281 1306 2350 1369 in
2380 1306 2699 1368 omnihus.

1988 1411 2146 1476 Item
2196 1411 2319 1476 hoc
2358 1412 2614 1475 videtur
2654 1429 2770 1494 per
2812 1407 3198 1492 impossibile
3229 1429 3246 1471 :
3293 1407 3443 1488 quia

1908 1539 2110 1584 omne.
2129 1520 2298 1603 quod
2323 1524 2417 1583 est
2446 1519 2513 1581 in
2541 1537 2671 1584 una
2697 1537 2768 1583 re
2794 1519 3065 1581 limitata
3085 1565 3105 1595 ,
3146 1516 3235 1578 ita
3274 1514 3447 1597 quod

1910 1648 2042 1693 non
2067 1634 2160 1693 est
2189 1629 2256 1692 in
2284 1629 2443 1707 alia,
2476 1633 2568 1692 est
2605 1625 2949 1691 limitatum
2982 1629 3044 1688 et
3076 1628 3389 1688 arctatum
3425 1644 3441 1686 :

1909 1737 2017 1801 sed
2058 1737 2180 1800 hoc
2223 1740 2317 1800 est
2354 1735 2736 1817 impossibile
2777 1735 2943 1796 circa
2989 1732 3189 1795 Deum
3229 1753 3244 1794 :
3288 1748 3468 1813 ergo,

1911 1864 2043 1908 non
2073 1849 2166 1908 est
2194 1846 2261 1907 in
2289 1863 2420 1907 una
2447 1862 2538 1920 re,
2575 1843 2734 1926 quin
2767 1841 2837 1905 in
2867 1839 3164 1905 omnibus
3187 1838 3290 1902 sit.

1992 1954 2151 2017 Item
2169 2003 2188 2032 ,
2216 1954 2269 2016 si
2297 1952 2460 2017 Deus
2486 1952 2670 2016 estin
2708 1970 2840 2015 una
2881 1967 2950 2012 re
2983 1949 3072 2011 ita
3115 1947 3287 2030 quod
3312 1964 3445 2010 non

1914 2064 1985 2126 in
2015 2063 2161 2139 alia,
2194 2067 2306 2126 aut
2322 2066 2526 2145 potest
2550 2079 2685 2125 esse
2708 2061 2777 2123 in
2801 2060 2912 2122 illa
2928 2059 2996 2121 in
3015 2075 3145 2138 qua
3169 2073 3301 2120 non
3327 2058 3446 2132 est,

1915 2174 2188 2235 autnon
2223 2193 2239 2234 ι
2272 2171 2326 2233 si
2356 2187 2487 2233 non
2516 2172 2741 2252 potest,
2770 2185 2927 2248 ergo
2954 2182 3086 2229 non
3115 2168 3210 2227 est
3238 2163 3448 2227 omni-

1916 2284 2175 2361 potens3
2199 2279 2252 2341 si
2269 2281 2470 2361 potest
2493 2296 2628 2340 esse
2658 2282 2719 2339 et
2746 2293 2877 2339 non
2903 2279 3018 2353 est,
3050 2291 3201 2336 cum
3230 2290 3331 2335 res
3365 2270 3445 2352 (a)

1918 2393 2237 2468 mutetur,
2267 2405 2424 2468 ergo
2457 2385 2692 2449 mutari
2729 2385 2929 2466 potest
2958 2399 2975 2444 :
3012 2398 3169 2460 ergo
3201 2379 3255 2442 si
3286 2378 3450 2443 Deus

1918 2514 2046 2558 non
2073 2499 2165 2558 est
2195 2495 2265 2558 in
2297 2494 2598 2558 omnibus
2625 2492 2837 2569 rebuS,
2868 2493 2981 2553 aut
3009 2506 3144 2551 non
3186 2490 3279 2550 est
3309 2504 3454 2549 om-

1918 2604 2230 2686 nipotens,
2257 2607 2367 2666 aut
2393 2600 2754 2665 mutabilis:
2788 2615 3065 2681 quorum
3102 2600 3455 2676 utrumque

1921 2716 2013 2775 est
2035 2711 2440 2794 impossibile.

2002 2823 2265 2888 Contra:
2300 2829 2358 2885 l.
2382 2821 2628 2898 Quanto
2661 2816 2902 2898 aliquid
2930 2814 3139 2896 magis
3169 2813 3458 2896 sejungi·
3491 2821 3558 2864 Ad
3592 2834 3696 2876 opp·

1922 2939 2031 2998 tur
2054 2951 2094 2996 a
2119 2936 2350 2995 natura
2377 2930 2729 3005 tenebrosa,
2758 2929 2934 2988 tanto
2969 2925 3042 3006 (b)
3078 2924 3460 3004 impermix-

1923 3043 2051 3106 tius
2104 3045 2166 3104 et
2203 3040 2323 3103 sub
2368 3036 2664 3100 nobiliori
2713 3035 2853 3097 luce
2901 3030 3229 3112 cognoscit
3271 3052 3287 3092 :
3349 3029 3459 3093 sed

1924 3151 2089 3215 Deus
2115 3148 2457 3213 clarissime
2502 3143 2825 3226 cognoscit
2862 3161 2878 3205 :
2911 3158 3070 3222 ergo
3111 3139 3392 3203 maxime
3422 3158 3462 3201 a

1925 3265 2157 3324 natura
2212 3257 2545 3321 tenebrosa
2603 3251 2967 3334 sejungitur
2998 3272 3013 3311 :
3081 3247 3191 3311 sed
3250 3246 3461 3310 omnis

1927 3372 2216 3434 creatura
2255 3365 2553 3428 tenebra:
2584 3350 2756 3441 ergo‘
2776 3358 2941 3421 Deus
2984 3360 3098 3420 aut
3146 3357 3216 3420 in
3244 3353 3459 3434 nullis,

1927 3481 2041 3541 aut
2070 3477 2138 3538 in
2168 3471 2562 3557 paucissimis
2591 3473 2683 3532 est
2711 3467 2902 3531 rebus
2931 3461 3178 3528 creatis·

2008 3587 2068 3653 2.
2120 3582 2278 3645 Item
2301 3631 2317 3658 ,
2363 3584 2604 3662 quanto
2624 3569 2855 3639 ‘motor
2915 3571 3124 3653 magis
3184 3569 3372 3634 distat
3425 3586 3465 3629 a

1929 3690 2170 3768 mobili,
2201 3693 2378 3752 tanto
2396 3684 2812 3750 sufficientius
2831 3684 3087 3756 movet:
3120 3677 3291 3742 unde
3324 3675 3459 3738 suf-

1930 3799 2246 3863 ficientius
2266 3800 2477 3860 movet
2491 3795 2705 3858 anima
2723 3808 2918 3874 quam
2938 3788 3144 3852 forma
3165 3784 3462 3847 materia-

1927 3909 2008 3971 lis
2028 3907 2128 3971 vel
2143 3902 2468 3980 naturaliS,
2487 3906 2550 3964 et
2566 3894 2984 3978 intelligentia
2993 3911 3186 3975 quam
3206 3891 3422 3953 anima
3443 3910 3458 3953 :

1929 4017 2038 4080 sed
2074 4014 2236 4078 Deus
2273 4018 2365 4075 est
2411 4014 2620 4074 motor
2647 4012 2708 4071 et
2734 4009 3028 4089 operator
3052 3999 3464 4064 sufficientis-

1928 4125 2131 4188 simus
2163 4141 2179 4185 :
2214 4139 2370 4201 ergo
2390 4136 2643 4182 summe
2671 4115 2856 4178 distat
2885 4113 2964 4176 ab
2994 4110 3171 4173 omui
3204 4105 3462 4170 mobili:

1930 4251 2087 4314 ergo
2117 4236 2230 4294 aut
2257 4231 2323 4292 in
2349 4226 2542 4291 nullis
2571 4229 2664 4289 est
2693 4222 2905 4295 rebuS,
2934 4222 3048 4282 aut
3077 4218 3145 4279 in
3175 4215 3420 4299 paucis,

2013 4346 2071 4405 3.
2108 4340 2287 4416 Item,
2317 4334 2529 4400 omnis
2562 4334 2768 4398 virtus
2800 4329 2982 4393 unita
3014 4325 3154 4408 plus
3190 4330 3283 4387 est
3314 4322 3468 4385 infl-

1930 4451 2085 4528 nita,
2102 4465 2297 4531 quam
2317 4442 2751 4525 multiplicata:
2776 4436 2882 4501 sed
2907 4434 3124 4499 divina
3146 4431 3353 4494 virtus
3370 4430 3465 4491 est

1933 4554 2360 4620 infinitissima
2395 4572 2411 4614 :
2445 4566 2601 4628 ergo
2641 4543 2998 4609 unitissima
3030 4562 3044 4603 :
3080 4537 3190 4602 sed
3228 4539 3469 4619 quanto

1934 4661 2170 4743 aliquid
2231 4657 2439 4738 magis
2495 4660 2589 4718 est
2640 4652 2901 4715 unitum
2930 4697 2947 4725 ,
3007 4652 3185 4711 tanto
3252 4643 3470 4706 minus

1934 4771 2243 4836 diffusum
2313 4766 2377 4828 et
2443 4763 2514 4825 in
2578 4757 2990 4843 paucioribus
3062 4757 3390 4836 repertum
3449 4769 3467 4812 :

1935 4894 2116 4957 ergo,
2143 4878 2259 4938 etc.

2016 4988 2078 5047 4.
2133 4983 2293 5046 Item
2324 5028 2342 5059 ‚
2398 4975 2711 5059 quaeritur
2770 4988 2916 5055 quae
2979 4967 3315 5032 necessitas
3380 4966 3474 5027 est

1938 5093 2141 5158 Deum
2183 5106 2418 5174 ponere
2461 5087 2531 5148 in
2585 5083 2777 5147 rebus
2830 5076 3163 5155 omnibus;
3216 5074 3475 5139 videtur

1938 5251 2143 5304 xxxvn,
2167 5252 2219 5303 q.
2243 5248 2348 5300 vu3
2378 5236 2515 5285 Petr.
2543 5231 2606 5282 de
2633 5230 2858 5289 Tarant„
2889 5225 2907 5274 1
2930 5224 3088 5287 Seni„
3116 5222 3236 5273 dist.
3256 5231 3476 5286 xxxvu,

1942 5327 2000 5378 q.
2018 5325 2056 5362 1.
2077 5338 2129 5349 --
2152 5312 2176 5345 ¹
2192 5308 2366 5371 Arist.‚
2395 5303 2674 5368 Metapkys.
2702 5299 2791 5349 lib.
2815 5298 2925 5348 XII.

2006 5389 2079 5454 (α)
2107 5386 2248 5440 Edit.
2279 5385 2395 5437 Ven.
2422 5380 2544 5433 add.
2566 5391 2690 5429 non.
2708 5373 3002 5439 -(b)1tem
3028 5371 3146 5423 add.
3175 5373 3270 5423 est.
