4125 6225
571 2030 642 2074 Ad
674 2044 780 2089 opp.

821 485 940 545 292

902 614 1058 678 ltem
1083 615 1151 678 in
1176 614 1459 697 quolibet
1482 633 1717 696 genere
1741 615 1811 678 in
1836 632 1964 696 quo
1996 618 2092 677 est
2117 631 2354 696 ponere

820 722 1120 786 infimum
1140 727 1203 786 et
1225 723 1533 801 medium,
1561 727 1655 786 est
1682 740 1915 804 ponere
1934 739 2348 803 supremum:

820 829 929 893 sed
960 830 1199 910 gradus
1241 829 1309 893 in
1350 830 1717 911 corporibus
1742 829 2084 891 attenditur
2125 846 2349 891 secun-

819 936 973 999 dum
995 937 1234 1018 gradus
1255 937 1569 1019 perspicui
1592 942 1653 1001 et
1676 937 1834 1001 lucis
1858 959 1871 1000 :
1896 937 2002 1000 sed
2026 936 2354 1000 invenitur

818 1060 1050 1124 corpus
1079 1062 1348 1126 opacum
1384 1043 1750 1126 simpliciter
1779 1048 1841 1107 et
1870 1042 2220 1106 secundum
2247 1045 2352 1104 to-

817 1151 980 1225 tum,
1010 1155 1084 1213 ut
1103 1155 1310 1215 terra:
1337 1168 1495 1231 ergo
1522 1151 1574 1213 si
1598 1151 2132 1231 complementum
2161 1152 2256 1211 est
2284 1149 2352 1212 in

816 1258 1205 1338 corporibuS,
1237 1258 1422 1322 debet
1450 1276 1584 1322 esse
1612 1276 1843 1340 corpus
1868 1256 2257 1338 simpliciter,
2288 1258 2352 1319 et

813 1369 1164 1433 secundum
1189 1372 1399 1433 totum
1430 1369 1826 1434 luminosum
1853 1391 1868 1432 ε
1897 1368 2020 1434 hoc
2046 1368 2184 1433 dico
2211 1386 2350 1433 em-

812 1490 1117 1555 pyreum:
1147 1492 1326 1555 ergo,
1355 1479 1474 1538 etc.

894 1581 1049 1646 Item
1100 1581 1407 1647 habitatio
1458 1581 1796 1647 habitatori
1846 1583 2029 1647 debet
2077 1599 2344 1663 respon-

811 1689 959 1753 dere
989 1711 1004 1752 ε
1050 1708 1229 1771 ergo,
1276 1708 1427 1754 cum
1478 1690 1707 1773 aliquis
1753 1691 1929 1755 locus
1972 1691 2346 1754 tenebrosus

810 1795 1123 1860 damnatis
1135 1798 1463 1875 debeatur,
1483 1815 1639 1878 ergo
1660 1815 1772 1879 per
1789 1797 2148 1880 oppositum
2171 1797 2344 1862 vide-

808 1908 917 1967 tur
941 1905 1113 1986 quod
1136 1904 1385 1969 lucidus
1405 1905 1705 1968 debeatur
1724 1905 1943 1968 beatiS.

889 2009 1155 2073 Contra:
1201 2014 1261 2073 1.
1315 2009 1496 2086 Quod
1521 2029 1653 2074 non
1676 2011 2013 2075 conveniat
2035 2011 2336 2074 universo

809 2118 982 2199 quod
1009 2118 1161 2181 illud
1177 2118 1258 2181 sit
1280 2136 1508 2201 corpus
1524 2119 1864 2198 uniforme,
1887 2120 2160 2198 videtur,
2186 2120 2339 2201 quia

812 2242 1077 2306 corpora
1105 2226 1331 2290 mundi
1361 2227 1728 2309 principalia
1753 2231 1959 2291 creata
1985 2230 2137 2290 sunt
2165 2226 2337 2289 ordi-

808 2334 956 2394 nata
987 2335 1051 2395 et
1076 2338 1329 2397 ornata:
1363 2352 1550 2415 ergo,
1581 2353 1728 2398 cum
1756 2338 2016 2397 ornatus
2042 2334 2340 2397 consistat

803 2438 875 2500 in
908 2439 1139 2519 majori
1167 2440 1587 2520 distinctione,
1619 2447 1682 2504 et
1708 2441 2196 2523 pulchritudinis
2223 2440 2337 2502 ad-

804 2544 1061 2625 ditione,
1090 2546 1476 2629 impossibile
1491 2552 1585 2611 est
1609 2566 1838 2631 corpus
1854 2548 2014 2611 illud
2037 2566 2172 2611 esse
2191 2547 2338 2611 uni-

801 2650 1029 2715 forme.

883 2763 942 2821 2.
974 2758 1131 2823 Item
1153 2760 1268 2824 lux
1292 2780 1358 2825 se
1385 2762 1680 2826 diffundit
1703 2761 2054 2825 secundum
2078 2778 2336 2825 omnem

799 2866 1221 2932 differentiam
1246 2869 1605 2951 positionis:
1636 2887 1793 2950 ergo
1821 2886 2104 2943 sursum,
2134 2872 2198 2930 et
2220 2867 2337 2931 de-

798 2991 1054 3054 orsum3
1086 2976 1193 3039 sed
1226 2976 1342 3040 lux
1368 2977 1516 3040 solis
1544 2978 1842 3041 maximae
1865 2981 1959 3040 est
1980 2975 2336 3040 diffusionis

796 3081 963 3146 inter
1003 3100 1267 3166 corpora
1304 3082 1566 3148 mundi:
1602 3101 1759 3165 ergo
1798 3102 2058 3148 sursum
2104 3102 2169 3148 se
2213 3083 2334 3148 dif-

796 3189 1030 3270 fundit,
1068 3209 1220 3255 cum
1253 3210 1383 3255 non
1418 3191 1646 3256 habeat
1687 3192 2118 3256 obstaculum:
2149 3209 2328 3272 ergo,

797 3314 947 3359 cum
1002 3315 1135 3360 non
1189 3316 1256 3361 se
1308 3297 1540 3361 habeat
1590 3315 1841 3380 semper
1891 3298 2294 3361 uniformiter
2309 3345 2328 3377 ,

794 3403 986 3467 modo
998 3403 1318 3468 illuminat
1334 3422 1534 3468 unam
1547 3409 1794 3487 partem
1810 3405 2118 3488 empyrei,
2142 3404 2332 3468 modo

793 3509 1024 3574 aliam:
1056 3529 1215 3592 ergo
1239 3529 1470 3593 corpus
1509 3511 1665 3576 illud
1707 3530 1837 3577 non
1876 3517 1969 3577 est
2012 3512 2331 3578 uniforme

792 3617 860 3680 in
886 3619 1337 3697 luminositate,
1368 3624 1442 3684 ut
1467 3620 1743 3685 videtur.

875 3728 936 3789 3.
971 3724 1151 3806 Item,
1183 3727 1356 3809 quod
1385 3745 1520 3791 non
1549 3727 1885 3791 conveniat
1908 3744 2044 3790 esse
2074 3726 2331 3809 aliquod

795 3833 1030 3897 coelum
1054 3833 1403 3912 immobile,
1425 3833 1700 3910 videtur,
1721 3833 1873 3916 quia
1885 3850 2078 3898 omne
2098 3834 2331 3899 coelum

793 3942 1145 4005 necessario
1166 3945 1262 4005 est
1284 3941 1613 4023 sphaericae
1635 3942 1869 4022 figurae
1883 3988 1899 4016 ,
1926 3941 2089 4005 sicut
2107 3944 2332 4023 probat

796 4048 1218 4130 Philosophus
1243 4050 1260 4085 ¹
1281 4096 1297 4126 ,
1330 4054 1395 4112 et
1425 4035 1521 4113 rei
1554 4049 1789 4114 veritas
1821 4052 1953 4112 est:
1980 4050 2091 4113 sed
2118 4051 2332 4133 sphae-

795 4155 928 4219 rica
966 4157 1181 4237 figura
1233 4160 1378 4239 apta
1422 4161 1518 4221 est
1561 4156 1827 4220 omnino
1873 4158 2082 4220 motui
2111 4176 2129 4222 ε
2175 4176 2331 4240 ergo

797 4283 986 4329 omne
1017 4264 1283 4342 coelum,
1312 4284 1388 4331 eo
1413 4266 1551 4349 ipso
1580 4265 1750 4348 quod
1777 4265 2031 4343 coelum,
2069 4272 2164 4332 est
2190 4286 2331 4333 mo·-

795 4371 957 4436 bile:
985 4390 1165 4454 ergo,
1194 4378 1313 4437 etc.

874 4483 934 4541 4.
980 4478 1137 4543 Item
1156 4527 1174 4558 ,
1227 4480 1401 4561 quod
1451 4479 1873 4562 propinquius
1923 4485 2019 4545 est
2068 4485 2326 4564 motori‚

792 4589 980 4653 citius
1015 4593 1078 4651 et
1116 4587 1394 4653 velocius
1434 4592 1768 4652 movetur:
1810 4589 1919 4653 sed
1960 4608 2193 4673 corpus
2219 4611 2330 4656 su-

792 4713 1090 4778 premum
1125 4701 1219 4759 est
1255 4697 1412 4760 tale:
1452 4714 1609 4777 ergo
1643 4714 1774 4759 non
1801 4698 2010 4761 solum
2051 4699 2324 4777 moveri,

792 4805 900 4868 sed
932 4804 1124 4869 etiam
1150 4804 1545 4867 velocissime
1578 4803 1825 4867 moveri
1858 4807 2158 4887 competit
2181 4807 2323 4871 sibi.

872 4916 934 4976 ὃ.
979 4912 1138 4976 Item
1190 4912 1315 4977 hoc
1356 4912 1697 4977 nobilitatis
1738 4917 1831 4975 est
1882 4913 1950 4978 in
1999 4916 2157 4979 coelo
2175 4963 2197 4995 ,
2255 4920 2329 4980 ut

791 5025 1161 5098 moveatur;
1191 5019 1363 5083 unde
1406 5019 1576 5083 orbis
1617 5019 1886 5100 primuS,
1923 5021 2160 5086 scilicet
2186 5023 2326 5088 cccli

789 5128 1040 5204 stellati,
1062 5131 1358 5192 movetur
1375 5126 1685 5205 velocius;
1710 5131 1772 5190 et
1794 5127 1957 5192 ratio
1981 5128 2182 5210 hujus
2203 5134 2320 5211 est,

861 5325 1062 5388 ¹Arist.,
1088 5324 1148 5374 de
1176 5324 1308 5373 Coelo
1333 5327 1383 5373 et
1410 5322 1618 5386 Mundo,
1646 5322 1737 5372 lib.
1762 5323 1840 5386 ll,
1868 5329 2005 5375 cont.
2026 5327 2076 5376 5.
2095 5352 2157 5364 -—
2180 5327 2202 5360 ²
2219 5330 2321 5379 Ha-

790 5394 939 5446 betur
979 5396 1033 5445 in
1075 5395 1256 5445 Glossa
1292 5395 1566 5447 ordinaria.
1594 5420 1656 5433 -
1681 5395 1704 5431 ⁸
1726 5395 2048 5462 Damasceu„
2093 5399 2155 5449 de
2195 5401 2323 5452 Fide

789 5468 1004 5532 orthod„
1032 5467 1121 5517 lib.
1148 5469 1220 5531 11,
1250 5482 1295 5517 c.
1320 5479 1393 5519 Vl.

1947 476 2566 544 SENTENTIARUM
2604 477 2753 544 LIB.
2796 478 2876 543 ΙΙ.

2457 617 2532 676 ut
2563 613 2946 676 assimiletur
2979 630 3097 675 suo
3141 612 3372 676 motori
3406 633 3421 673 ε
3462 612 3572 676 sed
3606 616 3825 694 quanto
3849 615 3939 677 ali-

2457 720 2627 801 quod
2680 739 2908 801 corpus
2961 720 3285 802 superius,
3332 722 3510 782 tanto
3564 720 3847 799 nobiliuS,
3892 727 3940 785 et

2460 828 2686 890 motori
2715 828 3022 905 similius;
3054 832 3116 891 et
3145 830 3225 908 (a)
3255 832 3430 891 tanto
3468 827 3791 891 mobilius:
3817 846 3939 907 ergo

2459 934 2512 996 si
2537 953 2914 1017 empyreum
2955 939 3051 998 est
3091 935 3259 999 ultra
3282 936 3783 1010 firmamentum,
3817 954 3938 1015 ergo

2458 1059 2589 1106 non
2607 1048 2701 1107 est
2727 1043 3076 1108 immobile.

2966 1283 3476 1350 CONCLUSIO.

2453 1437 2649 1495 Coelum
2683 1454 2980 1509 empyreum
3017 1437 3322 1510 ponendum
3349 1441 3426 1493 est
3461 1456 3478 1491 ε
3512 1440 3588 1493 eet
3631 1440 3800 1492 autem
3838 1440 3937 1493 uni-

2608 1529 2796 1598 forme,
2825 1528 3117 1597 immobile,
3147 1533 3198 1583 et
3220 1529 3457 1600 perfecte
3485 1528 3813 1583 luminosum.

2529 1685 2715 1768 Resp.
2749 1688 2829 1751 ad
2869 1705 3126 1768 argum.
3159 1687 3509 1751 Dicendum
3549 1686 3716 1768 quod
3754 1704 3941 1768 quam-

2449 1794 2549 1857 vis
2591 1793 2802 1858 Sancti
2849 1814 3078 1877 parum
3122 1794 3464 1876 loquantur
3504 1794 3581 1857 de
3625 1793 3741 1856 hoc
3783 1794 3939 1871 coe10,

2445 1901 2598 1982 quia
2634 1900 2785 1966 latet
2819 1907 3066 1966 nostros
3102 1920 3358 1980 sensuS,
3400 1906 3462 1965 et
3490 1899 3833 1982 philosophi
3854 1901 3942 1963 ad-

2448 2007 2579 2071 huc
2609 2008 2853 2087 minus3
2885 2013 3100 2072 tamen
3133 2026 3366 2091 ponere
3389 2011 3483 2069 est
3507 2007 3738 2070 coelum
3761 2025 3945 2088 empy-

2446 2134 2631 2180 reum
2654 2165 2671 2195 ,
2704 2116 2867 2180 sicut
2911 2116 3060 2179 dicit
3100 2135 3274 2179 sacra
3300 2115 3626 2196 Scriptura
3658 2137 3672 2177 ε
3704 2115 3778 2178 1η
3801 2118 3949 2195 prin·

2446 2227 2616 2307 cipio
2632 2227 2874 2291 creavit
2900 2228 3066 2290 Deus
3089 2226 3310 2290 coelum
3336 2232 3396 2291 et
3415 2232 3671 2288 terram.
3692 2222 3946 2285 Strabus⁸

2446 2334 2706 2413 exponit
2732 2333 2809 2396 de
2837 2351 3161 2413 empyreO,
3192 2335 3254 2394 et
3281 2331 3402 2393 hoc
3428 2331 3653 2412 probat
3677 2348 3784 2411 per
3808 2329 3944 2392 litte-

2431 2428 2585 2502 'ram
2603 2445 2993 2521 sequentem,
3013 2440 3166 2521 quia
3179 2439 3654 2501 firmamentum
3670 2443 3733 2500 et
3746 2437 3946 2501 coelum

2443 2566 2722 2629 aqueum
2761 2549 2921 2611 facta
2949 2552 3098 2610 sunt
3137 2546 3412 2610 secundo
3448 2545 3572 2607 die.
3605 2544 3683 2607 Et
3724 2544 3945 2607 Damas-

2443 2673 2637 2717 cenus
2673 2654 2797 2719 hoc
2829 2655 3088 2737 exponit
3113 2655 3170 2717 ⁸:
3223 2678 3253 2713 «
3286 2653 3357 2716 In
3389 2652 3704 2734 principio
3744 2652 3947 2715 creavit

2443 2760 2608 2825 Deus
2650 2762 2914 2837 coelum,
2964 2763 3028 2826 id
3070 2765 3196 2837 est,
3241 2761 3374 2824 sine
3414 2761 3610 2824 stellis
3651 2759 3944 2842 sphaericae

2441 2869 2687 2933 formae.
2719 2891 2749 2928 ι)
2790 2868 3166 2934 Ponendum
3193 2873 3286 2932 est
3310 2868 3504 2931 etiam
3529 2867 3690 2930 illud
3719 2868 3944 2943 coelum,

2443 2975 2596 3056 quia
2634 2977 2971 3058 persuadet
3007 2977 3169 3040 ratio
3212 2976 3357 3038 finis
3395 2974 3664 3057 triplex:
3716 2994 3838 3038 una
3874 2977 3948 3037 est

2441 3083 2737 3165 perfectio
2771 3083 3087 3162 universi;
3128 3083 3255 3148 alia
3297 3088 3391 3147 est
3425 3088 3682 3166 propter
3731 3086 3945 3145 motum

2441 3192 2860 3271 firmamenti3
2888 3192 3076 3256 tertia
3110 3190 3472 3274 principalis
3500 3195 3758 3274 propter
3791 3190 3946 3254 habi-

2438 3299 2741 3362 tationem
2785 3299 3066 3363 hominis
3108 3299 3295 3361 beati.
3347 3297 3424 3361 Et
3473 3299 3784 3381 quoniam
3823 3296 3943 3359 finis

2439 3405 2714 3488 imponit
2730 3406 3162 3470 necessitatem
3184 3404 3284 3469 his
3308 3422 3453 3487 quae
3480 3406 3731 3470 suntad
3749 3407 3938 3479 finem;

2439 3522 2694 3599 propter
2723 3518 3179 3600 perfectionem
3229 3516 3552 3595 universi,
3598 3535 3841 3581 necesse
3869 3516 3944 3577 cst

2439 3624 2657 3706 ipsum
2681 3643 2817 3689 esse
2843 3626 3197 3689 uniforme:
3227 3624 3381 3708 quia
3399 3673 3417 3704 ,
3448 3643 3602 3688 cum
3640 3626 3721 3688 sit
3745 3623 3941 3688 coelum

2436 3732 2835 3797 luminosum
2873 3732 3194 3811 difforme,
3246 3732 3302 3795 si
3349 3750 3482 3796 non
3543 3737 3706 3797 esset
3744 3731 3939 3796 coelum

2439 3841 2782 3917 uniforme,
2815 3858 2948 3903 non
2970 3843 3133 3904 esset
3159 3839 3536 3904 universum
3565 3840 3938 3923 completum.

2439 3946 2703 4028 Propter
2750 3951 3000 4011 motum
3049 3947 3439 4011 firmamenti
3477 3948 3834 4030 ponendum
3867 3947 3943 4008 est

2437 4055 2650 4137 ipsum
2677 4054 3027 4130 immobile,
3057 4058 3134 4118 ut
3165 4058 3376 4118 motus
3397 4054 3650 4119 mobilis
3673 4056 3778 4117 flat
3804 4052 3943 4115 circa

2438 4164 2793 4241 immobile,
2833 4164 3070 4228 scilicet
3109 4167 3434 4242 centrum,
3471 4167 3537 4227 et
3573 4164 3738 4226 intra
3769 4158 3942 4224 conti-

2438 4290 2599 4336 nens
2621 4272 2948 4335 immobile
2975 4276 3037 4335 et
3056 4271 3292 4349 locanS,
3325 4270 3561 4334 scilicet
3573 4283 3939 4353 empyreum.

2411 4377 2703 4463 -Propter
2729 4379 3163 4444 habitaculum
3198 4378 3482 4442 hominis
3515 4378 3685 4442 beati
3727 4391 3939 4461 ponen-

2440 4486 2596 4550 dum
2645 4490 2740 4550 est
2774 4487 2985 4569 ipsum
3026 4485 3480 4549 luminositatis
3527 4485 3835 4567 perfectae,
3879 4482 3940 4542 ut

2439 4594 2741 4657 habitatio
2789 4597 3103 4675 congruat
3144 4610 3261 4655 suo
3306 4591 3671 4656 habitatori.
3724 4590 3809 4654 Ex
3853 4585 3936 4648 his

2439 4718 2596 4782 ergo
2624 4700 2943 4781 colligitur
2968 4718 3167 4781 quare
3189 4699 3273 4762 sit
3297 4699 3559 4776 factum,
3591 4705 3653 4763 et
3682 4700 3849 4778 cujus
3867 4691 3935 4754 sit

2439 4808 2859 4890 dispositionis
2873 4807 3036 4870 inter
3054 4806 3210 4870 alios
3229 4806 3439 4886 coeloS,
3463 4806 3616 4889 quia
3631 4806 3927 4876 uniforme,

2437 4920 2501 4979 et
2526 4914 2873 4990 immobile,
2902 4918 2966 4977 et
2988 4913 3438 4977 luminositatis
3466 4915 3772 4995 perfectae.

2517 5024 2548 5082 1
2561 5066 2577 5083 .
2638 5018 2818 5095 Quod
2865 5017 3160 5100 objicitur
3212 5016 3383 5099 quod
3440 5035 3573 5080 non
3614 5018 3926 5091 uniforme,

2435 5127 2590 5210 quia
2616 5145 2749 5190 non
2774 5129 3100 5202 ornatum3
3135 5124 3472 5188 dicendum
3496 5126 3668 5208 quod
3694 5127 3813 5207 ipsa
3833 5123 3930 5185 lux

2434 5239 2689 5316 propter
2734 5233 2833 5298 sui
2871 5233 3266 5297 nobilitatem
3319 5235 3415 5296 est
3463 5234 3585 5297 sibi
3631 5237 3862 5297 ornatus
3907 5246 3924 5289 :

2432 5345 2741 5427 quoniam
2773 5362 2930 5425 ergo
2963 5361 3195 5425 corpus
3234 5342 3393 5407 illud
3438 5348 3534 5409 est
3573 5345 3926 5410 luminosum

2497 5471 2570 5538 (a)
2594 5468 2771 5536 Suppl.
2800 5474 2991 5536 quanto
3012 5470 3202 5522 motori
3231 5470 3462 5522 similius.
