<?xml version="1.0" encoding="UTF-8"?>
<!DOCTYPE html PUBLIC "-//W3C//DTD XHTML 1.0 Transitional//EN"
    "http://www.w3.org/TR/xhtml1/DTD/xhtml1-transitional.dtd">
<html xmlns="http://www.w3.org/1999/xhtml" xml:lang="en" lang="en">
 <head>
  <title>
</title>
<meta http-equiv="Content-Type" content="text/html;charset=utf-8" />
  <meta name='ocr-system' content='tesseract 3.04.00' />
  <meta name='ocr-capabilities' content='ocr_page ocr_carea ocr_par ocr_line ocrx_word'/>
</head>
<body>
  <div class='ocr_page' id='page_1' title='image "./srecardinalissb01peltgoog_0687.png"; bbox 0 0 4125 6225; ppageno 0'>
   <div class='ocr_carea' id='block_1_1' title="bbox 1248 528 3403 616">
    <p class='ocr_par' dir='ltr' id='par_1_1' title="bbox 1248 528 3403 616">
     <span class='ocr_line' id='line_1_1' title="bbox 1248 528 3403 616; baseline -0 -10"><span class='ocrx_word' id='word_1_1' title='bbox 1248 534 1447 606; x_wconf 86' lang='lat' dir='ltr'><strong>DIST.</strong></span> <span class='ocrx_word' id='word_1_2' title='bbox 1488 534 1616 606; x_wconf 78' lang='lat' dir='ltr'>XV.</span> <span class='ocrx_word' id='word_1_3' title='bbox 1659 536 1844 603; x_wconf 76' lang='grc' dir='ltr'><strong>ΛΒΤ.</strong></span> <span class='ocrx_word' id='word_1_4' title='bbox 1887 537 1939 602; x_wconf 86' lang='lat'>1.</span> <span class='ocrx_word' id='word_1_5' title='bbox 1983 536 2284 616; x_wconf 81' lang='lat' dir='ltr'><strong>QUAEST.</strong></span> <span class='ocrx_word' id='word_1_6' title='bbox 2329 535 2379 604; x_wconf 92' lang='lat'>1.</span> <span class='ocrx_word' id='word_1_7' title='bbox 3294 528 3403 605; x_wconf 72' lang='grc' dir='ltr'>ΒΗ</span> 
     </span>
    </p>
   </div>
   <div class='ocr_carea' id='block_1_2' title="bbox 211 671 3421 1080">
    <p class='ocr_par' dir='ltr' id='par_1_2' title="bbox 211 671 3421 974">
     <span class='ocr_line' id='line_1_2' title="bbox 214 671 3410 758; baseline -0.001 -18"><span class='ocrx_word' id='word_1_8' title='bbox 214 674 579 741; x_wconf 87' lang='lat' dir='ltr'>immediate</span> <span class='ocrx_word' id='word_1_9' title='bbox 627 672 1073 757; x_wconf 86' lang='lat' dir='ltr'>producuntur</span> <span class='ocrx_word' id='word_1_10' title='bbox 1119 692 1159 737; x_wconf 88' lang='lat' dir='ltr'>a</span> <span class='ocrx_word' id='word_1_11' title='bbox 1205 673 1332 740; x_wconf 89' lang='lat' dir='ltr'>Deo</span> <span class='ocrx_word' id='word_1_12' title='bbox 1358 724 1375 752; x_wconf 91' lang='lat'>,</span> <span class='ocrx_word' id='word_1_13' title='bbox 1422 678 1489 739; x_wconf 88' lang='lat' dir='ltr'>et</span> <span class='ocrx_word' id='word_1_14' title='bbox 1542 676 1631 738; x_wconf 89' lang='lat' dir='ltr'>ita</span> <span class='ocrx_word' id='word_1_15' title='bbox 1673 690 1757 739; x_wconf 80' lang='lat' dir='ltr'>ex</span> <span class='ocrx_word' id='word_1_16' title='bbox 1865 690 2017 737; x_wconf 89' lang='lat' dir='ltr'>cum</span> <span class='ocrx_word' id='word_1_17' title='bbox 2060 673 2153 739; x_wconf 89' lang='lat' dir='ltr'>eis</span> <span class='ocrx_word' id='word_1_18' title='bbox 2193 674 2560 758; x_wconf 60' lang='lat' dir='ltr'>praeexistat</span> <span class='ocrx_word' id='word_1_19' title='bbox 2598 673 2869 740; x_wconf 87' lang='lat' dir='ltr'>materia</span> <span class='ocrx_word' id='word_1_20' title='bbox 2915 671 3257 758; x_wconf 86' lang='lat' dir='ltr'>spiritualis</span> <span class='ocrx_word' id='word_1_21' title='bbox 3278 724 3297 755; x_wconf 93' lang='lat'>,</span> <span class='ocrx_word' id='word_1_22' title='bbox 3346 688 3410 750; x_wconf 77' lang='lat' dir='ltr'>et</span> 
     </span>
     <span class='ocr_line' id='line_1_3' title="bbox 212 779 3418 869; baseline -0.002 -20"><span class='ocrx_word' id='word_1_23' title='bbox 212 782 456 849; x_wconf 84' lang='lat' dir='ltr'>nihilo:</span> <span class='ocrx_word' id='word_1_24' title='bbox 487 783 690 865; x_wconf 82' lang='lat' dir='ltr'>igitur</span> <span class='ocrx_word' id='word_1_25' title='bbox 717 781 923 846; x_wconf 91' lang='lat' dir='ltr'>multo</span> <span class='ocrx_word' id='word_1_26' title='bbox 943 781 1168 846; x_wconf 77' lang='lat' dir='ltr'>fortius</span> <span class='ocrx_word' id='word_1_27' title='bbox 1195 782 1455 848; x_wconf 85' lang='lat' dir='ltr'>videtur</span> <span class='ocrx_word' id='word_1_28' title='bbox 1476 782 1647 867; x_wconf 87' lang='lat' dir='ltr'>quod</span> <span class='ocrx_word' id='word_1_29' title='bbox 1669 781 1759 847; x_wconf 91' lang='lat' dir='ltr'>sic</span> <span class='ocrx_word' id='word_1_30' title='bbox 1866 779 2100 845; x_wconf 89' lang='lat' dir='ltr'>habeat</span> <span class='ocrx_word' id='word_1_31' title='bbox 2128 781 2197 845; x_wconf 92' lang='lat' dir='ltr'>in</span> <span class='ocrx_word' id='word_1_32' title='bbox 2227 800 2296 846; x_wconf 91' lang='lat' dir='ltr'>se</span> <span class='ocrx_word' id='word_1_33' title='bbox 2332 781 2618 869; x_wconf 80' lang='lat' dir='ltr'>aliquam</span> <span class='ocrx_word' id='word_1_34' title='bbox 2649 779 2998 865; x_wconf 85' lang='lat' dir='ltr'>potentiam</span> <span class='ocrx_word' id='word_1_35' title='bbox 3036 779 3312 844; x_wconf 78' lang='lat' dir='ltr'><strong>activam</strong></span> <span class='ocrx_word' id='word_1_36' title='bbox 3335 779 3418 844; x_wconf 89' lang='lat' dir='ltr'>ad</span> 
     </span>
     <span class='ocr_line' id='line_1_4' title="bbox 211 884 3421 974; baseline -0.001 -20"><span class='ocrx_word' id='word_1_37' title='bbox 211 890 539 974; x_wconf 82' lang='lat' dir='ltr'>productae</span> <span class='ocrx_word' id='word_1_38' title='bbox 566 889 803 954; x_wconf 81' lang='lat' dir='ltr'>fuerint</span> <span class='ocrx_word' id='word_1_39' title='bbox 829 888 896 953; x_wconf 93' lang='lat' dir='ltr'>in</span> <span class='ocrx_word' id='word_1_40' title='bbox 923 889 1298 972; x_wconf 85' lang='lat' dir='ltr'>primordio.</span> <span class='ocrx_word' id='word_1_41' title='bbox 1866 885 2012 966; x_wconf 87' lang='lat' dir='ltr'>hoc,</span> <span class='ocrx_word' id='word_1_42' title='bbox 2050 892 2127 951; x_wconf 88' lang='lat' dir='ltr'>ut</span> <span class='ocrx_word' id='word_1_43' title='bbox 2150 907 2231 952; x_wconf 83' lang='lat' dir='ltr'>ex</span> <span class='ocrx_word' id='word_1_44' title='bbox 2259 906 2335 953; x_wconf 86' lang='lat' dir='ltr'>ea</span> <span class='ocrx_word' id='word_1_45' title='bbox 2359 891 2474 953; x_wconf 84' lang='lat' dir='ltr'>fiat</span> <span class='ocrx_word' id='word_1_46' title='bbox 2504 888 2752 967; x_wconf 87' lang='lat' dir='ltr'>anima;</span> <span class='ocrx_word' id='word_1_47' title='bbox 2797 887 2961 952; x_wconf 86' lang='lat' dir='ltr'>sicut</span> <span class='ocrx_word' id='word_1_48' title='bbox 2988 890 3050 952; x_wconf 91' lang='lat' dir='ltr'>et</span> <span class='ocrx_word' id='word_1_49' title='bbox 3077 884 3421 970; x_wconf 87' lang='lat' dir='ltr'>corporalis</span> 
     </span>
    </p>

    <p class='ocr_par' dir='ltr' id='par_1_3' title="bbox 1868 996 3416 1080">
     <span class='ocr_line' id='line_1_5' title="bbox 1868 996 3416 1080; baseline 0.002 -24"><span class='ocrx_word' id='word_1_50' title='bbox 1868 996 2160 1075; x_wconf 88' lang='lat' dir='ltr'>materia,</span> <span class='ocrx_word' id='word_1_51' title='bbox 2190 996 2269 1060; x_wconf 93' lang='lat' dir='ltr'>ad</span> <span class='ocrx_word' id='word_1_52' title='bbox 2310 996 2433 1062; x_wconf 90' lang='lat' dir='ltr'>hoc</span> <span class='ocrx_word' id='word_1_53' title='bbox 2474 996 2647 1080; x_wconf 89' lang='lat' dir='ltr'>quod</span> <span class='ocrx_word' id='word_1_54' title='bbox 2685 1014 2768 1060; x_wconf 82' lang='lat' dir='ltr'>ex</span> <span class='ocrx_word' id='word_1_55' title='bbox 2805 1014 2882 1060; x_wconf 88' lang='lat' dir='ltr'>ea</span> <span class='ocrx_word' id='word_1_56' title='bbox 2924 996 3086 1058; x_wconf 83' lang='lat' dir='ltr'>fiant</span> <span class='ocrx_word' id='word_1_57' title='bbox 3128 1012 3416 1077; x_wconf 88' lang='lat' dir='ltr'>corpora.</span> 
     </span>
    </p>
   </div>
   <div class='ocr_carea' id='block_1_3' title="bbox 1853 1100 3644 1294">
    <p class='ocr_par' dir='ltr' id='par_1_4' title="bbox 1853 1100 3644 1294">
     <span class='ocr_line' id='line_1_6' title="bbox 1853 1100 3644 1187; baseline 0 -21"><span class='ocrx_word' id='word_1_58' title='bbox 1853 1100 2084 1167; x_wconf 69' lang='lat' dir='ltr'>‘sertia</span> <span class='ocrx_word' id='word_1_59' title='bbox 2139 1102 2368 1184; x_wconf 88' lang='lat' dir='ltr'>positio</span> <span class='ocrx_word' id='word_1_60' title='bbox 2420 1107 2515 1167; x_wconf 90' lang='lat' dir='ltr'>est</span> <span class='ocrx_word' id='word_1_61' title='bbox 2563 1102 2736 1187; x_wconf 89' lang='lat' dir='ltr'>quod</span> <span class='ocrx_word' id='word_1_62' title='bbox 2787 1103 3022 1167; x_wconf 83' lang='lat' dir='ltr'>animae</span> <span class='ocrx_word' id='word_1_63' title='bbox 3078 1102 3420 1166; x_wconf 92' lang='lat' dir='ltr'>brutorum</span> <span class='ocrx_word' id='word_1_64' title='bbox 3449 1128 3581 1185; x_wconf 63' lang='lat'>0912.</span> <span class='ocrx_word' id='word_1_65' title='bbox 3604 1132 3644 1175; x_wconf 68' lang='grc' dir='ltr'>ι,</span> 
     </span>
     <span class='ocr_line' id='line_1_7' title="bbox 1872 1208 3420 1294; baseline 0 -21"><span class='ocrx_word' id='word_1_66' title='bbox 1872 1209 2202 1294; x_wconf 65' lang='lat' dir='ltr'>productas</span> <span class='ocrx_word' id='word_1_67' title='bbox 2247 1213 2397 1274; x_wconf 86' lang='lat' dir='ltr'>sunt</span> <span class='ocrx_word' id='word_1_68' title='bbox 2436 1228 2520 1274; x_wconf 85' lang='lat' dir='ltr'>ex</span> <span class='ocrx_word' id='word_1_69' title='bbox 2558 1209 2773 1292; x_wconf 87' lang='lat' dir='ltr'>aliquo</span> <span class='ocrx_word' id='word_1_70' title='bbox 2817 1208 3227 1273; x_wconf 72' lang='lat' dir='ltr'>materialiter</span> <span class='ocrx_word' id='word_1_71' title='bbox 3245 1257 3262 1288; x_wconf 94' lang='lat'>,</span> <span class='ocrx_word' id='word_1_72' title='bbox 3309 1208 3420 1273; x_wconf 92' lang='lat' dir='ltr'>sed</span> 
     </span>
    </p>
   </div>
   <div class='ocr_carea' id='block_1_4' title="bbox 760 1143 1215 1212">
    <p class='ocr_par' dir='ltr' id='par_1_5' title="bbox 760 1143 1215 1212">
     <span class='ocr_line' id='line_1_8' title="bbox 760 1143 1215 1212; baseline -0.002 0"><span class='ocrx_word' id='word_1_73' title='bbox 760 1143 1215 1212; x_wconf 87' lang='lat' dir='ltr'>CONCLUSIO.</span> 
     </span>
    </p>
   </div>
   <div class='ocr_carea' id='block_1_5' title="bbox 4087 694 4097 1247">
    <p class='ocr_par' dir='ltr' id='par_1_6' title="bbox 4087 694 4097 1247">
     <span class='ocr_line' id='line_1_9' title="bbox 4087 694 4097 1247; baseline 0 0"><span class='ocrx_word' id='word_1_74' title='bbox 4087 694 4097 1247; x_wconf 95' lang='lat' dir='ltr'> </span> 
     </span>
    </p>
   </div>
   <div class='ocr_carea' id='block_1_6' title="bbox 0 2099 186 2156">
    <p class='ocr_par' dir='ltr' id='par_1_7' title="bbox 0 2099 186 2156">
     <span class='ocr_line' id='line_1_10' title="bbox 0 2099 186 2156; baseline -0.011 -12"><span class='ocrx_word' id='word_1_75' title='bbox 0 2099 122 2156; x_wconf 72' lang='lat' dir='ltr'>Opia.</span> <span class='ocrx_word' id='word_1_76' title='bbox 145 2103 186 2142; x_wconf 76' lang='grc' dir='ltr'>ί.</span> 
     </span>
    </p>
   </div>
   <div class='ocr_carea' id='block_1_7' title="bbox 20 3716 206 3773">
    <p class='ocr_par' dir='ltr' id='par_1_8' title="bbox 20 3716 206 3773">
     <span class='ocr_line' id='line_1_11' title="bbox 20 3716 206 3773; baseline 0 -12"><span class='ocrx_word' id='word_1_77' title='bbox 20 3716 141 3773; x_wconf 77' lang='lat' dir='ltr'>opin.</span> <span class='ocrx_word' id='word_1_78' title='bbox 163 3719 206 3761; x_wconf 80' lang='lat'>2.</span> 
     </span>
    </p>
   </div>
   <div class='ocr_carea' id='block_1_8' title="bbox 218 1299 1771 1637">
    <p class='ocr_par' dir='ltr' id='par_1_9' title="bbox 218 1299 1771 1637">
     <span class='ocr_line' id='line_1_12' title="bbox 218 1299 1764 1372; baseline 0.001 -16"><span class='ocrx_word' id='word_1_79' title='bbox 218 1299 435 1357; x_wconf 82' lang='lat' dir='ltr'>Animae</span> <span class='ocrx_word' id='word_1_80' title='bbox 471 1314 650 1356; x_wconf 77' lang='lat' dir='ltr'>rerum</span> <span class='ocrx_word' id='word_1_81' title='bbox 681 1299 1022 1355; x_wconf 78' lang='lat' dir='ltr'>sensibilium</span> <span class='ocrx_word' id='word_1_82' title='bbox 1058 1302 1121 1355; x_wconf 81' lang='lat' dir='ltr'>in</span> <span class='ocrx_word' id='word_1_83' title='bbox 1154 1300 1453 1372; x_wconf 75' lang='lat' dir='ltr'>primordio</span> <span class='ocrx_word' id='word_1_84' title='bbox 1480 1315 1590 1358; x_wconf 79' lang='lat' dir='ltr'>suae</span> <span class='ocrx_word' id='word_1_85' title='bbox 1611 1316 1764 1357; x_wconf 80' lang='lat' dir='ltr'>crea·</span> 
     </span>
     <span class='ocr_line' id='line_1_13' title="bbox 294 1389 1759 1463; baseline -0.001 -17"><span class='ocrx_word' id='word_1_86' title='bbox 294 1392 460 1446; x_wconf 79' lang='lat' dir='ltr'>tionis</span> <span class='ocrx_word' id='word_1_87' title='bbox 483 1405 551 1445; x_wconf 71' lang='lat' dir='ltr'>ex</span> <span class='ocrx_word' id='word_1_88' title='bbox 571 1389 745 1445; x_wconf 79' lang='lat' dir='ltr'><em>nihilo</em></span> <span class='ocrx_word' id='word_1_89' title='bbox 776 1403 885 1444; x_wconf 83' lang='lat' dir='ltr'>non</span> <span class='ocrx_word' id='word_1_90' title='bbox 909 1391 1134 1458; x_wconf 72' lang='lat' dir='ltr'>fuerunt</span> <span class='ocrx_word' id='word_1_91' title='bbox 1156 1389 1459 1461; x_wconf 58' lang='lat' dir='ltr'>producte-23</span> <span class='ocrx_word' id='word_1_92' title='bbox 1488 1389 1581 1447; x_wconf 80' lang='lat' dir='ltr'>sed</span> <span class='ocrx_word' id='word_1_93' title='bbox 1595 1392 1759 1463; x_wconf 82' lang='lat' dir='ltr'>prin-</span> 
     </span>
     <span class='ocr_line' id='line_1_14' title="bbox 293 1478 1771 1552; baseline 0 -17"><span class='ocrx_word' id='word_1_94' title='bbox 293 1480 496 1550; x_wconf 77' lang='lat' dir='ltr'>cipium</span> <span class='ocrx_word' id='word_1_95' title='bbox 528 1480 880 1535; x_wconf 79' lang='lat' dir='ltr'>seminarium</span> <span class='ocrx_word' id='word_1_96' title='bbox 915 1478 1214 1535; x_wconf 72' lang='lat' dir='ltr'>habuerunt</span> <span class='ocrx_word' id='word_1_97' title='bbox 1248 1495 1316 1537; x_wconf 73' lang='lat' dir='ltr'>ex</span> <span class='ocrx_word' id='word_1_98' title='bbox 1349 1495 1451 1551; x_wconf 78' lang='lat' dir='ltr'>quo</span> <span class='ocrx_word' id='word_1_99' title='bbox 1494 1479 1771 1552; x_wconf 67' lang='lat' dir='ltr'>producta</span> 
     </span>
     <span class='ocr_line' id='line_1_15' title="bbox 295 1563 1209 1637; baseline -0.001 -15"><span class='ocrx_word' id='word_1_100' title='bbox 295 1567 538 1634; x_wconf 78' lang='lat' dir='ltr'>fuerunt,</span> <span class='ocrx_word' id='word_1_101' title='bbox 570 1569 622 1620; x_wconf 81' lang='lat' dir='ltr'>et</span> <span class='ocrx_word' id='word_1_102' title='bbox 652 1580 795 1621; x_wconf 81' lang='lat' dir='ltr'>nunc</span> <span class='ocrx_word' id='word_1_103' title='bbox 811 1563 1209 1637; x_wconf 80' lang='lat' dir='ltr'>producuntur.</span> 
     </span>
    </p>
   </div>
   <div class='ocr_carea' id='block_1_9' title="bbox 225 1746 1809 5590">
    <p class='ocr_par' dir='ltr' id='par_1_10' title="bbox 225 1746 1809 5480">
     <span class='ocr_line' id='line_1_16' title="bbox 305 1746 1775 1829; baseline 0 -18"><span class='ocrx_word' id='word_1_104' title='bbox 305 1746 491 1829; x_wconf 89' lang='lat' dir='ltr'>Resp.</span> <span class='ocrx_word' id='word_1_105' title='bbox 520 1746 601 1811; x_wconf 88' lang='lat' dir='ltr'>ad</span> <span class='ocrx_word' id='word_1_106' title='bbox 626 1747 786 1828; x_wconf 82' lang='lat' dir='ltr'>Arg.</span> <span class='ocrx_word' id='word_1_107' title='bbox 816 1746 915 1811; x_wconf 90' lang='lat' dir='ltr'>Ad</span> <span class='ocrx_word' id='word_1_108' title='bbox 934 1747 1385 1829; x_wconf 82' lang='lat' dir='ltr'>praedictornm</span> <span class='ocrx_word' id='word_1_109' title='bbox 1409 1747 1775 1829; x_wconf 82' lang='lat' dir='ltr'>intelligen-</span> 
     </span>
     <span class='ocr_line' id='line_1_17' title="bbox 225 1852 1775 1937; baseline -0.001 -19"><span class='ocrx_word' id='word_1_110' title='bbox 225 1853 383 1919; x_wconf 88' lang='lat' dir='ltr'>tiam</span> <span class='ocrx_word' id='word_1_111' title='bbox 423 1856 520 1918; x_wconf 82' lang='lat' dir='ltr'>est</span> <span class='ocrx_word' id='word_1_112' title='bbox 550 1853 931 1929; x_wconf 90' lang='lat' dir='ltr'>notandum,</span> <span class='ocrx_word' id='word_1_113' title='bbox 974 1853 1148 1935; x_wconf 89' lang='lat' dir='ltr'>quod</span> <span class='ocrx_word' id='word_1_114' title='bbox 1193 1855 1360 1918; x_wconf 88' lang='lat' dir='ltr'>circa</span> <span class='ocrx_word' id='word_1_115' title='bbox 1403 1852 1775 1937; x_wconf 85' lang='lat' dir='ltr'>productio-</span> 
     </span>
     <span class='ocr_line' id='line_1_18' title="bbox 227 1959 1777 2026; baseline 0 0"><span class='ocrx_word' id='word_1_116' title='bbox 227 1977 380 2026; x_wconf 88' lang='lat' dir='ltr'>nem</span> <span class='ocrx_word' id='word_1_117' title='bbox 428 1959 790 2024; x_wconf 89' lang='lat' dir='ltr'>animarum</span> <span class='ocrx_word' id='word_1_118' title='bbox 843 1959 1224 2024; x_wconf 89' lang='lat' dir='ltr'>animalium</span> <span class='ocrx_word' id='word_1_119' title='bbox 1275 1961 1631 2026; x_wconf 82' lang='lat' dir='ltr'><strong>brutalium</strong></span> <span class='ocrx_word' id='word_1_120' title='bbox 1674 1961 1777 2026; x_wconf 90' lang='lat' dir='ltr'>di·-</span> 
     </span>
     <span class='ocr_line' id='line_1_19' title="bbox 230 2068 1780 2151; baseline -0.001 -16"><span class='ocrx_word' id='word_1_121' title='bbox 230 2068 402 2136; x_wconf 88' lang='lat' dir='ltr'>versi</span> <span class='ocrx_word' id='word_1_122' title='bbox 446 2069 699 2134; x_wconf 88' lang='lat' dir='ltr'>diversa</span> <span class='ocrx_word' id='word_1_123' title='bbox 742 2068 983 2151; x_wconf 88' lang='lat' dir='ltr'>opinati</span> <span class='ocrx_word' id='word_1_124' title='bbox 1037 2073 1212 2134; x_wconf 89' lang='lat' dir='ltr'>sunt.</span> <span class='ocrx_word' id='word_1_125' title='bbox 1278 2069 1549 2147; x_wconf 82' lang='lat' dir='ltr'><strong>Quidam</strong></span> <span class='ocrx_word' id='word_1_126' title='bbox 1606 2070 1780 2133; x_wconf 92' lang='lat' dir='ltr'>enim</span> 
     </span>
     <span class='ocr_line' id='line_1_20' title="bbox 233 2175 1781 2259; baseline -0.001 -19"><span class='ocrx_word' id='word_1_127' title='bbox 233 2176 441 2241; x_wconf 90' lang='lat' dir='ltr'>dicere</span> <span class='ocrx_word' id='word_1_128' title='bbox 484 2175 869 2252; x_wconf 84' lang='lat' dir='ltr'>voluerunt,</span> <span class='ocrx_word' id='word_1_129' title='bbox 917 2176 1086 2259; x_wconf 89' lang='lat' dir='ltr'>quod</span> <span class='ocrx_word' id='word_1_130' title='bbox 1147 2177 1383 2241; x_wconf 74' lang='lat' dir='ltr'>animae</span> <span class='ocrx_word' id='word_1_131' title='bbox 1440 2178 1781 2241; x_wconf 81' lang='lat' dir='ltr'>brutorum</span> 
     </span>
     <span class='ocr_line' id='line_1_21' title="bbox 234 2282 1783 2366; baseline 0.001 -21"><span class='ocrx_word' id='word_1_132' title='bbox 234 2282 560 2365; x_wconf 82' lang='lat' dir='ltr'>productae</span> <span class='ocrx_word' id='word_1_133' title='bbox 604 2282 867 2346; x_wconf 84' lang='lat' dir='ltr'>fuerunt</span> <span class='ocrx_word' id='word_1_134' title='bbox 908 2300 992 2346; x_wconf 84' lang='lat' dir='ltr'>ex</span> <span class='ocrx_word' id='word_1_135' title='bbox 1039 2282 1265 2364; x_wconf 87' lang='lat' dir='ltr'>nihilo,</span> <span class='ocrx_word' id='word_1_136' title='bbox 1319 2284 1474 2366; x_wconf 88' lang='lat' dir='ltr'>quia</span> <span class='ocrx_word' id='word_1_137' title='bbox 1515 2302 1648 2348; x_wconf 92' lang='lat' dir='ltr'>non</span> <span class='ocrx_word' id='word_1_138' title='bbox 1700 2301 1783 2347; x_wconf 85' lang='lat' dir='ltr'>ex</span> 
     </span>
     <span class='ocr_line' id='line_1_22' title="bbox 234 2390 1783 2475; baseline 0.001 -21"><span class='ocrx_word' id='word_1_139' title='bbox 234 2390 451 2472; x_wconf 86' lang='lat' dir='ltr'>aliquo</span> <span class='ocrx_word' id='word_1_140' title='bbox 478 2390 906 2468; x_wconf 81' lang='lat' dir='ltr'>materialiter,</span> <span class='ocrx_word' id='word_1_141' title='bbox 953 2409 1071 2455; x_wconf 89' lang='lat' dir='ltr'>nec</span> <span class='ocrx_word' id='word_1_142' title='bbox 1114 2410 1197 2456; x_wconf 81' lang='lat' dir='ltr'>ex</span> <span class='ocrx_word' id='word_1_143' title='bbox 1242 2392 1458 2475; x_wconf 89' lang='lat' dir='ltr'>aliquo</span> <span class='ocrx_word' id='word_1_144' title='bbox 1499 2392 1783 2456; x_wconf 90' lang='lat' dir='ltr'>semina-</span> 
     </span>
     <span class='ocr_line' id='line_1_23' title="bbox 235 2496 1781 2581; baseline 0 -21"><span class='ocrx_word' id='word_1_145' title='bbox 235 2496 420 2560; x_wconf 84' lang='lat' dir='ltr'>liter:</span> <span class='ocrx_word' id='word_1_146' title='bbox 451 2514 582 2560; x_wconf 90' lang='lat' dir='ltr'>non</span> <span class='ocrx_word' id='word_1_147' title='bbox 626 2514 709 2560; x_wconf 83' lang='lat' dir='ltr'>ex</span> <span class='ocrx_word' id='word_1_148' title='bbox 747 2496 963 2579; x_wconf 89' lang='lat' dir='ltr'>aliquo</span> <span class='ocrx_word' id='word_1_149' title='bbox 991 2498 1423 2576; x_wconf 83' lang='lat' dir='ltr'>materialiter,</span> <span class='ocrx_word' id='word_1_150' title='bbox 1453 2499 1606 2581; x_wconf 87' lang='lat' dir='ltr'>quia</span> <span class='ocrx_word' id='word_1_151' title='bbox 1627 2501 1781 2562; x_wconf 89' lang='lat' dir='ltr'>sunt</span> 
     </span>
     <span class='ocr_line' id='line_1_24' title="bbox 237 2604 1782 2687; baseline 0.001 -20"><span class='ocrx_word' id='word_1_152' title='bbox 237 2605 465 2669; x_wconf 72' lang='lat' dir='ltr'>formae</span> <span class='ocrx_word' id='word_1_153' title='bbox 507 2621 732 2685; x_wconf 80' lang='lat' dir='ltr'>purae;</span> <span class='ocrx_word' id='word_1_154' title='bbox 777 2622 910 2667; x_wconf 92' lang='lat' dir='ltr'>non</span> <span class='ocrx_word' id='word_1_155' title='bbox 955 2623 1038 2668; x_wconf 83' lang='lat' dir='ltr'>ex</span> <span class='ocrx_word' id='word_1_156' title='bbox 1082 2605 1297 2687; x_wconf 90' lang='lat' dir='ltr'>aliquo</span> <span class='ocrx_word' id='word_1_157' title='bbox 1341 2604 1731 2670; x_wconf 88' lang='lat' dir='ltr'>seminaliter</span> <span class='ocrx_word' id='word_1_158' title='bbox 1764 2652 1782 2684; x_wconf 98' lang='lat'>,</span> 
     </span>
     <span class='ocr_line' id='line_1_25' title="bbox 239 2709 1790 2793; baseline 0.003 -22"><span class='ocrx_word' id='word_1_159' title='bbox 239 2711 395 2793; x_wconf 83' lang='lat' dir='ltr'>quia</span> <span class='ocrx_word' id='word_1_160' title='bbox 420 2728 550 2773; x_wconf 90' lang='lat' dir='ltr'>non</span> <span class='ocrx_word' id='word_1_161' title='bbox 576 2709 948 2774; x_wconf 86' lang='lat' dir='ltr'>habuerunt</span> <span class='ocrx_word' id='word_1_162' title='bbox 981 2710 1219 2793; x_wconf 91' lang='lat' dir='ltr'>aliquid</span> <span class='ocrx_word' id='word_1_163' title='bbox 1245 2713 1698 2793; x_wconf 71' lang='lat' dir='ltr'>praeexistens:</span> <span class='ocrx_word' id='word_1_164' title='bbox 1726 2714 1790 2775; x_wconf 90' lang='lat' dir='ltr'>et</span> 
     </span>
     <span class='ocr_line' id='line_1_26' title="bbox 241 2816 1790 2900; baseline 0.001 -20"><span class='ocrx_word' id='word_1_165' title='bbox 241 2817 386 2882; x_wconf 92' lang='lat' dir='ltr'>ideo</span> <span class='ocrx_word' id='word_1_166' title='bbox 427 2816 649 2880; x_wconf 88' lang='lat' dir='ltr'>dicunt</span> <span class='ocrx_word' id='word_1_167' title='bbox 691 2817 762 2879; x_wconf 93' lang='lat' dir='ltr'>in</span> <span class='ocrx_word' id='word_1_168' title='bbox 802 2818 1011 2900; x_wconf 87' lang='lat' dir='ltr'>prima</span> <span class='ocrx_word' id='word_1_169' title='bbox 1050 2818 1466 2900; x_wconf 89' lang='lat' dir='ltr'>productione</span> <span class='ocrx_word' id='word_1_170' title='bbox 1508 2838 1614 2884; x_wconf 88' lang='lat' dir='ltr'>eas</span> <span class='ocrx_word' id='word_1_171' title='bbox 1641 2819 1790 2883; x_wconf 90' lang='lat' dir='ltr'>sim-</span> 
     </span>
     <span class='ocr_line' id='line_1_27' title="bbox 242 2926 1793 3013; baseline 0.001 -22"><span class='ocrx_word' id='word_1_172' title='bbox 242 2927 492 3012; x_wconf 88' lang='lat' dir='ltr'>pliciter</span> <span class='ocrx_word' id='word_1_173' title='bbox 517 2926 712 2992; x_wconf 84' lang='lat' dir='ltr'>fuisse</span> <span class='ocrx_word' id='word_1_174' title='bbox 732 2932 1000 3007; x_wconf 86' lang='lat' dir='ltr'>creatas;</span> <span class='ocrx_word' id='word_1_175' title='bbox 1033 2928 1140 2993; x_wconf 90' lang='lat' dir='ltr'>sed</span> <span class='ocrx_word' id='word_1_176' title='bbox 1160 2928 1454 3011; x_wconf 84' lang='lat' dir='ltr'>deinceps</span> <span class='ocrx_word' id='word_1_177' title='bbox 1471 2930 1539 2993; x_wconf 90' lang='lat' dir='ltr'>in</span> <span class='ocrx_word' id='word_1_178' title='bbox 1560 2947 1793 3013; x_wconf 89' lang='lat' dir='ltr'>propa-</span> 
     </span>
     <span class='ocr_line' id='line_1_28' title="bbox 247 3035 1793 3123; baseline 0.005 -25"><span class='ocrx_word' id='word_1_179' title='bbox 247 3035 507 3118; x_wconf 82' lang='lat' dir='ltr'>gatione</span> <span class='ocrx_word' id='word_1_180' title='bbox 549 3053 682 3099; x_wconf 90' lang='lat' dir='ltr'>non</span> <span class='ocrx_word' id='word_1_181' title='bbox 739 3035 961 3099; x_wconf 86' lang='lat' dir='ltr'>dicunt</span> <span class='ocrx_word' id='word_1_182' title='bbox 1006 3054 1113 3101; x_wconf 89' lang='lat' dir='ltr'>eas</span> <span class='ocrx_word' id='word_1_183' title='bbox 1139 3036 1375 3117; x_wconf 87' lang='lat' dir='ltr'>creari,</span> <span class='ocrx_word' id='word_1_184' title='bbox 1425 3038 1535 3103; x_wconf 91' lang='lat' dir='ltr'>sed</span> <span class='ocrx_word' id='word_1_185' title='bbox 1578 3042 1793 3123; x_wconf 90' lang='lat' dir='ltr'>potius</span> 
     </span>
     <span class='ocr_line' id='line_1_29' title="bbox 247 3144 1794 3229; baseline 0.005 -23"><span class='ocrx_word' id='word_1_186' title='bbox 247 3144 519 3221; x_wconf 83' lang='lat' dir='ltr'>traduci,</span> <span class='ocrx_word' id='word_1_187' title='bbox 562 3162 695 3208; x_wconf 91' lang='lat' dir='ltr'>non</span> <span class='ocrx_word' id='word_1_188' title='bbox 743 3162 858 3226; x_wconf 89' lang='lat' dir='ltr'>per</span> <span class='ocrx_word' id='word_1_189' title='bbox 904 3144 1288 3210; x_wconf 84' lang='lat' dir='ltr'>decisionem</span> <span class='ocrx_word' id='word_1_190' title='bbox 1335 3148 1399 3209; x_wconf 85' lang='lat' dir='ltr'>et</span> <span class='ocrx_word' id='word_1_191' title='bbox 1447 3149 1794 3229; x_wconf 90' lang='lat' dir='ltr'>separatio-</span> 
     </span>
     <span class='ocr_line' id='line_1_30' title="bbox 249 3247 1795 3334; baseline 0.004 -24"><span class='ocrx_word' id='word_1_192' title='bbox 249 3265 403 3311; x_wconf 91' lang='lat' dir='ltr'>nem</span> <span class='ocrx_word' id='word_1_193' title='bbox 456 3247 655 3330; x_wconf 85' lang='lat' dir='ltr'>partis</span> <span class='ocrx_word' id='word_1_194' title='bbox 708 3248 943 3310; x_wconf 86' lang='lat' dir='ltr'>animae</span> <span class='ocrx_word' id='word_1_195' title='bbox 969 3295 988 3327; x_wconf 95' lang='lat'>,</span> <span class='ocrx_word' id='word_1_196' title='bbox 1056 3247 1166 3312; x_wconf 92' lang='lat' dir='ltr'>sed</span> <span class='ocrx_word' id='word_1_197' title='bbox 1229 3266 1345 3330; x_wconf 89' lang='lat' dir='ltr'>per</span> <span class='ocrx_word' id='word_1_198' title='bbox 1409 3249 1795 3334; x_wconf 87' lang='lat' dir='ltr'>multiplica-</span> 
     </span>
     <span class='ocr_line' id='line_1_31' title="bbox 250 3353 1797 3438; baseline 0.003 -19"><span class='ocrx_word' id='word_1_199' title='bbox 250 3355 515 3419; x_wconf 82' lang='lat' dir='ltr'>tionem.</span> <span class='ocrx_word' id='word_1_200' title='bbox 547 3353 728 3420; x_wconf 89' lang='lat' dir='ltr'>Sicut</span> <span class='ocrx_word' id='word_1_201' title='bbox 748 3354 920 3419; x_wconf 92' lang='lat' dir='ltr'>enim</span> <span class='ocrx_word' id='word_1_202' title='bbox 955 3353 1214 3418; x_wconf 90' lang='lat' dir='ltr'>candela</span> <span class='ocrx_word' id='word_1_203' title='bbox 1250 3373 1333 3419; x_wconf 83' lang='lat' dir='ltr'>ex</span> <span class='ocrx_word' id='word_1_204' title='bbox 1372 3373 1503 3438; x_wconf 83' lang='lat' dir='ltr'>quo</span> <span class='ocrx_word' id='word_1_205' title='bbox 1530 3375 1797 3424; x_wconf 88' lang='lat' dir='ltr'>accensa</span> 
     </span>
     <span class='ocr_line' id='line_1_32' title="bbox 249 3462 1798 3547; baseline 0.003 -19"><span class='ocrx_word' id='word_1_206' title='bbox 249 3468 349 3528; x_wconf 86' lang='lat' dir='ltr'>est</span> <span class='ocrx_word' id='word_1_207' title='bbox 377 3513 395 3543; x_wconf 96' lang='lat'>,</span> <span class='ocrx_word' id='word_1_208' title='bbox 457 3466 662 3547; x_wconf 86' lang='lat' dir='ltr'>potest</span> <span class='ocrx_word' id='word_1_209' title='bbox 719 3481 786 3527; x_wconf 93' lang='lat' dir='ltr'>se</span> <span class='ocrx_word' id='word_1_210' title='bbox 840 3462 1263 3546; x_wconf 88' lang='lat' dir='ltr'>multiplicare</span> <span class='ocrx_word' id='word_1_211' title='bbox 1324 3464 1462 3527; x_wconf 92' lang='lat' dir='ltr'>sine</span> <span class='ocrx_word' id='word_1_212' title='bbox 1519 3466 1624 3529; x_wconf 91' lang='lat' dir='ltr'>sui</span> <span class='ocrx_word' id='word_1_213' title='bbox 1691 3467 1798 3532; x_wconf 88' lang='lat' dir='ltr'>lu-</span> 
     </span>
     <span class='ocr_line' id='line_1_33' title="bbox 251 3569 1798 3650; baseline 0.004 -17"><span class='ocrx_word' id='word_1_214' title='bbox 251 3570 444 3634; x_wconf 85' lang='lat' dir='ltr'>minis</span> <span class='ocrx_word' id='word_1_215' title='bbox 482 3569 929 3650; x_wconf 87' lang='lat' dir='ltr'>diminutione,</span> <span class='ocrx_word' id='word_1_216' title='bbox 956 3570 1070 3650; x_wconf 89' lang='lat' dir='ltr'>sic,</span> <span class='ocrx_word' id='word_1_217' title='bbox 1099 3571 1299 3635; x_wconf 91' lang='lat' dir='ltr'>immo</span> <span class='ocrx_word' id='word_1_218' title='bbox 1336 3571 1540 3636; x_wconf 90' lang='lat' dir='ltr'>multo</span> <span class='ocrx_word' id='word_1_219' title='bbox 1572 3573 1798 3639; x_wconf 84' lang='lat' dir='ltr'>fortius</span> 
     </span>
     <span class='ocr_line' id='line_1_34' title="bbox 250 3677 1796 3761; baseline 0.003 -19"><span class='ocrx_word' id='word_1_220' title='bbox 250 3677 474 3742; x_wconf 85' lang='lat' dir='ltr'>dicunt</span> <span class='ocrx_word' id='word_1_221' title='bbox 511 3677 932 3742; x_wconf 79' lang='lat' dir='ltr'>substantiam</span> <span class='ocrx_word' id='word_1_222' title='bbox 976 3677 1376 3761; x_wconf 88' lang='lat' dir='ltr'>spiritualem</span> <span class='ocrx_word' id='word_1_223' title='bbox 1419 3697 1624 3761; x_wconf 91' lang='lat' dir='ltr'>posse.</span> <span class='ocrx_word' id='word_1_224' title='bbox 1681 3681 1796 3746; x_wconf 90' lang='lat' dir='ltr'>Se-</span> 
     </span>
     <span class='ocr_line' id='line_1_35' title="bbox 251 3785 1799 3871; baseline 0.003 -22"><span class='ocrx_word' id='word_1_225' title='bbox 251 3785 464 3850; x_wconf 89' lang='lat' dir='ltr'>cunda</span> <span class='ocrx_word' id='word_1_226' title='bbox 490 3786 719 3868; x_wconf 86' lang='lat' dir='ltr'>positio</span> <span class='ocrx_word' id='word_1_227' title='bbox 741 3790 835 3850; x_wconf 89' lang='lat' dir='ltr'>est</span> <span class='ocrx_word' id='word_1_228' title='bbox 850 3785 1007 3849; x_wconf 92' lang='lat' dir='ltr'>huic</span> <span class='ocrx_word' id='word_1_229' title='bbox 1034 3785 1266 3850; x_wconf 88' lang='lat' dir='ltr'>directe</span> <span class='ocrx_word' id='word_1_230' title='bbox 1285 3787 1595 3869; x_wconf 89' lang='lat' dir='ltr'>opposita,</span> <span class='ocrx_word' id='word_1_231' title='bbox 1627 3790 1799 3871; x_wconf 89' lang='lat' dir='ltr'>quod</span> 
     </span>
     <span class='ocr_line' id='line_1_36' title="bbox 252 3892 1799 3978; baseline 0.003 -22"><span class='ocrx_word' id='word_1_232' title='bbox 252 3893 490 3957; x_wconf 83' lang='lat' dir='ltr'>animae</span> <span class='ocrx_word' id='word_1_233' title='bbox 529 3894 874 3957; x_wconf 88' lang='lat' dir='ltr'>brutorum</span> <span class='ocrx_word' id='word_1_234' title='bbox 905 3892 1229 3977; x_wconf 84' lang='lat' dir='ltr'>productae</span> <span class='ocrx_word' id='word_1_235' title='bbox 1261 3897 1413 3957; x_wconf 88' lang='lat' dir='ltr'>sunt</span> <span class='ocrx_word' id='word_1_236' title='bbox 1459 3912 1540 3958; x_wconf 81' lang='lat' dir='ltr'>ex</span> <span class='ocrx_word' id='word_1_237' title='bbox 1584 3896 1799 3978; x_wconf 87' lang='lat' dir='ltr'>aliquo</span> 
     </span>
     <span class='ocr_line' id='line_1_37' title="bbox 254 4001 1801 4081; baseline 0.001 -16"><span class='ocrx_word' id='word_1_238' title='bbox 254 4001 687 4079; x_wconf 84' lang='lat' dir='ltr'>materialiter,</span> <span class='ocrx_word' id='word_1_239' title='bbox 710 4005 773 4066; x_wconf 86' lang='lat' dir='ltr'>et</span> <span class='ocrx_word' id='word_1_240' title='bbox 789 4001 1213 4066; x_wconf 85' lang='lat' dir='ltr'>seminaliter:</span> <span class='ocrx_word' id='word_1_241' title='bbox 1243 4002 1677 4081; x_wconf 82' lang='lat' dir='ltr'>materialiter,</span> <span class='ocrx_word' id='word_1_242' title='bbox 1705 4003 1801 4067; x_wconf 91' lang='lat' dir='ltr'>in·</span> 
     </span>
     <span class='ocr_line' id='line_1_38' title="bbox 252 4109 1803 4192; baseline 0.002 -20"><span class='ocrx_word' id='word_1_243' title='bbox 252 4126 475 4192; x_wconf 81' lang='lat' dir='ltr'>quam,</span> <span class='ocrx_word' id='word_1_244' title='bbox 512 4109 668 4191; x_wconf 89' lang='lat' dir='ltr'>quia</span> <span class='ocrx_word' id='word_1_245' title='bbox 703 4112 855 4174; x_wconf 86' lang='lat' dir='ltr'>sunt</span> <span class='ocrx_word' id='word_1_246' title='bbox 880 4109 1002 4174; x_wconf 90' lang='lat' dir='ltr'>hoc</span> <span class='ocrx_word' id='word_1_247' title='bbox 1027 4109 1289 4192; x_wconf 80' lang='lat' dir='ltr'>aliquid,</span> <span class='ocrx_word' id='word_1_248' title='bbox 1320 4127 1472 4172; x_wconf 89' lang='lat' dir='ltr'>cum</span> <span class='ocrx_word' id='word_1_249' title='bbox 1499 4111 1803 4192; x_wconf 83' lang='lat' dir='ltr'>quaelibet</span> 
     </span>
     <span class='ocr_line' id='line_1_39' title="bbox 254 4215 1800 4295; baseline 0.002 -15"><span class='ocrx_word' id='word_1_250' title='bbox 254 4233 480 4280; x_wconf 88' lang='lat' dir='ltr'>earum</span> <span class='ocrx_word' id='word_1_251' title='bbox 505 4216 587 4279; x_wconf 84' lang='lat' dir='ltr'>sit</span> <span class='ocrx_word' id='word_1_252' title='bbox 613 4217 850 4280; x_wconf 83' lang='lat' dir='ltr'>motrix</span> <span class='ocrx_word' id='word_1_253' title='bbox 885 4215 1231 4295; x_wconf 81' lang='lat' dir='ltr'>sufficiens,</span> <span class='ocrx_word' id='word_1_254' title='bbox 1263 4219 1328 4281; x_wconf 84' lang='lat' dir='ltr'>et</span> <span class='ocrx_word' id='word_1_255' title='bbox 1357 4216 1500 4281; x_wconf 92' lang='lat' dir='ltr'>ideo</span> <span class='ocrx_word' id='word_1_256' title='bbox 1541 4236 1624 4282; x_wconf 84' lang='lat' dir='ltr'>ex</span> <span class='ocrx_word' id='word_1_257' title='bbox 1661 4237 1800 4283; x_wconf 88' lang='lat' dir='ltr'>ma·</span> 
     </span>
     <span class='ocr_line' id='line_1_40' title="bbox 254 4323 1803 4389; baseline 0.001 -1"><span class='ocrx_word' id='word_1_258' title='bbox 254 4324 417 4388; x_wconf 88' lang='lat' dir='ltr'>teria</span> <span class='ocrx_word' id='word_1_259' title='bbox 445 4327 508 4388; x_wconf 88' lang='lat' dir='ltr'>et</span> <span class='ocrx_word' id='word_1_260' title='bbox 532 4323 737 4387; x_wconf 82' lang='lat' dir='ltr'>forma</span> <span class='ocrx_word' id='word_1_261' title='bbox 753 4324 974 4389; x_wconf 85' lang='lat' dir='ltr'>dicunt</span> <span class='ocrx_word' id='word_1_262' title='bbox 990 4342 1100 4387; x_wconf 87' lang='lat' dir='ltr'>eas</span> <span class='ocrx_word' id='word_1_263' title='bbox 1127 4328 1453 4388; x_wconf 86' lang='lat' dir='ltr'>constare:</span> <span class='ocrx_word' id='word_1_264' title='bbox 1480 4324 1655 4388; x_wconf 89' lang='lat' dir='ltr'>illam</span> <span class='ocrx_word' id='word_1_265' title='bbox 1682 4342 1803 4389; x_wconf 88' lang='lat' dir='ltr'>au·</span> 
     </span>
     <span class='ocr_line' id='line_1_41' title="bbox 257 4431 1803 4515; baseline 0.001 -20"><span class='ocrx_word' id='word_1_266' title='bbox 257 4434 389 4495; x_wconf 92' lang='lat' dir='ltr'>tem</span> <span class='ocrx_word' id='word_1_267' title='bbox 416 4431 747 4496; x_wconf 89' lang='lat' dir='ltr'>materiam</span> <span class='ocrx_word' id='word_1_268' title='bbox 770 4432 990 4496; x_wconf 91' lang='lat' dir='ltr'>dicunt</span> <span class='ocrx_word' id='word_1_269' title='bbox 1014 4450 1149 4496; x_wconf 86' lang='lat' dir='ltr'>esse</span> <span class='ocrx_word' id='word_1_270' title='bbox 1176 4431 1597 4515; x_wconf 89' lang='lat' dir='ltr'>spiritualem,</span> <span class='ocrx_word' id='word_1_271' title='bbox 1624 4433 1803 4497; x_wconf 89' lang='lat' dir='ltr'>inse—-</span> 
     </span>
     <span class='ocr_line' id='line_1_42' title="bbox 258 4536 1805 4621; baseline 0.002 -21"><span class='ocrx_word' id='word_1_272' title='bbox 258 4536 622 4620; x_wconf 86' lang='lat' dir='ltr'>parabiliter</span> <span class='ocrx_word' id='word_1_273' title='bbox 633 4540 929 4620; x_wconf 76' lang='lat' dir='ltr'>Junctam</span> <span class='ocrx_word' id='word_1_274' title='bbox 948 4538 1259 4621; x_wconf 88' lang='lat' dir='ltr'>corporali</span> <span class='ocrx_word' id='word_1_275' title='bbox 1277 4538 1564 4602; x_wconf 84' lang='lat' dir='ltr'>materiae</span> <span class='ocrx_word' id='word_1_276' title='bbox 1594 4560 1608 4602; x_wconf 93' lang='lat'>:</span> <span class='ocrx_word' id='word_1_277' title='bbox 1631 4539 1805 4604; x_wconf 91' lang='lat' dir='ltr'>unde</span> 
     </span>
     <span class='ocr_line' id='line_1_43' title="bbox 260 4644 1807 4730; baseline 0.003 -23"><span class='ocrx_word' id='word_1_278' title='bbox 260 4644 427 4708; x_wconf 86' lang='lat' dir='ltr'>sicut</span> <span class='ocrx_word' id='word_1_279' title='bbox 465 4664 549 4710; x_wconf 85' lang='lat' dir='ltr'>ex</span> <span class='ocrx_word' id='word_1_280' title='bbox 574 4646 882 4729; x_wconf 87' lang='lat' dir='ltr'>corporali</span> <span class='ocrx_word' id='word_1_281' title='bbox 903 4646 1168 4710; x_wconf 86' lang='lat' dir='ltr'>materia</span> <span class='ocrx_word' id='word_1_282' title='bbox 1196 4646 1642 4730; x_wconf 87' lang='lat' dir='ltr'>producuntur</span> <span class='ocrx_word' id='word_1_283' title='bbox 1668 4663 1807 4711; x_wconf 89' lang='lat' dir='ltr'>cor-</span> 
     </span>
     <span class='ocr_line' id='line_1_44' title="bbox 261 4752 1805 4837; baseline 0 -20"><span class='ocrx_word' id='word_1_284' title='bbox 261 4769 420 4835; x_wconf 84' lang='lat' dir='ltr'>pora</span> <span class='ocrx_word' id='word_1_285' title='bbox 466 4752 842 4817; x_wconf 83' lang='lat' dir='ltr'>animalium</span> <span class='ocrx_word' id='word_1_286' title='bbox 862 4802 880 4832; x_wconf 94' lang='lat'>,</span> <span class='ocrx_word' id='word_1_287' title='bbox 926 4753 1017 4817; x_wconf 88' lang='lat' dir='ltr'>sic</span> <span class='ocrx_word' id='word_1_288' title='bbox 1054 4771 1138 4818; x_wconf 83' lang='lat' dir='ltr'>ex</span> <span class='ocrx_word' id='word_1_289' title='bbox 1184 4755 1454 4820; x_wconf 84' lang='lat' dir='ltr'>materia</span> <span class='ocrx_word' id='word_1_290' title='bbox 1489 4752 1805 4837; x_wconf 87' lang='lat' dir='ltr'>spirituali</span> 
     </span>
     <span class='ocr_line' id='line_1_45' title="bbox 263 4860 1806 4946; baseline 0 -22"><span class='ocrx_word' id='word_1_291' title='bbox 263 4860 389 4924; x_wconf 88' lang='lat' dir='ltr'>sibi</span> <span class='ocrx_word' id='word_1_292' title='bbox 416 4880 694 4940; x_wconf 85' lang='lat' dir='ltr'>annexa,</span> <span class='ocrx_word' id='word_1_293' title='bbox 719 4866 795 4926; x_wconf 87' lang='lat' dir='ltr'>ut</span> <span class='ocrx_word' id='word_1_294' title='bbox 828 4862 1069 4942; x_wconf 88' lang='lat' dir='ltr'>dicunt,</span> <span class='ocrx_word' id='word_1_295' title='bbox 1102 4864 1176 4926; x_wconf 82' lang='lat' dir='ltr'>nt</span> <span class='ocrx_word' id='word_1_296' title='bbox 1201 4862 1530 4946; x_wconf 88' lang='lat' dir='ltr'>productio</span> <span class='ocrx_word' id='word_1_297' title='bbox 1557 4862 1806 4925; x_wconf 90' lang='lat' dir='ltr'>anima·</span> 
     </span>
     <span class='ocr_line' id='line_1_46' title="bbox 264 4967 1809 5051; baseline 0.001 -18"><span class='ocrx_word' id='word_1_298' title='bbox 264 4985 415 5033; x_wconf 91' lang='lat' dir='ltr'>rum</span> <span class='ocrx_word' id='word_1_299' title='bbox 449 4991 464 5034; x_wconf 88' lang='lat'><strong>:</strong></span> <span class='ocrx_word' id='word_1_300' title='bbox 498 4972 563 5034; x_wconf 88' lang='lat' dir='ltr'>et</span> <span class='ocrx_word' id='word_1_301' title='bbox 606 4969 697 5033; x_wconf 86' lang='lat' dir='ltr'>sic</span> <span class='ocrx_word' id='word_1_302' title='bbox 730 4969 879 5034; x_wconf 80' lang='lat' dir='ltr'>fecit</span> <span class='ocrx_word' id='word_1_303' title='bbox 918 4967 1086 5033; x_wconf 91' lang='lat' dir='ltr'>Deus</span> <span class='ocrx_word' id='word_1_304' title='bbox 1121 4987 1162 5031; x_wconf 91' lang='lat' dir='ltr'>a</span> <span class='ocrx_word' id='word_1_305' title='bbox 1191 4967 1573 5051; x_wconf 83' lang='lat' dir='ltr'>&#39;primordi0,</span> <span class='ocrx_word' id='word_1_306' title='bbox 1615 4972 1681 5033; x_wconf 85' lang='lat' dir='ltr'>et</span> <span class='ocrx_word' id='word_1_307' title='bbox 1718 4969 1809 5034; x_wconf 88' lang='lat' dir='ltr'>sic</span> 
     </span>
     <span class='ocr_line' id='line_1_47' title="bbox 266 5075 1806 5157; baseline 0 -16"><span class='ocrx_word' id='word_1_308' title='bbox 266 5077 459 5141; x_wconf 85' lang='lat' dir='ltr'>etiam</span> <span class='ocrx_word' id='word_1_309' title='bbox 483 5077 630 5141; x_wconf 74' lang='lat' dir='ltr'>facit</span> <span class='ocrx_word' id='word_1_310' title='bbox 654 5095 831 5141; x_wconf 90' lang='lat' dir='ltr'>nnnc</span> <span class='ocrx_word' id='word_1_311' title='bbox 855 5081 1108 5141; x_wconf 87' lang='lat' dir='ltr'>natura.</span> <span class='ocrx_word' id='word_1_312' title='bbox 1139 5075 1251 5141; x_wconf 91' lang='lat' dir='ltr'>Illa</span> <span class='ocrx_word' id='word_1_313' title='bbox 1273 5082 1491 5141; x_wconf 90' lang='lat' dir='ltr'>autem</span> <span class='ocrx_word' id='word_1_314' title='bbox 1514 5077 1806 5157; x_wconf 82' lang='lat' dir='ltr'>materia,</span> 
     </span>
     <span class='ocr_line' id='line_1_48' title="bbox 267 5184 1808 5268; baseline 0.001 -21"><span class='ocrx_word' id='word_1_315' title='bbox 267 5200 418 5247; x_wconf 90' lang='lat' dir='ltr'>cum</span> <span class='ocrx_word' id='word_1_316' title='bbox 437 5185 801 5267; x_wconf 66' lang='lat' dir='ltr'>praeexistat</span> <span class='ocrx_word' id='word_1_317' title='bbox 825 5184 1073 5264; x_wconf 81' lang='lat' dir='ltr'>formae,</span> <span class='ocrx_word' id='word_1_318' title='bbox 1101 5185 1525 5248; x_wconf 87' lang='lat' dir='ltr'>seminarium</span> <span class='ocrx_word' id='word_1_319' title='bbox 1575 5188 1671 5249; x_wconf 88' lang='lat' dir='ltr'>est</span> <span class='ocrx_word' id='word_1_320' title='bbox 1708 5185 1808 5268; x_wconf 88' lang='lat' dir='ltr'>ip-</span> 
     </span>
     <span class='ocr_line' id='line_1_49' title="bbox 268 5291 1809 5376; baseline 0.002 -20"><span class='ocrx_word' id='word_1_321' title='bbox 268 5291 403 5356; x_wconf 84' lang='lat' dir='ltr'>sius</span> <span class='ocrx_word' id='word_1_322' title='bbox 433 5314 449 5356; x_wconf 78' lang='lat' dir='ltr'><strong><em>z</em></strong></span> <span class='ocrx_word' id='word_1_323' title='bbox 478 5291 658 5356; x_wconf 84' lang='lat' dir='ltr'>etsie</span> <span class='ocrx_word' id='word_1_324' title='bbox 680 5291 900 5356; x_wconf 89' lang='lat' dir='ltr'>dicunt</span> <span class='ocrx_word' id='word_1_325' title='bbox 924 5293 1173 5356; x_wconf 90' lang='lat' dir='ltr'>animas</span> <span class='ocrx_word' id='word_1_326' title='bbox 1197 5293 1337 5357; x_wconf 88' lang='lat' dir='ltr'>illas</span> <span class='ocrx_word' id='word_1_327' title='bbox 1359 5292 1650 5376; x_wconf 86' lang='lat' dir='ltr'>produci,</span> <span class='ocrx_word' id='word_1_328' title='bbox 1676 5311 1809 5358; x_wconf 87' lang='lat' dir='ltr'>non</span> 
     </span>
     <span class='ocr_line' id='line_1_50' title="bbox 269 5398 1807 5480; baseline 0.001 -17"><span class='ocrx_word' id='word_1_329' title='bbox 269 5400 522 5464; x_wconf 86' lang='lat' dir='ltr'>tantum</span> <span class='ocrx_word' id='word_1_330' title='bbox 546 5398 977 5479; x_wconf 82' lang='lat' dir='ltr'>materialiter,</span> <span class='ocrx_word' id='word_1_331' title='bbox 1017 5398 1128 5464; x_wconf 90' lang='lat' dir='ltr'>sed</span> <span class='ocrx_word' id='word_1_332' title='bbox 1165 5400 1361 5466; x_wconf 88' lang='lat' dir='ltr'>etiam</span> <span class='ocrx_word' id='word_1_333' title='bbox 1394 5400 1807 5480; x_wconf 81' lang='lat' dir='ltr'>seminaliter,</span> 
     </span>
    </p>

    <p class='ocr_par' dir='ltr' id='par_1_11' title="bbox 337 5524 1251 5590">
     <span class='ocr_line' id='line_1_51' title="bbox 337 5524 1251 5590; baseline 0 -15"><span class='ocrx_word' id='word_1_334' title='bbox 337 5526 551 5588; x_wconf 64' lang='grc' dir='ltr'>ιΔι’ἰιιῐ.,</span> <span class='ocrx_word' id='word_1_335' title='bbox 586 5525 778 5590; x_wconf 73' lang='lat' dir='ltr'>Physic.</span> <span class='ocrx_word' id='word_1_336' title='bbox 810 5524 905 5574; x_wconf 86' lang='lat' dir='ltr'>lib.</span> <span class='ocrx_word' id='word_1_337' title='bbox 932 5525 980 5589; x_wconf 90' lang='lat' dir='ltr'>l,</span> <span class='ocrx_word' id='word_1_338' title='bbox 1009 5528 1147 5576; x_wconf 79' lang='lat' dir='ltr'>cont.</span> <span class='ocrx_word' id='word_1_339' title='bbox 1172 5527 1251 5576; x_wconf 72' lang='lat'>82.</span> 
     </span>
    </p>
   </div>
   <div class='ocr_carea' id='block_1_10' title="bbox 1874 1316 3438 2367">
    <p class='ocr_par' dir='ltr' id='par_1_12' title="bbox 1874 1316 3438 2367">
     <span class='ocr_line' id='line_1_52' title="bbox 1874 1316 3426 1401; baseline 0 -20"><span class='ocrx_word' id='word_1_340' title='bbox 1874 1336 2008 1381; x_wconf 93' lang='lat' dir='ltr'>non</span> <span class='ocrx_word' id='word_1_341' title='bbox 2034 1318 2456 1382; x_wconf 84' lang='lat' dir='ltr'>seminaliter:</span> <span class='ocrx_word' id='word_1_342' title='bbox 2478 1316 2907 1397; x_wconf 85' lang='lat' dir='ltr'>materialiter,</span> <span class='ocrx_word' id='word_1_343' title='bbox 2929 1317 3221 1401; x_wconf 87' lang='lat' dir='ltr'>inquam,</span> <span class='ocrx_word' id='word_1_344' title='bbox 3251 1317 3426 1401; x_wconf 87' lang='lat' dir='ltr'>quod</span> 
     </span>
     <span class='ocr_line' id='line_1_53' title="bbox 1877 1424 3426 1502; baseline -0.001 -13"><span class='ocrx_word' id='word_1_345' title='bbox 1877 1428 2168 1490; x_wconf 86' lang='lat' dir='ltr'>constant</span> <span class='ocrx_word' id='word_1_346' title='bbox 2210 1443 2294 1489; x_wconf 82' lang='lat' dir='ltr'>ex</span> <span class='ocrx_word' id='word_1_347' title='bbox 2334 1425 2600 1489; x_wconf 87' lang='lat' dir='ltr'>materia</span> <span class='ocrx_word' id='word_1_348' title='bbox 2646 1428 2709 1488; x_wconf 87' lang='lat' dir='ltr'>et</span> <span class='ocrx_word' id='word_1_349' title='bbox 2743 1424 2984 1502; x_wconf 80' lang='lat' dir='ltr'>forma3</span> <span class='ocrx_word' id='word_1_350' title='bbox 3029 1440 3163 1488; x_wconf 90' lang='lat' dir='ltr'>non</span> <span class='ocrx_word' id='word_1_351' title='bbox 3208 1426 3426 1487; x_wconf 92' lang='lat' dir='ltr'>autem</span> 
     </span>
     <span class='ocr_line' id='line_1_54' title="bbox 1878 1532 3430 1616; baseline -0.001 -19"><span class='ocrx_word' id='word_1_352' title='bbox 1878 1533 2288 1614; x_wconf 85' lang='lat' dir='ltr'>seminaliter,</span> <span class='ocrx_word' id='word_1_353' title='bbox 2321 1535 2474 1616; x_wconf 88' lang='lat' dir='ltr'>quia</span> <span class='ocrx_word' id='word_1_354' title='bbox 2498 1532 2765 1598; x_wconf 84' lang='lat' dir='ltr'>materia</span> <span class='ocrx_word' id='word_1_355' title='bbox 2787 1532 2897 1597; x_wconf 87' lang='lat' dir='ltr'>illa</span> <span class='ocrx_word' id='word_1_356' title='bbox 2922 1551 3056 1598; x_wconf 89' lang='lat' dir='ltr'>nou</span> <span class='ocrx_word' id='word_1_357' title='bbox 3082 1532 3430 1616; x_wconf 57' lang='lat' dir='ltr'>praeexistit</span> 
     </span>
     <span class='ocr_line' id='line_1_55' title="bbox 1878 1638 3428 1724; baseline 0 -20"><span class='ocrx_word' id='word_1_358' title='bbox 1878 1640 2104 1704; x_wconf 81' lang='lat' dir='ltr'>formae</span> <span class='ocrx_word' id='word_1_359' title='bbox 2136 1643 2445 1723; x_wconf 89' lang='lat' dir='ltr'>tanquam</span> <span class='ocrx_word' id='word_1_360' title='bbox 2471 1658 2692 1704; x_wconf 89' lang='lat' dir='ltr'>semen</span> <span class='ocrx_word' id='word_1_361' title='bbox 2721 1638 2802 1721; x_wconf 92' lang='lat' dir='ltr'>ei,</span> <span class='ocrx_word' id='word_1_362' title='bbox 2843 1639 3017 1723; x_wconf 86' lang='lat' dir='ltr'>quod</span> <span class='ocrx_word' id='word_1_363' title='bbox 3061 1658 3145 1704; x_wconf 84' lang='lat' dir='ltr'>ex</span> <span class='ocrx_word' id='word_1_364' title='bbox 3173 1658 3250 1704; x_wconf 94' lang='lat' dir='ltr'>eo</span> <span class='ocrx_word' id='word_1_365' title='bbox 3276 1657 3428 1724; x_wconf 89' lang='lat' dir='ltr'>pro-</span> 
     </span>
     <span class='ocr_line' id='line_1_56' title="bbox 1883 1745 3432 1826; baseline 0 -15"><span class='ocrx_word' id='word_1_366' title='bbox 1883 1747 2252 1811; x_wconf 89' lang='lat' dir='ltr'>ducendum</span> <span class='ocrx_word' id='word_1_367' title='bbox 2292 1750 2407 1826; x_wconf 87' lang='lat' dir='ltr'>est,</span> <span class='ocrx_word' id='word_1_368' title='bbox 2452 1746 2561 1811; x_wconf 91' lang='lat' dir='ltr'>sed</span> <span class='ocrx_word' id='word_1_369' title='bbox 2603 1766 2755 1812; x_wconf 91' lang='lat' dir='ltr'>cum</span> <span class='ocrx_word' id='word_1_370' title='bbox 2790 1745 2900 1810; x_wconf 88' lang='lat' dir='ltr'>illa</span> <span class='ocrx_word' id='word_1_371' title='bbox 2942 1750 3338 1826; x_wconf 89' lang='lat' dir='ltr'>concreatur,</span> <span class='ocrx_word' id='word_1_372' title='bbox 3366 1749 3432 1811; x_wconf 86' lang='lat' dir='ltr'>et</span> 
     </span>
     <span class='ocr_line' id='line_1_57' title="bbox 1884 1853 3432 1920; baseline 0 -2"><span class='ocrx_word' id='word_1_373' title='bbox 1884 1873 2035 1918; x_wconf 90' lang='lat' dir='ltr'>cum</span> <span class='ocrx_word' id='word_1_374' title='bbox 2063 1854 2171 1917; x_wconf 89' lang='lat' dir='ltr'>illa</span> <span class='ocrx_word' id='word_1_375' title='bbox 2195 1854 2542 1918; x_wconf 86' lang='lat' dir='ltr'>destruitur</span> <span class='ocrx_word' id='word_1_376' title='bbox 2569 1877 2585 1918; x_wconf 91' lang='lat'><strong>:</strong></span> <span class='ocrx_word' id='word_1_377' title='bbox 2612 1858 2677 1918; x_wconf 89' lang='lat' dir='ltr'>et</span> <span class='ocrx_word' id='word_1_378' title='bbox 2702 1853 2774 1919; x_wconf 93' lang='lat' dir='ltr'>hi</span> <span class='ocrx_word' id='word_1_379' title='bbox 2791 1854 3013 1919; x_wconf 88' lang='lat' dir='ltr'>dicunt</span> <span class='ocrx_word' id='word_1_380' title='bbox 3038 1873 3262 1920; x_wconf 63' lang='lat' dir='ltr'>omnes</span> <span class='ocrx_word' id='word_1_381' title='bbox 3289 1854 3432 1919; x_wconf 90' lang='lat' dir='ltr'>ani-</span> 
     </span>
     <span class='ocr_line' id='line_1_58' title="bbox 1885 1960 3431 2045; baseline 0.002 -22"><span class='ocrx_word' id='word_1_382' title='bbox 1885 1977 2025 2023; x_wconf 89' lang='lat' dir='ltr'>mas</span> <span class='ocrx_word' id='word_1_383' title='bbox 2051 1960 2376 2025; x_wconf 88' lang='lat' dir='ltr'>sensibiles</span> <span class='ocrx_word' id='word_1_384' title='bbox 2415 1979 2548 2025; x_wconf 91' lang='lat' dir='ltr'>non</span> <span class='ocrx_word' id='word_1_385' title='bbox 2590 1961 2799 2025; x_wconf 90' lang='lat' dir='ltr'>solum</span> <span class='ocrx_word' id='word_1_386' title='bbox 2829 1980 2871 2025; x_wconf 92' lang='lat' dir='ltr'>a</span> <span class='ocrx_word' id='word_1_387' title='bbox 2917 1960 3291 2045; x_wconf 91' lang='lat' dir='ltr'>primordio,</span> <span class='ocrx_word' id='word_1_388' title='bbox 3321 1961 3431 2026; x_wconf 90' lang='lat' dir='ltr'>sed</span> 
     </span>
     <span class='ocr_line' id='line_1_59' title="bbox 1886 2065 3430 2148; baseline 0.001 -17"><span class='ocrx_word' id='word_1_389' title='bbox 1886 2067 2082 2132; x_wconf 87' lang='lat' dir='ltr'>etiam</span> <span class='ocrx_word' id='word_1_390' title='bbox 2116 2085 2292 2131; x_wconf 89' lang='lat' dir='ltr'>nunc</span> <span class='ocrx_word' id='word_1_391' title='bbox 2313 2085 2448 2131; x_wconf 89' lang='lat' dir='ltr'>esse</span> <span class='ocrx_word' id='word_1_392' title='bbox 2475 2086 2516 2130; x_wconf 93' lang='lat' dir='ltr'>a</span> <span class='ocrx_word' id='word_1_393' title='bbox 2557 2065 2882 2148; x_wconf 88' lang='lat' dir='ltr'>Creatore;</span> <span class='ocrx_word' id='word_1_394' title='bbox 2923 2087 3043 2132; x_wconf 91' lang='lat' dir='ltr'>nec</span> <span class='ocrx_word' id='word_1_395' title='bbox 3075 2072 3291 2132; x_wconf 90' lang='lat' dir='ltr'>tamen</span> <span class='ocrx_word' id='word_1_396' title='bbox 3330 2068 3430 2132; x_wconf 90' lang='lat' dir='ltr'>iu-</span> 
     </span>
     <span class='ocr_line' id='line_1_60' title="bbox 1889 2173 3434 2256; baseline 0.003 -19"><span class='ocrx_word' id='word_1_397' title='bbox 1889 2173 2349 2255; x_wconf 80' lang='lat' dir='ltr'>corruptibileS,</span> <span class='ocrx_word' id='word_1_398' title='bbox 2383 2174 2537 2256; x_wconf 86' lang='lat' dir='ltr'>quia</span> <span class='ocrx_word' id='word_1_399' title='bbox 2557 2173 2694 2256; x_wconf 92' lang='lat' dir='ltr'>ipse</span> <span class='ocrx_word' id='word_1_400' title='bbox 2733 2173 2990 2238; x_wconf 88' lang='lat' dir='ltr'>Creator</span> <span class='ocrx_word' id='word_1_401' title='bbox 3032 2175 3141 2240; x_wconf 89' lang='lat' dir='ltr'>dat</span> <span class='ocrx_word' id='word_1_402' title='bbox 3175 2177 3434 2241; x_wconf 88' lang='lat' dir='ltr'>unicui-</span> 
     </span>
     <span class='ocr_line' id='line_1_61' title="bbox 1889 2279 3438 2367; baseline 0.003 -24"><span class='ocrx_word' id='word_1_403' title='bbox 1889 2297 2017 2361; x_wconf 87' lang='lat' dir='ltr'>que</span> <span class='ocrx_word' id='word_1_404' title='bbox 2051 2279 2458 2344; x_wconf 89' lang='lat' dir='ltr'>durationem</span> <span class='ocrx_word' id='word_1_405' title='bbox 2503 2280 2858 2345; x_wconf 90' lang='lat' dir='ltr'>secundum</span> <span class='ocrx_word' id='word_1_406' title='bbox 2908 2282 3082 2364; x_wconf 85' lang='lat' dir='ltr'>quod</span> <span class='ocrx_word' id='word_1_407' title='bbox 3136 2284 3438 2367; x_wconf 84' lang='lat' dir='ltr'>competit</span> 
     </span>
    </p>
   </div>
   <div class='ocr_carea' id='block_1_11' title="bbox 1890 2386 3662 2478">
    <p class='ocr_par' dir='ltr' id='par_1_13' title="bbox 1890 2386 3662 2478">
     <span class='ocr_line' id='line_1_62' title="bbox 1890 2386 3662 2478; baseline 0.003 -26"><span class='ocrx_word' id='word_1_408' title='bbox 1890 2390 2032 2468; x_wconf 76' lang='lat' dir='ltr'>eJus</span> <span class='ocrx_word' id='word_1_409' title='bbox 2057 2390 2332 2452; x_wconf 85' lang='lat' dir='ltr'>naturae.</span> <span class='ocrx_word' id='word_1_410' title='bbox 2364 2386 2487 2452; x_wconf 91' lang='lat' dir='ltr'>Sed</span> <span class='ocrx_word' id='word_1_411' title='bbox 2528 2388 2832 2470; x_wconf 87' lang='lat' dir='ltr'>quoniam</span> <span class='ocrx_word' id='word_1_412' title='bbox 2859 2407 3082 2454; x_wconf 89' lang='lat' dir='ltr'>omnes</span> <span class='ocrx_word' id='word_1_413' title='bbox 3124 2390 3230 2455; x_wconf 81' lang='lat' dir='ltr'>hae</span> <span class='ocrx_word' id='word_1_414' title='bbox 3265 2393 3436 2475; x_wconf 87' lang='lat' dir='ltr'>posi·</span> <span class='ocrx_word' id='word_1_415' title='bbox 3468 2421 3662 2478; x_wconf 54' lang='lat' dir='ltr'>mm»,</span> 
     </span>
    </p>
   </div>
   <div class='ocr_carea' id='block_1_12' title="bbox 1891 2493 3465 5592">
    <p class='ocr_par' dir='ltr' id='par_1_14' title="bbox 1891 2493 3465 5592">
     <span class='ocr_line' id='line_1_63' title="bbox 1891 2493 3438 2581; baseline 0.001 -22"><span class='ocrx_word' id='word_1_416' title='bbox 1891 2493 2100 2559; x_wconf 85' lang='lat' dir='ltr'>tiones</span> <span class='ocrx_word' id='word_1_417' title='bbox 2125 2494 2365 2577; x_wconf 88' lang='lat' dir='ltr'>aliquid</span> <span class='ocrx_word' id='word_1_418' title='bbox 2391 2494 2612 2560; x_wconf 89' lang='lat' dir='ltr'>dicunt</span> <span class='ocrx_word' id='word_1_419' title='bbox 2638 2495 3101 2578; x_wconf 87' lang='lat' dir='ltr'>improbabile:</span> <span class='ocrx_word' id='word_1_420' title='bbox 3129 2515 3280 2561; x_wconf 89' lang='lat' dir='ltr'>nam</span> <span class='ocrx_word' id='word_1_421' title='bbox 3306 2498 3438 2581; x_wconf 92' lang='lat' dir='ltr'>pri-</span> 
     </span>
     <span class='ocr_line' id='line_1_64' title="bbox 1894 2600 3444 2686; baseline 0.003 -22"><span class='ocrx_word' id='word_1_422' title='bbox 1894 2620 2004 2665; x_wconf 89' lang='lat' dir='ltr'>ma</span> <span class='ocrx_word' id='word_1_423' title='bbox 2029 2601 2204 2682; x_wconf 89' lang='lat' dir='ltr'>dicit,</span> <span class='ocrx_word' id='word_1_424' title='bbox 2237 2600 2409 2684; x_wconf 86' lang='lat' dir='ltr'>quod</span> <span class='ocrx_word' id='word_1_425' title='bbox 2438 2602 2656 2665; x_wconf 90' lang='lat' dir='ltr'>anima</span> <span class='ocrx_word' id='word_1_426' title='bbox 2679 2603 2951 2684; x_wconf 91' lang='lat' dir='ltr'>seipsam</span> <span class='ocrx_word' id='word_1_427' title='bbox 2971 2603 3349 2686; x_wconf 88' lang='lat' dir='ltr'>multiplicat</span> <span class='ocrx_word' id='word_1_428' title='bbox 3379 2608 3444 2670; x_wconf 91' lang='lat' dir='ltr'>et</span> 
     </span>
     <span class='ocr_line' id='line_1_65' title="bbox 1895 2710 3441 2793; baseline 0.003 -20"><span class='ocrx_word' id='word_1_429' title='bbox 1895 2710 2304 2787; x_wconf 76' lang='lat' dir='ltr'>transfundit,</span> <span class='ocrx_word' id='word_1_430' title='bbox 2333 2710 2424 2773; x_wconf 88' lang='lat' dir='ltr'>ita</span> <span class='ocrx_word' id='word_1_431' title='bbox 2448 2715 2666 2774; x_wconf 84' lang='lat' dir='ltr'>tamen</span> <span class='ocrx_word' id='word_1_432' title='bbox 2694 2710 2865 2793; x_wconf 90' lang='lat' dir='ltr'>quod</span> <span class='ocrx_word' id='word_1_433' title='bbox 2892 2710 3112 2776; x_wconf 90' lang='lat' dir='ltr'>anima</span> <span class='ocrx_word' id='word_1_434' title='bbox 3157 2732 3290 2777; x_wconf 92' lang='lat' dir='ltr'>non</span> <span class='ocrx_word' id='word_1_435' title='bbox 3316 2712 3441 2778; x_wconf 87' lang='lat' dir='ltr'>ha-</span> 
     </span>
     <span class='ocr_line' id='line_1_66' title="bbox 1896 2817 3439 2905; baseline 0.004 -23"><span class='ocrx_word' id='word_1_436' title='bbox 1896 2818 2004 2882; x_wconf 88' lang='lat' dir='ltr'>bet</span> <span class='ocrx_word' id='word_1_437' title='bbox 2028 2817 2273 2901; x_wconf 89' lang='lat' dir='ltr'>aliquid</span> <span class='ocrx_word' id='word_1_438' title='bbox 2299 2838 2381 2883; x_wconf 83' lang='lat' dir='ltr'>ex</span> <span class='ocrx_word' id='word_1_439' title='bbox 2402 2837 2530 2901; x_wconf 87' lang='lat' dir='ltr'>quo</span> <span class='ocrx_word' id='word_1_440' title='bbox 2576 2820 2729 2883; x_wconf 81' lang='lat' dir='ltr'>fiat:</span> <span class='ocrx_word' id='word_1_441' title='bbox 2774 2823 2836 2883; x_wconf 89' lang='lat' dir='ltr'>et</span> <span class='ocrx_word' id='word_1_442' title='bbox 2874 2820 2999 2884; x_wconf 91' lang='lat' dir='ltr'>hoc</span> <span class='ocrx_word' id='word_1_443' title='bbox 3043 2824 3138 2886; x_wconf 85' lang='lat' dir='ltr'>est</span> <span class='ocrx_word' id='word_1_444' title='bbox 3178 2841 3439 2905; x_wconf 89' lang='lat' dir='ltr'>ponere,</span> 
     </span>
     <span class='ocr_line' id='line_1_67' title="bbox 1899 2925 3443 3009; baseline 0.005 -22"><span class='ocrx_word' id='word_1_445' title='bbox 1899 2925 2071 3008; x_wconf 88' lang='lat' dir='ltr'>quod</span> <span class='ocrx_word' id='word_1_446' title='bbox 2107 2925 2314 2989; x_wconf 86' lang='lat' dir='ltr'>forma</span> <span class='ocrx_word' id='word_1_447' title='bbox 2355 2926 2666 2990; x_wconf 87' lang='lat' dir='ltr'>naturalis</span> <span class='ocrx_word' id='word_1_448' title='bbox 2706 2927 2903 3009; x_wconf 89' lang='lat' dir='ltr'>possit</span> <span class='ocrx_word' id='word_1_449' title='bbox 2949 2926 3139 2992; x_wconf 87' lang='lat' dir='ltr'>aliam</span> <span class='ocrx_word' id='word_1_450' title='bbox 3167 2930 3443 2994; x_wconf 89' lang='lat' dir='ltr'>formam</span> 
     </span>
     <span class='ocr_line' id='line_1_68' title="bbox 1900 3032 3448 3120; baseline 0.005 -24"><span class='ocrx_word' id='word_1_451' title='bbox 1900 3032 2299 3096; x_wconf 84' lang='lat' dir='ltr'>consimilem</span> <span class='ocrx_word' id='word_1_452' title='bbox 2336 3048 2419 3098; x_wconf 83' lang='lat' dir='ltr'>ex</span> <span class='ocrx_word' id='word_1_453' title='bbox 2455 3033 2657 3098; x_wconf 91' lang='lat' dir='ltr'>nihilo</span> <span class='ocrx_word' id='word_1_454' title='bbox 2702 3033 3053 3118; x_wconf 88' lang='lat' dir='ltr'>producere</span> <span class='ocrx_word' id='word_1_455' title='bbox 3085 3058 3101 3101; x_wconf 72' lang='grc' dir='ltr'>ς</span> <span class='ocrx_word' id='word_1_456' title='bbox 3143 3038 3314 3120; x_wconf 85' lang='lat' dir='ltr'>quod</span> <span class='ocrx_word' id='word_1_457' title='bbox 3354 3041 3448 3103; x_wconf 88' lang='lat' dir='ltr'>est</span> 
     </span>
     <span class='ocr_line' id='line_1_69' title="bbox 1899 3140 3449 3226; baseline 0.005 -23"><span class='ocrx_word' id='word_1_458' title='bbox 1899 3140 2340 3224; x_wconf 89' lang='lat' dir='ltr'>improbabile,</span> <span class='ocrx_word' id='word_1_459' title='bbox 2370 3143 2436 3205; x_wconf 88' lang='lat' dir='ltr'>et</span> <span class='ocrx_word' id='word_1_460' title='bbox 2475 3161 2672 3226; x_wconf 88' lang='lat' dir='ltr'>supra</span> <span class='ocrx_word' id='word_1_461' title='bbox 2697 3142 3133 3226; x_wconf 91' lang='lat' dir='ltr'>improbatum</span> <span class='ocrx_word' id='word_1_462' title='bbox 3178 3149 3274 3209; x_wconf 90' lang='lat' dir='ltr'>est</span> <span class='ocrx_word' id='word_1_463' title='bbox 3316 3144 3449 3210; x_wconf 91' lang='lat' dir='ltr'>dis-</span> 
     </span>
     <span class='ocr_line' id='line_1_70' title="bbox 1900 3249 3448 3332; baseline 0.004 -20"><span class='ocrx_word' id='word_1_464' title='bbox 1900 3249 2209 3314; x_wconf 87' lang='lat' dir='ltr'>tinctione</span> <span class='ocrx_word' id='word_1_465' title='bbox 2244 3252 2494 3330; x_wconf 87' lang='lat' dir='ltr'>octava,</span> <span class='ocrx_word' id='word_1_466' title='bbox 2525 3255 2589 3314; x_wconf 85' lang='lat' dir='ltr'>et</span> <span class='ocrx_word' id='word_1_467' title='bbox 2628 3250 2916 3332; x_wconf 90' lang='lat' dir='ltr'>septima.</span> <span class='ocrx_word' id='word_1_468' title='bbox 2959 3249 3251 3316; x_wconf 87' lang='lat' dir='ltr'>Secunda</span> <span class='ocrx_word' id='word_1_469' title='bbox 3295 3270 3448 3318; x_wconf 83' lang='lat' dir='ltr'>vero</span> 
     </span>
     <span class='ocr_line' id='line_1_71' title="bbox 1902 3355 3448 3442; baseline 0.003 -23"><span class='ocrx_word' id='word_1_470' title='bbox 1902 3356 2132 3439; x_wconf 87' lang='lat' dir='ltr'>positio</span> <span class='ocrx_word' id='word_1_471' title='bbox 2155 3358 2335 3440; x_wconf 87' lang='lat' dir='ltr'>ponit</span> <span class='ocrx_word' id='word_1_472' title='bbox 2359 3355 2640 3439; x_wconf 89' lang='lat' dir='ltr'>aliquam</span> <span class='ocrx_word' id='word_1_473' title='bbox 2667 3356 3004 3422; x_wconf 88' lang='lat' dir='ltr'>materiam</span> <span class='ocrx_word' id='word_1_474' title='bbox 3051 3359 3448 3442; x_wconf 86' lang='lat' dir='ltr'>spiritualem</span> 
     </span>
     <span class='ocr_line' id='line_1_72' title="bbox 1903 3464 3451 3548; baseline 0.003 -22"><span class='ocrx_word' id='word_1_475' title='bbox 1903 3464 2140 3528; x_wconf 81' lang='lat' dir='ltr'>animae</span> <span class='ocrx_word' id='word_1_476' title='bbox 2166 3465 2593 3548; x_wconf 64' lang='lat' dir='ltr'>praeexistere,</span> <span class='ocrx_word' id='word_1_477' title='bbox 2629 3483 2712 3530; x_wconf 84' lang='lat' dir='ltr'>ex</span> <span class='ocrx_word' id='word_1_478' title='bbox 2736 3484 2866 3548; x_wconf 87' lang='lat' dir='ltr'>qua</span> <span class='ocrx_word' id='word_1_479' title='bbox 2905 3464 3210 3530; x_wconf 87' lang='lat' dir='ltr'>educatur</span> <span class='ocrx_word' id='word_1_480' title='bbox 3236 3466 3451 3531; x_wconf 90' lang='lat' dir='ltr'>anima</span> 
     </span>
     <span class='ocr_line' id='line_1_73' title="bbox 1904 3571 3450 3639; baseline 0 -2"><span class='ocrx_word' id='word_1_481' title='bbox 1904 3573 2147 3637; x_wconf 87' lang='lat' dir='ltr'>virtute</span> <span class='ocrx_word' id='word_1_482' title='bbox 2174 3576 2422 3639; x_wconf 56' lang='lat' dir='ltr'>naturai</span> <span class='ocrx_word' id='word_1_483' title='bbox 2447 3594 2462 3636; x_wconf 73' lang='grc' dir='ltr'>ε</span> <span class='ocrx_word' id='word_1_484' title='bbox 2490 3576 2553 3637; x_wconf 89' lang='lat' dir='ltr'>et</span> <span class='ocrx_word' id='word_1_485' title='bbox 2581 3573 2701 3636; x_wconf 91' lang='lat' dir='ltr'>hoc</span> <span class='ocrx_word' id='word_1_486' title='bbox 2724 3571 2875 3636; x_wconf 86' lang='lat' dir='ltr'>satis</span> <span class='ocrx_word' id='word_1_487' title='bbox 2900 3575 2996 3635; x_wconf 89' lang='lat' dir='ltr'>est</span> <span class='ocrx_word' id='word_1_488' title='bbox 3024 3571 3188 3636; x_wconf 88' lang='lat' dir='ltr'>male</span> <span class='ocrx_word' id='word_1_489' title='bbox 3214 3572 3450 3637; x_wconf 88' lang='lat' dir='ltr'>intelli-</span> 
     </span>
     <span class='ocr_line' id='line_1_74' title="bbox 1904 3677 3447 3762; baseline 0.003 -21"><span class='ocrx_word' id='word_1_490' title='bbox 1904 3678 2123 3761; x_wconf 84' lang='lat' dir='ltr'>gibile,</span> <span class='ocrx_word' id='word_1_491' title='bbox 2138 3680 2460 3762; x_wconf 88' lang='lat' dir='ltr'>quomodo</span> <span class='ocrx_word' id='word_1_492' title='bbox 2477 3677 2560 3742; x_wconf 87' lang='lat' dir='ltr'>sit</span> <span class='ocrx_word' id='word_1_493' title='bbox 2574 3679 2789 3762; x_wconf 83' lang='lat' dir='ltr'>aliqua</span> <span class='ocrx_word' id='word_1_494' title='bbox 2804 3678 3149 3762; x_wconf 90' lang='lat' dir='ltr'>spiritualis</span> <span class='ocrx_word' id='word_1_495' title='bbox 3159 3680 3447 3760; x_wconf 91' lang='lat' dir='ltr'>materia,</span> 
     </span>
     <span class='ocr_line' id='line_1_75' title="bbox 1906 3783 3452 3870; baseline 0.003 -21"><span class='ocrx_word' id='word_1_496' title='bbox 1906 3803 2053 3869; x_wconf 82' lang='lat' dir='ltr'>quae</span> <span class='ocrx_word' id='word_1_497' title='bbox 2081 3803 2213 3849; x_wconf 89' lang='lat' dir='ltr'>non</span> <span class='ocrx_word' id='word_1_498' title='bbox 2242 3785 2438 3865; x_wconf 92' lang='lat' dir='ltr'>vivat,</span> <span class='ocrx_word' id='word_1_499' title='bbox 2480 3803 2601 3848; x_wconf 89' lang='lat' dir='ltr'>nec</span> <span class='ocrx_word' id='word_1_500' title='bbox 2626 3804 2823 3849; x_wconf 91' lang='lat' dir='ltr'>usum</span> <span class='ocrx_word' id='word_1_501' title='bbox 2864 3783 3095 3850; x_wconf 89' lang='lat' dir='ltr'>habeat</span> <span class='ocrx_word' id='word_1_502' title='bbox 3125 3785 3249 3870; x_wconf 85' lang='lat' dir='ltr'>(a);</span> <span class='ocrx_word' id='word_1_503' title='bbox 3288 3806 3452 3870; x_wconf 88' lang='lat' dir='ltr'>quo-</span> 
     </span>
     <span class='ocr_line' id='line_1_76' title="bbox 1905 3891 3456 3990; baseline 0.003 -34"><span class='ocrx_word' id='word_1_504' title='bbox 1905 3893 2099 3957; x_wconf 91' lang='lat' dir='ltr'>modo</span> <span class='ocrx_word' id='word_1_505' title='bbox 2126 3893 2320 3990; x_wconf 69' lang='lat' dir='ltr'>etiam</span> <span class='ocrx_word' id='word_1_506' title='bbox 2347 3892 2427 3955; x_wconf 88' lang='lat' dir='ltr'>sit</span> <span class='ocrx_word' id='word_1_507' title='bbox 2454 3891 2672 3975; x_wconf 79' lang='lat' dir='ltr'>aliqua</span> <span class='ocrx_word' id='word_1_508' title='bbox 2698 3892 3045 3975; x_wconf 87' lang='lat' dir='ltr'>spiritualis</span> <span class='ocrx_word' id='word_1_509' title='bbox 3072 3895 3361 3975; x_wconf 88' lang='lat' dir='ltr'>materia,</span> <span class='ocrx_word' id='word_1_510' title='bbox 3391 3900 3456 3962; x_wconf 87' lang='lat' dir='ltr'>et</span> 
     </span>
     <span class='ocr_line' id='line_1_77' title="bbox 1907 3997 3451 4084; baseline 0.001 -20"><span class='ocrx_word' id='word_1_511' title='bbox 1907 4016 1988 4064; x_wconf 86' lang='lat' dir='ltr'>ex</span> <span class='ocrx_word' id='word_1_512' title='bbox 2015 3999 2127 4064; x_wconf 89' lang='lat' dir='ltr'>illa</span> <span class='ocrx_word' id='word_1_513' title='bbox 2144 3997 2472 4064; x_wconf 85' lang='lat' dir='ltr'>rationalis</span> <span class='ocrx_word' id='word_1_514' title='bbox 2498 3999 2641 4063; x_wconf 81' lang='lat' dir='ltr'>fleri</span> <span class='ocrx_word' id='word_1_515' title='bbox 2667 4018 2803 4063; x_wconf 90' lang='lat' dir='ltr'>non</span> <span class='ocrx_word' id='word_1_516' title='bbox 2846 4000 3055 4064; x_wconf 87' lang='lat' dir='ltr'>valeat</span> <span class='ocrx_word' id='word_1_517' title='bbox 3086 4000 3188 4084; x_wconf 77' lang='lat' dir='ltr'>(b).</span> <span class='ocrx_word' id='word_1_518' title='bbox 3225 3999 3304 4065; x_wconf 87' lang='lat' dir='ltr'>Et</span> <span class='ocrx_word' id='word_1_519' title='bbox 3330 4002 3451 4066; x_wconf 87' lang='lat' dir='ltr'>ite-</span> 
     </span>
     <span class='ocr_line' id='line_1_78' title="bbox 1908 4107 3453 4191; baseline 0.001 -18"><span class='ocrx_word' id='word_1_520' title='bbox 1908 4127 2061 4173; x_wconf 90' lang='lat' dir='ltr'>rum</span> <span class='ocrx_word' id='word_1_521' title='bbox 2106 4108 2219 4172; x_wconf 91' lang='lat' dir='ltr'>ubi</span> <span class='ocrx_word' id='word_1_522' title='bbox 2259 4112 2353 4172; x_wconf 92' lang='lat' dir='ltr'>est</span> <span class='ocrx_word' id='word_1_523' title='bbox 2388 4107 2655 4171; x_wconf 90' lang='lat' dir='ltr'>materia</span> <span class='ocrx_word' id='word_1_524' title='bbox 2698 4107 3082 4190; x_wconf 71' lang='lat' dir='ltr'>spiritualis?</span> <span class='ocrx_word' id='word_1_525' title='bbox 3128 4108 3286 4191; x_wconf 88' lang='lat' dir='ltr'>quia</span> <span class='ocrx_word' id='word_1_526' title='bbox 3321 4127 3453 4174; x_wconf 90' lang='lat' dir='ltr'>non</span> 
     </span>
     <span class='ocr_line' id='line_1_79' title="bbox 1907 4213 3455 4293; baseline -0.001 -12"><span class='ocrx_word' id='word_1_527' title='bbox 1907 4214 2166 4281; x_wconf 84' lang='lat' dir='ltr'>videtur</span> <span class='ocrx_word' id='word_1_528' title='bbox 2201 4231 2336 4278; x_wconf 89' lang='lat' dir='ltr'>esse</span> <span class='ocrx_word' id='word_1_529' title='bbox 2361 4213 2430 4277; x_wconf 90' lang='lat' dir='ltr'>in</span> <span class='ocrx_word' id='word_1_530' title='bbox 2455 4232 2557 4293; x_wconf 81' lang='lat' dir='ltr'>se3</span> <span class='ocrx_word' id='word_1_531' title='bbox 2603 4213 2658 4277; x_wconf 92' lang='lat' dir='ltr'>si</span> <span class='ocrx_word' id='word_1_532' title='bbox 2702 4218 2918 4279; x_wconf 85' lang='lat' dir='ltr'>autem</span> <span class='ocrx_word' id='word_1_533' title='bbox 2962 4217 3057 4278; x_wconf 90' lang='lat' dir='ltr'>est</span> <span class='ocrx_word' id='word_1_534' title='bbox 3091 4213 3164 4278; x_wconf 91' lang='lat' dir='ltr'>in</span> <span class='ocrx_word' id='word_1_535' title='bbox 3189 4217 3455 4281; x_wconf 87' lang='lat' dir='ltr'>materia</span> 
     </span>
     <span class='ocr_line' id='line_1_80' title="bbox 1910 4320 3453 4406; baseline 0.002 -19"><span class='ocrx_word' id='word_1_536' title='bbox 1910 4322 2243 4406; x_wconf 89' lang='lat' dir='ltr'>corporali,</span> <span class='ocrx_word' id='word_1_537' title='bbox 2276 4325 2432 4385; x_wconf 89' lang='lat' dir='ltr'>tunc</span> <span class='ocrx_word' id='word_1_538' title='bbox 2451 4320 2705 4386; x_wconf 90' lang='lat' dir='ltr'>videtur</span> <span class='ocrx_word' id='word_1_539' title='bbox 2732 4322 2902 4403; x_wconf 88' lang='lat' dir='ltr'>quod</span> <span class='ocrx_word' id='word_1_540' title='bbox 2928 4324 3193 4388; x_wconf 88' lang='lat' dir='ltr'>materia</span> <span class='ocrx_word' id='word_1_541' title='bbox 3219 4324 3453 4390; x_wconf 87' lang='lat' dir='ltr'>educa-</span> 
     </span>
     <span class='ocr_line' id='line_1_81' title="bbox 1909 4429 3458 4512; baseline 0.001 -16"><span class='ocrx_word' id='word_1_542' title='bbox 1909 4435 2019 4496; x_wconf 85' lang='lat' dir='ltr'>tur</span> <span class='ocrx_word' id='word_1_543' title='bbox 2044 4432 2123 4496; x_wconf 88' lang='lat' dir='ltr'>de</span> <span class='ocrx_word' id='word_1_544' title='bbox 2142 4430 2411 4495; x_wconf 88' lang='lat' dir='ltr'>materia</span> <span class='ocrx_word' id='word_1_545' title='bbox 2437 4453 2452 4494; x_wconf 72' lang='grc' dir='ltr'><strong><em>ι</em></strong></span> <span class='ocrx_word' id='word_1_546' title='bbox 2494 4430 2668 4512; x_wconf 87' lang='lat' dir='ltr'>quod</span> <span class='ocrx_word' id='word_1_547' title='bbox 2693 4429 2858 4494; x_wconf 91' lang='lat' dir='ltr'>nihil</span> <span class='ocrx_word' id='word_1_548' title='bbox 2878 4431 3133 4495; x_wconf 86' lang='lat' dir='ltr'>videtur</span> <span class='ocrx_word' id='word_1_549' title='bbox 3170 4449 3305 4497; x_wconf 86' lang='lat' dir='ltr'>esse</span> <span class='ocrx_word' id='word_1_550' title='bbox 3333 4433 3458 4498; x_wconf 91' lang='lat' dir='ltr'>dic-</span> 
     </span>
     <span class='ocr_line' id='line_1_82' title="bbox 1911 4537 3456 4621; baseline 0.001 -18"><span class='ocrx_word' id='word_1_551' title='bbox 1911 4542 2075 4604; x_wconf 85' lang='lat' dir='ltr'>tum.</span> <span class='ocrx_word' id='word_1_552' title='bbox 2103 4538 2409 4604; x_wconf 86' lang='lat' dir='ltr'>Similiter</span> <span class='ocrx_word' id='word_1_553' title='bbox 2435 4537 2625 4602; x_wconf 86' lang='lat' dir='ltr'>tertia</span> <span class='ocrx_word' id='word_1_554' title='bbox 2643 4538 2872 4620; x_wconf 92' lang='lat' dir='ltr'>positio</span> <span class='ocrx_word' id='word_1_555' title='bbox 2895 4538 3096 4621; x_wconf 86' lang='lat' dir='ltr'>ponit,</span> <span class='ocrx_word' id='word_1_556' title='bbox 3126 4538 3297 4621; x_wconf 88' lang='lat' dir='ltr'>quod</span> <span class='ocrx_word' id='word_1_557' title='bbox 3316 4558 3456 4606; x_wconf 86' lang='lat' dir='ltr'>ma-</span> 
     </span>
     <span class='ocr_line' id='line_1_83' title="bbox 1910 4644 3458 4729; baseline 0 -17"><span class='ocrx_word' id='word_1_558' title='bbox 1910 4648 2074 4712; x_wconf 88' lang='lat' dir='ltr'>teria</span> <span class='ocrx_word' id='word_1_559' title='bbox 2087 4647 2324 4712; x_wconf 70' lang='lat' dir='ltr'>animae</span> <span class='ocrx_word' id='word_1_560' title='bbox 2337 4644 2653 4710; x_wconf 88' lang='lat' dir='ltr'>sensibilis</span> <span class='ocrx_word' id='word_1_561' title='bbox 2670 4644 2787 4709; x_wconf 89' lang='lat' dir='ltr'>sibi</span> <span class='ocrx_word' id='word_1_562' title='bbox 2803 4649 3198 4727; x_wconf 88' lang='lat' dir='ltr'>concreatur,</span> <span class='ocrx_word' id='word_1_563' title='bbox 3211 4649 3276 4710; x_wconf 87' lang='lat' dir='ltr'>et</span> <span class='ocrx_word' id='word_1_564' title='bbox 3288 4648 3458 4729; x_wconf 85' lang='lat' dir='ltr'>quod</span> 
     </span>
     <span class='ocr_line' id='line_1_84' title="bbox 1913 4751 3459 4838; baseline -0.002 -19"><span class='ocrx_word' id='word_1_565' title='bbox 1913 4755 2111 4819; x_wconf 91' lang='lat' dir='ltr'>simul</span> <span class='ocrx_word' id='word_1_566' title='bbox 2135 4772 2286 4819; x_wconf 90' lang='lat' dir='ltr'>cum</span> <span class='ocrx_word' id='word_1_567' title='bbox 2333 4753 2444 4817; x_wconf 89' lang='lat' dir='ltr'>illa</span> <span class='ocrx_word' id='word_1_568' title='bbox 2482 4752 2849 4817; x_wconf 88' lang='lat' dir='ltr'>destruatur</span> <span class='ocrx_word' id='word_1_569' title='bbox 2879 4770 2896 4815; x_wconf 77' lang='lat' dir='ltr'><strong><em>z</em></strong></span> <span class='ocrx_word' id='word_1_570' title='bbox 2939 4751 3064 4816; x_wconf 87' lang='lat' dir='ltr'>hoc</span> <span class='ocrx_word' id='word_1_571' title='bbox 3103 4757 3321 4817; x_wconf 89' lang='lat' dir='ltr'>autem</span> <span class='ocrx_word' id='word_1_572' title='bbox 3349 4772 3459 4838; x_wconf 86' lang='lat' dir='ltr'>po-</span> 
     </span>
     <span class='ocr_line' id='line_1_85' title="bbox 1913 4853 3455 4944; baseline -0.002 -18"><span class='ocrx_word' id='word_1_573' title='bbox 1913 4879 2067 4926; x_wconf 88' lang='lat' dir='ltr'>nere</span> <span class='ocrx_word' id='word_1_574' title='bbox 2094 4865 2187 4925; x_wconf 87' lang='lat' dir='ltr'>est</span> <span class='ocrx_word' id='word_1_575' title='bbox 2210 4859 2604 4925; x_wconf 82' lang='lat' dir='ltr'>contrarium</span> <span class='ocrx_word' id='word_1_576' title='bbox 2638 4858 2996 4923; x_wconf 86' lang='lat' dir='ltr'>auctoritati</span> <span class='ocrx_word' id='word_1_577' title='bbox 3026 4853 3394 4944; x_wconf 87' lang='lat' dir='ltr'>Philosophi</span> <span class='ocrx_word' id='word_1_578' title='bbox 3410 4867 3455 4941; x_wconf 82' lang='lat'>¹,</span> 
     </span>
     <span class='ocr_line' id='line_1_86' title="bbox 1914 4966 3459 5049; baseline 0 -16"><span class='ocrx_word' id='word_1_579' title='bbox 1914 4970 1979 5033; x_wconf 88' lang='lat' dir='ltr'>et</span> <span class='ocrx_word' id='word_1_580' title='bbox 2004 4967 2260 5047; x_wconf 89' lang='lat' dir='ltr'>rationi,</span> <span class='ocrx_word' id='word_1_581' title='bbox 2292 4967 2624 5031; x_wconf 86' lang='lat' dir='ltr'>materiam</span> <span class='ocrx_word' id='word_1_582' title='bbox 2648 4966 2879 5031; x_wconf 84' lang='lat' dir='ltr'>scilicet</span> <span class='ocrx_word' id='word_1_583' title='bbox 2912 4966 3187 5049; x_wconf 69' lang='lat' dir='ltr'>alicuius</span> <span class='ocrx_word' id='word_1_584' title='bbox 3213 4971 3459 5033; x_wconf 84' lang='lat' dir='ltr'>creatu·</span> 
     </span>
     <span class='ocr_line' id='line_1_87' title="bbox 1913 5074 3461 5143; baseline 0.001 -1"><span class='ocrx_word' id='word_1_585' title='bbox 1913 5093 2008 5142; x_wconf 84' lang='lat' dir='ltr'>rae</span> <span class='ocrx_word' id='word_1_586' title='bbox 2040 5078 2108 5141; x_wconf 89' lang='lat' dir='ltr'>in</span> <span class='ocrx_word' id='word_1_587' title='bbox 2134 5076 2585 5140; x_wconf 89' lang='lat' dir='ltr'>nihilomnino</span> <span class='ocrx_word' id='word_1_588' title='bbox 2610 5074 2830 5140; x_wconf 90' lang='lat' dir='ltr'>cedere</span> <span class='ocrx_word' id='word_1_589' title='bbox 2857 5098 2872 5140; x_wconf 72' lang='grc' dir='ltr'><strong>ε</strong></span> <span class='ocrx_word' id='word_1_590' title='bbox 2909 5076 2964 5140; x_wconf 92' lang='lat' dir='ltr'>si</span> <span class='ocrx_word' id='word_1_591' title='bbox 2993 5076 3167 5141; x_wconf 90' lang='lat' dir='ltr'>enim</span> <span class='ocrx_word' id='word_1_592' title='bbox 3194 5077 3461 5143; x_wconf 84' lang='lat' dir='ltr'>materia</span> 
     </span>
     <span class='ocr_line' id='line_1_88' title="bbox 1917 5183 3455 5269; baseline 0 -19"><span class='ocrx_word' id='word_1_593' title='bbox 1917 5184 2264 5269; x_wconf 84' lang='lat' dir='ltr'>corporalis</span> <span class='ocrx_word' id='word_1_594' title='bbox 2312 5184 2600 5265; x_wconf 86' lang='lat' dir='ltr'>ingenita</span> <span class='ocrx_word' id='word_1_595' title='bbox 2649 5186 2745 5248; x_wconf 88' lang='lat' dir='ltr'>est</span> <span class='ocrx_word' id='word_1_596' title='bbox 2785 5187 2850 5248; x_wconf 85' lang='lat' dir='ltr'>et</span> <span class='ocrx_word' id='word_1_597' title='bbox 2901 5183 3407 5268; x_wconf 87' lang='lat' dir='ltr'>incorruptibilis</span> <span class='ocrx_word' id='word_1_598' title='bbox 3436 5208 3455 5266; x_wconf 89' lang='lat'>;</span> 
     </span>
     <span class='ocr_line' id='line_1_89' title="bbox 1917 5290 3460 5376; baseline 0.001 -20"><span class='ocrx_word' id='word_1_599' title='bbox 1917 5292 2123 5357; x_wconf 79' lang='lat' dir='ltr'>multo</span> <span class='ocrx_word' id='word_1_600' title='bbox 2147 5291 2374 5356; x_wconf 83' lang='lat' dir='ltr'>fortius</span> <span class='ocrx_word' id='word_1_601' title='bbox 2407 5290 2661 5358; x_wconf 86' lang='lat' dir='ltr'>videtur</span> <span class='ocrx_word' id='word_1_602' title='bbox 2698 5290 2871 5373; x_wconf 86' lang='lat' dir='ltr'>quod</span> <span class='ocrx_word' id='word_1_603' title='bbox 2906 5290 3273 5374; x_wconf 73' lang='lat' dir='ltr'>spirituali3,</span> <span class='ocrx_word' id='word_1_604' title='bbox 3310 5311 3460 5376; x_wconf 82' lang='lat' dir='ltr'>quae</span> 
     </span>
     <span class='ocr_line' id='line_1_90' title="bbox 1918 5399 3465 5484; baseline 0.001 -18"><span class='ocrx_word' id='word_1_605' title='bbox 1918 5400 2175 5483; x_wconf 81' lang='lat' dir='ltr'>dignior</span> <span class='ocrx_word' id='word_1_606' title='bbox 2209 5405 2305 5466; x_wconf 88' lang='lat' dir='ltr'>est</span> <span class='ocrx_word' id='word_1_607' title='bbox 2337 5403 2402 5466; x_wconf 89' lang='lat' dir='ltr'>et</span> <span class='ocrx_word' id='word_1_608' title='bbox 2437 5399 2735 5478; x_wconf 85' lang='lat' dir='ltr'>nobilior,</span> <span class='ocrx_word' id='word_1_609' title='bbox 2765 5399 3120 5465; x_wconf 90' lang='lat' dir='ltr'>secundum</span> <span class='ocrx_word' id='word_1_610' title='bbox 3155 5401 3328 5484; x_wconf 85' lang='lat' dir='ltr'>quod</span> <span class='ocrx_word' id='word_1_611' title='bbox 3369 5406 3465 5468; x_wconf 85' lang='lat' dir='ltr'>est</span> 
     </span>
     <span class='ocr_line' id='line_1_91' title="bbox 1983 5523 3209 5592; baseline -0.002 -14"><span class='ocrx_word' id='word_1_612' title='bbox 1983 5528 2052 5592; x_wconf 84' lang='grc' dir='ltr'>(α)</span> <span class='ocrx_word' id='word_1_613' title='bbox 2085 5527 2206 5578; x_wconf 71' lang='lat' dir='ltr'>Cat.</span> <span class='ocrx_word' id='word_1_614' title='bbox 2224 5525 2347 5576; x_wconf 74' lang='lat' dir='ltr'>edil.</span> <span class='ocrx_word' id='word_1_615' title='bbox 2376 5525 2548 5575; x_wconf 84' lang='lat' dir='ltr'>habet.</span> <span class='ocrx_word' id='word_1_616' title='bbox 2571 5551 2633 5562; x_wconf 89' lang='lat'>—</span> <span class='ocrx_word' id='word_1_617' title='bbox 2656 5523 2727 5589; x_wconf 80' lang='grc' dir='ltr'>(ὁ)</span> <span class='ocrx_word' id='word_1_618' title='bbox 2756 5525 2877 5574; x_wconf 78' lang='lat' dir='ltr'>Coet.</span> <span class='ocrx_word' id='word_1_619' title='bbox 2902 5524 3026 5574; x_wconf 77' lang='lat' dir='ltr'>edit.</span> <span class='ocrx_word' id='word_1_620' title='bbox 3054 5525 3209 5575; x_wconf 77' lang='lat' dir='ltr'>valet.</span> 
     </span>
    </p>
   </div>
  </div>
 </body>
</html>
