4125 6225
705 432 825 495 646

1814 424 2439 496 SENTENTIARUM
2477 422 2627 493 LlB.
2672 424 2750 494 11.

704 564 912 632 nitate
939 571 985 628 ¹.
1018 563 1097 629 Et
1124 564 1180 629 si
1204 566 1280 630 tu
1303 562 1562 647 oincias
1587 562 1759 648 quod
1789 563 2128 647 Apostolus
2150 564 2241 628 lo·
2349 564 2620 646 imagini
2644 561 2980 628 creationis
3020 583 3036 627 ε
3074 560 3184 626 sed
3222 561 3441 643 imago
3482 556 3890 624 reformatio·
3919 571 3986 616 u
4000 582 4090 627 οιη.

707 672 929 761 quitur
954 671 1031 737 de
1071 672 1217 738 viro
1254 675 1319 738 et
1357 671 1622 737 muliere
1669 672 1751 735 ad
1791 671 2099 751 litteram,
2147 671 2245 736 di·
2351 671 2472 749 nis,
2504 688 2653 754 quae
2678 670 2939 754 quidem
2966 673 3061 733 est
3089 669 3316 751 gratia,
3356 666 3773 752 principalius
3797 667 3894 728 est

711 780 982 845 cendum
1008 781 1177 863 quod
1204 781 1489 864 loquitur
1507 781 1585 846 de
1615 781 1709 845 eis
1731 799 1865 846 non
1892 781 2248 846 secundum
2354 778 2423 842 in
2463 777 2789 855 affectiva,
2833 796 3029 860 quam
3071 777 3143 841 in
3187 776 3511 858 cognitiva
3559 796 3576 838 z
3624 790 3786 855 ergo
3835 775 3896 835 et

711 902 800 968 se,
832 889 939 952 sed
963 888 1316 953 secundum
1335 888 1904 970 significationem:
1929 889 2031 953 vir
2048 888 2245 966 enim,
2353 887 2573 968 imago
2600 887 2957 951 creationis,

711 997 867 1080 quia
891 996 1070 1060 fortis
1099 1001 1217 1076 est,
1244 1001 1307 1061 et
1332 997 1625 1080 praesidet
1652 996 1934 1073 mulieri,
1970 996 2250 1078 superio·

2436 998 2497 1058 2.
2528 990 2687 1057 Item
2712 993 2780 1057 in
2811 1012 2888 1058 eo
2914 992 3343 1077 principaliter
3365 989 3650 1055 consistit
3679 1006 3808 1065 res„
3829 987 3896 1050 in

713 1122 851 1168 rem
878 1103 1143 1168 rationis
1171 1108 1418 1188 partem
1447 1104 1802 1186 significat3
1839 1104 2076 1168 mulier
2097 1120 2253 1167 vero
2359 1120 2489 1184 quo
2503 1102 2783 1166 consistit
2799 1104 2943 1183 ejus
2959 1101 3528 1183 complementum:
3552 1098 3663 1163 sed
3683 1098 3902 1177 imago

715 1211 1104 1277 interiorem.
1151 1210 1304 1276 Inde
1349 1211 1541 1275 etiam
1589 1214 1683 1276 est
1732 1211 1801 1275 in
1847 1211 2255 1275 matrimonio
2361 1210 2714 1292 completur
2740 1210 2807 1274 in
2832 1210 3182 1287 voluntate,
3213 1215 3277 1272 et
3310 1208 3614 1272 voluntas
3637 1225 3708 1270 se
3735 1208 3907 1271 tenet

718 1317 889 1399 quod
917 1318 1021 1383 vir
1055 1318 1374 1399 significat
1401 1318 1604 1382 Deum
1628 1365 1646 1395 ,
1684 1321 1747 1381 et
1786 1318 2019 1382 mulier
2050 1316 2252 1398 signi-

721 1425 868 1488 ficat
897 1422 1239 1490 Ecclesiam
1262 1474 1281 1506 ,
1326 1426 1462 1491 sive
1495 1425 1779 1490 animam
1829 1448 1844 1489 :
1892 1425 2016 1489 boc
2041 1428 2259 1489 autem

722 1535 817 1595 est
839 1533 1082 1598 ratione
1106 1532 1426 1598 virilitatis
1450 1550 1534 1596 ex
1566 1536 1746 1615 parte
1771 1550 1902 1597 una
1921 1581 1942 1610 ,
1985 1535 2048 1596 et
2078 1532 2260 1595 infir-

2365 1333 2446 1380 ex
2470 1321 2647 1399 parte
2669 1318 2977 1382 affectivae
3014 1340 3028 1382 :
3062 1335 3242 1398 erg0,
3271 1320 3389 1380 etc.

2445 1425 2505 1485 3.
2528 1421 2686 1487 Item
2704 1424 2922 1506 imago
2939 1428 3034 1488 est
3057 1424 3527 1489 nobilissimum
3543 1423 3618 1486 in
3638 1421 3866 1485 anima
3891 1435 3907 1480 ε

2366 1546 2526 1611 ergo
2553 1531 2833 1595 consistit
2875 1550 3071 1614 penes
3103 1532 3167 1595 id
3190 1580 3209 1610 ,
3240 1531 3411 1613 quod
3445 1534 3541 1594 est
3573 1530 3644 1593 in
3691 1528 3911 1591 anima

723 1640 959 1704 mitatis
1013 1644 1077 1704 et
1127 1640 1486 1722 fragilitatis
1533 1660 1615 1706 ex
1652 1640 1849 1705 altera
1896 1656 2094 1722 :quae
2129 1656 2263 1703 non
2366 1636 2833 1702 nobilissimum
2866 1660 2882 1702 t
2912 1638 3022 1702 sed
3047 1638 3324 1701 liberum
3352 1636 3693 1701 arbitrium
3715 1685 3734 1715 ,
3776 1635 3912 1698 sive

724 1747 1073 1829 respiciunt
1098 1747 1453 1829 imaginem
1484 1748 1838 1813 secundum
1877 1765 1946 1812 se
1969 1795 1985 1825 ,
2014 1745 2127 1811 sed
2154 1764 2264 1809 ra-

724 1854 894 1918 tione
932 1855 1214 1939 corporis
1254 1855 1491 1919 annexi
1506 1904 1524 1936 ,
1555 1859 1619 1920 et
1644 1856 1734 1920 ita
1760 1873 1893 1921 non
1918 1853 2268 1921 essentiali-

725 1964 844 2041 ter,
872 1962 982 2026 sed
1004 1961 1489 2027 accidentaliter.

1229 2138 1585 2218 QUAESTIO
1627 2140 1735 2205 ΠΙ.

728 2270 824 2329 An
848 2273 1027 2341 imaqo
1046 2272 1415 2345 principalius
1456 2274 1532 2328 sit
1574 2275 1623 2328 ii
1667 2274 1978 2345 coqnitiva,
2018 2288 2182 2344 quam
2207 2274 2270 2330 in

1330 2362 1589 2432 affectiva
1629 2361 1672 2417 ².

812 2497 1044 2563 Utrum
1091 2499 1309 2579 imago
1355 2498 1769 2582 principalius
1813 2498 1893 2563 sit
1934 2498 2003 2562 in
2047 2499 2271 2580 cogni-

731 2607 900 2686 tiva,
951 2625 1149 2690 quam
1197 2607 1266 2670 in
1311 2606 1552 2670 motiva
1574 2653 1592 2683 ,
1632 2607 1768 2670 sive
1822 2605 2153 2685 affectiva3
2212 2612 2275 2672 et

734 2715 904 2798 quod
948 2715 1360 2798 principalius
1394 2714 1474 2777 sit
1516 2714 1587 2777 in
1627 2713 1951 2795 cognitiva
1973 2762 1990 2792 ,
2020 2714 2273 2778 videtur

734 2843 850 2909 per
890 2823 1050 2888 illud
1078 2823 1250 2907 quod
1288 2822 1440 2888 dicit
1474 2821 1877 2904 Augustinus
1921 2841 1937 2882 ε
1973 2821 2273 2903 «Imago

737 2931 928 2996 estin
955 2930 1235 3014 potentia
1262 2928 1715 3011 cognoscendi,
1743 2931 1808 2993 et
1831 2929 2178 2994 similitudo
2202 2930 2273 2993 in

736 3039 1019 3123 potentia
1051 3038 1359 3120 diligendi
1394 3060 1408 3102 ε
1441 3058 1471 3097 n
1526 3037 1637 3102 sed
1679 3037 1802 3102 hoc
1839 3055 1972 3102 non
2005 3042 2103 3102 est
2144 3037 2276 3101 dic-

737 3150 879 3210 tum
897 3196 916 3226 ,
950 3146 1121 3229 quod
1162 3145 1428 3210 omnino
1469 3145 1551 3209 sit
1577 3145 1648 3208 in
1688 3145 1967 3227 potentia
2005 3162 2277 3226 cognos-

736 3253 918 3317 cendi
956 3275 971 3317 :
1005 3270 1164 3336 ergo
1202 3253 1444 3318 dictum
1486 3254 1582 3318 est
1604 3300 1623 3333 ,
1669 3251 1825 3336 quia
1865 3251 2279 3335 principalius

734 3363 829 3425 est
856 3359 972 3426 ibi.

814 3464 974 3531 Item
1007 3466 1225 3548 imago
1252 3465 1461 3548 primo
1488 3469 1552 3530 et
1577 3464 2009 3549 principaliter
2036 3483 2277 3531 conve-

734 3577 830 3642 nit
861 3577 983 3660 ipsi
1004 3575 1213 3642 Verbo
1238 3580 1484 3642 aeterno
1517 3594 1722 3657 :ergo
1747 3576 1809 3640 ei
1847 3576 2278 3659 principaliter

734 3685 945 3765 magis
966 3683 1286 3762 convenit,
1319 3683 1491 3766 quod
1518 3683 1608 3747 illi
1632 3681 1840 3748 Verbo
1875 3687 2117 3749 aeterno
2143 3702 2279 3750 res·

734 3790 970 3874 pondet
1002 3812 1018 3854 :
1069 3790 1195 3855 hoc
1237 3794 1456 3880 autem
1500 3794 1596 3855 est
1639 3789 1778 3874 ipsa
1821 3789 2237 3873 intelligentia
2254 3841 2274 3873 ,

735 3916 884 3983 quae
902 3900 999 3962 est
1017 3898 1089 3961 in
1111 3899 1247 3981 ipsa
1261 3898 1545 3982 potentia
1563 3898 1895 3981 cognitiva
1913 3919 1930 3965 ι
1952 3917 2132 3981 ergo,
2155 3903 2274 3964 etc.

816 4003 975 4070 Item
1023 4006 1242 4087 imago
1286 4006 1567 4070 consistit
1598 4007 1668 4070 in
1710 4006 2018 4070 memoria
2037 4054 2055 4084 ,
2092 4007 2281 4072 intel-

734 4111 1025 4194 ligentia,
1076 4117 1140 4176 et
1192 4112 1523 4178 voluntate
1581 4135 1597 4178 ε
1655 4114 1764 4178 sed
1817 4113 1961 4178 duae
2007 4114 2279 4179 istarum

736 4220 1195 4304 potentiarum,
1228 4219 1464 4284 scilicet
1491 4222 1801 4286 memoria
1831 4227 1896 4286 et
1920 4223 2281 4305 intelligen-

737 4327 827 4392 tia
848 4375 866 4407 ‚
895 4331 1112 4391 tenent
1137 4345 1206 4392 se
1249 4345 1331 4391 ex
1369 4329 1548 4410 parte
1589 4328 1930 4410 cognitivae
1962 4351 1978 4394 ι
2018 4347 2176 4411 ergo
2218 4332 2281 4395 et

737 4434 957 4516 imago
1001 4436 1147 4519 plus
1206 4453 1275 4499 se
1324 4438 1499 4500 tenet
1541 4454 1624 4500 ex
1675 4440 1851 4519 parte
1897 4436 2278 4518 cognitivae,

740 4556 938 4623 quam
966 4540 1299 4606 affectivae.

821 4647 979 4713 Item
1019 4651 1230 4733 imaqo
1274 4648 1422 4714 dicit
1455 4649 1798 4733 quamdam
1825 4651 2283 4733 configuratio-

738 4774 891 4822 nem
948 4759 1012 4819 et
1059 4754 1525 4820 distinctionem
1582 4778 1598 4820 ε
1653 4757 1764 4822 sed
1822 4757 2133 4825 aflectivae
2186 4763 2282 4826 est

741 4864 950 4943 unire,
975 4865 1042 4927 et
1061 4864 1404 4945 cognitivae
1427 4863 1855 4947 distinguere:
1878 4884 2036 4949 ergo
2061 4868 2280 4951 imago

740 4971 1153 5056 principalius
1217 4970 1297 5056 (a)
1349 4971 1581 5037 residet
1619 4991 1811 5057 penes
1855 4975 2272 5058 cognitivam,

741 5099 937 5166 quam
955 5098 1148 5164 penes
1172 5079 1553 5147 affectivam.

823 5186 1086 5253 Contra:
1120 5192 1152 5251 1
1165 5234 1181 5251 .
1209 5185 1430 5270 Imago
1456 5187 1921 5254 reformationis
1938 5191 2277 5273 respondet

809 5347 830 5384 ¹
850 5351 1081 5413 August„
1117 5347 1178 5398 de
1207 5348 1409 5411 Triuia,
1450 5347 1539 5398 lib.
1563 5349 1652 5399 xl!
1670 5385 1688 5413 ,
1724 5362 1839 5414 cap.
1862 5361 1964 5403 1111
1983 5388 1998 5415 ,
2026 5365 2083 5405 n.
2109 5355 2190 5404 20.
2220 5379 2281 5391 —

742 5420 766 5455 ¹
784 5420 866 5484 Cf.
895 5420 1127 5484 AEgidius
1155 5421 1328 5484 Rom„
1367 5420 1409 5470 11
1446 5420 1606 5490 Sem„
1647 5435 1700 5486 p.
1734 5422 1808 5486 11,
1836 5422 1954 5474 dist.
1980 5434 2068 5474 xvi
2084 5462 2101 5489 ,
2131 5439 2183 5490 q.
2205 5437 2280 5492 11,

2369 1745 2687 1826 voluntas,
2718 1751 2813 1810 est
2838 1745 3303 1810 nobilissimum
3330 1745 3501 1826 quod
3542 1747 3636 1808 est
3663 1744 3735 1806 in
3764 1743 3914 1806 ani-

2371 1871 2480 1918 ma
2501 1873 2696 1936 :ergo
2725 1854 3159 1938 prIncipaliter
3180 1854 3458 1918 consistit
3475 1854 3695 1934 imago
3713 1869 3915 1935 penes

2373 1964 2716 2028 arbitrium
2737 2013 2754 2043 ,
2808 1963 2942 2029 sive
2993 1963 3386 2027 voluntatem
3443 1985 3458 2025 :
3513 1961 3639 2025 hoc
3691 1964 3915 2025 autem

2375 2071 2802 2154 principaliter
2840 2070 3092 2153 respicit
3119 2069 3480 2134 affectivam
3512 2087 3530 2133 t
3565 2087 3757 2150 erg0,
3791 2073 3917 2132 etc.

2456 2186 2515 2244 4.
2549 2179 2707 2244 Item
2746 2179 3092 2243 similitudo
3116 2181 3231 2241 'est
3275 2177 3339 2240 in
3386 2178 3567 2259 plus,
3607 2195 3809 2259 quam
3838 2178 3920 2240 sit

2374 2288 2623 2369 imago;
2673 2305 2804 2351 non
2851 2286 3021 2350 enim
3071 2284 3371 2368 quaelibet
3423 2284 3774 2350 similitudo
3822 2288 3919 2349 est

2374 2395 2593 2476 imago
2617 2442 2634 2472 ,
2673 2394 2780 2458 sed
2821 2393 3166 2457 similitudo
3206 2410 3499 2474 expressa
3537 2393 3609 2455 in
3635 2393 3918 2475 quadam

2376 2501 2879 2582 configuratione
2905 2505 2967 2565 et
2992 2499 3344 2563 imitatione
3380 2522 3394 2562 ε
3427 2517 3584 2580 ergo
3612 2500 3915 2563 ubicum-

2377 2629 2503 2693 que
2534 2614 2627 2673 est
2667 2610 2919 2690 imago,
2962 2612 3055 2673 est
3081 2614 3141 2672 et
3180 2607 3523 2672 similitudo
3559 2631 3573 2672 :
3613 2626 3771 2689 ergo
3802 2608 3917 2673 ubi

2377 2717 2805 2801 principaliter
2822 2721 2918 2781 est
2934 2717 3171 2798 imago,
3189 2715 3621 2799 principaliter
3637 2722 3731 2780 est
3746 2716 3919 2778 simi·

2376 2826 2582 2890 litudo
2616 2849 2630 2890 ε
2667 2825 2778 2888 sed
2803 2823 3152 2888 similitudo
3192 2841 3326 2888 non
3366 2827 3461 2886 est
3486 2823 3919 2906 principaliter

2377 2952 2574 3018 penes
2608 2932 3079 3014 cognitionem,
3106 2930 3216 2995 sed
3255 2948 3448 3013 penes
3474 2930 3874 2995 affectionem
3896 2978 3916 3009 ,

2380 3060 2532 3106 cum
2558 3039 2904 3105 similitudo
2932 3040 3013 3103 sit
3035 3039 3106 3102 in
3124 3038 3443 3120 gratuitis,
3463 3056 3612 3122 quae
3635 3040 3918 3103 maxime

2378 3148 2725 3233 respiciunt
2766 3146 3117 3231 potentiam
3155 3145 3514 3212 affectivam
3546 3171 3560 3212 ε
3593 3166 3753 3230 ergo
3783 3148 3918 3231 pari

2381 3258 2625 3323 ratione
2648 3257 2888 3339 imag0.
2929 3253 3126 3321 Juxta
3163 3255 3285 3320 hoc
3311 3255 3627 3338 quaeritur
3664 3275 3813 3339 quae
3841 3257 3921 3321 sit

2381 3364 2734 3431 differentia
2789 3364 2957 3428 inter
3009 3363 3360 3444 imaginem
3428 3367 3492 3427 et
3552 3362 3922 3427 similitudi-

2382 3491 2532 3538 nem
2566 3495 2582 3538 :
2612 3491 2761 3537 cum
2790 3471 2964 3536 enim
2989 3470 3136 3554 plus
3175 3469 3256 3534 sit
3292 3469 3677 3560 similitudo,
3722 3490 3920 3554 quam

2384 3582 2601 3661 imago
2622 3629 2641 3660 ,
2689 3580 2854 3644 sicut
2894 3577 3167 3643 ostendit
3192 3577 3595 3659 Augustinus
3613 3626 3631 3657 ,
3660 3577 3732 3642 ln
3759 3577 3925 3643 libro

2382 3686 2725 3755 LXXXIII
2769 3687 3198 3761 Quaestionum
3260 3695 3306 3764 ⁸,
3356 3688 3420 3748 et
3456 3685 3753 3767 superius
3793 3702 3925 3748 non

2382 3797 2606 3863 debeat
2644 3792 3094 3861 connumerari
3133 3810 3252 3856 suo
3302 3790 3583 3855 inferiori
3606 3839 3626 3871 ,
3666 3791 3925 3856 videtur

2384 3906 2558 3989 quod
2586 3904 2750 3969 male
2777 3903 3006 3967 dicitur
3028 3901 3226 3966 homo
3245 3901 3450 3964 factus
3467 3898 3547 3963 ad
3568 3899 3922 3981 imaginem

2385 4017 2450 4078 et
2476 4010 2981 4076 similitudinem.

2467 4123 2528 4183 5.
2562 4117 2754 4200 item,
2783 4136 2932 4182 cum
2970 4116 3117 4182 duae
3141 4115 3266 4179 sint
3292 4113 3593 4198 potentiae
3636 4131 3718 4178 ex
3746 4116 3922 4196 parte

2386 4225 2733 4292 affectionis
2752 4274 2772 4306 ,
2802 4224 3035 4289 scilicet
3059 4220 3392 4287 irascibilis
3431 4225 3494 4286 et
3524 4219 3923 4303 concupisci-

2385 4333 2564 4414 bilis,
2607 4338 2670 4398 et
2706 4333 2851 4397 duae
2886 4349 2972 4396 ex
3010 4332 3189 4414 part'e
3223 4327 3645 4410 cognitionis,
3692 4328 3926 4393 scilicet

2387 4439 2702 4506 memoria
2724 4443 2788 4504 et
2811 4437 3229 4518 intelligentia
3247 4457 3264 4515 3
3293 4434 3564 4519 quaestio
3584 4439 3700 4514 est,
3724 4452 3922 4518 quare

2386 4549 2456 4613 in
2481 4547 2723 4614 ratione
2759 4545 3062 4629 imaginis
3097 4544 3308 4627 potius
3345 4542 3751 4627 accipiuntur
3778 4542 3920 4607 duae

2387 4655 2687 4740 potentias
2714 4672 2797 4720 ex
2812 4656 2990 4736 parte
3011 4651 3376 4733 cognitivae,
3402 4654 3467 4715 et
3485 4668 3618 4714 una
3640 4666 3724 4714 ex
3743 4653 3919 4732 parte

2388 4761 2718 4828 affectiva.
2748 4759 3011 4827 Videtur
3046 4757 3221 4822 enim
3257 4758 3427 4842 quod
3460 4757 3674 4839 potius
3699 4755 3924 4821 debeat

2388 4888 2529 4936 esse
2546 4889 2584 4936 e
2624 4885 2928 4935 converso
2947 4915 2967 4947 ,
3006 4884 3157 4931 cum
3189 4869 3318 4929 tres
3360 4864 3633 4929 virtutes
3681 4864 3919 4929 theolo-

2387 4978 2552 5061 gicae
2567 5024 2585 5055 ,
2616 4994 2763 5060 quae
2784 4975 3132 5041 reformant
3154 4971 3509 5054 imaginem
3534 4969 3771 5037 animae
3784 5020 3802 5052 ,
3831 4971 3920 5037 sic

2389 5180 2484 5227 art.
2509 5178 2570 5242 33
2610 5175 2792 5227 Thom.
2820 5175 2964 5238 Arg„
3005 5174 3047 5224 ll
3088 5172 3246 5236 Sent„
3273 5170 3392 5221 dist.
3416 5181 3540 5232 xvt,
3584 5184 3638 5235 q.
3661 5183 3715 5235 1,
3742 5173 3842 5221 art.
3865 5172 3917 5235 ἇς

2390 5247 2565 5312 Steph.
2590 5247 2796 5305 Bruler..
2828 5248 2865 5295 tt
2891 5245 3049 5309 Sene„
3078 5244 3196 5294 dist.
3217 5254 3326 5305 xv1,
3355 5256 3406 5307 q.
3429 5254 3499 5295 v1.
3541 5268 3603 5279 —
3634 5242 3658 5277 ⁸
3690 5246 3842 5308 Aug„
3864 5241 3921 5292 de

2388 5320 2489 5370 div.
2515 5319 2695 5381 Quoest.
2714 5317 2987 5379 LXXXIII,
3014 5330 3067 5381 q.
3087 5326 3273 5367 Lunx.

2456 5429 2519 5492 ‹a›
2536 5425 2676 5479 Edit.
2708 5425 2821 5476 ren.
2841 5422 3208 5489 principaliter.
