4125 6225
1234 422 1429 490 DIST.
1467 423 1541 489 X.
1584 419 1764 488 ART.
1805 419 1859 488 1.
1899 416 2178 498 QUAEST
2218 417 2297 483 11.

190 563 290 629 sui
308 611 328 640 ,
377 567 442 628 et
484 561 852 646 adjuvando
900 560 1229 627 hominem
1275 560 1522 645 placere
1563 558 1690 625 Deo
1703 606 1722 636 ,

187 689 383 755 quam
411 671 755 738 delectetur
780 688 915 735 esse
945 669 1014 734 in
1040 686 1364 754 empyreo.

712 903 1066 984 QUAESTIO
1110 904 1186 969 11.

437 1058 532 1115 An
556 1060 793 1115 omnium
819 1058 1131 1128 angelorum
1158 1058 1235 1114 sit
1258 1057 1410 1113 mitti
1434 1069 1474 1112 ¹.

0 1219 158 1263 tudu-
267 1209 496 1275 Utrum
538 1209 832 1274 omnium
873 1208 1257 1290 angelorum
1291 1208 1373 1271 sit
1413 1205 1615 1284 mitti;
1662 1208 1726 1270 et

182 1319 442 1383 videtur
468 1318 638 1401 quod
684 1336 813 1382 non
837 1323 904 1381 ¹:
940 1316 1156 1383 Miltia
1181 1314 1464 1381 millium
1497 1315 1725 1379 minis-

182 1427 442 1493 trabant
477 1426 578 1505 ei,
608 1428 727 1489 etc.
757 1423 931 1507 Ergo
971 1425 1060 1487 ibi
1097 1425 1171 1488 flt
1205 1422 1517 1489 distinctio
1559 1421 1726 1486 inter

180 1534 652 1613 ministrantes,
692 1537 756 1597 et
790 1533 1147 1596 assistentes
1176 1549 1194 1594 ε
1222 1547 1380 1611 ergo
1418 1547 1549 1593 non
1580 1548 1724 1594 om-

180 1643 369 1706 nium
395 1646 491 1706 est
518 1641 877 1705 ministrare
905 1663 921 1704 2
949 1658 1105 1723 ergo
1131 1657 1248 1703 nec
1275 1638 1463 1702 mitti.

261 1748 424 1813 Item
450 1748 811 1831 Dionysius,
844 1749 914 1811 in
944 1748 1107 1812 libro
1133 1746 1212 1813 de
1240 1746 1548 1830 Anqelica
1565 1744 1724 1812 Hie-

180 1856 446 1923 rarchia
460 1902 482 1934 ‚
511 1856 602 1921 ait.
620 1861 643 1896 ⁸
671 1878 685 1919 ε
717 1878 748 1917 α
775 1855 1064 1938 Superna
1089 1854 1199 1918 illa
1222 1854 1486 1936 agmina
1513 1853 1596 1918 ab
1620 1855 1721 1917 in-

179 1968 355 2033 timis
381 1986 717 2050 nunquam
745 1968 1076 2044 recedunt,
1102 1967 1257 2049 quia
1277 1985 1353 2030 ea
1379 1984 1526 2049 quae
1553 1983 1723 2048 prae-

180 2074 471 2140 eminent
488 2126 504 2156 ‚
543 2093 737 2140 usum
779 2074 1110 2139 exterioris
1155 2073 1345 2138 officii
1387 2091 1724 2156 nunquam

178 2182 439 2246 hahent.
469 2203 500 2240 n
1481 2249 1493 2259 ,

261 2290 421 2354 Item
449 2290 692 2354 ratione
714 2290 988 2355 videtur.
1018 2286 1169 2353 Plus
1190 2289 1378 2353 distat
1403 2293 1584 2354 actus
1606 2289 1723 2352 mi·

178 2397 493 2463 nistrandi
531 2397 614 2462 ab
648 2401 796 2461 actu
835 2395 1336 2479 contemplandi,
1368 2414 1563 2478 quam
1610 2396 1727 2459 mi-

178 2505 519 2570 nisterium
548 2524 588 2570 a
618 2504 1007 2583 ministerio;
1048 2508 1112 2568 et
1150 2503 1273 2568 hoc
1315 2508 1517 2586 patet,
1566 2504 1726 2587 quia

177 2631 375 2698 penes
399 2613 676 2696 primam
701 2611 1121 2676 differentiam
1149 2612 1225 2675 fit
1248 2611 1563 2676 distinctio
1589 2612 1724 2676 hie-

179 2721 585 2786 rarchiarum
608 2767 625 2797 ,
666 2737 859 2803 penes
904 2719 1250 2783 secundam
1292 2719 1366 2782 fit
1403 2718 1724 2784 distinctio

179 2829 485 2894 ordinum
514 2849 531 2891 ι
560 2827 619 2891 si
646 2845 804 2910 ergo
833 2827 1185 2892 secundum
1227 2826 1510 2891 diversos
1553 2827 1724 2892 ordi-

181 2955 296 3002 nes
336 2936 632 3001 distincta
661 2940 813 3000 sunt
850 2934 1230 3009 ministeria,
1267 2937 1340 2998 ut
1368 2952 1541 2998 unus
1569 2934 1724 2999 ordo

181 3044 618 3110 ministerium
658 3042 918 3108 alterius
954 3041 1195 3107 ordinis
1232 3059 1363 3105 non
1402 3049 1721 3120 assumat,

182 3153 439 3218 videtur
480 3152 652 3235 quod
692 3151 886 3235 aliqui
928 3150 1181 3216 ordines
1216 3150 1600 3233 angelorum
1638 3151 1726 3215 ita

181 3259 701 3343 contemplationi
727 3259 1048 3333 assistant,
1075 3257 1247 3340 quod
1275 3258 1355 3323 ad
1380 3257 1727 3324 ministeria

181 3368 561 3451 complenda
587 3384 718 3431 non
749 3367 1108 3444 mittantur,
1138 3383 1258 3429 nec
1284 3370 1536 3430 exeant.

264 3476 422 3542 Item
451 3478 658 3558 major
681 3479 776 3540 est
798 3473 1110 3539 ordinatio
1134 3473 1204 3536 in
1228 3471 1587 3537 hierarchia
1614 3492 1726 3537 an·

179 3584 418 3667 gelica,
449 3601 649 3667 quam
678 3582 760 3645 sit
791 3583 860 3645 in
895 3579 1310 3644 ecclesiastica
1340 3602 1354 3644 ε
1387 3579 1497 3643 sed
1533 3580 1603 3643 in
1629 3598 1728 3644 ec-

179 3690 526 3755 clesiastica
559 3690 647 3754 ita
677 3693 828 3754 sunt
861 3686 1057 3769 aliqui
1091 3686 1317 3751 intenti
1344 3686 1728 3771 contempla-

180 3797 378 3875 tioni,
406 3796 576 3879 quod
605 3813 737 3860 non
770 3793 1006 3859 actioni
1035 3816 1050 3857 ε
1081 3810 1241 3874 ergo
1268 3793 1476 3858 multo
1501 3794 1729 3857 fortius

179 3904 438 3970 videtur
481 3905 550 3968 in
591 3903 987 3968 Hierusalem
1029 3918 1308 3982 superna
1340 3923 1355 3965 z
1387 3918 1545 3982 ergo
1591 3919 1726 3966 non

180 4013 480 4077 omnium
506 4001 889 4093 angelorum
915 4013 1011 4073 est
1038 4008 1224 4073 mitti.

0 4121 35 4162 ω
60 4133 154 4180 orv-
261 4120 362 4184 Ad
389 4119 755 4202 oppositum
780 4116 1082 4198 arguitur
1105 4116 1232 4179 sic:
1255 4122 1285 4179 1
1300 4163 1314 4179 .
1339 4114 1554 4181 Primo
1580 4136 1729 4182 auc·

183 4227 435 4291 toritate
453 4227 521 4289 ⁸:
558 4225 780 4292 Omnes
813 4229 970 4291 sunt
1004 4222 1561 4290 administratorii
1588 4228 1730 4308 spi-

180 4338 354 4402 ritus
378 4336 567 4402 missi
596 4338 850 4416 propter
870 4349 998 4413 eos,
1019 4333 1137 4414 qui
1162 4330 1595 4399 hoereditatem
1616 4350 1723 4401 ca-

175 4445 378 4524 piunt
400 4443 655 4510 salutis.

261 4555 324 4614 2.
360 4549 560 4615 Item⁸
598 4572 615 4614 ι
649 4548 902 4615 volavit
939 4546 1030 4613 ad
1068 4563 1165 4613 me
1204 4563 1374 4613 unus
1412 4546 1490 4614 de
1526 4547 1728 4614 Sera-

178 4657 386 4740 phim.
414 4656 586 4739 Ergo
608 4656 836 4739 aliquis
864 4655 941 4720 de
963 4654 1186 4719 ordine
1207 4651 1539 4737 Seraphim
1566 4656 1728 4720 mis-

182 4783 295 4828 sus
338 4763 461 4829 fuit
500 4764 580 4828 ad
617 4762 845 4829 isaiam
888 4763 1306 4847 prophetam:
1336 4763 1443 4827 sed
1486 4769 1729 4829 constat

182 4871 359 4955 quod
405 4872 561 4936 ordo
606 4870 940 4954 Seraphim
988 4875 1083 4935 est
1127 4871 1281 4935 ordo
1325 4887 1667 4953 supremus
1706 4893 1721 4937 :

245 5069 265 5104 ¹
291 5069 376 5132 Cf.
407 5068 696 5120 Alexander
729 5068 961 5134 Mensis,
997 5071 1129 5132 part.
1177 5068 1218 5118 ΙΙ
1240 5104 1256 5127 ,
1294 5071 1477 5133 quaest.
1526 5079 1689 5119 xxxvl
1705 5106 1725 5134 ,

181 5141 403 5192 membr.
465 5144 531 5204 23
585 5142 638 5192 S.
700 5141 920 5193 Thomas
947 5176 967 5204 ,
1023 5143 1153 5204 part.
1203 5141 1222 5190 l
1249 5177 1267 5204 ,
1331 5142 1512 5203 quoest.
1569 5152 1678 5191 exn
1705 5177 1723 5204 ‚

182 5217 280 5264 art.
302 5215 364 5277 23
396 5216 450 5264 et
474 5214 519 5264 n
549 5212 705 5274 Seni„
730 5213 849 5264 dist.
872 5225 927 5276 x,
952 5227 1004 5274 q.
1027 5223 1065 5277 1,
1086 5215 1182 5262 art.
1211 5215 1273 5275 2;
1304 5212 1465 5270 Scot.,
1493 5212 1536 5261 11
1564 5212 1724 5277 Sene„

185 5283 302 5335 dist.
325 5296 392 5349 x,
419 5298 474 5348 q.
493 5298 583 5335 un.
593 5299 611 5348 3
643 5285 874 5348 AEgidius
894 5286 1068 5348 Rom.,
1094 5284 1139 5333 11
1168 5283 1328 5345 Seni„
1363 5283 1480 5335 dist.
1501 5295 1555 5347 1,
1586 5297 1637 5347 q.
1661 5296 1724 5345 11,

184 5358 360 5418 art.1‚
387 5354 511 5406 dub.
536 5359 595 5418 ¹3
624 5355 881 5420 Richard„
923 5355 967 5405 11
997 5349 1162 5413 Sent.,'
1186 5353 1305 5404 dist.
1328 5365 1395 5418 x,
1433 5367 1485 5419 q.
1515 5365 1589 5417 n3
1618 5355 1723 5404 Du-

183 5426 397 5491 randus‚
425 5426 472 5478 11
495 5425 655 5491 Seni„
692 5425 809 5478 dist.
833 5437 898 5489 x,
934 5438 989 5491 q.
1017 5437 1066 5490 13
1103 5424 1284 5480 Thom.
1311 5426 1458 5491 Arg„
1486 5427 1530 5477 ll
1561 5424 1720 5489 Seni„

3264 421 3386 484 489

1837 572 1994 636 ergo
2022 555 2074 618 si
2100 554 2207 619 ille
2232 553 2529 635 mittitur,
2550 554 2806 620 videtur
2827 556 2999 639 quod
3025 572 3252 621 omnes
3277 553 3387 619 alii

1836 664 2199 727 mittantur.

1916 773 1975 833 3.
2022 768 2182 834 Item
2209 768 2454 834 ratione
2478 769 2755 834 videtur.
2783 768 3061 835 Tantum
3088 769 3254 834 Deus
3281 770 3385 835 di-

1832 876 1993 942 lexit
2026 876 2300 941 salutem
2336 879 2619 940 nostram
2638 924 2656 954 ,
2696 881 2772 941 ut
2806 876 3083 941 mitteret
3108 875 3383 957 Filium,

1833 991 1897 1051 et
1920 985 2233 1069 Spiritum
2256 992 2547 1052 sanctum
2569 1007 2586 1051 :
2608 988 2715 1052 sed
2739 1006 2872 1052 non
2896 988 3045 1052 fecit
3066 988 3191 1052 nisi
3212 990 3386 1070 quod

1833 1092 2136 1158 decebat:
2163 1112 2346 1175 ergo,
2379 1094 2433 1157 si
2461 1094 2677 1159 missio
2707 1095 2786 1158 ad
2813 1113 2930 1159 nos
2956 1114 3088 1160 non
3115 1096 3384 1178 deroga-

1834 1201 1929 1266 vit
1969 1199 2161 1277 Filio,
2195 1200 2453 1265 videtur
2491 1201 2664 1283 quod
2708 1219 2841 1265 non
2887 1202 3154 1284 deroget
3196 1203 3385 1268 alicui

1832 1306 2068 1388 angelo
2096 1329 2112 1371 ε
2144 1324 2306 1388 ergo
2328 1306 2589 1372 videtur
2612 1308 2915 1372 omnibus
2941 1314 3318 1392 competere.

1910 1397 1978 1479 ν4.
2013 1413 2173 1479 Item
2198 1415 2275 1480 de
2303 1414 2676 1478 hominibus
2703 1419 3124 1480 assumuntur
3145 1416 3225 1480 ad
3252 1433 3387 1480 om-

1832 1539 1948 1586 nes
1989 1522 2244 1587 ordines
2287 1520 2673 1603 angelorum
2717 1542 2731 1585 :
2773 1539 2965 1604 ergo,
3017 1523 3071 1586 si
3118 1522 3387 1605 quilibet

1832 1620 2107 1711 angelus
2157 1628 2348 1693 debet
2404 1628 2933 1693 restaurationem
2988 1629 3089 1693 sui
3145 1630 3385 1695 ordinis
3434 1676 3443 1681 -

1832 1754 2197 1819 procurare,
2228 1740 2292 1800 et
2316 1735 2484 1799 Deus
2511 1735 2695 1800 debet
2723 1734 2802 1799 ad
2831 1736 2955 1799 hoc
2980 1737 3254 1814 mittere,
3280 1736 3382 1802 vi-

1833 1842 2018 1907 detur
2043 1842 2218 1924 quod
2254 1859 2479 1906 omnes
2518 1840 2731 1923 angeli
2769 1841 3116 1924 aliquando
3150 1842 3232 1908 ad
3265 1862 3385 1910 nos

1832 1951 2191 2015 mittantur.

1914 2061 1974 2121 5.
2007 2057 2166 2122 Item
2197 2057 2473 2123 charitas
2501 2056 2886 2139 angelorum
2914 2058 3206 2123 eminens
3236 2060 3387 2126 facit

1831 2184 1941 2231 eos
1970 2166 2293 2230 sollicitari
2321 2165 2489 2229 circa
2525 2165 2797 2230 salutem
2827 2171 3113 2230 nostram
3132 2216 3150 2246 ‚
3181 2170 3246 2233 et
3271 2186 3385 2252 per

1832 2273 1956 2339 hoc
1990 2274 2071 2339 ad
2110 2292 2228 2338 nos
2255 2274 2473 2340 venire
2513 2272 2735 2338 divina
2766 2273 3057 2356 jussione
3090 2298 3105 2340 ε
3136 2276 3192 2339 si
3227 2295 3384 2360 ergo

1831 2381 1900 2445 in
1929 2381 2247 2465 supremis
2281 2380 2613 2445 ordinibus
2639 2384 2734 2445 est
2769 2382 3054 2447 maxima
3080 2382 3381 2462 charitas,

1831 2490 2088 2555 videtur
2122 2488 2294 2571 quod
2321 2489 2442 2572 ipsi
2485 2488 2766 2553 maxime
2802 2489 3075 2555 salutem
3103 2497 3385 2558 nostram

1834 2600 2217 2680 procurent:
2249 2614 2409 2678 ergo
2436 2599 2500 2660 et
2538 2614 2648 2661 eos
2685 2596 2967 2662 maxime
3005 2598 3191 2663 debet
3219 2598 3385 2666 Deus

1832 2704 1912 2768 ad
1937 2722 2056 2768 nos
2087 2704 2360 2768 mittere.

1911 2815 1972 2874 6.
2016 2810 2177 2875 Item
2221 2810 2577 2894 promptior
2619 2812 2714 2873 est
2758 2808 3032 2874 charitas
3071 2811 3153 2877 ad
3192 2811 3383 2896 adju-

1832 2919 2150 2998 vandum,
2185 2936 2382 3002 quam
2422 2917 2503 2981 sit
2538 2916 2824 3001 nequitia
2856 2917 2939 2981 ad
2973 2920 3379 2986 nocendum:

1833 3045 1991 3109 ergo
2018 3026 2075 3090 si
2104 3027 2184 3090 ab
2220 3044 2301 3090 an
2309 3024 2471 3106 gelis
2497 3024 2611 3107 qui
2638 3025 3030 3105 ceciderunt,
3061 3029 3141 3093 de
3168 3030 3382 3092 omni-

1834 3135 1957 3199 hus
1995 3134 2328 3199 ordinibus
2367 3134 2863 3216 impugnamur,
2908 3135 3110 3199 multo
3158 3136 3385 3203 fortius

1832 3242 2089 3307 videtur
2130 3240 2304 3324 quod
2346 3241 2427 3304 ab
2469 3241 2715 3323 angelis
2759 3241 3271 3322 persistentibuS,
3306 3244 3384 3309 de

1834 3347 2108 3431 singulis
2152 3346 2483 3412 ordinibus
2524 3348 2908 3430 adjuvemur
2947 3371 2963 3412 ε
3003 3367 3162 3432 ergo
3207 3351 3264 3414 si
3304 3352 3386 3417 ad

1833 3455 1956 3521 hoc
1980 3456 2325 3521 mittuntur
2355 3459 2428 3520 ut
2457 3473 2575 3519 nos
2604 3457 2830 3537 juvent
2844 3505 2863 3536 ‚
2894 3461 3100 3540 patet,
3128 3464 3249 3524 etc.

2382 3729 2836 3797 CONCLUSIO.

1832 3888 2119 3944 Βατία-ἐστι’
2144 3886 2397 3942 missione
2426 3887 2711 3955 interiores
2740 3889 2955 3944 tantum
2982 3890 3168 3960 anqeli
3191 3891 3267 3948 ad
3291 3907 3387 3949 nos

1905 3979 2232 4044 mittuntur,
2275 3976 2401 4031 licet
2441 3977 2700 4032 interiori
2726 3979 2980 4036 missione
3008 3985 3235 4053 propter
3259 3997 3382 4054 nos,

1903 4067 2200 4139 superiores
2232 4064 2307 4121 ad
2329 4066 2615 4134 inferiores
2637 4082 2842 4138 quoque
2867 4071 3180 4126 mittantur.

1915 4225 2103 4307 Resp.
2152 4224 2232 4288 ad
2267 4225 2427 4306 Arg.
2474 4225 2574 4289 Ad
2615 4224 2739 4289 hoc
2784 4226 3125 4293 dicendum
3171 4229 3342 4311 quod
3360 4278 3380 4310 ,

1833 4333 2000 4397 sicut-
2030 4332 2181 4398 dicit
2209 4331 2512 4414 Magister
2551 4333 2621 4397 in
2660 4333 2901 4415 littera,
2936 4335 3207 4402 diversae
3233 4344 3385 4404 sunt

1832 4442 2167 4524 opiniones
2193 4443 2454 4524 propter
2476 4441 2759 4506 diversas
2780 4445 3022 4509 auctori
3032 4449 3207 4525 tateS,
3233 4465 3381 4529 quae

1834 4549 2138 4614 videntur
2160 4548 2229 4612 in
2251 4549 2374 4612 hac
2397 4549 2662 4612 materia
2683 4549 2803 4614 sibi
2825 4552 3179 4617 contrariae.
3203 4551 3382 4618 Unde

1833 4656 2096 4742 quidam
2141 4654 2536 4720 adhaerentes
2580 4656 2964 4737 quibusdam
2982 4706 3000 4739 ,
3035 4663 3099 4723 et
3140 4660 3382 4726 intelli-

1833 4768 2059 4846 gentes
2082 4781 2189 4827 eas
2214 4762 2293 4827 ad
2321 4762 2597 4827 litteram
2612 4812 2630 4842 ‚
2656 4765 2763 4828 alii
2784 4783 2939 4832 vero
2967 4773 3377 4850 exponentes,

1833 4871 2276 4935 formaverunt
2308 4869 2428 4933 sibi
2464 4870 2795 4952 opiniones
2834 4873 3070 4939 varias.
3109 4874 3382 4953 Quidam
3409 4882 3620 4940 opinion

1834 4979 2010 5043 enim
2038 4979 2361 5057 dixerunt,
2390 4977 2562 5061 quod
2589 4978 2705 5072 soli
2735 4979 2947 5060 angeli
2975 4981 3223 5047 ultimae
3248 4983 3380 5048 hie·

1834 5140 1951 5190 dist.
1975 5152 2034 5201 x,
2069 5154 2120 5204 q.
2152 5151 2188 5202 1,
2209 5143 2304 5190 art.
2333 5145 2389 5202 ¹3
2433 5139 2622 5189 Marsil.
2664 5142 2893 5203 inguen„
2924 5142 2965 5191 11
2996 5143 3155 5207 Seni„
3191 5158 3245 5209 q.
3270 5156 3377 5211 vn,

1834 5217 1930 5262 art.
1956 5214 1984 5262 3
2001 5226 2018 5275 3
2053 5211 2234 5276 Steph.
2265 5211 2476 5274 Bruler„
2511 5212 2549 5262 ΙΙ
2589 5211 2747 5267 Seni..
2776 5211 2892 5264 dist.
2916 5223 2986 5277 x,
3021 5229 3075 5279 q.
3105 5226 3176 5277 11;
3222 5217 3377 5268 Gabr.

1835 5284 1968 5346 Eiet,
1998 5284 2040 5333 ll
2061 5285 2221 5347 Sent„
2244 5282 2363 5333 dist.
2385 5294 2447 5347 x,
2467 5296 2518 5347 q.
2541 5295 2579 5335 1.
2596 5307 2661 5319 —
2677 5282 2700 5317 ¹
2717 5282 2866 5346 Dan„
2890 5296 2984 5347 vu,
3007 5290 3081 5337 10.
3101 5312 3163 5326 -
3182 5286 3205 5321 ⁸
3224 5289 3376 5344 Dion.

1833 5358 2042 5420 Areop„
2069 5353 2131 5404 de
2158 5353 2282 5405 coel.
2304 5352 2586 5420 Hier-arch„
2613 5368 2660 5406 c.
2678 5364 2801 5405 1111.
2819 5380 2882 5394 —
2902 5355 3111 5423 ‘Hebm
3135 5371 3188 5426 1,
3214 5363 3293 5413 14.
3312 5386 3376 5401 —

1832 5426 1991 5492 ⁸120„
2017 5435 2071 5478 vr
2085 5462 2104 5492 ,
2126 5429 2175 5478 6.
