4125 6225
74 3080 146 3125 Ad
162 3092 273 3136 opp.

600 445 635 480 ⁰
1290 444 1479 510 DIST.
1526 443 1791 508 XLVIII.
1835 444 2014 509 ΛΒΤ.
2060 448 2105 509 Ι.
2153 445 2449 525 QUAEST.
2498 447 2543 509 Ι.

304 580 425 643 tias
445 584 653 661 agunt
670 579 798 645 Deo
820 581 899 644 de
920 582 1210 661 passione
1229 580 1480 659 Christi,
1502 582 1610 645 sed
1633 585 1847 644 tamen

305 694 649 754 moventur
682 691 751 752 in
789 691 1288 755 consideratione
1326 691 1617 754 dolorum
1633 739 1650 769 ,
1688 692 1851 754 sicut

306 803 371 863 et
392 798 850 878 benignissima
860 799 1057 880 Virgo
1076 798 1274 863 Maria
1296 798 1369 862 in
1390 797 1531 862 Filii
1553 798 1655 863 sui
1679 803 1851 862 mota

307 912 401 971 est
427 905 741 988 passione.

784 1149 1270 1219 ARTICULUS
1318 1152 1371 1217 I.

388 1335 485 1398 Ad
527 1335 1014 1416 intelligentiam
1058 1337 1388 1418 praesentis
1429 1336 1853 1400 distinctionis

308 1442 621 1522 quaeritur
656 1443 734 1505 de
766 1444 1202 1508 conformitate
1239 1444 1582 1508 voluntatis
1618 1448 1852 1507 nostrae

308 1547 388 1610 ad
418 1548 815 1611 voluntatem
842 1548 987 1627 Dei;
1019 1554 1083 1613 et
1112 1551 1277 1614 circa
1304 1551 1424 1613 hoc
1450 1550 1579 1612 duo
1617 1551 1852 1632 princi-

308 1653 534 1736 paliter
565 1659 951 1735 quaeruntur
981 1678 996 1718 z
1027 1656 1236 1738 primo
1264 1657 1583 1739 quaeritur
1608 1657 1684 1720 de
1717 1658 1855 1739 ipsa

310 1761 751 1824 conformitate
785 1767 1100 1844 quantum
1142 1764 1220 1826 ad
1256 1764 1710 1846 quidditatem;
1755 1783 1852 1827 se-

311 1867 518 1931 cundo
544 1868 859 1950 quaeritur
883 1869 960 1933 de
996 1870 1136 1952 ipsa
1168 1876 1479 1952 quantum
1509 1872 1588 1935 ad
1624 1872 1852 1936 tentio-

310 1993 483 2038 nem.
513 1973 689 2039 Circa
714 1977 998 2059 primum
1026 1978 1369 2041 articulum
1393 1979 1522 2042 duo
1547 1997 1854 2061 quaerun-

311 2088 421 2147 tur
451 2102 467 2145 ε
495 2084 704 2165 primo
741 2088 970 2148 ‘utrum
1011 2086 1302 2166 possibile
1343 2086 1424 2148 sit
1459 2087 1855 2150 voluntatem

312 2195 594 2254 nostram
640 2191 1024 2255 conformari
1069 2193 1383 2258 voluntati
1427 2193 1704 2270 divinae3
1754 2211 1852 2256 se-

314 2298 520 2361 cundo
557 2303 779 2362 utrum
807 2300 1211 2363 conformitas
1238 2301 1585 2364 voluntatis
1620 2304 1855 2365 nostrae

312 2404 394 2468 ad
419 2404 705 2469 divinam
738 2406 928 2470 faciat
955 2406 1350 2471 voluntatem
1389 2412 1672 2471 nostram
1710 2410 1851 2489 jus-

312 2513 468 2575 tam.

862 2650 1218 2729 QUAESTIO
1262 2652 1311 2716 Ι.

315 2800 407 2857 An
428 2803 687 2875 possibile
705 2804 783 2861 sit
811 2804 1146 2861 voluntatem
1172 2809 1416 2862 nostram
1443 2804 1645 2860 divinoe
1666 2804 1857 2861 volun-

824 2896 937 2950 tati
961 2896 1294 2964 contemnam·
1312 2893 1353 2950 ¹.

398 3047 579 3126 Quod
615 3068 750 3114 non
788 3050 872 3114 sit
910 3050 1206 3133 possibile
1244 3055 1526 3116 nostram
1559 3050 1860 3115 volunta-

318 3161 447 3220 tem
470 3159 856 3223 conformari
877 3159 1138 3239 divinae,
1163 3159 1517 3224 ostenditur
1541 3159 1634 3222 sic
1651 3160 1675 3194 ³
1704 3180 1719 3221 :
1753 3158 1857 3223 Si-

318 3270 423 3329 cut
469 3266 845 3332 exaltantur
889 3265 1032 3331 coelz'
1075 3282 1117 3331 a
1159 3270 1364 3344 terra,
1412 3265 1512 3331 ita
1559 3266 1859 3333 eoealtaloe

318 3379 470 3438 sunt
498 3373 625 3437 ‘02‘oe
651 3389 808 3438 meoe
837 3390 882 3437 a
906 3374 1037 3438 viis
1068 3375 1328 3451 vestm,
1359 3378 1420 3439 et
1442 3374 1859 3454 coqitationes

320 3496 467 3546 meoe
502 3496 545 3545 a
579 3479 1078 3562 coqicationibus
1114 3482 1370 3546 vessris.
1405 3478 1528 3544 Sed
1567 3480 1732 3543 sicut
1768 3482 1862 3543 est

320 3586 386 3648 in
415 3586 539 3650 viis
575 3591 639 3650 et
677 3586 1200 3667 cogitationibuS,
1236 3588 1326 3650 sic
1365 3587 1523 3650 etin
1556 3585 1860 3651 volunta-

320 3693 489 3757 tibus
520 3716 535 3757 ε
567 3711 725 3774 ergo
763 3693 817 3755 si
857 3692 1091 3756 coelum
1134 3697 1196 3756 et
1235 3699 1406 3758 terra
1447 3712 1578 3759 non
1625 3695 1862 3759 habent

321 3802 857 3880 conformitatem,
899 3800 1032 3864 imo
1072 3801 1573 3882 deformitatem,
1611 3803 1863 3868 videtur
1914 3886 1919 3891 ⁸

322 3912 608 3976 similiter
634 3913 805 3995 quod
833 3931 952 3976 nec
978 3912 1276 3977 voluntas
1302 3918 1517 3978 nostra
1543 3919 1607 3978 et
1634 3916 1862 3980 volun-

321 4023 416 4083 tas
440 4016 680 4083 divina.
706 4018 774 4084 Si
801 4020 974 4083 dicas
999 4021 1171 4103 quod
1198 4022 1538 4085 auctoritas
1566 4022 1863 4103 intelligi-

324 4131 465 4205 tur,
506 4133 572 4192 et
613 4128 903 4211 loquitur
945 4129 1023 4192 de
1066 4128 1285 4207 malis;
1333 4134 1554 4193 contra
1600 4151 1616 4193 ε
1659 4128 1864 4213 Super

323 4235 478 4300 illud
537 4234 770 4300 Psalmi
799 4240 821 4276 ²
872 4257 888 4299 ε
938 4235 1284 4316 Exustam,
1324 4237 1540 4318 ἆαετί,
1587 4238 1800 4304 Glossa
1842 4263 1857 4304 t

334 4368 363 4403 u
389 4342 714 4420 Quantum
750 4343 941 4407 distat
972 4343 1138 4408 Deus
1168 4346 1249 4408 ab
1282 4345 1572 4426 homine,
1613 4351 1863 4413 tantum

324 4450 511 4515 distat
546 4452 841 4515 voluntas
888 4450 1000 4516 Dei
1027 4470 1067 4516 a
1092 4453 1420 4517 voluntate
1464 4452 1743 4519 hominis
1772 4477 1789 4519 ε
1824 4476 1857 4516 n

327 4575 506 4639 erge,
535 4563 653 4621 etc.

406 4669 467 4729 2.
500 4664 689 4745 Item,
720 4664 970 4730 infinite
996 4666 1370 4731 distantium
1396 4667 1578 4731 nulla
1604 4669 1698 4731 est
1721 4686 1868 4732 con-

330 4770 611 4835 formitas
638 4793 653 4834 :
682 4771 793 4835 sed
830 4771 996 4836 Deus
1030 4776 1093 4837 et
1127 4774 1323 4837 homo
1358 4773 1592 4838 distant
1623 4774 1690 4837 in
1728 4774 1869 4838 inss-

332 4876 575 4956 nitum,
607 4896 757 4943 cum
795 4897 1004 4943 unum
1035 4879 1114 4942 sit
1151 4879 1443 4955 finitum,
1486 4884 1549 4943 et
1575 4880 1748 4945 aliud
1788 4882 1869 4944 sit

332 4984 655 5050 infinitum
687 5006 707 5049 ι
747 5005 904 5069 ergo
939 4988 1116 5052 nulla
1161 4992 1256 5052 est
1298 4988 1705 5054 conformitas
1744 5008 1865 5056 vo·

332 5092 674 5159 luntatum.

403 5292 421 5326 ¹
440 5289 523 5352 Gt.
547 5289 692 5341 Alex.
712 5290 932 5353 Mensis»,
956 5306 1004 5355 p.
1027 5292 1067 5356 1,
1090 5304 1143 5355 q.
1160 5301 1269 5354 xm,
1295 5289 1486 5341 memb.
1506 5294 1560 5353 43
1591 5291 1644 5342 S.
1666 5292 1870 5353 Thom.‚

342 5358 540 5420 tSent„
570 5359 687 5410 dist.
704 5371 896 5423 vam,
926 5375 978 5425 q.
1002 5372 1041 5426 1,
1067 5366 1204 5413 art.1
1226 5377 1245 5424 3
1276 5360 1445 5425 AEgid.
1469 5362 1640 5423 Rom,
1667 5362 1685 5411 l
1711 5363 1871 5424 Seni„

344 5429 458 5483 dist,
486 5441 679 5495 nrm,
709 5446 761 5495 q.
782 5444 831 5493 13
859 5432 1118 5497 Richard„
1149 5435 1164 5482 l
1195 5435 1353 5496 Seni„
1382 5432 1497 5482 dist.
1518 5443 1714 5497 xnvru,
1742 5446 1795 5498 q.
1815 5447 1869 5498 15

3386 457 3503 516 223

2041 586 2102 645 3.
2148 583 2342 663 Item,
2391 585 2444 647 si
2482 584 2778 650 voluntas
2815 590 3035 649 nostra
3072 587 3507 652 conformatur

1959 687 2194 754 divinae
2214 740 2231 770 ,
2265 696 2375 754 aut
2401 711 2558 773 ergo
2586 691 2654 755 in
2683 692 2889 775 seipsa
2908 742 2924 771 ,
2955 694 3058 758 vel
3091 693 3160 757 in
3188 694 3374 758 tertio
3404 713 3420 757 z
3451 695 3507 758 si

1957 796 2028 859 in
2068 799 2285 877 tertie,
2331 818 2490 880 ergo
2528 798 2748 864 divina
2784 781 3081 864 voluntas
3118 805 3182 864 et
3221 800 3507 865 humana

1960 906 2351 969 conveniunt
2388 907 2455 968 in
2497 907 2713 989 aliquo
2749 909 3126 972 communi:
3159 912 3223 971 et
3259 909 3314 971 si
3349 908 3502 987 hoc,

1959 1028 2119 1092 ergo
2147 1013 2388 1077 habent
2421 999 2670 1095 aliquid¹
2697 1014 3045 1096 simplicius
3083 1033 3149 1079 se
3167 1064 3187 1092 ,
3216 1016 3386 1097 quod
3415 1021 3509 1080 est

1960 1118 2415 1184 inconveniens
2462 1122 2744 1184 maxime
2787 1122 2858 1184 in
2901 1121 3120 1186 divina
3153 1123 3503 1187 voluntate.

1962 1222 2174 1287 Restat
2226 1244 2382 1306 ergo
2430 1228 2604 1309 quod
2655 1228 2706 1290 si
2759 1233 2853 1292 est
2898 1229 3242 1292 conformis
3265 1275 3283 1305 ,
3339 1230 3508 1311 quod

1961 1330 2166 1412 seipsa
2208 1333 2681 1397 conformetur:
2714 1353 2870 1414 ergo
2906 1335 3204 1399 voluntas
3243 1339 3337 1399 est
3372 1335 3509 1418 ipsa

1961 1439 2368 1502 conformitas
2392 1440 2540 1503 :sed
2566 1441 2973 1505 conformitas
2995 1460 3125 1505 non
3149 1445 3352 1524 potest
3373 1461 3508 1506 esse

1962 1543 2339 1609 difformitas
2370 1569 2385 1610 ε
2418 1565 2575 1627 ergo
2618 1547 2915 1611 voluntas
2956 1554 3172 1612 nostra
3211 1568 3340 1613 non
3389 1568 3508 1632 po-

1961 1654 2081 1713 test
2107 1652 2465 1717 diScordare
2495 1673 2533 1717 a
2561 1654 2776 1718 divina
2810 1678 2824 1718 :
2858 1657 3030 1739 quod
3059 1661 3156 1721 est
3180 1658 3510 1722 manifeste

1960 1756 2216 1822 falsum.

2040 1868 2104 1926 4.
2146 1863 2338 1945 Item,
2378 1867 2435 1930 si
2464 1867 2759 1931 voluntas
2792 1873 3010 1932 nostra
3039 1873 3133 1933 est
3169 1871 3512 1935 conformis

1962 1969 2236 2048 divinae,
2276 1977 2391 2036 aut
2434 1978 2735 2039 convenit
2776 1977 3210 2058 essentialiter,
3251 1984 3363 2042 aut
3398 1998 3512 2062 per

1962 2079 2513 2161 participationem
2546 2106 2561 2146 :
2595 2084 2645 2146 si
2680 2085 3113 2163 essentialiter,
3148 2087 3313 2150 redit
3341 2087 3510 2150 idem

1962 2185 2137 2266 quod
2171 2188 2383 2268 prius;
2431 2190 2483 2252 si
2524 2209 2636 2271 per
2672 2192 3254 2273 participationem,
3289 2212 3510 2277 quaero

1962 2291 2040 2355 de
2085 2291 2191 2356 illo
2235 2312 2348 2375 per
2393 2297 2579 2376 cujus
2621 2298 3168 2379 participationem
3216 2301 3513 2364 voluntas

1962 2401 2059 2460 est
2083 2401 2446 2481 conformis,
2474 2406 2697 2466 utrum
2725 2405 2806 2486 sit
2831 2406 3178 2484 conforme,
3206 2408 3307 2472 vel
3334 2426 3508 2472 non:

1963 2505 2020 2568 si
2047 2524 2214 2584 non,
2249 2526 2378 2570 non
2407 2513 2611 2589 potest
2635 2511 3067 2591 conformare3
3106 2514 3161 2577 si
3188 2513 3315 2593 sic,
3358 2518 3513 2578 tunc

1963 2615 2078 2675 aut
2104 2615 2539 2692 essentialiter,
2572 2622 2686 2681 aut
2713 2619 3150 2700 participative
3180 2641 3194 2684 τ
3221 2638 3382 2702 ergo
3408 2621 3512 2684 vel

1964 2719 2089 2783 erit
2123 2720 2296 2784 abire
2336 2722 2403 2784 in
2445 2723 2810 2803 infinitum,
2843 2725 2947 2787 vel
2988 2730 3153 2789 stare
3189 2726 3258 2790 in
3296 2727 3511 2808 alitluo

1964 2831 2174 2891 creato
2200 2828 2368 2911 quod
2393 2829 2476 2892 sit
2503 2831 2827 2894 conforme
2852 2831 2976 2896 Deo
3002 2851 3118 2915 per
3142 2835 3507 2915 essentiam,

1963 2934 2069 3000 vel
2114 2934 2409 2999 voluntas
2446 2937 2881 3001 conformatur
2925 2938 3052 3003 Deo
3099 2957 3213 3021 per
3253 2941 3510 3005 increa-

1963 3047 2105 3107 tum
2133 3065 2148 3106 ε
2176 3043 2280 3107 sed
2307 3062 2440 3108 non
2468 3048 2561 3108 est
2583 3045 2763 3109 abire
2788 3045 2857 3110 in
2884 3045 3246 3129 infinitum,
3273 3067 3392 3114 nec
3418 3054 3514 3115 est

1965 3168 2201 3232 ponere
2235 3153 2405 3234 quod
2433 3152 2599 3217 Deus
2625 3153 2706 3217 sit
2732 3155 3138 3220 conformitas
3165 3157 3515 3222 voluntatis

1964 3259 2273 3323 humanae
2315 3260 2394 3324 ad
2436 3260 2639 3326 Deum
2670 3280 2687 3325 ε
2725 3280 2882 3344 ergo
2924 3264 3184 3346 aliquod
3227 3271 3512 3330 creatum

1966 3368 2378 3432 essentialiter
2410 3373 2503 3432 est
2541 3369 2864 3433 conforme
2895 3392 2911 3433 ε
2942 3371 3050 3435 sed
3087 3374 3260 3454 quod
3297 3392 3510 3438 essen-

1965 3473 2198 3536 tialiter
2220 3478 2313 3538 est
2335 3475 2658 3539 conforme
2681 3477 2894 3557 alicui,
2916 3480 3334 3544 essentialiter
3356 3500 3513 3546 con-

1966 3580 2146 3643 venit
2176 3599 2326 3644 cum
2358 3582 2467 3645 illo
2494 3604 2510 3645 ι
2537 3587 2600 3646 et
2628 3583 2799 3664 quod
2830 3586 3244 3651 essentialiter
3279 3607 3511 3653 conve-

1967 3686 2064 3750 nit
2086 3705 2233 3751 cum
2255 3688 2387 3768 illo,
2409 3693 2503 3753 est
2523 3690 2810 3772 ejusdem
2833 3694 3123 3757 essentiae
3146 3712 3364 3777 tergm
3386 3699 3506 3760 etc.

2048 3793 2320 3858 Contra⁴
2342 3814 2360 3858 ε
2386 3798 2515 3875 Qui
2541 3797 2824 3866 adhoerec
2850 3800 3006 3881 Dee,
3040 3817 3210 3867 unus
3236 3804 3512 3884 spiritus
3544 3840 3751 3884 mmm,

1967 3907 2058 3967 est
2083 3922 2107 3964 .·
2129 3903 2238 3966 sed
2274 3921 2406 3967 non
2435 3910 2529 3969 est
2559 3925 2731 3970 unus
2760 3908 3019 3990 spiritus
3053 3928 3168 3992 per
3196 3911 3509 3975 unitatem

1968 4013 2219 4072 naturae
2249 4028 2267 4072 ε
2298 4028 2456 4092 ergo
2497 4015 2594 4078 est
2635 4031 2806 4079 unus
2849 4032 2964 4097 per
3008 4017 3510 4082 conformitatem

1968 4116 2335 4182 voluntatiS.

2051 4224 2210 4289 Item
2226 4225 2250 4260 ⁸
2275 4248 2291 4290 ι
2323 4226 2546 4292 Omnis
2568 4229 2686 4310 qui
2706 4230 2871 4309 facit
2890 4232 3280 4297 voluntatem
3297 4232 3515 4300 Patris

1969 4332 2117 4409 mei,
2145 4334 2261 4414 qui
2284 4337 2377 4400 est
2402 4324 2477 4398 ‘in
2502 4333 2701 4413 coelis,
2727 4336 2836 4401 ille
2862 4353 3039 4403 meus
3064 4339 3291 4418 frater,
3318 4346 3380 4407 et
3404 4356 3513 4407 so-

1971 4454 2102 4518 ror,
2133 4444 2252 4503 etc.
2293 4439 2416 4505 Sed
2449 4459 2581 4505 non
2610 4446 2705 4506 est
2738 4462 2969 4508 verum
2997 4446 3167 4527 quod
3202 4447 3286 4511 sit
3324 4450 3518 4512 frater

1972 4565 2089 4630 per
2114 4548 2653 4631 propinquitatem
2680 4552 3017 4633 sanguinis
3043 4575 3057 4614 ε
3087 4572 3243 4635 ergo
3268 4560 3362 4617 est
3389 4556 3519 4620 fra-

1973 4657 2073 4718 ter
2115 4672 2229 4736 per
2270 4656 2780 4722 conformitatem
2815 4660 3173 4724 ,voluntatis
3219 4664 3282 4724 et
3325 4661 3518 4726 dilec-

1973 4760 2192 4825 tionis.

2058 4867 2218 4932 Item
2241 4917 2257 4947 ,
2314 4886 2752 4954 quascumque
2798 4873 3157 4937 voluntates
3206 4872 3523 4954 contingit

1976 4974 2140 5040 velle
2165 4975 2366 5054 idem,
2400 4980 2464 5040 et
2490 4978 2652 5042 velle
2680 4980 2993 5061 opposita,
3025 4980 3339 5061 contingit
3367 4997 3520 5045 con-

1976 5082 2269 5160 formari,
2301 5086 2366 5147 et
2392 5083 2773 5166 difformari,
2804 5087 2939 5150 sive
2967 5088 3385 5152 contrariari:
3414 5088 3525 5155 sed

1978 5216 2153 5280 Steph.
2185 5215 2395 5280 Brulef.‚
2441 5218 2453 5265 Ι
2492 5218 2656 5283 Sent„
2695 5218 2813 5270 dist.
2835 5231 3000 5271 xtvm
3018 5259 3036 5285 ,
3069 5236 3121 5286 q.
3149 5234 3222 5284 113
3255 5223 3436 5273 Petrus
3463 5224 3527 5275 de

1976 5291 2201 5352 Tan-ant„
2248 5289 2268 5338 l
2302 5289 2462 5350 Sene„
2508 5290 2628 5340 dist.
2656 5302 2851 5355 XLvm,
2889 5306 2941 5357 q.
2972 5305 3023 5356 13
3065 5294 3259 5344 Mat-sil.
3289 5296 3524 5361 luguen„

1979 5362 1997 5411 1
2025 5358 2189 5420 Sem„
2214 5375 2267 5425 q.
2286 5371 2451 5424 nvn,
2476 5367 2570 5411 art.
2595 5366 2747 5413 1.—²
2767 5365 2885 5428 Im„
2906 5376 2990 5430 ιν,
3012 5368 3455 5431 9.—⁸Ps.xxxn,
3481 5374 3527 5419 ¹.

1979 5459 2042 5471 -
2067 5433 2126 5483 *1
2156 5432 2295 5495 Cor„
2317 5444 2389 5496 v1,
2414 5434 2492 5484 17.
2510 5434 2833 5501 —⁸Mattlz.,
2858 5447 2954 5503 ΧΠ,
2981 5440 3058 5487 50.
