4125 6225
312 2717 525 2761 Fundam.

540 420 661 483 534

541 550 657 637 qui
687 556 1116 635 consequntur
1141 551 1651 637 dispositionem,
1683 572 1834 639 quae
1859 559 1956 621 est
1977 572 2092 620 ne-

541 657 981 726 cessitaszsed
1023 660 1169 726 talis
1211 679 1345 727 non
1389 665 1528 729 erat
1565 663 1637 729 in
1675 664 1787 728 illa
1822 663 2087 729 informi

541 765 836 847 materia;
868 767 979 833 sed
1001 768 1359 834 secundum
1387 770 1736 853 quamdam
1772 774 2087 855 majorem

541 872 953 941 subtilitatem
990 877 1054 940 et
1085 876 1412 941 raritatem
1447 877 1515 941 iu
1553 879 1841 961 partibus
1881 882 2090 944 mate-

542 980 658 1046 riae
682 1025 701 1060 ,
746 986 881 1047 erat
931 982 1252 1067 dispositio
1297 982 1658 1070 longinqua
1705 986 1787 1051 ad
1840 986 2085 1053 formas

543 1086 731 1170 alias,
761 1092 826 1153 et
845 1088 1025 1155 alias.
1996 1138 2003 1145 -

1012 1329 1497 1403 ARTICULUS
1544 1333 1631 1402 11.

625 1516 1093 1601 Consequenter
1132 1518 1446 1602 (100111101-
1483 1520 1562 1585 de
1607 1522 1889 1588 secundo
1931 1524 2087 1589 arti-

544 1623 720 1706 culn,
757 1624 989 1691 scilicet
1022 1625 1101 1692 de
1139 1626 1342 1710 ipsius
1375 1627 1662 1694 materiae
1692 1629 2045 1712 quantitate
2063 1678 2085 1711 ‚

546 1731 712 1795 circa
751 1750 949 1815 quam
974 1732 1209 1817 triplex
1243 1739 1538 1802 versatur
1561 1736 1887 1820 inquisitio
1913 1757 1931 1801 ε
1954 1737 2088 1821 pri-

549 1855 659 1902 ma
674 1885 692 1915 ,
780 1842 1101 1923 quantum
1173 1843 1255 1908 ad
1316 1861 1701 1924 numerum3
1763 1846 2042 1911 secunda
2068 1894 2088 1924 ,

544 1949 863 2114 {quantum
907 1947 988 2013 ad
1028 1953 1326 2032 tempus;
1354 1951 1544 2016 tertia
1563 1998 1583 2032 ,
1638 1956 1957 2035 quantum
2008 1954 2090 2019 ad

568 2066 782 2116 ocum.
2047 2088 2055 2098 ·

1090 2271 1449 2351 QUAESTIO
1488 2274 1537 2339 1.

586 2438 682 2496 An
725 2439 911 2497 horum
952 2442 1277 2513 interiorum
1313 2457 1448 2566 mm,
1486 2442 1782 2503 coeloetibaoe
1827 2460 1942 2503 una
1981 2447 2060 2503 sit

1177 2534 1417 2589 materia
1458 2574 1473 2589 .

633 2696 809 2763 Circa
860 2715 1058 2782 quam
1095 2699 1186 2763 sic
1229 2699 1597 2783 proceditur
1613 2749 1631 2778 ,
1672 2705 1740 2766 et
1781 2703 2097 2786 quaeritur

547 2808 771 2872 utrum
791 2806 1166 2886 coeloetium,
1199 2810 1261 2872 et
1285 2810 1683 2876 terrestrium
1700 2830 1833 2876 una
1853 2812 1939 2876 sit
1961 2829 2099 2877 ma-

458 2923 463 2927 ·
549 2913 709 2978 teria
738 2918 1057 2996 quantum
1095 2916 1177 2981 ad
1208 2933 1344 2981 esse
1370 2934 1388 2980 z
1418 2935 1615 3000 supra
1651 2925 1675 2959 ²
1702 2918 1876 2984 enim
1906 2937 2098 3002 quae-

549 3019 744 3084 situm
783 3024 880 3086 est
922 3021 1002 3086 de
1037 3023 1283 3088 unitate
1325 3024 1609 3089 materiae
1653 3029 1971 3109 quantum
2014 3028 2097 3093 ad

548 3128 910 3195 essentiam.
946 3128 1027 3195 Et
1050 3131 1224 3214 quod
1265 3131 1345 3196 sit
1372 3151 1536 3211 una,
1574 3131 1850 3200 videtur.
1905 3134 2099 3201 Com-

552 3235 837 3302 muniter
857 3285 878 3318 ,
944 3238 1301 3304 secundum
1360 3240 1749 3324 expositores
1771 3289 1789 3319 ,
1834 3244 2098 3309 nomine

555 3345 745 3408 terrae
761 3391 779 3424 ‚
828 3362 980 3408 eum
1034 3345 1268 3410 dicitur
1323 3369 1340 3411 ε
1396 3350 1479 3413 ln
1499 3350 1828 3432 principio
1854 3353 2100 3418 creavit

572 3451 750 3518 Deus
798 3452 1022 3518 coelum
1073 3458 1133 3520 et
1179 3458 1444 3534 ten-am,
1499 3459 1619 3520 etc.
1634 3503 1651 3533 ,
1719 3455 2101 3540 intelligitur

556 3557 825 3623 materia
845 3559 1143 3624 omnium
1160 3560 1513 3626 visibilium
1531 3562 1690 3628 citra
1713 3563 1946 3628 coelum
1963 3582 2101 3629 em-

554 3683 830 3751 pyreum
868 3689 884 3732 :
916 3685 1073 3750 ergo
1103 3667 1160 3733 si
1184 3668 1292 3733 illa
1310 3689 1445 3735 una
1470 3670 1593 3736 fuit
1615 3718 1635 3750 ,
1663 3675 1727 3737 et
1742 3671 1968 3737 habuit
1989 3672 2105 3737 ali·

556 3796 757 3862 quam
802 3779 1077 3844 formam
1094 3828 1114 3860 ,
1157 3782 1232 3845 ut
1274 3799 1471 3863 supra
1512 3782 1727 3848 visum
1771 3788 1903 3865 est,
1943 3803 2103 3868 0130

554 3886 812 3953 videtur
855 3887 1027 3970 quod
1064 3887 1348 3953 coelestia
1377 3895 1440 3955 et
1478 3890 1805 3955 terrestria
1848 3910 1933 3957 ex
1972 3912 2107 3958 una

558 3994 847 4074 materia,
875 3999 1194 4078 quantum
1221 3996 1302 4061 ad
1329 4014 1466 4061 esse
1492 4043 1512 4077 ,
1539 3997 1667 4062 sint
1688 3998 2023 4082 producta.

637 4099 798 4167 Item
817 4102 1085 4167 materia
1102 4103 1234 4184 illa,
1256 4122 1341 4169 ex
1353 4121 1487 4186 qua
1503 4105 1776 4170 formata
1796 4110 1951 4172 sunt
1971 4125 2107 4173 eor·

558 4225 739 4294 pora,
790 4227 908 4274 nec
954 4208 1227 4276 habebat
1277 4214 1552 4278 formam
1597 4213 1947 4295 coelestem,
1990 4233 2110 4282 nec

559 4319 1013 4388 elementarem
1031 4368 1049 4399 ,
1095 4340 1216 4386 nec
1257 4326 1751 4407 consequentem
1793 4325 1875 4390 ad
1917 4325 2035 4390 has
2087 4349 2105 4393 2

560 4446 720 4511 ergo
756 4428 812 4493 si
848 4429 1135 4513 aliquam
1162 4430 1437 4496 habebat
1479 4433 1754 4498 formam
1779 4480 1797 4511 ‚
1836 4434 2113 4501 babebat

563 4537 841 4602 formam
887 4538 968 4604 ad
1011 4539 1131 4602 has
1180 4556 1594 4604 communem
1637 4544 1702 4606 et
1742 4541 2108 4608 indifferen-

562 4648 740 4711 tem:
770 4662 929 4728 0130
954 4643 1210 4710 videtur
1236 4645 1441 4728 quod,
1470 4648 1824 4712 secundum
1852 4650 2112 4733 aliquod

565 4770 701 4818 esse
726 4750 1014 4830 formale,
1034 4752 1118 4815 sit
1146 4769 1383 4834 ponere
1411 4752 1761 4819 coelestium
1789 4759 1855 4820 et
1880 4760 2112 4822 terres-

565 4860 766 4932 trium
793 4860 1129 4924 materiam
1149 4877 1286 4924 esse
1308 4877 1740 4926 communem.

647 4967 808 5036 Item
834 4967 1118 5035 extensio
1148 4968 1560 5052 consequitur
1582 4969 1915 5036 materiam
1928 5019 1947 5052 ,
1976 4990 2113 5038 nou

630 5132 650 5166 ¹
665 5129 747 5195 Os.
768 5129 912 5182 Alex.
931 5129 1127 5193 Mens„
1143 5143 1197 5194 p.
1221 5129 1282 5192 11,
1303 5143 1355 5194 q.
1372 5140 1516 5193 mir,
1534 5130 1727 5180 memb.
1743 5133 1772 5181 2
1784 5146 1801 5192 3
1828 5133 1881 5183 S.
1901 5132 2109 5195 Thom.,

566 5214 618 5266 p.
643 5202 693 5266 Ι,
720 5215 774 5267 q.
794 5213 936 5267 uvi,
960 5206 1058 5253 art.
1077 5204 1140 5265 23
1169 5201 1291 5252 0111
1319 5201 1481 5266 Seat„
1509 5200 1625 5252 dist.
1647 5212 1752 5266 xn,
1781 5215 1834 5267 q.
1859 5215 1908 5265 1,
1929 5208 2025 5255 art.
2048 5207 2108 5269 ις

569 5273 742 5338 AEgid.
764 5274 936 5337 Rom„
960 5273 1000 5324 Il
1028 5274 1189 5336 Sene„
1211 5272 1330 5323 dist.
1349 5285 1443 5335 111,
1468 5286 1519 5337 q.
1540 5284 1620 5338 111,
1641 5276 1736 5323 art.
1758 5274 1822 5338 43
1849 5275 2111 5340 Richard„

570 5343 616 5394 11
644 5344 806 5405 Sent„
831 5344 949 5395 dist.
971 5355 1083 5408 m,
1111 5357 1162 5407 q.
1186 5354 1312 5406 v1u3
1344 5342 1607 5407 Allienus,
1634 5343 1696 5394 de
1721 5347 1860 5408 quat.
1887 5345 2111 5408 Gooetue,

572 5426 715 5482 q.11,
742 5418 910 5481 art-5,
933 5417 963 5470 6
989 5419 1044 5468 et
1067 5419 1131 5481 75
1161 5415 1411 5481 Dur-and„
1440 5416 1484 5470 u
1513 5415 1675 5478 Seni„
1707 5416 1958 5482 dist-111,
1981 5431 2109 5486 (μς

1654 417 2276 491 SENTENTIARUM
2311 418 2463 491 LIB-
2505 418 2587 489 Il.

2161 540 2164 547 ⁴
2196 554 2552 621 secundum
2584 570 2773 619 suam
2812 550 3154 619 essentiam
3173 599 3193 631 ,
3237 551 3349 617 sed
3386 550 3743 617 secundum

2195 661 2454 745 aliquod
2477 678 2611 727 esse
2626 709 2647 741 ,
2672 678 2823 726 cum
2846 660 2928 725 sit
2944 658 3235 724 accidens
3259 677 3278 723 z
3299 675 3459 740 0130
3481 658 3537 722 si
3562 676 3744 724 com·

2196 768 2481 834 1011111101
2495 768 2810 852 reperitur
2831 766 3119 832 extensio
3141 766 3210 830 in
3231 764 3602 850 corporibus
3621 784 3737 832 su·-

2159 879 2554 964 -perioribus
2620 884 2686 944 et
2748 876 3157 943 inferioribus
3178 924 3198 956 ,
3258 894 3417 959 0130
3483 876 3744 942 videtur

2195 988 2369 1071 quod
2394 1006 2528 1059 una
2552 987 2636 1052 sit
2662 986 2929 1051 materia
2957 986 3346 1064 communis,
3385 985 3742 1051 secundum

2196 1113 2355 1173 esse,
2382 1096 2453 1160 in
2477 1095 2837 1161 coelestibus
2862 1098 2927 1160 et
2953 1093 3380 1159 terrestribus·

2277 1203 2436 1269 ltem
2469 1202 2589 1268 lux
2613 1206 2708 1267 est
2735 1205 2971 1267 natura
2996 1201 3357 1267 communis
3385 1203 3634 1284 reperta
3670 1202 3742 1267 10

2195 1311 2501 1377 omnibus
2541 1310 2946 1393 corporibus,
2988 1314 3124 1374 tam
3150 1307 3508 1373 ooelestibus
3543 1326 3744 1392 quam

2195 1417 2630 1498 terrestribus,
2660 1418 2800 1483 sive
2839 1416 2922 1482 sit
2964 1416 3316 1482 substantia
3331 1464 3349 1497 ,
3397 1415 3534 1482 sive
3575 1417 3746 1481 aeci·-

2196 1529 2353 1595 dens
2386 1551 2401 1594 :
2431 1547 2591 1612 ergo
2624 1530 2680 1593 si
2706 1530 2912 1594 forma
2948 1528 3071 1593 ista
3106 1527 3451 1610 corporalis
3484 1545 3620 1592 non
3649 1530 3746 1591 est

2195 1635 2269 1702 10
2294 1637 2562 1702 materia
2599 1637 2725 1701 nisi
2760 1637 3117 1702 secundum
3146 1636 3406 1720 aliquod
3444 1652 3607 1715 esse,
3637 1635 3743 1700 vi-

2161 1830 2177 1849 ,
2196 1744 2386 1811 detur
2414 1745 2585 1811 idem
2616 1745 2791 1829 quod
2816 1747 3025 1828 prius.

2279 1853 2438 1918 Item
2476 1854 2892 1937 perspicuitas
2918 1856 3013 1918 est
3040 1856 3274 1917 natura
3307 1850 3610 1916 similiter
3639 1869 3744 1916 re·

2196 1964 2376 2046 perta
2416 1961 2487 2025 in
2514 1961 2815 2026 omnibus
2839 1960 3244 2044 corporibus,
3285 1962 3421 2024 tam
3448 1958 3742 2042 superio-

2198 2068 2379 2160 ribus
2404 2086 2604 2152 quam
2631 2068 3038 2133 inferioribus
3051 2116 3070 2147 ,
3111 2065 3464 2132 secundum
3493 2066 3640 2149 plus
3677 2069 3745 2131 et

2201 2176 2421 2241 minus
2451 2194 2469 2239 ι
2503 2177 2613 2243 sed
2638 2177 3052 2261 perspicuitas
3075 2193 3210 2239 000
3233 2178 3488 2239 tantum
3514 2190 3748 2238 conse-

2200 2284 2423 2368 quitur
2444 2284 2781 2349 materiam
2797 2332 2816 2363 ,
2841 2284 2953 2348 sed
2973 2284 3169 2347 etiam
3188 2283 3460 2346 formam
3480 2330 3500 2362 ,
3523 2284 3590 2347 et
3611 2298 3747 2346 esse

2200 2393 2488 2459 materiae
2506 2443 2525 2472 ,
2569 2412 2705 2459 11011
2745 2397 2998 2458 tantum
3039 2392 3376 2457 essentiam
3407 2410 3423 2451 ε
3453 2409 3612 2474 0130
3643 2390 3746 2455 vi-

2200 2501 2392 2567 detur
2415 2501 2590 2584 quod
2613 2502 2686 2567 10
2709 2502 3009 2567 omnibus
3034 2499 3409 2584 corporibus
3427 2548 3446 2578 ,
3473 2500 3607 2564 sive
3623 2515 3749 2563 000·

2199 2607 2460 2672 lestibus
2482 2657 2500 2686 ,
2529 2608 2667 2675 sive
2691 2608 2959 2674 terrenis
2977 2657 2997 2687 ,
3027 2611 3123 2672 est
3146 2624 3385 2690 ponere
3410 2605 3748 2671 materiam

2201 2733 2403 2782 unam
2428 2715 2786 2781 secundum
2809 2733 2971 2781 esse.

2282 2820 2443 2887 Item
2469 2822 2600 2888 rari
2628 2829 2693 2889 et
2718 2824 2899 2890 densi
2924 2822 3285 2887 secundum
3325 2839 3461 2888 esse
3485 2821 3750 2904 ponitur

2202 2946 2337 2995 una
2362 2930 2631 2996 materia
2662 2948 2676 2991 ε
2711 2949 2870 3014 0130
2891 2980 2910 3012 ,
2937 2931 3078 3014 pari
3111 2930 3360 2995 ratione
3380 2977 3401 3008 ,
3441 2927 3749 2994 luminosi

2203 3040 2268 3105 et
2286 3038 2469 3122 opaci
2504 3060 2521 3105 z
2556 3042 2641 3120 et,
2671 3038 2727 3103 si
2750 3039 2896 3120 hoc,
2923 3056 3081 3121 ergo
3101 3038 3243 3104 coeli
3263 3041 3327 3102 et
3345 3037 3666 3102 elementi.

2286 3144 2517 3211 Contra
2574 3168 2589 3211 ε
2640 3146 3159 3229 corruptibilium
3207 3150 3270 3210 et
3301 3144 3751 3227 incorruptibi-
3782 3165 3852 3210 Aa
3884 3177 3983 3221 opp.

2203 3254 2391 3334 lium,
2411 3254 2576 3319 sicut
2590 3243 3162 3337 vultPhilosoplius
3176 3258 3223 3333 ³,
3238 3272 3367 3318 non
3384 3254 3756 3318 eetmateria

2205 3379 2339 3426 una
2370 3380 2386 3426 :
2415 3360 2527 3427 sed
2553 3378 2820 3444 corpora
2858 3362 3190 3444 superiora
3225 3364 3377 3425 sunt
3408 3360 3753 3441 incorrup-

2204 3468 2438 3548 tibilia,
2484 3471 2547 3533 et
2572 3467 2874 3533 inferiora
2901 3467 3336 3551 corruptibilia
3366 3484 3570 3548 :ergo
3586 3515 3606 3546 ,
3629 3472 3747 3531 etc.

2289 3574 2448 3639 Item
2467 3622 2485 3653 ,
2537 3593 2686 3658 quae
2737 3575 2977 3641 habent
3034 3575 3325 3640 eamdem
3373 3574 3710 3638 materiam
3729 3621 3750 3654 ,

2208 3684 2362 3744 sunt
2387 3681 2466 3745 ad
2489 3681 2769 3747 invioem
2787 3681 3299 3746 transmutabilia
3321 3703 3338 3746 :
3359 3681 3468 3746 sed
3487 3698 3757 3763 corpora

2209 3789 2532 3854 terrestria
2565 3793 2629 3854 et
2675 3788 2953 3854 coelestia
2984 3807 3119 3853 non
3153 3792 3305 3853 sunt
3349 3788 3431 3853 ad
3472 3786 3753 3852 invicem

2208 3896 2761 3962 transmutabilia:
2791 3914 2949 3978 0130
2965 3947 2981 3977 ,
3012 3899 3135 3963 010.

2293 4003 2453 4070 Item
2477 4004 2747 4069 materia
2783 4004 3068 4086 subjecta
3096 4002 3480 4086 privationi,
3512 4006 3578 4068 et
3604 4020 3754 4086 quae

2211 4130 2345 4177 000
2369 4115 2465 4177 est
2490 4112 2772 4195 subjecta
2798 4111 3164 4195 privationi,
3191 4110 3496 4176 differunt
3517 4129 3754 4176 secun-

2213 4220 2372 4285 dum
2396 4238 2531 4284 esse
2560 4242 2575 4282 t
2607 4220 2718 4285 sed
2736 4220 2807 4283 in
2832 4218 3193 4283 caelestibus
3219 4218 3484 4282 materia
3502 4236 3633 4283 non
3660 4222 3757 4283 est

2214 4327 2501 4412 subjecta
2526 4325 2911 4410 privationi,
2940 4326 3011 4389 in
3039 4325 3446 4391 terrestribus
3478 4343 3636 4391 vero
3660 4329 3756 4390 est

2216 4436 2540 4519 subjecta:
2563 4452 2722 4516 0130
2740 4481 2758 4512 ,
2786 4436 2910 4499 010.

2297 4541 2453 4607 Item
2479 4559 2711 4624 corpus
2756 4539 3005 4606 coeleste
3022 4589 3040 4619 ,
3071 4544 3134 4605 et
3166 4540 3549 4606 elementare
3570 4588 3591 4618 ‚
3622 4559 3758 4607 non

2214 4648 2659 4715 tautummodo
2710 4648 3018 4713 differunt
3057 4647 3266 4713 forma
3303 4666 3379 4712 ac
3416 4648 3717 4731 qualitate
3734 4699 3752 4726 ,

2218 4758 2329 4824 sed
2345 4758 2538 4823 etiam
2556 4755 3070 4821 discontinuitate
3092 4774 3107 4818 ε
3125 4755 3176 4818 si
3198 4773 3356 4837 0130
3376 4756 3761 4822 continuitas

2219 4866 2397 4932 venit
2440 4865 2519 4928 ab
2564 4864 2811 4929 unitate
2850 4863 3136 4927 materiae
3181 4862 3536 4927 secundum
3585 4881 3756 4945 esse,

2219 4990 2371 5038 cum
2396 4971 2516 5036 ista
2541 4971 2620 5035 ad
2648 4971 2924 5036 invicem
2959 4971 3089 5036 sint
3110 4970 3510 5035 discontinua
3527 5018 3546 5051 ,
3587 4971 3759 5054 quod

2217 5135 2369 5185 Joan.
2395 5135 2640 5196 Baccon.,
2667 5132 2709 5181 11
2738 5131 2897 5196 Sem„
2927 5130 3044 5181 dist.
3065 5142 3175 5191 mr,
3198 5145 3251 5196 q.
3273 5143 3292 5181 1
3309 5167 3326 5193 ,
3357 5133 3454 5180 art.
3479 5132 3542 5194 ⁴3
3570 5129 3758 5180 Thom.

2220 5210 2364 5270 Arg„
2396 5205 2437 5255 11
2466 5204 2624 5266 sent„
2645 5203 2763 5254 dist.
2783 5214 2892 5266 xn,
2918 5216 2971 5267 q.
2992 5215 3040 5265 1,
3064 5206 3160 5253 art.
3182 5205 3211 5252 1
3225 5219 3244 5266 3
3273 5203 3456 5253 Franc.
3476 5201 3542 5251 de
3569 5203 3758 5267 mayr„

2222 5279 2264 5329 11
2295 5277 2456 5339 sent„
2482 5275 2598 5325 dist.
2622 5287 2714 5339 111,
2744 5288 2796 5340 q.
2816 5287 2912 5338 1113
2943 5274 3121 5339 Steph.
3145 5271 3353 5336 mules„
3383 5273 3428 5324 11
3451 5272 3612 5335 Sene„
3639 5273 3754 5323 dist.

2220 5361 2320 5413 111,
2339 5362 2391 5413 q.
2411 5358 2489 5412 1v3
2516 5346 2643 5396 Gab.
2666 5345 2791 5408 Biel,
2813 5346 2855 5394 11
2876 5347 3036 5408 Sene„
3053 5345 3168 5395 dist.
3189 5356 3284 5406 xn,
3303 5358 3354 5408 q.
3375 5344 3657 5395 1.—⁸Dist.
3675 5355 3757 5409 111,

2221 5423 2318 5474 art.
2345 5425 2393 5483 1,
2418 5432 2472 5486 q.
2493 5429 2555 5470 11.
2580 5416 2855 5479 dai-ist„
2882 5416 3162 5483 simplum.
3190 5416 3280 5468 lib.
3303 5416 3427 5479 xil,
3453 5417 3692 5468 000126.
