4125 6225
366 3926 576 3973 Fundam.

421 4893 544 4937 Retio

377 4955 579 5000 solvenda

620 462 741 523 228

611 697 988 781 pravitatem
1027 719 1045 764 ι
1081 716 1240 780 ergo
1267 702 1563 764 tenemur
1592 698 1755 765 velle
1782 699 1953 783 quod
1979 698 2146 764 Deus

609 808 770 872 vult.

691 919 751 978 3.
785 914 943 980 Item
958 913 1203 980 Tullius
1222 915 1538 981 diffiniens
1562 914 1910 980 amicitiam
1929 916 2080 980 dicit
2095 921 2140 995 ¹,

610 1023 778 1105 quod
804 1023 1083 1088 amicitia
1121 1027 1216 1088 est
1243 1024 1414 1088 idem
1451 1024 1612 1089 velle
1626 1073 1643 1103 ‚
1674 1029 1738 1088 et
1779 1023 1948 1088 idem
1974 1024 2145 1088 nolle

609 1131 676 1193 in
702 1132 894 1195 rebus
920 1130 1202 1196 honestis
1230 1154 1245 1195 ι
1281 1131 1387 1195 sed
1414 1135 1712 1195 tenemur
1738 1131 1865 1195 Deo
1890 1149 2145 1195 servare

607 1238 952 1302 amicitiam
1006 1257 1024 1302 ε
1080 1257 1238 1321 ergo
1286 1243 1350 1304 et
1417 1239 1587 1304 idem
1638 1238 1804 1304 velle
1857 1242 1920 1302 et
1971 1238 2144 1303 idem

607 1349 773 1414 nolle
803 1349 883 1432 (a)
916 1350 989 1414 in
1014 1350 1314 1415 honestiS.
1342 1352 1464 1416 Sed
1504 1350 1670 1416 Deus
1693 1370 1826 1416 non
1853 1352 1994 1416 vult
2020 1351 2144 1415 nisi

600 1450 851 1529 justum
868 1454 932 1513 et
955 1448 1294 1514 honestum
1317 1468 1334 1513 ι
1359 1468 1517 1531 ergo
1535 1451 1838 1514 debemus
1859 1454 2144 1515 nostram

606 1555 997 1621 voluntatem
1023 1573 1159 1621 suae
1198 1558 1594 1621 conformare
1621 1558 1693 1621 in
1723 1558 2045 1623 omnibuS.

683 1666 745 1726 4.
777 1663 935 1728 Item
974 1664 1183 1728 omnis
1211 1665 1564 1730 intellectus
1607 1665 1720 1748 qui
1766 1666 2077 1730 discordat
2106 1684 2146 1729 a

606 1771 812 1852 prima
842 1771 1106 1836 veritate
1134 1773 1201 1835 in
1239 1774 1528 1855 cognito,
1570 1778 1663 1837 est
1688 1773 1886 1837 falsus
1926 1792 1944 1837 ε
1985 1792 2143 1854 ergo

606 1878 812 1942 omnis
839 1879 1103 1944 affectus
1127 1885 1222 1944 est
1247 1880 1509 1964 iniquus
1523 1929 1540 1958 ,
1569 1881 1684 1963 qui
1716 1900 1849 1945 non
1876 1900 2143 1945 concor-

604 1984 712 2048 dat
761 2003 912 2049 cum
955 1986 1177 2051 divina
1230 1987 1555 2052 voluntate
1604 1988 1673 2051 in
1719 1988 1916 2053 volito
1963 2006 1981 2051 z
2030 2006 2141 2052 er-

603 2108 712 2171 ξςο,
742 2096 863 2157 etc.

683 2204 743 2264 5.
777 2201 933 2266 Item
973 2204 1269 2266 tenemur
1302 2202 1467 2267 velle
1500 2203 1671 2286 quod
1699 2203 1866 2268 Deus
1900 2221 2140 2287 praece-

604 2308 699 2389 pit
730 2330 745 2372 ε
777 2312 891 2373 aut
914 2328 1071 2391 ergo
1102 2310 1253 2392 quia
1286 2312 1588 2394 praecepit
1614 2317 1726 2376 aut
1752 2312 1906 2394 quia
1942 2314 2082 2378 vult
2121 2335 2136 2376 ε

602 2433 734 2479 non
773 2417 928 2498 quia
970 2419 1297 2501 praecepit,
1340 2421 1495 2502 quia
1536 2421 1629 2484 illi
1660 2423 1683 2457 ²
1728 2422 1842 2503 qui
1882 2422 2145 2486 fuerunt

603 2521 935 2603 mundati,
987 2525 1223 2606 quibus
1262 2526 1487 2590 datum
1529 2531 1623 2590 est
1667 2532 2060 2610 praeceptum
2103 2548 2143 2592 a

603 2627 871 2694 Domino
906 2631 985 2696 de
1022 2632 1309 2710 tacendo,
1335 2652 1467 2698 non
1494 2639 1917 2717 peccaverunt
1941 2637 2012 2699 in
2036 2654 2142 2700 re-

603 2737 900 2819 velando,
932 2739 1085 2822 quia
1118 2740 1337 2806 divina
1369 2742 1781 2825 inspiratione
1821 2763 2142 2827 cognove-

607 2848 764 2907 runt
791 2844 1132 2910 Dominum
1156 2837 1357 2912 Deum
1392 2868 1527 2913 non
1563 2850 1727 2914 velle
1766 2850 1925 2916 illud
1969 2850 2140 2933 quod

604 2952 1011 3035 praecipiebat
1041 2970 1059 3017 z
1088 2972 1245 3038 ergo
1270 2961 1565 3025 tenemur
1590 2960 1752 3025 velle
1779 2961 1952 3042 quod
1977 2959 2144 3025 Deus

603 3060 764 3125 vult.

684 3170 743 3229 6.
778 3166 938 3231 Item
954 3170 1249 3235 tenemur
1265 3173 1519 3237 credere
1536 3192 1669 3238 non
1695 3178 1947 3239 tantum
1969 3176 2146 3258 quod

604 3273 892 3356 praecipit
912 3274 1077 3340 Deus
1102 3277 1376 3359 credere,
1401 3279 1506 3343 sed
1537 3280 1728 3344 etiam
1756 3299 1948 3345 omne
1970 3282 2146 3365 quod

604 3378 756 3443 dicit
776 3398 910 3444 aese
926 3400 1159 3447 verum
1182 3405 1198 3448 ε
1221 3403 1379 3466 ergo
1398 3405 1437 3450 a
1458 3386 1648 3450 simili
1666 3392 1962 3452 tenemur
1981 3389 2144 3454 velle

606 3503 734 3550 non
772 3491 1026 3553 tantum
1062 3491 1234 3572 quod
1277 3494 1565 3576 praecipit
1599 3494 1765 3559 Deus
1799 3497 1962 3561 velle
1979 3545 1996 3577 ,
2034 3496 2145 3561 sed

603 3612 794 3659 omne
810 3598 977 3678 quod
1006 3599 1242 3665 indicat
1258 3620 1325 3666 se
1346 3603 1509 3668 velle
1529 3608 1836 3688 tanquam
1853 3606 2102 3670 bonum
2123 3626 2141 3671 ε

603 3718 762 3782 ergo
788 3705 1083 3770 tenemur
1105 3707 1269 3772 velle
1287 3727 1478 3774 omne
1496 3711 1670 3793 quod
1687 3711 1923 3777 scimus
1941 3712 2145 3778 Deum

603 3810 789 3875 velle.

685 3916 912 3983 Contra
927 3942 941 3984 ε
954 3950 1008 3987 α.
1027 3940 1141 4004 per
1151 3924 1251 3989 Au
1257 3926 1593 4006 gustinum
1608 3927 1679 3990 in
1691 3927 2084 3995 Εηοήἰνίἀὶο
2097 3933 2147 3992 ⁸.-

612 4044 643 4083 α
662 4022 1018 4105 Aliquando
1041 4029 1236 4095 homo
1262 4031 1431 4096 bona
1447 4031 1773 4097 voluntate
1789 4034 1952 4113 vult,
1974 4034 2147 4118 quod

603 4147 734 4194 non
761 4131 904 4195 vult
929 4133 1118 4199 DeuS.
1147 4157 1178 4195 n

684 4247 734 4311 β.
757 4236 918 4303 Item
945 4242 1072 4305 viri
1099 4244 1681 4328 sanctitrequenter
1704 4246 1932 4311 volunt
1945 4265 2146 4329 oppo-

604 4342 745 4423 sita,
777 4345 944 4411 sicut
963 4349 1300 4432 Apostolus
1325 4352 1578 4418 volebat
1603 4353 1856 4435 alligari
1887 4355 1955 4417 in
1991 4355 2147 4419 Hie-

604 4451 883 4515 rusalem
903 4501 921 4532 ,
949 4458 1015 4519 et
1058 4457 1353 4541 discipuli
1388 4460 1688 4524 nolebant
1720 4479 1737 4524 ε
1767 4461 1876 4525 sed
1901 4465 2149 4527 constat

603 4558 775 4639 quod
797 4559 962 4624 Deus
985 4563 1223 4646 aliquid
1241 4565 1497 4632 illorum
1515 4567 1803 4634 volebat:
1826 4586 1984 4650 ergo
2001 4570 2146 4634 licet

604 4668 995 4733 contrarium
1035 4671 1274 4738 divinae
1312 4675 1625 4741 voluntati
1671 4675 1833 4740 velle
1882 4677 2146 4742 merito-

603 4773 699 4837 rie
735 4794 751 4837 ε
782 4792 961 4857 ergo,
991 4781 1110 4843 etc.

684 4901 736 4955 γ.
768 4882 949 4963 Item,
988 4885 1042 4947 si
1072 4890 1366 4952 tenemur
1394 4888 1464 4951 in
1492 4890 1690 4954 volito
1715 4891 2108 4957 conformare
2126 4941 2142 4973 ,

606 5007 763 5072 ergo
804 5009 955 5055 cum
994 4992 1063 5054 in
1108 4993 1618 5059 indifferentibus
1659 4988 1792 5061 non'
1838 4999 1918 5062 sit
1964 5000 2148 5063 nobis

606 5097 902 5162 voluntas
967 5100 1187 5165 divina
1247 5103 1662 5167 determinata
1683 5153 1700 5183 ,
1757 5108 2148 5190 quicumque

607 5203 750 5268 vult
791 5206 1031 5288 aliquid
1073 5207 1440 5273 indifferens
1479 5211 1920 5290 determinate,
1968 5233 2148 5279 com-

676 5363 694 5397 ¹
716 5364 901 5429 Cicer„
927 5367 990 5416 de
1013 5365 1221 5419 Amicii.
1246 5373 1299 5419 et
1320 5369 1381 5419 de
1408 5368 1621 5435 Officiis,
1656 5374 1708 5421 et
1732 5372 1934 5423 Sallust.
1961 5374 2016 5425 in
2044 5376 2150 5426 Ga-

609 5432 863 5486 tilae’nario.
880 5464 934 5474 —
959 5439 982 5473 ²
999 5438 1180 5504 Marc„
1199 5453 1295 5507 vn,
1314 5444 1393 5494 36.
1406 5469 1467 5480 —
1485 5443 1507 5479 ⁸
1523 5445 1677 5508 Aug„
1701 5444 1986 5511 Enchirid„
2008 5461 2057 5497 c.
2074 5459 2143 5499 el.

1768 455 2388 522 SENTENTIARUM
2433 454 2583 520 LlB.
2626 456 2675 520 1.

611 591 783 675 quod
808 545 974 655 neus
999 590 1160 656 vult.
1194 612 1225 651 ιι
1256 588 1378 656 Sed
1408 595 1698 655 tenemur
1712 591 1918 656 vitare
1940 592 2146 656 cordis
2187 641 2190 642 ν

2250 592 2444 655 mittit
2472 611 2539 655 se
2567 591 2931 655 discrimini
2963 612 2979 654 t
3008 608 3166 672 ergo
3194 596 3408 673 peccat
3432 591 3802 672 mortaliter,

2252 700 2428 784 quod
2467 701 2823 765 absurdum
2854 700 2970 764 est.

2329 813 2383 869 δ.
2414 807 2481 872 Si
2499 809 2668 872 dicas
2680 807 2848 890 quod
2869 808 3141 881 tenetur,
3165 804 3420 887 quando
3448 805 3567 868 scit
3595 804 3807 868 Domi-

2250 916 2321 979 ni
2344 916 2766 993 voluntatem;
2801 913 3029 978 Contra
3056 932 3072 976 ε
3095 911 3369 977 Scientia
3394 930 3528 977 non
3554 912 3806 975 inducit

2252 1041 2501 1086 novum
2519 1027 2846 1106 peccatum
2863 1039 3072 1103 neque
3085 1025 3454 1101 tentionem,
3470 1024 3576 1087 sed
3592 1025 3805 1089 solum

2252 1134 2570 1212 aggravat
2605 1133 2934 1212 peccatum
2969 1178 2983 1192 .
3002 1148 3159 1211 ergo
3187 1132 3444 1213 propter
3475 1132 3802 1197 scientiam

2253 1255 2444 1303 nemo
2470 1243 2743 1314 tenetur,
2775 1236 2937 1300 sicut
2962 1256 3081 1302 nec
3110 1238 3439 1319 ignoranS.

2335 1368 2376 1401 ⁸·
2402 1347 2560 1411 Item
2586 1347 2936 1411 Hieremias
2966 1346 3214 1410 dolebat
3227 1366 3420 1429 super
3432 1348 3803 1413 destructio-
3840 1346 4075 1454 ωξξέᾚι

2252 1472 2404 1518 nem
2432 1454 2826 1518 Hierusalem
2852 1454 2919 1515 in
2949 1452 3257 1527 Threnz's;
3284 1453 3583 1518 Cnmsrus
3610 1455 3807 1518 flebat

2253 1551 2446 1643 super
2505 1560 2936 1639 Hierusalem3
2994 1560 3066 1624 B.
3122 1561 3320 1642 Virgo
3341 1612 3357 1640 ,
3405 1567 3471 1626 et
3516 1563 3802 1644 Apostoli

2253 1688 2444 1751 super
2475 1668 2831 1751 passionem
2878 1668 3126 1732 Christi.
3168 1667 3233 1732 Si
3271 1668 3509 1731 flebant
3540 1673 3602 1732 et
3632 1668 3804 1733 dole-

2252 1775 2427 1855 bant,
2463 1779 2526 1839 et
2551 1776 2729 1840 dolor
2755 1778 2854 1839 est
2882 1775 2958 1839 de
2985 1776 3174 1839 rebus
3202 1792 3350 1857 quae
3373 1774 3557 1837 nobis
3581 1774 3802 1838 nolen-

2251 1884 2422 1947 tibus
2465 1883 2793 1962 accidunt,
2842 1901 3000 1964 ergo
3053 1881 3373 1946 nolebant.
3427 1879 3504 1943 Et
3560 1885 3802 1945 constat

2251 1991 2423 2072 quod
2478 2008 2701 2055 omnes
2767 1990 2836 2053 hi
2883 1989 3295 2052 merebantur
3316 2035 3332 2065 ,
3390 1991 3454 2051 et
3519 1987 3802 2050 sciebant

2249 2095 2454 2161 Deum
2477 2097 2640 2162 velle
2665 2097 3058 2161 contrarium
3095 2118 3109 2161 :
3142 2114 3300 2177 ergo
3325 2094 3494 2159 licite
3524 2098 3588 2158 et
3614 2094 3802 2158 meri-

2249 2205 2413 2268 torie
2448 2222 2788 2287 possumus
2808 2204 2970 2269 velle
2997 2203 3388 2267 contrarium
3415 2201 3655 2267 divinae
3689 2220 3800 2267 vo-

2249 2309 2537 2389 luntatis„
2568 2313 2759 2377 etiam
2787 2313 2900 2376 ubi
2932 2313 3150 2377 scitur.

2333 2418 2492 2482 Item
2515 2467 2532 2495 ,
2600 2425 3193 2503 quantumcumque
3257 2418 3557 2510 praelatus
3616 2434 3799 2481 meus

2250 2526 2405 2592 velit
2422 2526 2685 2608 aliquid,
2708 2546 2838 2591 non
2864 2532 3084 2592 teneor
3106 2526 3266 2589 illud
3287 2525 3471 2603 velle,
3495 2524 3614 2587 nisi
3636 2525 3796 2587 mihi

2250 2634 2612 2717 praecipiat,
2644 2635 2892 2699 etiamsi
2921 2634 3117 2698 sciam
3153 2634 3367 2715 ipsum
3391 2632 3556 2696 velle
3590 2654 3604 2695 ε
3638 2650 3799 2713 ergo

2250 2741 2391 2823 pari
2441 2742 2686 2806 ratione
2708 2792 2726 2824 ,
2780 2751 3372 2825 quantumcumque
3428 2741 3577 2806 velit
3634 2740 3802 2804 Deus

2250 2845 2524 2927 aliquid,
2570 2866 2702 2911 non
2738 2851 2961 2913 teneor
3005 2849 3162 2913 illud
3206 2849 3369 2913 velle
3387 2896 3405 2925 ,
3447 2850 3799 2930 quantum-

2251 2970 2529 3036 cumque
2573 2955 2735 3019 mihi
2787 2957 3139 3021 innotescat
3160 3005 3178 3036 ,
3239 2956 3365 3019 nisi
3419 2955 3586 3020 Deus
3639 2955 3802 3017 mihi

2250 3062 2601 3146 praecipiat.

2334 3169 2491 3233 Item
2510 3218 2528 3247 ,
2558 3172 2731 3253 quod
2773 3170 2939 3236 Deus
2981 3172 3340 3249 consuluit,
3390 3171 3560 3251 vult,
3594 3174 3659 3234 et
3687 3188 3805 3234 nos

2251 3276 2489 3340 scimus
2506 3295 2660 3341 eum
2681 3278 2847 3342 velle
2870 3300 2886 3341 t
2909 3281 3124 3343 tamen
3142 3297 3276 3342 non
3301 3284 3595 3343 tenemur
3615 3278 3800 3357 velle,

2250 3384 2550 3465 quamvis
2595 3385 2875 3449 multum
2928 3384 3054 3449 sibi
3099 3387 3375 3469 placeat,
3430 3387 3621 3451 etiam
3656 3386 3802 3470 plus

2250 3507 2450 3571 quam
2480 3496 2874 3576 praeceptum
2910 3510 2927 3556 ε
2963 3511 3119 3575 ergo
3147 3512 3279 3558 non
3308 3500 3606 3559 tenemur
3635 3492 3804 3558 velle

2251 3614 2444 3663 omne
2469 3600 2644 3681 quod
2670 3600 2912 3665 scimus
2937 3600 3140 3666 Deum
3170 3602 3355 3668 velle.
3383 3610 3391 3619 ‘

2798 3853 3246 3922 CONCLUSIO.

2253 4016 2312 4075 N
2310 4030 2379 4070 on
2410 4018 2618 4072 tenetur
2652 4016 2906 4074 voluntas
2931 4023 3119 4075 nostra
3162 4020 3490 4088 conformari
3522 4019 3805 4077 voluntati

2324 4105 2528 4162 divinoe
2552 4107 2616 4160 in
2636 4121 2959 4177 quocumque
2978 4108 3185 4178 volit03
3213 4108 3306 4163 sed
3328 4110 3391 4164 in
3410 4124 3466 4164 eo
3493 4108 3635 4188 quod
3657 4111 3800 4177 uult,

2333 4198 2383 4250 et
2409 4196 2697 4250 innotescit
2724 4194 2964 4251 absolute
2991 4199 3155 4251 Deum
3181 4197 3340 4252 velle.

2334 4365 2520 4449 Resp.
2548 4366 2628 4430 ad
2657 4366 2814 4447 Arg.
2848 4366 2942 4430 Ad
2974 4367 3096 4432 hoc
3133 4368 3354 4432 dicunt
3379 4368 3602 4452 aliqui,
3630 4371 3802 4453 quod

2252 4492 2384 4538 non
2434 4478 2732 4538 tenemur
2770 4475 3165 4539 conformare
3205 4476 3603 4541 voluntatem
3649 4496 3804 4541 nos-

2253 4582 2420 4643 tram
2462 4580 2776 4644 voluntati
2818 4581 3057 4646 divinae
3095 4582 3166 4646 in
3202 4583 3409 4660 omni,
3452 4578 3625 4666 q'uod
3661 4584 3804 4649 vult

2253 4686 2459 4766 Deus;
2501 4688 2610 4752 sed
2637 4687 2762 4752 hoc
2786 4692 2880 4752 est
2913 4689 3339 4770 perfectioniS,
3370 4695 3434 4755 et
3468 4709 3804 4774 superero-

2254 4796 2568 4875 gationis,
2605 4800 2668 4859 et
2692 4795 2815 4861 hoc
2854 4798 2974 4860 erit
3012 4797 3082 4860 in
3117 4799 3367 4880 patria:
3413 4800 3524 4863 sed
3564 4799 3641 4863 ad
3676 4799 3803 4863 hoc

2254 4903 2464 4965 solum
2500 4907 2830 4981 tenemur,
2881 4903 3052 4985 quod
3104 4905 3239 4985 ipse
3287 4923 3407 4969 nos
3444 4907 3583 4971 vult
3613 4907 3796 4971 velle.

2254 5005 2484 5070 Dicunt
2524 5013 2773 5085 autem,
2825 5009 2997 5091 quod
3041 5010 3206 5074 Deus
3248 5012 3457 5076 solum
3508 5013 3648 5077 vult
3683 5032 3802 5077 nos

2253 5114 2418 5178 velle
2446 5118 2619 5198 quod
2650 5116 2959 5199 praecipit,
2995 5120 3059 5181 et
3093 5118 3258 5182 nolle
3286 5121 3457 5201 quod
3484 5121 3796 5203 prohibet.

2255 5220 2406 5285 Haec
2443 5224 2617 5286 enim
2656 5229 2805 5287 sunt
2845 5224 3033 5304 signa
3074 5242 3188 5307 per
3228 5242 3375 5307 quae
3415 5227 3802 5292 sufficienter

2319 5381 2384 5502 ff)
2413 5383 2535 5434 Loco
2574 5385 2627 5435 et
2661 5384 2801 5436 idem
2827 5385 2965 5436 nolle
2979 5420 2998 5449 ,
3040 5389 3148 5436 αυτ.
3170 5385 3297 5437 edit.
3324 5390 3475 5452 repet.
3506 5400 3628 5451 ergo
3657 5386 3797 5437 idem

2255 5464 2320 5503 ve
2357 5466 2408 5503 e.
