4125 6225
709 446 828 507 412

708 595 858 660 pars
891 575 1076 640 liberi
1109 575 1376 639 arbitrii.
1416 574 1709 641 Primum
1738 574 2060 659 judicium
2082 622 2101 654 ,
2130 573 2248 637 etsi

708 688 965 749 maneat
1000 684 1328 765 integrum
1361 691 1677 767 quantum
1713 683 1792 748 ad
1829 683 2249 747 substantiam

709 793 1037 875 potentiae,
1066 791 1483 857 nihilominus
1506 811 1618 874 per
1644 792 1900 874 culpam
1923 794 2017 855 est
2044 792 2113 855 in
2138 811 2248 858 an-

711 899 871 982 gelis
900 899 1117 981 aliquo
1146 900 1336 964 modo
1360 899 1829 978 obnubilatum,
1856 900 2008 982 quia
2033 905 2250 965 errant

710 1009 1073 1090 frequenter
1122 1008 1192 1071 in
1240 1007 1584 1090 judicando
1629 1007 1707 1071 de
1756 1007 1974 1071 multis
1996 1057 2014 1084 ,
2067 1014 2132 1073 et
2178 1008 2250 1072 in

712 1113 929 1177 multis
968 1114 1373 1196 decipiuntur
1396 1162 1412 1192 ,
1442 1115 1724 1178 maxime
1770 1134 1923 1178 cum
1957 1116 2253 1199 judicant

711 1220 789 1284 de
821 1220 1356 1302 contingentibus,
1391 1221 1583 1286 Aliud
1609 1222 1925 1304 judicium
1949 1227 2042 1286 est
2068 1224 2136 1286 in
2161 1223 2252 1287 eis

711 1328 973 1393 omnino
998 1329 1411 1405 subversum,
1447 1332 1511 1393 et
1536 1334 1851 1412 quantum
1878 1330 1958 1393 ad
1982 1331 2107 1395 hoc
2136 1349 2250 1395 ex-

638 1472 643 1476 ·
712 1435 925 1499 caecati
955 1439 1106 1499 sunt
1130 1435 1344 1518 angeli
1371 1435 1524 1500 mali
1547 1484 1564 1514 ,
1607 1436 1774 1499 sicut
1811 1440 2126 1519 quantum
2172 1436 2252 1501 ad

713 1542 1009 1606 effectum
1049 1542 1346 1605 obstinati
1376 1562 1391 1605 :
1426 1545 1488 1606 et
1522 1547 1781 1625 propter
1814 1543 1997 1607 istius
2025 1543 2254 1626 judicii

712 1649 1196 1714 subversionem
1223 1650 1521 1714 dicuntur
1548 1650 1694 1714 facti
1722 1650 2004 1727 tenebra,
2035 1655 2098 1714 et
2125 1650 2254 1714 dati

712 1758 780 1820 in
808 1757 1155 1840 reprobum
1192 1775 1448 1821 sensum
1482 1776 1498 1820 ε
1531 1756 1707 1820 etsie
1733 1760 1906 1839 patet
1928 1757 2255 1843 responsio

714 1864 793 1928 ad
821 1865 1129 1946 primum.

512 1998 690 2042 Phanta-
796 1978 826 2035 1
862 1977 925 2038 et
940 1977 1002 2035 2.
1032 1972 1126 2036 Ad
1144 1971 1303 2035 illud
1318 1970 1488 2054 quod
1506 1970 1810 2053 objicitur
1827 1971 1905 2035 de
1931 1971 2250 2055 Dionysio,

478 2192 613 2231 catur.

353 2135 363 2144 ,
478 2062 691 2169 gffffl‘ffi}
717 2080 890 2162 quod
913 2079 1100 2143 estin
1136 2078 1538 2142 daemonibus
1564 2078 1897 2161 phantasia
1922 2083 2252 2161 proterva,

717 2185 1057 2250 dicendum
1082 2185 1255 2268 quod
1284 2185 1615 2267 phantasia
1646 2185 1982 2267 dupliciter
2019 2187 2255 2269 accipi-

719 2299 829 2357 tur
873 2314 891 2356 :
942 2293 1287 2375 aliquando
1330 2311 1447 2376 pro
1501 2293 1569 2356 vi
1613 2293 1916 2358 sensitiva
1965 2294 2258 2358 collativa

718 2400 1119 2465 sensibilium
1146 2405 1545 2484 receptorum
1572 2420 1611 2465 a
1633 2419 1825 2465 sensu
1857 2401 2251 2484 particulari;

719 2509 1066 2591 aliquando
1080 2510 1415 2592 phantasia
1429 2510 1661 2573 dicitur
1679 2511 2011 2592 apparitio,
2037 2528 2258 2574 secun-

719 2619 876 2683 dum
905 2620 1077 2702 quod
1102 2619 1333 2684 dicitur
1358 2640 1397 2684 a
1421 2619 1665 2702 phonos
1694 2622 1773 2701 (α)
1790 2668 1812 2699 ,
1836 2619 2004 2701 quod
2028 2621 2123 2683 est
2143 2638 2258 2702 ap-

719 2727 970 2809 paritio.
1002 2727 1082 2792 Et
1106 2728 1314 2811 primo
1342 2728 1532 2792 modo
1571 2729 1664 2792 est
1699 2728 1770 2790 in
1796 2727 1945 2790 solis
1974 2727 2257 2809 corpori-

718 2836 869 2912 bus;
902 2836 1182 2900 secundo
1210 2836 1397 2901 modo
1418 2885 1434 2914 ,
1462 2835 1531 2899 in
1571 2835 1915 2918 spiritibus.
1947 2834 2098 2900 Haec
2138 2854 2258 2899 au-

719 2946 849 3005 tem
889 2942 1219 3025 phantasia
1252 2947 1550 3026 proterva
1585 2938 1818 3006 dicitur
1852 2961 1987 3006 esse
2021 2942 2091 3006 in
2126 2943 2260 3007 dae-

722 3049 1049 3129 monibuS,
1089 3050 1396 3132 quoniam
1417 3098 1435 3129 ,
1488 3049 1605 3112 etsi
1646 3050 1971 3115 daemones
2022 3049 2258 3114 intelli-

721 3162 944 3239 gentes
965 3158 1111 3234 sint,
1132 3161 1195 3221 et
1212 3157 1413 3222 multa
1436 3176 1589 3222 vera
1616 3161 2020 3239 cognoscant,
2041 3162 2260 3223 tamen

722 3266 878 3329 alios
895 3265 1125 3329 nolunt
1151 3266 1396 3342 docere,
1422 3266 1531 3329 sed
1555 3285 1594 3329 a
1620 3266 1884 3330 veritate
1911 3267 2210 3332 seducere
2239 3289 2253 3332 :

722 3377 785 3438 et
806 3374 970 3452 ideo,
992 3374 1146 3456 quia
1167 3393 1298 3438 non
1322 3379 1587 3457 possunt
1604 3375 1725 3438 nisi
1745 3394 1858 3457 per
1886 3379 2260 3459 apparentes

723 3482 1190 3558 similitudinesr,
1221 3483 1371 3546 hinc
1397 3485 1491 3545 est
1512 3483 1681 3564 quod
1703 3483 1988 3547 studium
2017 3485 2261 3549 daemo-

722 3609 883 3653 num
914 3590 1194 3654 maxime
1225 3590 1394 3654 circa
1419 3590 1569 3653 talia
1594 3594 1688 3654 est
1713 3591 2067 3669 intentum,
2097 3593 2262 3656 sicut

724 3717 1004 3780 magnus
1045 3699 1340 3777 clericuS,
1374 3700 1487 3783 qui
1516 3700 1702 3764 vellet
1734 3700 1889 3763 alios
1932 3701 2261 3783 paralogi-

723 3824 866 3870 zare
884 3854 900 3882 ,
936 3806 1229 3890 *studeret
1277 3807 1347 3869 in
1401 3807 1894 3889 sophismatibus
1950 3827 1967 3872 z
2015 3812 2079 3871 et
2120 3809 2260 3874 ideo

723 3913 1105 3996 phantastici
1133 3914 1453 3993 dicuntur,
1483 3919 1740 3997 propter
1763 3916 2040 3981 rationes
2057 3917 2259 3999 phan-

722 4021 972 4085 tasticas
1014 4024 1078 4084 et
1120 4027 1492 4104 apparentes
1535 4041 1695 4105 quas
1733 4023 2076 4088 inveniunt
2124 4048 2138 4089 :
2199 4029 2263 4089 et

722 4129 887 4193 hanc
911 4129 1306 4211 phantasiam
1337 4128 1488 4192 dicit
1508 4134 1894 4212 protervam,
1928 4133 2085 4214 quia
2110 4151 2260 4195 cum

723 4237 1076 4301 secundum
1091 4237 1407 4319 judicium
1431 4256 1627 4301 suum
1647 4240 1984 4304 veritatem
1999 4258 2262 4322 cognos-

725 4352 903 4428 cant,
932 4351 1150 4411 tamen
1177 4349 1495 4429 cognitam
1539 4349 1808 4413 scienter
1847 4349 2256 4431 impugnant.

723 4455 801 4519 Et
824 4456 947 4519 hoc
973 4459 1065 4520 est
1101 4456 1451 4538 protervire
1471 4503 1487 4533 ,
1531 4456 1763 4520 scilicet
1801 4456 2050 4521 veritati
2076 4455 2259 4519 intel-

720 4563 898 4626 lectae
961 4564 1221 4628 obviare
1282 4586 1297 4626 ε
1361 4564 1503 4628 ideo
1568 4563 1805 4627 habent
1859 4562 2262 4646 phantasiam

723 4675 1108 4755 protervam.
1154 4670 1406 4735 Habent
1444 4671 1637 4734 etiam
1681 4669 2263 4753 concupiscentiam

724 4783 1045 4843 amentem
1062 4826 1078 4855 ,
1109 4777 1261 4860 quia
1298 4796 1445 4842 cum
1481 4796 1614 4842 non
1642 4776 1943 4841 deberent
1968 4781 2265 4859 appetere

724 4887 851 4951 nisi
904 4887 1244 4950 honestum
1293 4889 1355 4949 et
1399 4885 1760 4964 conferenS,
1809 4888 2117 4967 appetunt
2164 4904 2266 4949 res

724 4995 1006 5058 maxime
1034 4993 1323 5070 nocivaS,
1363 4992 1525 5055 sicut
1568 5009 1826 5073 peccare
1848 5039 1866 5070 ,
1906 4996 1968 5055 et
2003 4992 2162 5056 alios
2196 4993 2266 5056 in

724 5106 1053 5183 peccatum
1082 5100 1506 5183 praecipitare,
1535 5097 1829 5180 quamvis
1855 5098 1977 5162 hoc
2003 5117 2138 5163 non
2164 5102 2267 5164 in-

727 5209 988 5274 tendant
1015 5208 1307 5270 finaliter.
1340 5206 1431 5270 lbi
1459 5206 1654 5270 etiam
1684 5208 1777 5269 est
1811 5205 1990 5269 furor
2014 5207 2268 5271 irratio-

726 5316 890 5378 nalis
911 5364 928 5392 ,
963 5315 1116 5397 quia
1140 5333 1289 5378 cum
1318 5315 1466 5378 solis
1494 5313 1677 5378 malis
1709 5313 2009 5377 deberent
2048 5333 2133 5377 ex
2163 5333 2268 5378 ra-

795 5437 866 5501 (a)
893 5431 1061 5499 Φοινὸς,
1090 5436 1391 5488 luminosus.
1419 5464 1482 5476 —
1511 5437 1579 5503 (ὁ)
1612 5438 1733 5489 Goet.
1758 5435 1882 5487 edit.
1912 5436 2188 5489 contraria.

1829 431 2450 504 SENTENTIARUM
2483 435 2634 502 LIB.
2677 437 2758 503 11.

2358 571 2533 638 tione
2581 573 2768 641 irasci
2788 623 2808 654 ,
2859 573 3225 639 irascuntur
3271 578 3337 639 et
3381 574 3628 640 furiunt
3678 579 3883 640 contra

2357 682 2579 747 bonos.

2441 794 2502 854 3.
2544 791 2642 855 Ad
2680 790 2839 855 illud
2868 789 3043 873 quod
3066 788 3367 872 objicitur
3382 838 3401 870 ,
3438 790 3610 872 quod
3651 789 3886 854 homini

2359 898 2600 963 inflicta
2630 903 2725 962 est
2747 898 3112 979 ignorantia
3137 897 3490 962 secundum
3520 898 3887 979 speculatio-

2359 1028 2512 1074 nem
2543 1009 2902 1073 intellectus
2924 1056 2942 1085 ,
2973 1007 3311 1072 dicendum
3339 1006 3510 1090 quod
3549 1025 3780 1071 verum
3803 1011 3888 1072 est

2359 1117 2429 1179 in
2455 1116 2721 1198 posteris
2757 1133 2775 1179 t
2805 1115 2916 1179 sed
2952 1114 3107 1179 Adae
3135 1132 3269 1178 non
3305 1119 3399 1178 est
3436 1113 3678 1177 inflicta
3714 1114 3888 1194 igno-

2360 1223 2569 1287 rantia
2594 1222 3182 1304 cognoscendorum
3197 1270 3215 1301 ,
3246 1223 3403 1304 quia
3429 1221 3660 1284 habuit
3684 1222 3887 1302 cogni·

2359 1329 2601 1394 tionem
2626 1328 2748 1393 sibi
2786 1329 3094 1393 innatam.
3127 1326 3231 1392 Sic
3269 1332 3332 1392 et
3362 1328 3724 1408 daemones,
3753 1329 3890 1411 quia

2363 1438 2727 1502 habuerunt
2784 1435 3216 1518 cognitionem
3279 1436 3398 1499 sibi
3456 1437 3747 1500 innatam
3765 1486 3782 1516 ,
3837 1443 3892 1501 et

2366 1546 2529 1609 Deus
2554 1545 2670 1609 vix
2696 1544 3013 1609 subtrahit
3038 1544 3204 1607 dona
3226 1563 3347 1608 sua
3367 1545 3713 1624 naturalia,
3743 1544 3891 1608 scili-

2364 1657 2461 1718 cet
2493 1653 2696 1734 gratis
2718 1652 2893 1732 data3
2920 1652 3063 1716 ideo
3090 1671 3221 1716 non
3253 1652 3492 1716 inflixit
3514 1653 3707 1717 istam
3727 1655 3892 1734 igno-

2363 1762 2636 1825 rantiam
2664 1761 2733 1823 in
2753 1760 3075 1825 intellectu
3100 1760 3489 1844 speculativo
3515 1783 3532 1825 ε
3565 1761 3676 1826 sed
3700 1765 3890 1826 tamen

2362 1869 2745 1951 ignorantiae
2771 1887 2961 1951 poena
2980 1873 3299 1933 contracta
3328 1869 3402 1951 (b)
3426 1871 3546 1947 est,
3577 1873 3646 1933 et
3666 1871 3892 1933 caecitas

2363 1977 2436 2040 in
2455 1978 2776 2041 intellectu
2800 1975 3095 2059 practico.
3123 1975 3416 2041 Parvulis
3437 1979 3659 2040 autem
3682 1976 3893 2041 dicitur

2365 2085 2660 2166 infligere
2724 2085 3157 2166 ignorantiam
3181 2132 3198 2162 ,
3271 2103 3406 2149 non
3478 2084 3893 2149 subtrahendo

2364 2192 2689 2257 scientiam
2714 2240 2730 2269 ,
2787 2191 2896 2255 sed
2949 2209 3081 2255 non
3135 2190 3530 2274 apponendo.
3597 2190 3894 2255 Praeterea

2366 2301 2564 2363 moles
2599 2299 2806 2363 carnis
2841 2302 3158 2380 corruptae
3200 2303 3517 2380 aggravat
3555 2300 3893 2366 intellectus

2357 2407 2710 2490 judicium3
2742 2410 2805 2470 et
2824 2406 2966 2471 ideo
2993 2423 3127 2469 non
3150 2410 3245 2469 est
3276 2406 3503 2470 simile.

2444 2520 2485 2579 4
2503 2518 2568 2579 et
2585 2518 2644 2578 5.
2671 2515 2769 2579 Ad
2797 2514 2955 2579 illud
2977 2514 3150 2596 quod
3177 2514 3495 2596 objicitur,
3525 2516 3704 2597 quod
3728 2515 3891 2580 affec-

2365 2626 2470 2686 tus
2513 2626 2608 2686 est
2649 2621 2938 2704 privatus
2975 2620 3352 2685 rectitudine
3390 2621 3769 2700 voluntatis;
3806 2623 3893 2687 di-

2366 2730 2640 2793 cendum
2680 2729 2850 2811 quod
2887 2732 3220 2811 peccatum
3263 2729 3473 2811 magis
3504 2730 3761 2812 respicit
3789 2746 3890 2793 vo-

2362 2836 2674 2900 luntatem
2696 2884 2713 2914 ,
2745 2840 2807 2900 et
2835 2836 3044 2917 magis
3081 2835 3314 2900 directe
3349 2837 3698 2918 opponitur
3725 2836 3894 2900 boni-

2366 2945 2480 3007 tati
2514 2944 2861 3008 affectionis
2883 2993 2901 3024 ,
2938 2962 3137 3026 quam
3178 2943 3432 3008 veritati
3472 2944 3889 3025 cognitionis:

2366 3056 2430 3117 et
2453 3051 2594 3116 ideo
2614 3052 2936 3116 daemones
2953 3069 3086 3116 non
3114 3055 3268 3117 sunt
3288 3049 3378 3115 ita
3403 3051 3640 3134 privati
3667 3052 3893 3117 lumine

2368 3159 2750 3241 cognitionis
2774 3177 2886 3242 per
2914 3159 3192 3240 culpam,
3219 3159 3381 3222 sicut
3404 3159 3687 3224 bonitate
3718 3160 3893 3223 affec-

2366 3266 2576 3330 tioniS.
2606 3266 3086 3344 Verumtamen,
3122 3264 3286 3328 sicut
3307 3264 3486 3347 prius
3517 3270 3762 3331 tactum
3787 3269 3890 3344 est,

2368 3377 2461 3438 est
2492 3373 2810 3455 quoddam
2829 3370 3151 3454 judicium
3175 3371 3345 3453 quod
3370 3376 3465 3435 est
3491 3376 3894 3456 conjunctum

2367 3482 2703 3561 voluntati,
2733 3485 2796 3544 et
2818 3486 2913 3545 est
2938 3481 3321 3546 subversum
3357 3480 3427 3543 in
3455 3481 3643 3545 malis
3668 3480 3897 3563 angelis

2369 3592 2432 3652 et
2447 3593 2838 3653 excaecatum
2866 3588 3047 3653 :ideo
3076 3591 3247 3670 patet
3270 3588 3500 3652 solutio
3529 3589 3611 3653 ad
3637 3591 3761 3654 alia
3781 3589 3894 3653 duo

2368 3697 2720 3778 sequentia.

2448 3799 2508 3867 6.
2542 3805 2640 3867 Ad
2678 3804 2838 3867 illud
2877 3803 3047 3885 quod
3090 3802 3424 3884 objicitur,
3453 3803 3630 3885 quod
3670 3804 3897 3867 bonum

2369 3915 2464 3974 est
2490 3901 3015 3986 diffusivum'sui,
3045 3909 3383 3972 dicendum
3408 3910 3581 3992 quod
3618 3914 3712 3974 est
3736 3909 3896 3990 loqui

2369 4019 2446 4083 de
2474 4018 2810 4082 diffusione
2836 4017 2987 4080 boni
3013 4016 3403 4098 simpliciter,
3437 4017 3539 4080 vel
3563 4016 3720 4081 boni
3752 4034 3898 4097 gra-

2369 4125 2515 4188 tuiti
2542 4148 2557 4188 :
2586 4126 2638 4187 si
2666 4124 2994 4206 loquimur
3019 4123 3097 4187 de
3123 4123 3459 4188 diffusione
3485 4124 3638 4187 boni
3666 4122 3899 4206 simpli-

2370 4234 2546 4313 citer,
2568 4235 2648 4296 ad
2672 4237 2764 4297 tot
2780 4252 2845 4296 se
2872 4232 3156 4296 extendit
3183 4232 3343 4295 ratio
3368 4233 3545 4313 boni,
3572 4234 3654 4297 ad
3681 4237 3831 4315 quot
3846 4235 3900 4294 et

2370 4343 2506 4414 veri
2522 4391 2538 4421 ,
2575 4343 2728 4425 quia
2758 4345 3109 4423 utrumque
3135 4342 3527 4408 convertitur
3552 4361 3704 4406 cum
3731 4346 3864 4406 ente
3880 4388 3897 4417 ,

2370 4456 2434 4517 et
2450 4452 2518 4514 in
2537 4450 2836 4515 omnibus
2852 4449 3104 4514 entibus
3122 4471 3139 4527 3
3168 4449 3220 4511 si
3241 4453 3458 4513 autem
3477 4450 3555 4513 de
3573 4449 3897 4513 diffusione

2369 4559 2523 4624 boni
2570 4558 2873 4639 gratuiti,
2913 4574 3046 4620 non
3083 4561 3177 4620 est
3214 4575 3446 4621 verum
3471 4605 3488 4635 ,
3527 4557 3684 4639 quia
3723 4554 3899 4618 multi

2371 4670 2523 4732 sunt
2562 4665 2673 4749 qui
2703 4665 2916 4729 idonei
2954 4667 3106 4728 sunt
3146 4664 3228 4728 ad
3273 4664 3643 4747 capiendam
3683 4661 3900 4727 intelli-

2372 4774 2659 4856 gentiam
2679 4821 2695 4850 ,
2724 4774 2839 4855 qui
2865 4776 3080 4836 tamen
3109 4772 3321 4836 idonei
3347 4790 3481 4837 non
3506 4776 3656 4836 sunt
3689 4771 3769 4836 ad
3802 4787 3898 4833 ca-

2373 4882 2671 4964 piendam
2700 4863 2998 4962 gratiam.

2453 4994 2515 5053 7.
2546 4989 2641 5053 Ad
2670 4988 2827 5050 illud
2861 4986 3031 5069 quod
3059 4985 3394 5068 objicitur,
3437 4987 3608 5068 quod
3647 5002 3775 5048 non
3799 4982 3898 5045 de-

2374 5099 2528 5162 bent
2557 5096 2647 5160 eis
2680 5095 2817 5160 dari
2852 5095 3061 5173 dona3
3094 5091 3434 5158 dicendum
3465 5095 3638 5176 quod
3673 5093 3898 5156 donum

2376 5205 2710 5287 dupliciter
2736 5205 2942 5285 potest
2979 5201 3212 5283 accipi,
3250 5200 3502 5284 proprie
3526 5204 3590 5264 et
3625 5213 3899 5263 commu-

2376 5313 2564 5377 niter.
2597 5310 2855 5392 Proprie
2880 5310 3125 5372 donum
3153 5307 3420 5384 dicitur,
3463 5307 3634 5390 quod
3669 5300 3898 5384 simpli-

2378 5422 2533 5486 citer
2559 5415 2816 5509 aliunde
2836 5420 2964 5495 est,
2996 5415 3360 5499 cujusmodi
3385 5418 3538 5480 sunt
3560 5413 3780 5498 gratiae
3805 5409 3895 5472 in-
