4125 6225
609 413 726 475 572

1147 654 1507 734 QUAESTIO
1550 655 1599 721 1.
1670 675 1678 684 ¹

849 813 945 868 An
974 814 1159 869 ooelam
1191 816 1267 870 sit
1292 817 1480 885 fiquroe
1507 813 1831 870 orbicularis
1850 814 1893 868 ¹.

365 970 576 1016 Fufldm·
683 977 863 1055 Quod
886 978 1162 1043 habeant
1186 978 1609 1044 orbicularem
1638 980 1944 1061 figuram,
1967 979 2141 1045 vide-

600 1087 729 1163 tur,
759 1087 824 1149 et
859 1085 1068 1168 primo
1118 1085 1509 1168 experientia
1550 1104 1774 1151 sensus
1821 1109 1837 1150 ι
1886 1087 2141 1151 namin

602 1210 1080 1274 quamcumque
1125 1195 1374 1274 partem
1401 1194 1588 1256 terrae
1636 1193 1739 1257 vel
1776 1211 1963 1276 aquae
1992 1193 2141 1276 quis

603 1301 725 1379 eat,
750 1299 980 1363 caelum
999 1317 1250 1381 semper
1271 1299 1529 1365 videtur
1550 1300 1880 1383 aequaliter
1904 1300 2139 1365 distare

601 1424 641 1469 a
666 1409 837 1470 terra
869 1427 884 1469 ε
914 1405 1039 1470 1100
1074 1409 1285 1469 autem
1325 1424 1458 1471 non
1484 1411 1681 1486 esset,
1712 1407 1838 1470 nisi
1877 1407 2140 1472 haberet

599 1511 1017 1579 orbicularem
1045 1515 1328 1595 figuram
1364 1536 1378 1577 :
1407 1532 1586 1595 ergO,
1617 1520 1736 1578 etc.

677 1620 835 1683 Item
844 1621 1138 1685 videmus
1154 1620 1471 1704 coelum(a)
1490 1621 1869 1685 sensibiliter
1890 1623 2137 1688 moveri

596 1729 985 1793 circulariter
1015 1748 1031 1793 t
1058 1731 1168 1794 sed
1193 1735 1407 1795 motus
1438 1730 1762 1795 circularis
1786 1749 1926 1794 non
1959 1749 2137 1796 com-

599 1837 757 1918 petit
799 1837 925 1900 nisi
967 1838 1200 1919 flgurae
1242 1838 1587 1902 orbiculari
1616 1859 1633 1917 ;
1699 1856 1858 1920 ergo
1898 1838 2134 1903 coelum

479 2003 486 2008 .
593 1949 687 2009 est
711 1944 1082 2009 orbicularis
1109 1947 1366 2027 flgurae.

339 4531 409 4573 Ad
440 4544 543 4587 opp.

672 2053 831 2117 Item
867 2054 1332 2136 simplicissimo
1373 2055 1622 2138 corpori
1669 2055 2137 2138 simplicissima

590 2164 856 2230 debetur
897 2167 1118 2247 figura
1153 2189 1168 2229 t
1200 2167 1308 2230 sed
1337 2167 1566 2231 caelum
1612 2171 1708 2230 est
1742 2167 2133 2250 simplicissi-

591 2289 773 2336 mum
801 2272 967 2337 inter
992 2291 1281 2355 corpora,
1312 2292 1463 2337 cum
1489 2274 1571 2337 sit
1597 2274 2083 2339 subtilissimum
2113 2298 2129 2340 t

590 2397 748 2459 ergo
773 2379 1308 2461 simplicissimam
1332 2379 1516 2444 debet
1533 2380 1770 2445 habere
1795 2383 2081 2464 figuram
2113 2406 2127 2446 :

590 2485 700 2548 sed
733 2485 876 2549 haec
903 2488 1000 2549 est
1021 2487 1239 2566 figura
1265 2486 1589 2551 circularis
1620 2510 1634 2552 :
1669 2507 1851 2570 ergO,
1880 2494 1999 2554 etc.

670 2591 830 2656 Item
857 2593 918 2656 ei
947 2593 1222 2676 corpori,
1255 2594 1426 2676 quod
1452 2598 1546 2658 est
1569 2596 1850 2661 maxime
1879 2601 2133 2662 conten-

589 2700 819 2779 tivum,
863 2701 1129 2765 debetur
1181 2702 1400 2784 figura
1443 2705 1851 2787 capacissima
1883 2708 1907 2742 ¹
1960 2729 1976 2770 ε
2021 2707 2131 2771 sed

590 2807 824 2871 coelum
848 2813 944 2872 est
970 2809 1410 2874 contentivum
1434 2812 1750 2892 omnium,
1781 2813 1947 2877 sicut
1981 2814 2133 2878 dicit

589 2914 1015 2980 Damascenus
1040 2917 1084 2993 ³,
1106 2920 1167 2979 et
1193 2918 1408 2997 figura
1434 2918 1809 2983 orbicularis
1826 2925 1920 2986 est
1942 2940 2131 3004 capa-

589 3022 840 3087 cissima
862 3072 880 3103 ,
923 3025 1088 3088 sicut
1134 3026 1463 3090 manifeste
1493 3029 1814 3094 convincit
1855 3032 2040 3110 ratio,
2068 3034 2133 3094 et

585 3148 848 3196 sensus:
879 3151 1060 3214 ergo,
1093 3138 1212 3198 etc.

664 3236 823 3302 Item
851 3241 1102 3322 corpori
1128 3242 1581 3325 perfectissimo
1608 3244 1875 3309 debetur
1894 3246 2132 3328 perfec-

583 3345 828 3411 tissima
853 3349 1070 3430 figura
1094 3348 1117 3384 ¹·
1158 3351 1312 3415 :sed
1342 3351 1573 3416 coelum
1611 3356 1707 3416 est
1743 3353 2128 3435 perfectissi-

582 3472 768 3518 mum
793 3457 1108 3536 omnium,
1136 3461 1199 3520 et
1223 3459 1441 3539 figura
1465 3459 1837 3523 orbicularis
1860 3465 1953 3526 est
1972 3480 2126 3544 per-

579 3561 918 3625 fectissima
939 3562 1234 3626 omnium
1268 3565 1631 3645 figurarum
1647 3614 1665 3645 ,
1695 3566 1859 3631 sicut
1889 3568 2128 3650 proba-

580 3672 689 3732 tur
714 3669 785 3732 in
816 3669 941 3732 alia
967 3670 1268 3751 scientia,
1301 3672 1582 3737 maxime
1606 3691 1756 3738 cum
1788 3674 1858 3738 in
1900 3694 1976 3740 ea
2016 3694 2128 3741 re-

580 3774 864 3871 periatur
887 3777 1184 3858 perfectio
1211 3780 1442 3842 senarii
1478 3802 1493 3843 :
1527 3781 1733 3845 sexies
1777 3783 1952 3846 enim
1977 3787 2126 3847 tau-

579 3885 722 3945 tum
748 3884 1067 3965 reperitur
1108 3885 1176 3948 in
1223 3887 1735 3952 circumferentia
1752 3937 1769 3966 ,
1810 3895 2128 3972 quantum

580 3992 672 4053 est
707 4008 746 4053 a
771 3990 1281 4056 circumferentia
1306 3995 1387 4057 ad
1418 3997 1711 4057 centrum
1734 4016 1757 4057 .-
1783 4014 1939 4077 ergo
1955 4045 1972 4074 ,
2002 4003 2122 4064 etc.

659 4096 821 4161 Item
864 4099 1115 4182 corpori
1159 4100 1562 4166 velocissimo
1604 4101 1867 4168 debetur
1910 4105 2128 4185 figura

577 4204 859 4269 maxime
881 4206 960 4269 ad
989 4210 1237 4270 motum
1279 4207 1506 4272 idonea
1554 4228 1571 4272 ε
1619 4210 1728 4274 sed
1757 4211 1994 4275 coelum
2033 4217 2128 4278 est

580 4311 1051 4378 velocissimum
1077 4332 1330 4398 corpuS,
1356 4316 1571 4397 figura
1597 4321 1813 4382 autem
1843 4320 2124 4384 maxime

576 4423 725 4501 apta
748 4420 827 4484 ad
845 4425 1092 4485 motum
1119 4425 1215 4486 est
1240 4422 1615 4487 orbicularis
1647 4447 1663 4488 :
1696 4442 1876 4507 ergo,
1903 4430 2021 4491 etc.

657 4534 685 4590 1
700 4576 717 4591 .
739 4527 837 4592 Ad
861 4529 1226 4612 oppositum
1253 4532 1551 4612 arguitur
1583 4533 1791 4615 primo
1824 4552 1939 4616 per
1966 4534 2124 4600 illud

576 4634 822 4702 Psalmi
863 4656 887 4698 .-
929 4637 1312 4705 Ecctendens
1343 4637 1562 4704 coelum
1594 4642 1765 4707 sicut
1791 4640 2021 4723 pellem
2046 4643 2068 4679 ⁶
2093 4664 2120 4704 .-

572 4744 697 4809 alia
721 4743 1048 4809 translatio
1083 4766 1097 4808 :
1142 4747 1313 4811 sicut
1342 4762 1677 4813 cameram.
1723 4747 1897 4830 Ergo
1935 4750 2117 4815 vide-

571 4856 678 4916 tur
703 4852 875 4935 quod
907 4852 1141 4917 coelum
1170 4870 1238 4918 se
1268 4853 1497 4917 habeat
1522 4872 1636 4936 per
1674 4856 1944 4921 modum
1970 4860 2120 4922 ten-

570 4958 719 5022 torii
751 4980 766 5022 :
798 4961 863 5023 et
892 4958 981 5023 ita
1003 4958 1259 5026 videtur
1300 4979 1435 5025 esse
1473 4962 1707 5043 figurae
1744 4964 2119 5032 semicircu-

571 5066 745 5130 lariS.
1769 5080 1775 5085 ⁴

648 5179 710 5238 2.
742 5174 902 5240 Item
926 5175 1175 5241 ratione
1202 5174 1478 5258 videtur,
1507 5177 1662 5260 quia
1699 5176 1770 5243 in
1812 5178 2119 5245 universo

639 5336 657 5369 ¹
689 5334 773 5399 Cf.
809 5336 1070 5401 Richard.,
1114 5340 1156 5388 ΙΙ
1206 5339 1365 5400 Sem„
1410 5338 1528 5390 dist.
1559 5350 1679 5404 xw,
1713 5342 1895 5405 quaest.
1948 5352 2020 5392 lv.
2051 5366 2118 5379 —-

568 5405 783 5469 ἈΙ-ἰείη
817 5406 880 5456 de
908 5408 1074 5471 Coelo,
1101 5408 1191 5460 lib.
1232 5411 1309 5474 Il,
1338 5414 1477 5462 cont.
1514 5413 1593 5463 22.
1613 5436 1677 5449 -
1712 5411 1735 5448 θ
1767 5413 2027 5476 Damaso„
2053 5412 2117 5465 de

1735 413 2362 483 SENTENTIARUM
2401 413 2551 481 LIB.
2594 416 2674 481 11.

2249 551 2413 616 nihil
2448 553 2544 617 est
2573 550 2974 634 superfluum
2990 599 3010 630 ,
3038 551 3148 616 sed
3182 550 3401 615 omnia
3434 550 3598 615 tacta
3636 552 3790 615 sunt

2248 661 2507 741 propter
2534 658 2865 723 hominem
2900 681 2915 724 :
2942 676 3102 740 ergo
3128 657 3289 721 nihil
3306 657 3677 741 ponendum
3695 662 3790 723 ost

2247 767 2417 849 quod
2455 784 2586 831 11011
2616 767 2823 832 valeat
2860 767 2943 831 ad
2975 765 3259 831 hominis
3297 783 3490 829 usum
3522 786 3538 828 ε
3580 765 3690 829 sed
3734 766 3787 829 si

2246 874 2483 938 coelum
2500 879 2663 938 esset
2685 873 3171 938 semicircularis
3186 873 3441 954 figurae,
3470 874 3790 937 sufficeret

2245 980 2326 1045 ad
2361 983 2703 1062 tegendam
2727 984 2967 1045 terram
3010 979 3432 1044 inhabitatam
3457 980 3538 1044 ab
3572 980 3784 1045 homi-

2244 1087 2435 1152 nibus
2465 1110 2480 1151 :
2531 1105 2688 1169 ergo
2733 1087 2982 1153 videtur
3020 1069 3193 1170 q⁰uod
3230 1087 3583 1170 superfluat
3625 1087 3786 1152 alius

2244 1195 2702 1259 semicirculus.
3374 1180 3381 1188 ’

2327 1306 2387 1365 3.
2430 1301 2589 1365 Item
2633 1302 2777 1367 ooeli
2829 1306 2979 1367 sunt
3020 1299 3411 1368 solidissimi
3466 1304 3531 1365 et
3576 1302 3748 1366 firmi
3764 1349 3783 1379 ,

2244 1414 2438 1494 quasi
2461 1428 2584 1478 oere
2616 1414 2787 1492 fusi,
2817 1411 2981 1476 sicut
3014 1410 3166 1474 dicit
3195 1408 3313 1474 Job
3344 1416 3367 1450 ⁶
3399 1427 3418 1471 2
3446 1413 3512 1473 et
3540 1408 3662 1472 hoc
3682 1408 3784 1472 in-

2243 1519 2387 1582 nuit
2409 1519 2622 1601 ipsum
2641 1536 2877 1583 nomen
2891 1522 3135 1582 octavae
3155 1516 3450 1599 sphaerae,
3471 1533 3617 1598 quae
3641 1516 3788 1579 dici-

2243 1629 2355 1689 tur
2385 1627 2854 1706 firmamentum
2884 1648 2909 1690 .·
2949 1643 3110 1707 ergo
3153 1623 3438 1688 maxime
3488 1623 3789 1705 competit

2242 1733 2336 1797 eis
2366 1734 2616 1814 figura,
2654 1733 3008 1797 secundum
3037 1750 3236 1814 quam
3271 1732 3556 1795 maxime
3587 1731 3785 1794 stabi-

2241 1839 2488 1904 liuntur
2506 1859 2523 1920 ;
2547 1840 2688 1904 haec
2701 1844 2918 1904 autem
2938 1839 3148 1922 magis
3165 1843 3260 1904 est
3276 1839 3781 1919 semicircularis,

2243 1966 2443 2030 quam
2469 1947 2798 2011 circularis
2828 1966 2846 2011 ε
2877 1966 3057 2029 ergo,
3089 1950 3208 2011 etc.

2321 2058 2382 2117 4.
2415 2053 2574 2118 Item
2600 2103 2619 2131 ,
2649 2055 2703 2118 si
2728 2054 2964 2119 coelum
2987 2060 3084 2118 est
3124 2055 3358 2135 figurae
3388 2052 3779 2133 orbicularis,

2241 2177 2398 2244 ergo
2440 2165 2552 2226 aut
2593 2162 2807 2245 aliqua
2849 2181 2998 2246 pars
3040 2162 3182 2226 coeli
3229 2162 3348 2226 erit
3395 2179 3619 2241 vacua,
3671 2165 3785 2226 aut

2239 2269 2443 2333 multo
2471 2269 2615 2351 plus
2640 2269 2895 2333 distabit
2920 2287 3152 2352 corpus
3183 2268 3409 2333 Christi
3435 2269 3515 2332 ab
3544 2268 3782 2350 aliqui-

2238 2377 2361 2441 bus
2389 2375 2590 2440 beatis
2611 2426 2630 2455 ,
2677 2396 2878 2460 quam
2923 2378 3162 2441 coelum
3208 2396 3248 2440 a
3289 2380 3489 2455 terra,
3525 2394 3675 2439 cum
3701 2376 3781 2439 ab

2243 2504 2376 2550 una
2405 2485 2921 2550 circumferentia
2954 2486 3095 2549 coeli
3135 2485 3214 2548 ad
3247 2484 3438 2548 aliam
3456 2532 3474 2562 ,
3505 2487 3676 2548 terra
3711 2484 3781 2547 in

2238 2593 2449 2657 medio
2479 2593 2777 2656 consistat
2805 2612 2821 2656 ε
2854 2611 3012 2675 ergo
3043 2592 3091 2655 si
3122 2609 3252 2654 non
3285 2594 3380 2655 est
3417 2609 3780 2673 congruum

2238 2718 2501 2785 ponere,
2530 2701 2704 2782 quod
2730 2700 2944 2783 aliqua
2969 2717 3117 2782 pars
3142 2699 3431 2782 empyrei
3469 2718 3673 2764 vacua
3699 2700 3782 2764 sit

2239 2828 2274 2872 a
2304 2808 2689 2872 continentia
2713 2809 3045 2871 beatorum
3062 2855 3079 2884 ,
3109 2825 3227 2872 nec
3256 2810 3353 2871 est
3378 2825 3616 2889 ponere
3639 2812 3779 2871 tan·

2237 2920 2371 2980 tam
2397 2916 2759 2980 distantiam
2789 2915 2953 2979 inter
2983 2914 3305 2989 Christum
3318 2964 3337 2992 ,
3369 2920 3434 2979 et
3474 2915 3600 2980 alia
3632 2933 3779 2979 cor-

2237 3042 2394 3106 pora
2421 3024 2638 3103 beata3
2666 3023 2920 3088 videtur
2946 3022 3115 3105 quod
3137 3033 3519 3108 empyreum
3546 3040 3680 3087 non
3699 3023 3782 3086 sit

2237 3132 2610 3196 orbicularis
2633 3133 2905 3213 figurae:
2939 3136 3003 3195 et
3023 3131 3077 3194 si
3108 3130 3253 3208 hoc,
3278 3149 3436 3212 ergo
3465 3150 3583 3194 nec
3609 3149 3782 3213 crys-

2235 3240 2555 3321 tallinum,
2588 3258 2707 3304 nec
2733 3241 3240 3304 firmamentum.

2781 3523 2933 3592 (1οΝ
2938 3523 3235 3592 CLUSIO.

2237 3696 2360 3751 Etsi
2400 3707 2676 3749 sacrarum
2727 3692 3104 3765 scriptuarum
3143 3694 3463 3765 interpretes
3506 3691 3668 3750 dabie
3714 3694 3782 3752 de

2308 3784 2554 3839 coelorum
2593 3786 2771 3854 fiqara
2826 3784 2976 3852 loqui
3015 3782 3339 3850 videantur3
3380 3782 3550 3852 jeta-ta
3597 3790 3780 3840 tamen

2304 3874 2539 3929 rationis
2564 3876 2617 3927 et
2643 3887 2821 3927 sensus
2849 3874 3283 3939 attestationem,
3309 3877 3534 3945 propter
3562 3873 3780 3944 simpli-

2307 3965 2555 4028 citatem,
2596 3963 2988 4033 capacitatem,
3018 3962 3399 4031 perfectionem
3416 4003 3435 4032 ‚
3467 3966 3519 4017 et
3557 3962 3778 4019 mobili-

2308 4051 2507 4112 tatem,
2536 4046 2893 4102 orbicularem
2918 4046 3149 4102 retinere
3167 4086 3184 4114 ,
3215 4049 3292 4102 est
3319 4046 3670 4118 opinandum.

2312 4216 2501 4299 Resp.
2535 4215 2615 4279 ad
2663 4215 2825 4296 Arg.
2873 4212 3219 4278 Dicendum
3257 4214 3429 4295 quod
3471 4214 3551 4279 ad
3585 4215 3777 4280 istam

2233 4324 2654 4408 quaestionem
2704 4323 3058 4387 secundum
3109 4321 3576 4404 philosophiam
3625 4323 3778 4387 satis

2232 4431 2496 4514 planum
2525 4434 2620 4495 est
2644 4430 3046 4512 respondere,
3068 4427 3367 4511 quamvis
3388 4429 3779 4511 expositores

2231 4558 2428 4605 sacrae
2442 4537 2783 4622 Scripturae
2802 4540 2879 4603 de
2898 4556 2976 4602 ea
2986 4536 3326 4601 videantur
3342 4536 3519 4618 loqui
3537 4536 3728 4601 dubie
3751 4558 3769 4601 ε

2229 4648 2352 4712 hoc
2378 4647 2552 4711 enim
2570 4646 2812 4710 faciunt
2837 4648 3094 4728 propter
3122 4642 3323 4726 ipsius
3347 4661 3543 4708 sacrae
3560 4643 3773 4727 Scrip-

2228 4755 2395 4815 turae
2437 4747 2884 4828 reverentiam,
2933 4763 3064 4811 non
3108 4745 3413 4809 audentes
3456 4745 3775 4828 explicare

2229 4857 2400 4941 quod
2454 4856 2563 4919 illa
2607 4854 2827 4920 divina
2869 4853 3280 4936 dispositione
3320 4851 3529 4917 voluit
3564 4854 3773 4918 subti-

2228 4983 2370 5029 cere
2395 4984 2414 5045 3
2447 4964 2551 5030 vel
2577 4963 2701 5027 hoc
2725 4961 2964 5027 faciunt
2991 4961 3074 5025 ad
3113 4960 3587 5043 reprimendam
3613 4980 3772 5027 nos-

2226 5079 2393 5139 tram
2423 5072 2874 5150 curiositatem,
2904 5070 3187 5135 volentes
3211 5087 3329 5133 nos
3355 5070 3422 5132 in
3458 5069 3591 5148 his,
3619 5087 3769 5152 quae

2227 5182 2529 5248 dIcuntur
2544 5180 2613 5244 in
2629 5178 2799 5262 Lege
2815 5181 2879 5244 et
2890 5176 3243 5261 Prophetis,
3265 5179 3591 5243 contentos
3606 5195 3765 5259 esse,

2226 5320 2352 5395 ride
2373 5340 2591 5404 orthod„
2617 5340 2706 5391 nb.
2736 5340 2812 5402 11,
2841 5351 3062 5390 0.v1.-
3081 5337 3104 5374 ι
3122 5337 3295 5403 Arist„
3322 5337 3386 5389 de
3410 5337 3565 5399 coezo,
3594 5337 3684 5388 lib.
3708 5338 3762 5403 1,

2226 5414 2549 5466 cont.19.-·⁸
2566 5414 2777 5475 Pactu,
2800 5409 3072 5473 2.-⁸Job,
3095 5412 3453 5473 xxxvn,18.——
3473 5410 3535 5473 (a)
3557 5409 3761 5468 Ateus.
