4125 6225
1187 322 1378 389 DIST‚
1424 319 1606 389 XLII.
1647 318 1828 385 ΛΒΤ.
1871 318 1919 387 1.
1965 319 2262 397 QUAEST.
2308 320 2409 385 IV.

233 456 474 545 possibile
505 459 577 521 et
611 456 1004 540 impossibile
1021 506 1039 538 ,
1073 458 1244 541 quod
1278 461 1373 522 est
1414 457 1721 522 inconve-

233 569 370 633 niens
405 586 421 628 :
468 583 627 629 nam
679 564 838 630 illud
884 569 981 629 est
1029 566 1321 649 possibile
1365 563 1720 629 secundum

231 691 398 740 causas
423 672 812 755 superiores,
842 671 922 737 Et
949 672 1442 737 fundamentum
1467 672 1721 753 positio-

230 783 303 846 nis
327 798 544 844 eorum
575 798 710 844 non
745 784 841 845 est
878 780 1295 859 conveniem‚
1327 779 1478 862 quia
1506 777 1720 843 Glossa

228 908 326 955 nou
355 888 501 953 dicit
541 892 796 952 tantum
825 912 856 950 α
884 887 1291 966 declarando,
1321 908 1352 947 ι»
1382 887 1491 952 sed
1526 887 1720 951 etiam

228 998 340 1061 <licit
365 1020 390 1058 α
423 996 713 1060 faciendo
753 995 1050 1078 possibile
1091 1018 1106 1060 ε
1143 1016 1175 1054 1>
1208 1012 1366 1076 ergo
1412 1012 1545 1059 non
1586 997 1721 1059 erat

227 1103 474 1189 possibile
509 1103 706 1186 prius.
737 1102 815 1166 Et
850 1103 1087 1167 iterum
1113 1102 1296 1178 dicit,
1327 1101 1498 1184 quod
1527 1101 1719 1166 stulta

227 1216 346 1277 iacta
366 1215 492 1290 est,
524 1211 676 1293 quia
701 1211 1013 1294 sapientia
1037 1211 1362 1274 mundana
1387 1210 1720 1292 judicabat

229 1321 292 1384 ila
310 1318 714 1401 impoaeibilffi
743 1318 914 1400 quod
941 1318 1104 1382 nulli
1127 1321 1288 1382 esset
1314 1316 1629 1400 possibile,
1655 1322 1719 1383 et

228 1427 354 1492 Deus
386 1426 726 1492 declaravit
762 1426 882 1489 sibi
927 1425 1221 1508 possibile
1261 1442 1418 1491 esse.
1450 1423 1528 1489 Et
1572 1424 1716 1489 ideo

228 1541 297 1598 est
320 1535 436 1598 alia
473 1534 723 1617 positio,
761 1533 935 1615 quod
971 1533 1324 1597 secundum
1364 1532 1535 1614 quod
1568 1531 1715 1596 des-

228 1643 463 1707 cendunt
478 1641 781 1719 scientiae,
805 1641 894 1703 ita
911 1644 974 1705 et
993 1640 1254 1704 nomina
1271 1640 1677 1704 scientiarum
1694 1661 1710 1704 z

227 1751 294 1814 ita
319 1751 379 1813 in
409 1747 680 1813 naturali
721 1747 1122 1831 philosophia
1155 1746 1580 1829 judicandum
1621 1751 1716 1812 est

229 1856 481 1940 possibile
509 1855 875 1939 simpliciter
913 1855 1263 1921 secundum
1296 1873 1517 1919 causas
1550 1855 1716 1920 infe-

229 1965 426 2043 riores3
468 1964 573 2028 sed
615 1964 683 2027 in
726 1962 1053 2044 theologia
1093 1962 1446 2026 secundum
1492 1981 1716 2027 causas

229 2073 559 2155 superiores.
586 2071 830 2136 Tamen
864 2072 1074 2136 adhuc
1112 2089 1244 2135 non
1274 2071 1527 2136 videtur
1562 2090 1716 2137 con·

230 2181 454 2243 veniens
477 2197 605 2244 esse
629 2178 858 2262 positio
887 2196 908 2242 ε
936 2178 1090 2261 quia
1113 2179 1247 2261 ipse
1267 2179 1629 2256 Anselmus‚
1653 2184 1716 2244 et

231 2286 624 2370 philosophus,
659 2291 723 2351 et
757 2285 1128 2368 theolog-ur„
1162 2286 1311 2350 dicit
1333 2294 1353 2329 ²
1382 2287 1552 2369 quod
1591 2288 1715 2352 im-

231 2393 483 2475 possibile
503 2398 594 2459 est
614 2395 692 2459 de
714 2398 940 2458 trunco
964 2394 1104 2458 fieri
1125 2394 1427 2472 vitulum,
1456 2399 1519 2459 et
1543 2396 1716 2478 quod

233 2501 591 2585 impossibilia
625 2502 997 2585 simpliciter
1024 2502 1149 2566 Deo
1183 2505 1335 2566 sunt
1370 2502 1712 2584 possibilia.

236 2606 457 2691 Propter
478 2610 593 2674 hoc
616 2609 801 2674 aliter
825 2609 1163 2674 dicendum
1177 2656 1195 2685 ,
1222 2608 1396 2690 quod
1425 2609 1718 2691 possibile

235 2718 550 2800 simpliciter
588 2723 792 2802 potest
833 2718 1040 2783 dicere
1083 2719 1371 2783 ordinem
1421 2720 1717 2801 potentiae

239 2826 302 2889 ad
340 2827 471 2891 illud
509 2830 798 2909 respectu
843 2828 1031 2907 cujus
1073 2829 1201 2903 est;
1244 2825 1567 2904 ordinem,
1617 2826 1719 2890 in-

241 2952 425 3016 quam,
451 2934 556 3017 qui
581 2938 704 3014 est,
733 2932 840 2997 vel
865 2933 980 3015 qui
1002 2932 1260 3025 futurus
1285 2937 1413 3012 est;
1444 2932 1579 2999 sive
1604 2953 1720 3016 po—

244 3042 455 3105 tentiam
487 3046 896 3126 praesentem,
933 3041 1072 3105 sive
1102 3040 1412 3105 futuram.
1455 3039 1522 3105 Si
1556 3041 1722 3105 dicat

247 3150 494 3230 laturam,
518 3155 670 3215 tunc
694 3155 790 3214 est
814 3167 1037 3214 sensus
1060 3171 1075 3213 ε
1096 3171 1127 3210 α
1155 3147 1453 3213 Possibile
1481 3153 1575 3213 est
1601 3149 1717 3214 ho-

249 3259 436 3322 minem
458 3275 733 3333 currere,
761 3280 792 3318 υ
818 3257 942 3322 hoc
965 3262 1080 3334 est,
1108 3257 1342 3324 habere
1370 3259 1720 3341 potentiam

252 3364 311 3428 ad
339 3365 713 3430 currendum.
750 3363 820 3430 Si
857 3363 1023 3429 dicat
1057 3365 1403 3447 potentiam
1438 3385 1719 3448 praesen-

257 3473 374 3550 tem,
397 3477 535 3537 tunc
562 3476 658 3537 est
690 3489 915 3536 sensus
946 3490 963 3535 ε
993 3493 1022 3532 «ι
1056 3470 1356 3537 Possibile
1383 3477 1477 3537 est
1510 3474 1723 3537 bomi-

262 3594 365 3641 nem
390 3597 658 3656 currere,
690 3600 723 3638 n
754 3579 820 3643 id
857 3581 984 3657 est,
1026 3578 1223 3642 homo
1262 3580 1455 3644 babet
1497 3586 1723 3664 poten-

263 3684 369 3749 h'am
391 3685 460 3750 ad
501 3685 889 3751 currendum
923 3708 937 3748 ε
969 3688 1033 3750 et
1070 3684 1191 3752 iste
1219 3686 1458 3768 duplex
1493 3689 1725 3753 modus

263 3789 442 3857 dicendi
484 3794 785 3877 accipitur
821 3812 861 3857 a
899 3792 1279 3875 Philosopho
1295 3795 1340 3874 ¹,
1380 3797 1492 3877 qui
1537 3796 1721 3861 istam

262 3900 457 3980 exponit
479 3901 845 3984 dupliciter:
871 3923 904 3961 α
940 3901 1140 3965 Omne
1168 3900 1216 3964 B
1247 3902 1561 3984 contingit
1588 3922 1724 3968 esse

262 4003 311 4083 A,
330 4028 354 4064 n
372 4007 426 4070 id
447 4013 554 4085 est,
577 4027 769 4073 omne
792 4008 964 4091 quod
993 4011 1087 4072 est
1109 4006 1181 4087 B,
1204 4008 1308 4074 vel
1334 4026 1524 4073 omne
1551 4010 1724 4091 quod

262 4113 406 4190 potaet
427 4133 550 4179 esse
575 4114 647 4192 Β,
678 4114 994 4196 contingit
1021 4131 1154 4180 esse
1172 4113 1248 4177 A.
1273 4112 1473 4179 Prout
1503 4121 1722 4180 autem

261 4214 364 4281 dicit
389 4222 716 4301 potentiam
756 4221 836 4285 de
867 4221 1118 4298 futuro,
1149 4221 1242 4285 sic
1279 4226 1483 4304 potest
1524 4224 1722 4305 accipi

260 4327 486 4405 poeshile
504 4329 852 4396 secundum
870 4346 1307 4411 quascumque
1324 4348 1566 4412 causas,
1590 4331 1724 4397 sive

262 4434 576 4515 superiores,
608 4436 742 4500 sive
781 4436 1132 4500 inferiores.
1163 4435 1298 4501 Hoc
1334 4441 1535 4519 patet,
1572 4441 1725 4522 quia

261 4536 379 4602 nihil
409 4541 564 4607 aliud
601 4543 830 4608 dicitur
866 4548 1060 4620 tunc,
1094 4544 1214 4608 nisi
1255 4545 1425 4626 quod
1467 4547 1726 4612 habebit

262 4647 540 4722 potentiam
569 4650 645 4714 ad
667 4650 791 4716 boc
814 4668 833 4714 ε
859 4654 923 4716 et
952 4668 992 4714 a
1019 4667 1427 4733 quocumque
1457 4651 1716 4735 babeat,

267 4747 366 4814 sive
382 4771 415 4817 a
434 4753 564 4836 Deo,
587 4758 717 4823 sive
744 4757 825 4822 ab
847 4757 1122 4838 Angelo,
1150 4758 1290 4823 sive
1312 4778 1352 4822 a
1378 4777 1468 4838 se,
1494 4755 1724 4826 verum

273 4859 342 4916 αἱ
356 4861 495 4938 quod
514 4864 843 4944 potentiam
868 4863 1129 4930 habebit
1152 4886 1166 4928 :
1190 4868 1251 4930 et
1271 4865 1362 4930 sic
1385 4866 1724 4933 dicendum

278 4964 403 5039 quod
418 4971 678 5049 possibile
699 4977 792 5038 est
811 4972 1008 5036 istum
1031 4972 1269 5050 videre,
1292 4972 1726 5042 demonstrato

280 5083 406 5133 που
433 5074 808 5148 illuminando
828 5128 848 5156 ‚
887 5083 952 5144 et
993 5079 1313 5160 virginem
1356 5100 1576 5163 parere
1596 5130 1613 5159 ,
1662 5086 1724 5147 et

285 5181 458 5244 &tera
477 5182 632 5264 talia,
658 5187 804 5269 quia
833 5188 1068 5254 talibus
1096 5188 1233 5253 dari
1264 5194 1466 5272 potest
1493 5195 1723 5273 poten-

309 5298 580 5373 “Amlmq
620 5310 715 5362 Cur
759 5313 892 5366 Dour
939 5313 1112 5376 homo,
1165 5313 1255 5368 lib.
1299 5317 1354 5379 l,
1405 5329 1452 5370 c.
1499 5327 1721 5374 xvir.-

3256 322 3377 387 139

1831 455 1940 520 tia.
1976 456 2119 521 Alio
2155 460 2372 523 autem
2410 456 2598 522 modo
2614 505 2634 537 ,
2665 457 2798 523 hoc·
2827 456 2999 540 quod
3034 458 3129 523 est
3170 455 3377 539 possi-

1832 561 1960 627 bile
1992 562 2147 628 dicit
2171 565 2499 629 actualiter
2524 564 2874 648 potentiam
2902 564 2972 627 in
2997 581 3090 641 re,
3122 583 3251 646 quo
3288 563 3376 627 si-

1830 676 2070 753 gnatur
2096 673 2178 737 ad
2205 673 2478 739 alterum
2505 672 2808 738 ordinari.
2836 672 2913 737 Et
2939 673 3027 736 sic
3057 672 3376 754 generalis

1831 785 1925 845 est
1967 782 2193 862 regula
2211 831 2230 861 ,
2269 783 2440 865 quod
2487 783 2542 846 si
2587 783 2658 846 in
2703 801 2775 847 re
2793 831 2810 861 ,
2855 782 2962 846 cui
3008 781 3375 846 attribuitur

1829 890 2122 972 possibile
2145 891 2536 973 simpliciter,
2558 894 2652 957 est
2680 891 2961 973 potentia
2981 890 3369 974 simpliciter,

1829 1000 1984 1060 tunc
2011 997 2244 1062 dicitur
2284 998 2579 1081 possibile
2613 998 3016 1080 simpliciter3
3070 997 3125 1061 si
3157 1001 3374 1067 autem

1829 1103 2110 1185 potentia
2136 1106 2491 1171 secundum
2520 1106 2673 1188 quid
2688 1155 2706 1187 ‚
2738 1109 2896 1170 tunc
2921 1106 3152 1171 dicitur
3178 1107 3376 1189 possi-

1828 1211 1956 1276 bile
2001 1212 2354 1276 aecundum
2398 1213 2557 1296 quid
2589 1231 2605 1275 ε
2648 1230 2798 1277 cum
2842 1211 3017 1277 enim
3073 1213 3373 1295 possibile

1827 1319 1992 1383 dicat
2024 1320 2315 1387 ordinem
2350 1321 2647 1404 potentiae
2685 1321 2764 1385 ad
2798 1325 3050 1398 actum,
3090 1320 3225 1385 sive
3256 1320 3372 1384 ali-

1828 1428 2014 1509 quus
2056 1428 2193 1492 sive
2234 1428 2315 1492 ad
2359 1427 2598 1510 aliquid
2616 1476 2635 1507 ,
2680 1425 3001 1491 mediante
3045 1427 3368 1508 potentia3

1826 1532 1966 1599 ideo
2005 1535 2168 1599 ratio
2203 1535 2451 1599 dicendi
2489 1534 2555 1597 in
2591 1534 2728 1617 ipso
2770 1533 3050 1616 possibili
3088 1533 3372 1598 sumitur

1825 1660 1865 1704 a
1909 1642 2210 1724 potentia.
2249 1641 2497 1705 Nomen
2541 1645 2758 1706 autem
2801 1640 3101 1723 potentiae
3140 1640 3373 1705 dicitur

1824 1747 2176 1831 dupliciter,
2212 1750 2444 1813 scilicet
2488 1749 2566 1813 de
2614 1748 2892 1831 potentia
2940 1748 3146 1812 activa
3163 1796 3183 1827 ‚
3225 1765 3372 1830 quae

1824 1858 1918 1917 est
1965 1854 2357 1938 principium
2406 1855 2880 1921 transmutandi
2922 1854 3134 1934 aliud3
3192 1859 3256 1919 et
3294 1854 3373 1919 de

1824 1962 2105 2044 potentia
2132 1963 2401 2042 passiva,
2436 1980 2584 2045 quae
2613 1966 2707 2026 est
2733 1962 3120 2045 principium
3158 1966 3367 2027 trans-

1824 2069 2114 2135 mutandi
2141 2069 2220 2132 ab
2256 2068 2403 2135 alio.
2435 2069 2514 2134 Et
2553 2070 2837 2152 potentia
2876 2069 3084 2135 activa
3122 2072 3361 2153 reperi-

1822 2179 1929 2241 tur
1954 2177 2112 2241 etin
2136 2176 2282 2254 Deo,
2313 2178 2472 2242 etin
2495 2182 2815 2254 creatura3
2852 2180 2917 2240 et
2951 2180 3221 2260 utraque
3253 2197 3370 2260 po-

1822 2286 2020 2351 tentia
2048 2289 2143 2350 est
2190 2285 2562 2367 simpliciter
2591 2284 2902 2366 completa
2948 2288 3235 2368 respectu
3270 2287 3371 2350 sui

1823 2396 2024 2458 actus.
2068 2393 2230 2457 Nam
2276 2395 2557 2476 potentia
2601 2394 2810 2457 activa
2830 2441 2847 2469 ‚
2896 2412 2973 2458 eo
3017 2394 3153 2476 ipso
3198 2395 3371 2477 quod

1824 2503 2051 2579 activa,
2078 2501 2227 2565 dicit
2252 2500 2723 2566 ordinationem
2752 2501 3132 2584 completam
3161 2502 3240 2566 ad
3272 2521 3372 2566 ac-

1823 2613 1995 2688 tum,
2027 2612 2346 2691 quantum
2376 2614 2470 2673 est
2495 2610 2573 2674 de
2605 2628 2694 2673 se.
2726 2608 3018 2674 Potentia
3048 2627 3203 2674 vero
3234 2628 3372 2692 pas-

1825 2716 1965 2781 siva
2007 2716 2325 2797 reperitur
2370 2715 2580 2781 solum
2626 2716 2698 2779 in
2743 2718 3032 2780 creatura
3065 2732 3082 2776 ε
3116 2721 3180 2781 et
3224 2717 3369 2783 haec

1826 2822 2085 2906 quidem
2104 2822 2383 2906 potentia
2404 2827 2606 2905 potest
2626 2840 2760 2887 esse
2783 2824 2955 2886 actui
2981 2824 3366 2907 propinqua,

1827 2935 1891 2997 et
1932 2931 2012 2995 ab
2060 2934 2206 2994 actu
2250 2932 2496 2994 remota
2539 2950 2555 2991 ι
2596 2928 2739 2994 ideo
2786 2931 3067 3013 potentia
3115 2933 3371 3012 passiva

1827 3039 2056 3104 dicitur
2085 3037 2470 3122 simpliciter,
2506 3041 2569 3102 et
2596 3038 2949 3102 secundum
2979 3039 3158 3121 quid.
3186 3038 3371 3118 Quae-

1828 3147 1975 3211 dam
1996 3148 2171 3211 enim
2196 3146 2481 3229 potentia
2504 3149 2598 3209 est
2624 3149 2772 3210 nata
2797 3145 3013 3210 reduci
3042 3147 3123 3211 ad
3151 3155 3369 3214 actum

1828 3275 1868 3319 a
1893 3255 2174 3338 potentia
2203 3254 2499 3318 inferiore
2524 3258 2897 3336 cooperante
2923 3256 3262 3337 superiori,
3299 3259 3372 3321 ut

1829 3361 2085 3446 quando
2114 3366 2207 3426 est
2238 3380 2387 3426 cum
2419 3360 2823 3444 dispositione
2850 3362 3246 3446 propinqua3
3300 3369 3375 3430 ut

1830 3470 2141 3553 potentia,
2174 3487 2323 3552 quae
2360 3473 2454 3533 est
2496 3470 2567 3533 in
2598 3469 2825 3550 ligno,
2862 3470 2941 3533 ad
2976 3473 3372 3537 combustio-

1829 3594 2001 3640 nem.
2025 3575 2328 3654 Quaedam
2356 3579 2451 3640 est
2476 3579 2626 3642 nata
2650 3576 2870 3641 reduci
2891 3597 2929 3641 a
2948 3580 3228 3660 potentia
3255 3599 3372 3644 su-

1832 3686 2068 3767 periori
2088 3735 2105 3765 ,
2141 3686 2357 3768 aliquo
2394 3686 2583 3749 modo
2621 3690 3007 3751 consonante
3050 3687 3368 3767 inferiori;

1831 3797 1905 3858 ut
1932 3797 2090 3877 puta
2116 3793 2297 3876 impii
2322 3793 2403 3858 ad
2420 3793 2942 3875 justificationem
2965 3816 2980 3858 ι
3004 3800 3068 3858 et
3098 3801 3375 3878 utraque

1832 3902 2062 3967 dicitur
2119 3902 2493 3984 propinqua.
2549 3902 2856 3979 Quaedam
2912 3904 3002 3966 ita
3054 3904 3241 3969 distat
3293 3906 3374 3970 ab

1831 4013 2012 4089 actu,
2046 4009 2216 4091 quod
2258 4010 2312 4072 si
2356 4009 2717 4089 reducatur,
2758 4027 2891 4073 non
2935 4015 3140 4093 potest
3177 4013 3303 4076 nisi
3335 4033 3375 4078 a

1833 4117 2114 4200 potentia
2159 4117 2468 4199 superiori
2518 4117 2780 4196 reduci,
2830 4121 2893 4181 et
2942 4117 3066 4181 hoc
3114 4119 3373 4201 quidem

1831 4225 2093 4288 omnino
2139 4224 2496 4303 deficiente,
2529 4223 2635 4290 vel
2681 4223 2861 4288 nullo
2907 4226 3094 4290 modo
3147 4244 3375 4290 conso-

1831 4338 2025 4398 nante
2049 4332 2330 4415 potentia
2359 4332 2566 4397 activa
2593 4332 2910 4407 iuferiori3
2947 4337 3171 4415 utpote
3197 4335 3370 4415 quod

1832 4457 1914 4503 ex
1949 4443 2202 4503 mortuo
2237 4441 2432 4521 possit
2472 4440 2613 4503 sseri
2644 4440 2868 4518 vivus,
2908 4444 2971 4504 et
3021 4458 3103 4504 ex
3142 4444 3371 4506 trunco

1833 4549 1973 4613 fleri
2004 4548 2291 4614 vitulus:
2318 4551 2381 4612 et
2413 4548 2554 4612 haec
2581 4551 2675 4612 est
2709 4547 2989 4630 potentia
3018 4549 3369 4613 secundum

1832 4656 2007 4740 quid.
2051 4655 2149 4721 Ex
2186 4674 2316 4738 quo
2354 4660 2552 4739 patet,
2585 4655 2758 4738 quod
2806 4656 3085 4737 potentia
3121 4657 3374 4739 passiva

1832 4764 2199 4848 simpliciter
2241 4763 2589 4828 attenditur
2640 4763 2993 4827 secundum
3038 4763 3370 4829 inferiores

1833 4876 1896 4937 et
1936 4872 2313 4953 superiores.
2361 4870 2441 4936 Et
2483 4870 2634 4953 quia
2672 4870 3021 4936 secundum
3069 4871 3231 4953 quid
3280 4872 3379 4937 di-

1832 4981 1997 5044 citur
2052 4997 2163 5061 per
2214 4979 2527 5044 defectum
2589 4983 2878 5060 respectu
2942 4977 3331 5059 simpliciter
3350 5000 3378 5059 ‚¹

1831 5088 2111 5171 potentia
2152 5086 2436 5168 passiva,
2469 5103 2614 5168 quae
2658 5088 2859 5168 potest
2890 5085 3109 5151 reduci
3152 5087 3232 5151 ad
3264 5105 3377 5151 ac-

1833 5247 1855 5281 ²
1875 5247 2053 5372 Artis&
2077 5248 2266 5302 Foster.
2307 5246 2395 5298 lib.
2417 5248 2467 5318 1,
2496 5259 2541 5298 c.
2568 5258 2619 5297 vl
2639 5285 2653 5308 ‚
2681 5249 2733 5296 et
2759 5245 2825 5310 ,de
2860 5245 3113 5308 Generat„
3153 5245 3243 5297 lib.
3290 5249 3334 5298 ΙΙ
3357 5268 3379 5332 3

1834 5334 1933 5378 eon
1958 5355 1971 5368 ·
2056 5354 2073 5377 ο
