4125 6225
759 370 878 431 104

1293 612 1650 692 QUAESTIO
1691 616 1742 681 Ι.

753 764 1743 836 Anelcctiocitinneoaboetam,
1781 769 2286 842 velatemporeh

1893 366 2527 437 SENTENTIARUM
2562 372 2715 442 LIB.
2758 379 2808 443 1.

2402 514 2868 581 nonsuntnisi
2892 520 3331 603 extempore:
3368 526 3898 603 ergonecelectio.

2480 617 2542 679 5.
2575 615 2735 683 Item
2761 620 2984 688 electio
3006 629 3103 690 est
3122 628 3493 712 praeoptatio
3516 636 3541 671 ⁸
3571 650 3589 695 t
3622 632 3727 697 sed
3754 632 3903 701 Deus

2397 721 2561 787 nihil
2581 733 2894 812 praeoptat
2928 732 3039 796 alii
3066 739 3386 818 quantum
3409 736 3491 802 ad
3514 738 3903 808 intentionem

2395 829 2659 897 affectus
2687 857 2706 914 ;
2737 854 2897 919 ergo
2918 840 3130 907 solum
3161 848 3477 927 quantum
3502 847 3585 912 ad
3610 850 3901 916 excellen-

511 944 722 990 rman.
827 930 1010 1010 Quod
1035 932 1260 999 electio
1285 932 1355 998 in
1376 932 1505 999 Deo
1529 932 1614 997 sit
1637 932 2045 1015 aeternaliter,
2072 935 2285 998 osten-
2394 936 2554 1002 tiam
2588 941 2887 1012 effectus:
2930 950 3043 1014 sed
3076 950 3376 1018 effectum
3400 972 3535 1020 non
3571 960 3666 1022 est
3688 975 3904 1042 ponere

494 3207 566 3254 Ad
578 3221 681 3267 opp.

747 1038 923 1104 ditur
961 1039 1173 1123 primo
1218 1042 1590 1106 auctoritate
1638 1041 1924 1124 Apostoli
1952 1042 1976 1079 ¹
2009 1062 2026 1107 ε
2077 1042 2288 1125 Eleqit

745 1162 864 1215 nos
891 1155 1039 1216 ante
1070 1149 1306 1217 mundi
1339 1151 1885 1230 constitutionem,
1915 1155 1991 1219 ut
2012 1165 2286 1218 essemus

746 1257 986 1337 sanai,
1013 1261 1075 1326 et
1094 1259 1496 1327 immaculati
1514 1276 1730 1327 coram
1754 1260 1921 1343 ipso.

823 1363 1091 1431 Contra:
1125 1367 1257 1450 qu
1283 1369 1416 1434 scio
1437 1382 1594 1451 quos
1615 1367 1905 1450 eleqmm
1932 1370 1978 1430 ⁸.
2008 1364 2285 1431 Sedom·

741 1489 859 1537 nes
886 1473 1166 1555 elegerat
1182 1474 1618 1558 temporaliter
1644 1474 1758 1557 qui
1783 1477 1966 1540 erant
1990 1477 2132 1558 ejus
2156 1474 2283 1540 dis-

742 1579 975 1663 cipuli;
1006 1599 1164 1665 ergo
1187 1599 1324 1648 non
1349 1586 1444 1648 est
1463 1580 1591 1648 alia
1611 1582 1831 1647 electio
1854 1582 1924 1647 in
1945 1580 2281 1665 Deoquam

741 1687 1127 1771 temporalis.
1439 1710 1446 1717 ·

685 1806 704 1823 ·
821 1795 981 1860 Item
998 1843 1018 1875 ,
1052 1797 1226 1880 quod
1249 1797 1468 1863 electio
1495 1796 1670 1862 sitin
1691 1794 1820 1862 Deo
1837 1843 1857 1876 ,
1884 1796 2142 1865 videtur
2165 1815 2284 1881 per

740 1903 1077 1985 rationem,
1104 1905 1258 1989 quia
1280 1906 1491 1972 omnis
1514 1923 1716 1989 agens
1740 1905 2003 1971 discrete
2028 1909 2094 1970 et
2112 1905 2284 1971 ordi·

740 2013 912 2091 nate,
941 2015 1037 2077 est
1055 2030 1256 2095 agens
1276 2031 1392 2098 per
1417 2014 1789 2080 electionem
1827 2013 1974 2078 :sed
1999 2013 2166 2079 Deus
2186 2015 2281 2078 est

738 2119 1112 2203 hujusmodi
1151 2138 1169 2185 ε
1205 2137 1363 2203 ergo
1384 2120 1454 2185 in
1485 2120 1615 2187 Deo
1642 2125 1739 2188 est
1761 2138 1997 2207 ponere
2018 2120 2278 2186 electio-

735 2243 909 2293 nem.

818 2334 1000 2418 Item,
1021 2336 1193 2419 quod
1223 2335 1305 2401 ab
1331 2338 1604 2417 aetern0,
1633 2335 1887 2404 videtur
1902 2386 1921 2419 ,
1947 2337 2103 2421 quia
2129 2354 2275 2403 om-

735 2443 838 2507 nis
877 2442 1127 2508 dilectio
1164 2460 1311 2527 quae
1352 2446 1447 2509 est
1477 2443 1828 2527 specialiter
1863 2445 2229 2529 aliquorum
2252 2494 2272 2526 ‚

735 2568 867 2615 non
889 2552 1143 2615 tantum
1177 2554 1274 2615 est
1314 2551 1563 2617 dilectio
1577 2600 1596 2633 ‚
1626 2552 1737 2617 sed
1778 2552 1971 2617 etiam
1998 2553 2220 2620 electio
2250 2572 2271 2619 ε

733 2659 845 2724 sed
878 2660 1347 2743 praedestinatio
1373 2661 1486 2726 Dei
1521 2679 1654 2727 non
1689 2665 1785 2726 est
1815 2664 2113 2729 omnium
2150 2665 2272 2731 ho-

734 2766 1011 2847 minum,
1041 2767 1152 2832 sed
1179 2767 1391 2833 solum
1412 2769 1889 2848 salvandorum,
1909 2774 1974 2835 et
1995 2773 2274 2854 praedes-

730 2873 953 2938 tinatio
977 2892 1110 2939 non
1135 2878 1231 2940 est
1261 2875 1400 2940 sine
1438 2875 1771 2942 dilectione
1797 2876 1877 2961 (a)
1913 2899 1931 2942 ι
1962 2896 2122 2961 ergo
2149 2897 2269 2945 ne-

730 2999 857 3065 que
885 2982 1024 3048 sine
1048 2982 1352 3050 electione
1380 3005 1395 3050 :
1425 2984 1537 3051 sed
1560 2984 1670 3051 illa
1694 2985 1776 3051 ab
1801 2988 2043 3053 aeterno
2071 3004 2269 3071 :ergo

730 3092 793 3156 et
823 3090 964 3155 ista.

810 3200 934 3267 Sed
957 3206 1212 3268 contra:
1240 3210 1272 3268 1
1286 3252 1302 3269 .
1333 3202 1455 3270 Per
1471 3203 1931 3273 Damascenum
1953 3208 1978 3245 ⁶
2001 3227 2019 3273 ε
2044 3231 2078 3271 α
2094 3209 2269 3276 Elec-

728 3309 818 3375 tio
842 3328 977 3374 non
1020 3311 1186 3376 cadit
1229 3311 1296 3375 in
1328 3311 1535 3377 Deum
1556 3359 1573 3390 ‚
1599 3314 1755 3396 quia
1782 3313 2000 3381 divina
2033 3319 2268 3383 natura

668 3427 674 3438 '
725 3436 860 3483 non
888 3422 982 3483 est
1007 3418 1319 3502 possibilis
1344 3420 1427 3485 ad
1451 3420 1906 3502 ignorantiam.
1938 3444 1970 3484 ι»

803 3523 866 3588 2.
893 3523 1053 3588 Item
1072 3572 1091 3605 ,
1122 3521 1359 3606 eligere
1386 3528 1483 3589 est
1510 3526 1785 3592 alterum
1809 3526 1990 3592 alteri
2010 3546 2265 3614 praeop-

723 3635 902 3696 tare:
944 3630 1054 3696 sed
1091 3630 1261 3696 Deus
1292 3632 1432 3700 vult
1472 3648 1681 3700 omnes
1727 3634 2012 3703 homines
2052 3640 2265 3707 salvos

725 3737 872 3817 fieri
893 3738 916 3774 ⁸
942 3759 968 3803 .·
995 3755 1153 3821 ergo
1177 3738 1427 3806 videtur
1460 3739 1633 3823 quod
1668 3741 2059 3836 electio‚non
2085 3745 2169 3811 sit
2193 3746 2263 3812 in

721 3842 873 3911 Deo.

805 3956 866 4017 3.
915 3953 1074 4019 Item
1115 3953 1369 4021 videtur
1423 3956 1598 4039 quod
1641 3957 1853 4024 solum
1892 3959 1977 4025 sit
2017 3961 2090 4028 in
2133 3962 2262 4032 Deo

720 4061 1150 4145 temporaliter
1168 4084 1183 4127 :
1206 4062 1428 4130 electio
1446 4066 1620 4131 enim
1638 4085 1769 4132 non
1788 4073 1971 4152 esset,
1994 4073 2048 4137 si
2063 4073 2259 4139 homo

719 4168 1121 4252 perstitisset:
1154 4188 1312 4254 ergo
1337 4174 1591 4240 videtur
1617 4177 1789 4259 quod
1813 4178 2032 4263 lapsus
2055 4181 2263 4247 homi-

721 4279 821 4342 nis
855 4278 1004 4343 facit
1041 4277 1124 4344 ad
1152 4279 1572 4349 electionem:
1603 4284 1714 4350 sed
1750 4287 2097 4371 temporale
2123 4309 2259 4356 non

720 4386 868 4452 facit
896 4387 978 4453 ad
1011 4405 1148 4453 esse
1182 4392 1496 4455 aeternum
1525 4409 1543 4455 ε
1574 4409 1731 4475 ergo
1756 4394 1975 4462 electio
2003 4414 2137 4463 non
2166 4401 2261 4464 est

720 4498 981 4577 aeterna,
1009 4496 1119 4562 sed
1145 4497 1531 4581 temporalis.

796 4608 860 4669 4.
907 4603 1066 4668 Item
1097 4650 1117 4683 ,
1156 4604 1376 4669 electio
1412 4610 1506 4670 est
1543 4606 1929 4675 dissimiliter
1957 4611 2253 4680 entium:

717 4712 830 4777 sed
853 4710 1075 4778 omnia
1105 4712 1175 4776 in
1209 4711 1336 4777 Deo
1372 4715 1751 4782 aeternaliter
1782 4722 1930 4785 sunt
1954 4737 2166 4786 unum
2188 4725 2255 4788 et

717 4819 1009 4886 similiter
1029 4838 1047 4885 ε
1075 4837 1233 4904 ergo
1249 4820 1469 4889 electio
1490 4827 1585 4890 est
1601 4842 1821 4891 rerum
1841 4829 2255 4896 existentium

717 4929 784 4992 in
810 4928 1069 5013 proprio
1114 4946 1351 5011 genere
1384 4952 1400 4996 ε
1448 4931 1560 4996 sed
1609 4931 1681 4996 in
1714 4935 1974 5019 proprio
2015 4955 2256 5019 genere

782 5071 902 5135 ¹Cs'.
931 5071 1071 5125 Alex.
1097 5071 1291 5138 Alana,
1316 5087 1369 5138 p.
1403 5075 1455 5136 1,
1485 5090 1537 5141 q.
1559 5086 1696 5143 xxx,
1725 5079 1915 5131 memb.
1937 5085 1992 5146 ¹3
2031 5084 2086 5136 S:
2111 5083 2257 5136 Tho-

714 5156 855 5207 mas,
885 5158 937 5208 p.
959 5143 1013 5209 1,
1041 5159 1094 5209 q.
1120 5157 1281 5209 xxm,
1314 5150 1409 5198 art.
1430 5151 1489 5211 43
1527 5153 1578 5200 et
1607 5149 1812 5215 lSent.,
1839 5153 1955 5205 dist.
1975 5167 2064 5207 xm
2082 5194 2100 5222 ‚
2125 5171 2177 5223 q.
2197 5171 2251 5224 1,

717 5217 810 5265 art.
837 5218 858 5265 1
893 5219 945 5266 et
965 5219 1028 5279 23
1058 5216 1190 5268 etde
1223 5219 1401 5284 Ver-it„
1430 5234 1482 5284 q.
1503 5232 1584 5287 v1‚
1612 5225 1708 5273 art.
1737 5228 1800 5289 13
1826 5226 2059 5292 AEgidius
2080 5234 2250 5297 Rom.,

718 5285 924 5350 lSent.,
963 5287 1079 5338 dist.
1102 5300 1224 5354 xm,
1255 5303 1305 5355 q.
1332 5303 1385 5355 13
1427 5291 1684 5360 Richard„
1729 5296 1749 5346 1
1778 5296 1939 5362 Sene„
1981 5299 2099 5351 dist.
2123 5314 2248 5367 xm,

781 5373 849 5440 (a)
879 5376 1001 5428 Coet.
1025 5375 1146 5431 edit.
1175 5377 1440 5433 electione.

2392 1044 2517 1110 nisi
2541 1066 2625 1112 ex
2651 1054 2937 1137 tempore
2966 1079 2983 1122 ε
3010 1075 3194 1141 ergo,
3223 1064 3343 1125 etc.

2472 1157 2533 1216 6.
2566 1154 2726 1221 Item
2746 1159 2815 1225 in
2841 1162 2987 1245 plus
3014 1168 3111 1230 aet
3134 1169 3408 1250 vocatio,
3436 1189 3630 1254 quam
3653 1171 3858 1239 electio
3884 1197 3900 1239 t

2389 1258 2589 1329 Multi
2617 1269 2792 1334 enim
2826 1277 2983 1340 sunt
3018 1276 3271 1355 vocati,
3306 1282 3506 1359 pauci
3535 1281 3767 1350 electi'.
3796 1283 3906 1351 Sed

2391 1370 2643 1438 vocatio
2670 1380 2766 1441 est
2798 1380 3164 1464 temporalis
3194 1403 3212 1449 ε
3242 1403 3402 1469 ergo
3426 1389 3681 1455 videtur
3700 1391 3908 1459 simili-

2388 1478 2488 1542 ter
2529 1482 2701 1562 quod
2735 1484 2977 1552 electio.
3025 1489 3497 1577 cousequenter
3530 1515 3692 1581 ergo
3710 1548 3729 1581 ‚
3770 1520 3904 1567 cum

2388 1587 2637 1653 vocatio
2679 1590 2764 1657 sit
2799 1595 3167 1679 temporalis
3183 1648 3203 1681 ,
3252 1602 3723 1685 praedestinatio
3765 1626 3904 1676 vero

2388 1694 2650 1777 aeterna,
2682 1703 2994 1781 quaeritur
3013 1706 3190 1772 unde
3206 1709 3331 1775 hoc
3354 1714 3473 1793 est,
3500 1714 3679 1796 quod
3702 1715 3903 1782 electio

2387 1800 2454 1863 et
2475 1802 2846 1887 temporalis
2872 1813 2969 1875 est
2991 1813 3058 1877 et
3078 1816 3341 1881 aeterua.

2928 2059 3377 2135 CONCLUSIO.

2382 2221 2611 2290 Electio,
2640 2231 2705 2283 ut
2732 2228 2869 2287 dicit
2894 2231 3232 2293 dilectionem
3257 2253 3374 2295 cum
3396 2239 3713 2301 discretione
3728 2247 3907 2319 solvan,

2453 2318 2657 2372 oetevm
2682 2323 2760 2374 est
2772 2337 2791 2391 ;
2820 2323 2873 2376 si
2896 2338 3020 2380 vero
3048 2325 3386 2385 dilectionem
3425 2348 3545 2388 cum
3567 2334 3905 2407 discretione,

2453 2403 2869 2477 deliberatione,
2918 2419 2972 2469 et
3010 2417 3365 2488 inquisitione
3394 2425 3757 2500 praecedente,
3802 2445 3908 2485 own

2457 2495 2588 2552 talis
2612 2501 2690 2555 sit
2718 2502 2781 2556 in
2799 2507 3069 2575 creatura,
3099 2511 3412 2582 temporalis
3436 2517 3531 2569 est.
3630 2518 3637 2527 '

2460 2665 2646 2752 Resp.
2688 2671 2769 2737 ad
2801 2672 3077 2759 Argum.
3108 2679 3457 2749 Dicendum
3496 2688 3672 2770 quod
3697 2689 3907 2754 electio

2341 2754 2347 2761 ’
2380 2772 2614 2840 dicitur
2640 2775 2973 2863 dupliciter
2998 2804 3165 2851 :uno
3191 2790 3405 2869 mode,
3426 2798 3622 2875 prout
3647 2795 3795 2862 dicit
3815 2798 3905 2862 di-

2375 2878 2712 2950 lectionem
2730 2904 2880 2953 cum
2898 2890 3271 2961 discretione
3288 2898 3497 2964 solum
3518 2923 3537 2981 ;
3557 2901 3686 2970 alio
3704 2904 3905 2987 modo,

2377 2991 2454 3053 ut
2485 2990 2637 3056 dicit
2672 2993 3072 3065 dilectionem
3100 3020 3252 3068 cum
3278 3005 3654 3077 discretione
3679 3031 3909 3097 praece-

2377 3096 2587 3180 dente,
2616 3103 2682 3166 et
2708 3101 3181 3192 deliberatione,
3211 3117 3275 3178 et
3292 3115 3734 3199 inquisitione.

2456 3213 2517 3272 1.
2547 3207 2626 3276 Et
2673 3211 2882 3293 primo
2929 3218 3120 3283 modo
3167 3224 3262 3285 est
3302 3223 3374 3288 iu
3417 3224 3584 3308 Deo;
3635 3232 3908 3297 secundo

2373 3316 2564 3383 modo
2587 3317 2659 3383 in
2676 3326 2988 3407 creatura,
3011 3325 3079 3389 in
3101 3346 3230 3411 qua
3246 3331 3471 3398 cadere
3490 3341 3702 3417 potest
3724 3339 3910 3422 igno-

2372 3423 2580 3489 rantia
2611 3443 2630 3489 :
2674 3430 2741 3492 et
2774 3428 2901 3496 hoc
2934 3436 3215 3502 secundo
3254 3438 3445 3506 modo
3472 3440 3763 3526 loquitur
3785 3446 3900 3512 D'a-

2371 3546 2728 3599 mascenus.

2453 3644 2514 3705 2.
2535 3642 2636 3708 Ad
2662 3643 2820 3711 illud
2848 3648 3022 3730 quod
3047 3649 3349 3733 objicitur
3370 3702 3389 3736 ,
3416 3658 3588 3740 quod
3612 3660 3904 3726 voluntas
3932 3681 4093 3723 vanu-a

2369 3745 2481 3814 Dei
2506 3755 2570 3815 et
2589 3751 2838 3819 dilectio
2862 3759 2957 3820 est
2981 3757 3116 3822 sine
3136 3760 3532 3845 discretione,
3567 3765 3902 3835 dicendum
3952 3749 4074 3848 ³¹¹1&

2369 3857 2542 3940 quod
2560 3863 2654 3923 est
2667 3860 2963 3927 voluntas
2978 3867 3373 3951 antecedens,
3392 3875 3456 3936 et
3468 3882 3862 3959 consequens
3881 3895 3898 3940 2

2369 3967 2779 4050 antecedens,
2826 3987 2956 4052 qua
2994 3973 3140 4038 vult
3184 3980 3501 4058 quantum
3544 3981 3617 4046 in
3662 4002 3733 4049 se
3774 3988 3898 4064 est;

2369 4094 2761 4161 consequens
2777 4127 2795 4157 ,
2835 4100 2966 4164 qua
2996 4084 3140 4150 vult
3175 4105 3323 4152 cum
3349 4091 3751 4172 praescIentia
3788 4113 3904 4159 no-

2368 4188 2516 4249 strae
2570 4185 2811 4253 salutis.
2867 4189 2944 4254 Et
3000 4192 3213 4275 prima
3263 4196 3524 4278 quidem
3588 4205 3688 4266 est
3757 4220 3896 4267 om-

2366 4293 2552 4359 nium
2589 4315 2606 4372 ;
2643 4296 2922 4362 secunda
2951 4316 3105 4365 vero
3130 4318 3285 4365 non.
3325 4301 3691 4371 Secundum
3730 4309 3901 4375 hunc

2367 4402 2632 4467 modum
2670 4407 2765 4468 est
2798 4403 3047 4470 dilectio
3081 4407 3316 4492 duplex
3334 4411 3363 4492 j:
3411 4430 3544 4477 una
3575 4433 3729 4499 quae
3771 4437 3899 4484 res·

2364 4509 2520 4590 picit
2571 4509 2966 4576 voluntatem
3012 4515 3485 4582 antecedentem
3500 4567 3519 4600 ,
3552 4525 3617 4585 et
3661 4521 3787 4589 hac
3804 4524 3899 4590 di-

2364 4616 2510 4697 ligit
2550 4633 2817 4697 omnes;
2869 4625 2934 4683 et
2986 4619 3111 4685 alia
3158 4641 3306 4704 quae
3366 4626 3619 4709 respicit
3672 4648 3899 4697 conse-

2365 4727 2688 4807 quentem,
2719 4729 2784 4792 et
2806 4726 2928 4792 hac
2945 4727 3154 4812 diligit
3174 4748 3398 4798 omnes
3420 4734 3763 4803 salvandos
3788 4760 3803 4802 ε
3837 4743 3899 4806 et

2362 4831 2505 4897 haec
2529 4836 2626 4898 est
2642 4832 2884 4899 electiO.

2443 4943 2505 5004 3.
2534 4940 2637 5006 Ad
2675 4941 2836 5006 illud
2876 4943 3046 5026 quod
3090 4945 3389 5029 objicitur
3403 4995 3422 5026 ‚
3461 4952 3636 5034 quod
3679 4955 3897 5021 electio

2362 5121 2413 5172 q.
2435 5117 2486 5169 13
2517 5105 2693 5170 Steph.
2718 5105 2926 5189 Brulel'.3
2957 5107 2973 5158 1
3002 5107 3162 5172 Sene„
3190 5110 3306 5161 dist.
3328 5124 3415 5174 η,
3443 5127 3493 5178 q.
3515 5125 3600 5179 v13
3631 5118 3814 5170 Petrus
3832 5120 3894 5170 de

2359 5179 2615 5312 ffffifi’x
2623 5177 3293 5317 1¹11fi²32⁶233ttsstj¹212
3308 5186 3434 5305 iffi.
3447 5185 3669 5324 ξῧῖἰίὶτ,
3680 5194 3894 5326 iffi:

2361 5336 2408 5373 c.
2428 5334 2564 5385 xxn,
2591 5326 2708 5386 post
2726 5323 2863 5374 med.
2882 5349 2947 5360 —
2964 5321 3026 5372 ⁸1
3061 5323 3205 5386 Hm„
3231 5337 3294 5390 11,
3317 5329 3364 5378 4.
3398 5353 3460 5369 -
3480 5330 3502 5362 ⁸
3521 5331 3694 5397 Arist„
3720 5333 3887 5388 Ειὴίο.

2357 5394 2446 5446 lib.
2471 5395 2570 5465 111,
2600 5408 2647 5445 c.
2669 5406 2732 5448 11.
2753 5420 2816 5436 —
2834 5396 2857 5436 ¹¹
2877 5394 3080 5462 Manli„
3110 5407 3244 5468 κω,
3269 5399 3348 5452 14.

3967 3821 3991 3862 p
4051 3834 4061 3847 n
