4125 6225
755 411 875 474 394

752 543 944 609 modo
977 548 1184 628 potest
1209 545 1566 626 rectificari,
1597 544 1951 637 secundum
1978 545 2152 629 quod
2176 544 2299 608 hoc

751 654 1024 718 verbum
1049 703 1066 731 ,
1092 660 1330 737 potest,
1359 655 1664 738 praedicat
1687 654 2035 737 quamdam
2072 657 2298 737 poten-

748 761 905 825 tiam
919 762 1259 828 habentem
1272 763 1557 846 aliquam
1581 763 2049 827 ordinationem
2072 761 2154 825 ad
2185 779 2293 826 ac-

747 871 914 933 tum.
937 866 1099 933 Nam
1118 870 1172 934 si
1195 869 1590 952 intelligatur
1616 870 1693 934 de
1719 869 2001 952 potentia
2019 867 2298 932 efficien-

749 977 831 1041 tis
856 976 1172 1057 absolute,
1216 977 1455 1058 absque
1497 976 1694 1040 dubio
1735 979 1960 1058 potens
1998 978 2096 1038 est
2128 974 2296 1039 Deus

749 1083 997 1148 diabolo
1015 1085 1345 1150 restituere
1360 1085 1596 1149 bonam
1623 1084 2054 1150 voluntatem:
2077 1085 2295 1147 tamen

749 1208 830 1253 ex
857 1195 1036 1272 parte
1066 1189 1303 1254 diaboli
1330 1209 1462 1255 non
1491 1195 1586 1254 aet
1612 1189 1926 1254 ordinatio
1968 1188 2186 1271 aliqua
2211 1189 2293 1253 ad

746 1295 893 1376 hoc,
950 1297 1083 1361 imo
1113 1297 1277 1361 facta
1326 1304 1420 1361 est
1465 1296 1764 1360 voluntas
1815 1297 1955 1378 ejus
1997 1295 2294 1377 impossi-

746 1403 912 1480 bilis,
942 1407 1016 1468 ut
1041 1404 1253 1469 Sancti
1271 1404 1511 1483 dicunt,
1531 1409 1595 1468 et
1620 1403 1896 1468 rationes
1922 1401 2286 1466 ostendunt.

745 1508 810 1573 Si
865 1514 1081 1574 autem
1129 1514 1461 1592 quaeratur
1514 1529 1709 1574 causa
1772 1507 2293 1591 impossibilitatis

744 1616 826 1679 ad
858 1617 1299 1681 rectitudinem
1322 1666 1340 1696 ,
1372 1617 1864 1698 intelligendum
1901 1620 1997 1679 est
2025 1614 2105 1678 ad
2140 1614 2285 1690 hoc,

742 1725 912 1808 quod
940 1726 1020 1791 ad
1044 1728 1492 1792 rectitudinem
1523 1727 1871 1791 voluntatis
1900 1743 2013 1807 per
2041 1722 2288 1789 actuale

740 1837 1070 1915 peccatum
1089 1834 1283 1917 lapsae
1303 1833 1431 1898 duo
1459 1838 1872 1912 concurrunt,
1894 1833 2133 1897 scilicet
2164 1854 2179 1896 ε
2206 1850 2289 1896 ex

739 1945 919 2024 parte
944 1942 1317 2021 voluntatiS,
1352 1942 1762 2025 poenitentia3
1809 1960 1891 2005 ex
1927 1946 2106 2025 parte
2153 1940 2283 2019 Dei,

740 2048 951 2127 gratia
976 2066 1249 2113 sanans:
1282 2053 1344 2113 et
1371 2052 1723 2130 utrumque
1762 2048 1937 2112 deest
1977 2047 2227 2111 diabolo
2266 2069 2282 2111 t

739 2157 802 2219 et
828 2154 971 2219 ideo
993 2155 1256 2218 omnino
1284 2155 1457 2218 deest
1482 2155 1543 2217 ei
1569 2155 1678 2218 via
1704 2154 2197 2219 rectificationiS.
2220 2152 2287 2218 Si

738 2277 993 2342 quaeras
1015 2259 1284 2325 ulterius
1313 2259 1482 2341 quod
1510 2260 1748 2324 horum
1765 2263 1861 2323 est
1891 2260 2053 2323 ratio
2080 2259 2287 2323 defec-

737 2375 842 2434 tus
867 2371 1147 2451 alteriuS,
1185 2370 1528 2435 dicendum
1556 2373 1726 2452 quod
1766 2371 2044 2436 defectus
2079 2372 2284 2453 poeni-

735 2479 957 2543 tentiae
984 2483 1079 2543 est
1102 2480 1290 2559 ratio,
1326 2497 1524 2561 quare
1557 2479 1770 2543 deflcit
1789 2480 1996 2561 gratia
2021 2485 2283 2561 gratum

734 2585 999 2665 faciens,
1046 2586 1198 2669 quia
1243 2587 1325 2651 ad
1375 2587 1549 2650 illam
1595 2587 1869 2670 disponit
1908 2587 2282 2670 poenitentia

736 2691 1049 2757 informis.
1084 2692 1351 2771 RursuS,
1378 2694 1432 2757 si
1461 2697 1815 2775 quaeratur,
1847 2713 2046 2776 quare
2074 2694 2282 2759 deficit

735 2800 1146 2881 poenitentia?
1201 2799 1542 2864 dicendum
1581 2821 1596 2864 ε
1626 2799 1791 2878 Quia
1827 2801 2035 2865 deficit
2074 2801 2282 2883 gratia

735 2906 937 2987 gratis
955 2907 1121 2985 data,
1145 2925 1294 2989 quae
1313 2908 1626 2990 praevenit
1642 2907 2036 2972 voluntatem
2048 2913 2121 2971 ut
2142 2927 2279 2990 poe-

733 3011 955 3092 niteat,
977 3016 1041 3077 et
1059 3014 1197 3077 sine
1216 3032 1349 3096 qua
1363 3031 1556 3077 nemo
1568 3032 1862 3096 unquam
1883 3032 1950 3078 se
1963 3019 2283 3097 praeparat

732 3121 812 3184 ad
839 3121 1117 3202 gratiam
1136 3170 1153 3201 ,
1183 3121 1349 3185 sicut
1372 3121 1542 3185 intra
1568 3121 1826 3203 patebit.
1857 3121 1926 3186 Si
1952 3126 2279 3205 quaeratur

732 3228 904 3293 unde
929 3229 1147 3295 veniat
1174 3229 1459 3293 defectus
1486 3228 1713 3309 gratiae
1734 3230 1939 3310 gratis
1962 3230 2151 3310 datae,
2175 3231 2278 3296 vel

731 3353 879 3419 quae
908 3336 987 3400 sit
1010 3335 1202 3415 ratio;
1234 3336 1476 3418 absque
1508 3336 1703 3399 dubio
1741 3336 2020 3401 defectus
2047 3338 2276 3418 gratiae

730 3442 932 3525 gratis
967 3443 1130 3507 datae
1170 3462 1301 3507 non
1333 3447 1536 3526 potest
1569 3443 1806 3508 habere
1850 3444 1974 3507 nisi
2011 3463 2270 3509 causam

730 3551 1122 3615 deficientem
1154 3574 1168 3615 ε
1203 3555 1265 3616 et
1304 3552 1392 3615 ita
1426 3571 1633 3634 neque
1670 3551 1872 3632 Deus,
1908 3571 2119 3635 neque
2157 3573 2276 3618 na-

730 3662 877 3722 tura
902 3657 1117 3739 angeli
1137 3662 1343 3740 potest
1367 3676 1503 3723 esse
1529 3660 1738 3741 prima
1765 3678 1987 3741 causa3
2020 3663 2132 3727 sed
2159 3682 2274 3730 ne-

729 3766 1074 3830 cessarium
1103 3770 1198 3830 est
1222 3766 1394 3849 quod
1420 3767 1557 3848 ipsa
1580 3766 1799 3848 culpa,
1832 3786 1961 3849 qua
1983 3769 2273 3835 diabolus

727 3872 817 3935 ita
841 3873 1185 3954 {egrotavit
1204 3877 1268 3937 et
1291 3876 1565 3954 aegrotat
1580 3921 1600 3951 ,
1635 3877 1861 3938 utnon
1891 3879 2104 3957 pateat
2129 3877 2269 3940 adi·

725 3984 831 4044 tus
858 3980 1121 4061 grati-‘³33
1149 3984 1213 4044 et
1242 3981 1311 4043 in
1336 3981 1459 4045 hoc
1481 3982 1885 4046 consentiunt
1902 3985 2269 4049 communi-

728 4090 823 4150 ter
861 4104 1085 4150 omnes
1113 4087 1228 4168 qui
1252 4091 1420 4151 recte
1447 4087 1707 4169 sapiunt
1732 4088 1897 4154 circa
1929 4092 2268 4155 materiam

723 4193 931 4256 istam.
963 4191 1085 4257 Sed
1127 4193 1298 4257 unde
1336 4194 1568 4258 habeat
1610 4195 1796 4278 culpa
1827 4197 2060 4261 diaboli
2105 4198 2269 4262 hanc

723 4300 1402 4381 irremediabilitatem,
1456 4301 1859 4367 diversificati
1895 4309 2046 4368 sunt
2089 4307 2268 4371 varie

484 4411 694 4469 opinioi.
721 4409 1077 4491 opinanteS.
1110 4407 1382 4485 Quidam
1411 4410 1583 4473 enim
1621 4416 2037 4493 sumpserunt
2068 4413 2267 4478 ratio-

721 4536 872 4580 nem
898 4536 981 4581 ex
1012 4517 1488 4598 comparatione
1518 4519 1723 4601 culpae
1747 4520 1828 4584 ad
1860 4520 2264 4585 severitatem

715 4623 1080 4705 judicantis,
1113 4623 1277 4700 Quia
1295 4623 1469 4688 enim
1487 4624 1776 4689 diabolus
1798 4630 1863 4689 et
1882 4625 2100 4706 angeli
2122 4627 2264 4708 ejus

721 4731 1104 4811 gravissime
1129 4736 1554 4813 peccaverunt
1569 4780 1587 4810 ,
1618 4731 1925 4797 Dominus
1939 4781 1956 4809 ,
2003 4751 2265 4800 severus

715 4837 950 4919 judeX,
980 4838 1193 4902 statim
1221 4838 1672 4903 condemnavit
1689 4857 1797 4903 eos
1824 4863 1838 4903 ε
1872 4841 2038 4905 sicut
2059 4839 2264 4922 judex

723 4962 1039 5026 magnum
1058 4946 1369 5010 latronem
1396 4947 1467 5008 in
1487 4947 1661 5028 turpi
1680 4947 2013 5011 latrocinio
2041 4949 2264 5030 depre-

720 5052 997 5116 hensum
1026 5054 1238 5117 statim
1266 5054 1415 5118 facit
1440 5055 1744 5137 suspendi
1764 5102 1781 5132 ,
1814 5056 2113 5138 quamvis
2141 5055 2260 5119 dif-

719 5161 883 5224 ferat
907 5162 1321 5244 suspendium
1361 5162 1558 5226 unius
1600 5164 1786 5245 parvi
1822 5163 2084 5227 latronis
2102 5213 2118 5242 ,
2148 5163 2260 5245 qui

519 5265 691 5323 1¹¹‘P‘0-
721 5269 932 5351 potuit
975 5269 1208 5333 habere
1255 5270 1538 5351 aliquam
1585 5270 2084 5335 excusationem.
2136 5268 2259 5334 Sed

483 5329 628 5377 batur.

722 5374 1031 5439 haecratio
1040 5374 1462 5459 congruitatis
1473 5379 1588 5456 est,
1604 5376 1784 5458 quia:
1800 5379 1936 5442 esto
1946 5377 2119 5460 quod
2129 5378 2259 5442 dia-

1867 407 2490 477 SENTENTIARUM
2530 408 2684 474 LIB.
2727 408 2808 473 11.

2405 543 2593 608 bolus
2615 541 2842 607 minus
2860 546 3209 624 peccasset,
3237 545 3391 609 tunc
3412 543 3743 610 videretur
3763 564 3925 628 posse

2405 651 2648 730 redire;
2687 655 2750 716 et
2787 669 2908 714 nos
2941 649 3267 730 videmus,
3298 652 3470 735 quod
3499 652 3669 716 Deus
3698 653 3924 719 miseri-

2404 760 2687 825 cordiam
2701 761 2850 825 facit
2868 778 3020 824 cum
3037 761 3533 825 sceleratissimis
3543 763 3895 845 frequenter
3908 787 3924 842 ;

2403 872 2467 932 et
2487 868 2738 950 aliquos
2764 867 3108 950 aliquando
3124 916 3141 946 ,
3167 867 3284 951 qui
3305 868 3632 932 modicum
3653 887 3929 951 peccave-

2403 980 2590 1056 runt,
2635 975 2952 1057 demergit
2990 976 3060 1038 in
3100 975 3474 1041 infernum:
3510 981 3575 1041 et
3614 977 3758 1042 ideo
3793 996 3927 1042 con·

2401 1082 2652 1162 gruitas
2690 1086 2946 1148 tantum
2988 1085 3103 1145 est.
3149 1082 3274 1145 Alii
3309 1088 3729 1167 sumpserunt
3751 1085 3928 1149 ratio·
3961 1086 4094 1142 ΨΜ

2400 1206 2550 1252 nem
2599 1207 2682 1253 ex
2737 1189 3207 1271 comparatione
3265 1190 3472 1273 culpae
3513 1191 3595 1256 ad
3645 1195 3924 1256 naturam

2400 1296 2717 1377 peccantis
2735 1344 2753 1375 ,
2777 1294 2932 1377 quia
2955 1313 3220 1378 peccans
3241 1296 3364 1360 fuit
3384 1297 3741 1362 substantia
3763 1297 3925 1381 spiri-

2398 1402 2588 1466 tualis
2614 1403 2879 1467 omnino
2907 1420 3037 1466 non
3064 1402 3306 1467 habens
3328 1405 3582 1486 pondus
3603 1406 3841 1470 carnis:
3867 1411 3920 1470 et

2398 1509 2551 1592 quia
2582 1509 2936 1573 substantia
2960 1509 3306 1591 spiritualis
3322 1514 3416 1575 est
3434 1529 3690 1594 semper
3707 1512 3776 1574 in
3795 1517 3922 1577 actu

2399 1633 2539 1693 suo,
2571 1615 2741 1680 unde
2768 1633 2902 1679 non
2927 1615 3224 1695 lassatur,
3257 1617 3391 1681 imo
3418 1618 3731 1683 continuo
3755 1618 3924 1683 habet

2399 1722 2829 1787 inordinatam
2837 1722 3253 1803 voluntatem,
3275 1728 3339 1787 et
3348 1725 3656 1789 continue
3669 1726 3923 1806 gratiam

2396 1827 2740 1912 impugnat
2761 1851 2778 1909 ;
2807 1830 2951 1896 ideo
2972 1849 3106 1895 non
3129 1831 3397 1896 offertur
3418 1833 3541 1896 sibi
3562 1834 3797 1914 gratia.
3821 1834 3923 1897 Sed

2395 1936 2532 1999 istae
2552 1955 2682 2000 non
2708 1941 2862 2001 sunt
2877 1937 3162 2003 rationes
3181 1940 3570 2004 necessitatis
3594 1963 3609 2004 ε
3634 1944 3778 2005 tum
3793 1942 3926 2023 quia
3961 1967 4074 2020 lm»

2401 2041 2650 2123 pondus
2678 2043 2888 2106 carnis
2913 2062 3046 2108 non
3073 2044 3419 2109 inclinabat
3443 2045 3782 2112 hominem
3805 2048 3925 2129 pri·
3945 2031 4040 2075 Ψ·

2394 2168 2579 2214 mum
2624 2152 2704 2215 ad
2730 2156 3096 2235 peccatum,
3133 2153 3276 2218 ideo
3304 2173 3422 2218 nec
3466 2155 3628 2219 adeo
3668 2173 3927 2220 excusa-

2391 2258 2533 2337 bat,
2583 2263 2657 2322 ut
2700 2263 3030 2340 peccatum
3077 2261 3219 2343 ejus
3271 2266 3528 2344 caperet
3581 2263 3929 2328 remedium

2390 2364 2782 2429 rectitudinis
2799 2387 2816 2443 ;
2839 2384 2960 2431 nec
2973 2384 3009 2430 e
3027 2370 3250 2431 contra
3268 2349 3553 2432 carentia
3563 2370 3928 2434 carnisadeo

2392 2473 2701 2553 angelum
2722 2473 3127 2556 impediebat.
3149 2474 3456 2539 Similiter
3471 2494 3595 2540 nec
3609 2477 3738 2541 alia
3753 2479 3924 2551 ratio,

2391 2580 2543 2660 quia
2571 2578 2737 2642 Deus
2768 2580 3045 2659 gratiam
3076 2582 3280 2662 gratis
3315 2582 3532 2646 datam
3569 2583 3927 2666 frequenter

2391 2685 2500 2749 dat
2517 2686 2770 2750 homini
2788 2687 3082 2752 existenti
3100 2689 3168 2752 in
3185 2688 3418 2753 actuali
3434 2691 3773 2754 voluntate
3793 2710 3924 2775 pec·

2388 2792 2605 2871 candi3
2647 2792 2787 2857 haec
2825 2795 3001 2858 enim
3029 2796 3224 2860 simul
3266 2799 3389 2859 stat
3419 2814 3571 2860 cum
3603 2797 3811 2879 culpa.
3856 2796 3926 2861 Et

2387 2897 2587 2980 huJus
2608 2899 2978 2981 exemplum
3001 2905 3171 2983 patet
3197 2901 3265 2965 in
3287 2900 3508 2981 Pau10,
3531 2902 3648 2984 qui
3667 2922 3919 2969 couver-

2387 3023 2497 3068 sus
2525 3008 2654 3085 est,
2699 3009 2765 3070 et
2793 3006 3225 3073 circumdatus
3249 3008 3395 3073 luce
3429 3010 3500 3073 in
3535 3016 3690 3074 actu
3723 3030 3918 3093 perse·

2387 3112 2661 3178 cutionis
2701 3137 2716 3178 ε
2750 3119 2900 3179 sunt
2923 3118 3139 3180 tamen
3165 3118 3605 3198 congruitates
3631 3120 3920 3202 quaedam

2385 3240 2424 3284 a
2450 3220 2665 3285 latere.
2699 3222 2825 3284 Alii
2852 3228 3268 3304 sumpserunt
3292 3224 3609 3289 rationem
3636 3245 3721 3291 ex
3755 3231 3922 3310 parte
3939 3264 4088 3321 ως,

2385 3329 2590 3411 culpae
2618 3330 2832 3393 relatae
2857 3329 2937 3393 ad
2968 3330 3233 3394 modum
3258 3333 3562 3413 peccandi
3589 3352 3710 3415 per
3727 3352 3920 3416 oppo-

2383 3435 2577 3498 situm
2598 3436 2678 3500 ad
2697 3441 3026 3518 peccatum
3041 3436 3348 3501 hominis:
3370 3439 3526 3521 quia
3544 3441 3724 3504 enim
3739 3441 3921 3505 homo

2383 3541 2507 3605 alio
2525 3547 2914 3624 suggerente
2930 3549 3325 3627 peccaverat,
3349 3546 3490 3610 ideo
3510 3546 3793 3628 dignum
3813 3548 3921 3611 t'uit

2380 3648 2505 3712 alio
2537 3649 2806 3713 relevari
2848 3668 3105 3729 rursus;
3139 3652 3294 3734 quia
3325 3654 3536 3717 totum
3564 3672 3779 3735 genus
3803 3656 3918 3719 hu-

2382 3773 2650 3819 manum
2693 3756 3028 3837 ceciderat,
3076 3776 3158 3822 ne
3202 3762 3409 3822 totum
3458 3761 3733 3843 periret,
3774 3780 3915 3826 con-

2380 3880 2625 3943 gruum
2648 3864 2768 3928 fuit.
2792 3863 3010 3928 reduci
3036 3866 3114 3929 ad
3139 3866 3611 3931 rectitudinem.
3637 3867 3686 3932 E
3710 3873 3916 3933 contra

2379 3970 2568 4032 estin
2606 3971 2913 4052 angelicis
2955 3971 3285 4053 spiritibus
3305 4021 3321 4049 ,
3351 3972 3505 4054 quia
3539 3992 3673 4038 non
3705 3994 3913 4058 pecca-

2377 4081 2612 4140 verunt
2646 4095 2758 4158 per
2803 4078 3256 4155 tentationem,
3295 4078 3578 4143 maxime
3615 4079 3862 4146 Lucifer
3897 4105 3913 4145 z

2377 4183 2517 4247 ideo
2544 4203 2674 4248 non
2700 4185 2917 4264 rediit3
2949 4186 3124 4250 unde
3151 4184 3518 4268 GregoriuS,
3553 4187 3625 4250 in
3651 4188 3915 4257 Morali-

2379 4290 2525 4369 bu8,
2573 4290 2735 4354 libro
2777 4289 2859 4356 IV
2889 4309 2907 4354 ε
2945 4314 2976 4352 ιι
3007 4290 3358 4375 Nunquam
3399 4293 3624 4357 lumen
3669 4297 3914 4377 pristini

2375 4403 2577 4463 status
2609 4399 2878 4481 accepit,
2908 4399 3062 4481 quia
3087 4417 3221 4463 non
3246 4418 3594 4483 persuasus
3617 4404 3850 4468 amisit.
3877 4426 3906 4462 ι

2375 4504 2680 4570 Similiter
2707 4505 2860 4589 quia
2894 4507 3118 4571 cecidit
3140 4509 3491 4573 secundum
3518 4514 3805 4593 partem,
3831 4512 3914 4574 ita

2374 4613 2547 4696 quod
2571 4616 2901 4696 peccatum
2917 4614 3040 4677 fuit
3060 4614 3442 4695 particulare
3460 4620 3527 4679 et
3550 4616 3909 4698 personale,

2374 4721 2515 4785 ideo
2533 4738 2665 4783 non
2686 4719 2905 4784 debuit
2923 4722 3271 4784 rectificari.
3303 4720 3485 4786 Unde
3505 4724 3911 4804 Augustinus

2373 4826 2442 4889 in
2463 4825 2845 4892 Euchiridio
2871 4827 2888 4860 ¹
2917 4848 2943 4891 .·
2979 4850 3011 4887 α
3031 4826 3273 4892 Placuit
3295 4829 3732 4895 universitatis
3757 4829 3911 4895 Con-

2373 4932 2559 4996 ditori
2577 4979 2594 5010 ,
2626 4937 2699 4997 ut
2725 4934 3042 5015 quoniam
3075 4953 3208 4999 non
3234 4938 3367 5000 tota
3409 4936 3753 5002 multitudo
3790 4956 3911 5002 an-

2373 5040 2669 5121 gelorum
2704 5038 2906 5103 Deum
2933 5039 3276 5105 deserendo
3302 5042 3612 5123 perierat,
3653 5061 3729 5106 ea
3760 5061 3909 5124 quae

2373 5146 2646 5228 perierat
2674 5147 2744 5210 in
2768 5152 3007 5211 aeterna
3029 5148 3435 5214 damnatione
3462 5154 3842 5213 remaneret.
3877 5174 3907 5209 n

2372 5253 2495 5318 Sed
2517 5253 2654 5317 istae
2677 5253 2969 5318 similiter
2984 5258 3136 5317 sunt
3150 5255 3430 5319 rationes
3453 5255 3904 5338 congruitatis;
3935 5277 4086 5384 »Imm

2442 5396 2621 5460 ¹Aug.‚
2649 5395 2935 5460 Euchirid„
2962 5410 3008 5445 c.
3029 5407 3176 5460 mx,
3203 5400 3321 5448 αθ.

4121 5062 4125 5175 5
