4125 6225
724 357 803 417 76
1880 350 2500 419 SENTENTIARUM
2542 353 2688 419 LIB.
2734 354 2783 418 1.

720 511 856 558 esse
883 490 1247 581 subjectum
1274 491 1417 583 ejus
1443 490 1728 562 scientiae
1754 543 1771 577 ,
1803 491 1981 582 quod
2006 511 2143 558 non
2171 496 2303 578 est;
2337 498 2401 559 et
2421 499 2655 582 ⁸posset
2681 512 2816 558 non
2857 511 2994 559 esse
3021 487 3385 580 subjectum
3414 488 3681 580 aliquid,
3709 494 3861 584 quod

714 614 816 672 cst
841 659 858 691 ‚
891 606 1030 676 sine
1055 608 1541 698 permutatione
1567 607 1775 698 ipsius
1803 604 2115 675 scientiae.

809 720 930 789 Hic
955 723 1312 814 opponitur
1342 747 1381 791 a
1409 723 1809 815 quibusdam
1837 723 1978 791 ita:
2011 722 2084 790 Si
2111 722 2285 790 Deus
2311 730 2519 814 potest
2543 723 2799 814 aliquid
2828 723 2991 792 scire
3025 722 3134 790 vel
3177 722 3477 814 praescire
3504 723 3675 813 quod
3716 747 3868 793 nun-

512 843 695 901 Opposi-
721 861 918 930 quam
950 839 1137 906 scivit
1165 840 1269 907 vel
1298 839 1657 931 praescivit,
1691 846 1898 930 potest
1936 861 2093 928 ergo
2135 861 2219 907 ex
2257 847 2541 930 tempore
2577 838 2830 931 aliquid
2872 838 3036 907 scire
3078 839 3186 907 vel
3229 839 3546 929 praescire.
3581 839 3677 906 Ad
3712 842 3869 932 quod

481 911 695 1025 poss’itno-
718 953 1049 1023 dicimus:
1080 955 1301 1023 Potest
1328 956 1597 1047 quidem
1625 956 1798 1024 Deus
1826 957 1987 1024 scire
2017 956 2121 1024 vel
2151 955 2449 1047 praescire
2477 979 2706 1040 omne,
2743 954 2920 1048 quod
2963 962 3172 1046 potest
3197 955 3446 1038 facere3
3480 962 3545 1022 et
3569 963 3766 1046 potest
3788 957 3873 1026 fa-

480 1036 690 1141 “fagil
720 1093 861 1138 cere
883 1123 900 1157 ,
931 1072 1115 1162 quod
1144 1094 1489 1164 nunquam
1519 1073 1652 1141 fiet.
1684 1073 1905 1142 Potest
1932 1095 2088 1161 ergo
2117 1074 2319 1161 scire,
2352 1073 2454 1143 vel
2483 1072 2782 1165 praescire
2806 1124 2823 1158 ‚
2857 1071 3035 1163 quod
3062 1095 3413 1163 nunquam
3441 1071 3597 1158 fiet,
3627 1094 3740 1140 nec
3765 1081 3868 1158 est,

479 1175 1012 1270 ⁹⁰¹²w1necfuit.
1042 1188 1176 1256 Nec
1203 1181 1368 1258 illud
1400 1189 1550 1274 scit,
1585 1190 1690 1258 vel
1719 1189 1937 1276 scivit3
1969 1212 2184 1282 neque
2212 1191 2489 1280 praescit,
2527 1191 2631 1259 vel
2661 1189 3031 1281 praescivit.
3064 1188 3224 1280 quia
3272 1187 3540 1256 scientia
3564 1186 3701 1278 ejus
3744 1211 3864 1256 non

479 1236 682 1406 ξξὲἓξὶθ
720 1312 816 1371 est
866 1304 996 1371 nisi
1045 1304 1126 1372 de
1176 1304 1319 1391 his,
1365 1328 1514 1396 quae
1566 1314 1756 1393 sunt,
1806 1307 1912 1375 vel
1959 1306 2267 1392 fuerunt,
2307 1306 2416 1375 vel
2458 1313 2686 1392 erunt;
2729 1312 2793 1373 et
2845 1304 3253 1396 praescientia
3302 1327 3437 1372 non
3490 1312 3588 1372 est
3636 1304 3758 1372 nisi
3806 1304 3879 1373 de

722 1420 984 1490 futuriS.
1014 1424 1097 1491 Et
1120 1423 1268 1491 licet
1314 1425 1514 1514 possit
1553 1425 1753 1509 scire,
1798 1424 1905 1492 vel
1950 1424 2249 1514 praescire
2274 1476 2291 1511 ,
2339 1423 2516 1515 quod
2559 1446 2903 1515 nunquam
2951 1431 3087 1509 est,
3148 1423 3254 1491 vel
3293 1424 3462 1509 erit,
3504 1445 3641 1491 non
3675 1430 3876 1490 tamen

722 1546 931 1628 potest
983 1540 1233 1631 aliquid
1275 1542 1438 1609 scire
1464 1594 1481 1627 ,
1533 1542 1639 1609 vel
1690 1541 1994 1631 praescire
2031 1564 2112 1610 ex
2149 1549 2459 1633 tempore.
2507 1540 2728 1608 Potest
2777 1540 3005 1631 utique
3055 1539 3218 1607 scire
3240 1539 3365 1608 .vel
3400 1538 3695 1630 praescire
3719 1540 3884 1629 quod

725 1676 1071 1747 nunquam
1126 1664 1258 1744 est,
1291 1680 1409 1726 nec
1455 1658 1619 1743 erit3
1676 1679 1797 1726 nec
1839 1657 2010 1726 illud
2049 1658 2285 1725 scitum
2331 1656 2438 1724 vel
2489 1656 2860 1748 praescitum
2898 1663 2995 1723 est
3035 1656 3120 1723 ab
3164 1664 3448 1739 aetern03
3510 1678 3631 1724 nec
3680 1665 3881 1725 tamen

725 1780 935 1863 potest
962 1772 1244 1863 incipere
1269 1774 1430 1842 scire
1457 1774 1561 1842 vel
1591 1773 1891 1864 praescire
1918 1773 2088 1842 illud
2113 1825 2132 1859 ‚
2163 1772 2393 1842 sedita
2419 1780 2630 1864 potest
2664 1773 2858 1842 modo
2889 1772 3051 1841 scire
3085 1773 3188 1841 vel
3215 1773 3525 1865 praescire
3542 1824 3560 1858 ‚
3591 1773 3753 1842 sicut
3780 1797 3888 1866 po-

728 1896 850 1956 test
866 1889 1055 1957 scisse
1072 1891 1178 1958 vel
1207 1892 1533 1982 praescisse
1560 1892 1642 1960 ab
1662 1899 1928 1960 aeterno.
1963 1890 2036 1959 Si
2058 1890 2233 1958 enim
2262 1889 2437 1958 dicas
2454 1912 2606 1958 eum
2629 1890 2823 1958 modo
2848 1912 3031 1982 posse
3058 1888 3224 1957 scire
3251 1889 3356 1958 vel
3387 1889 3696 1981 praescire
3720 1890 3888 1981 quod

727 2005 811 2073 ab
838 2013 1084 2075 aeterno
1112 2030 1245 2075 non
1274 2009 1461 2076 scivit
1487 2008 1592 2076 vel
1620 2007 1978 2099 praescivit,
2008 2007 2077 2076 id
2105 2015 2200 2075 est
2223 2060 2242 2092 ,
2271 2008 2361 2074 ita
2388 2005 2565 2098 quod
2594 2007 2678 2074 ab
2704 2015 2948 2075 aeterno
2977 2028 3112 2074 non
3137 2005 3401 2075 sciverit
3423 2006 3533 2074 vel
3565 2006 3892 2097 praescive-

727 2121 848 2206 rit,
878 2122 1067 2213 quasi
1098 2131 1456 2215 utrumque
1482 2124 1681 2193 simul
1709 2147 1843 2193 esse
1872 2124 2113 2216 possit3
2148 2124 2386 2192 falsum
2416 2125 2534 2193 est.
2578 2122 2650 2191 Si
2690 2145 2847 2192 vero
2891 2122 3067 2192 dicas
3101 2145 3254 2192 eum
3283 2143 3469 2214 posse
3513 2121 3714 2191 modo
3740 2122 3892 2191 scire

728 2239 834 2309 vel
862 2238 1161 2330 praescire
1187 2240 1364 2332 quod
1392 2241 1475 2308 ab
1503 2247 1748 2309 aeterno
1776 2263 1911 2308 non
1956 2240 2143 2308 scivit
2171 2239 2278 2307 vel
2320 2239 2646 2331 praescivit
2665 2292 2683 2324 ‚
2713 2239 2782 2307 id
2827 2246 2923 2307 est
2944 2291 2963 2325 ‚
3001 2238 3242 2308 habere
3267 2238 3630 2331 potentiam
3657 2237 3890 2306 sciendi

720 2357 826 2424 vel
852 2355 1233 2448 praesciendi
1259 2357 1343 2423 ab
1371 2365 1619 2425 aeterno
1645 2365 1711 2424 et
1735 2356 1930 2424 modo
1953 2355 2203 2448 aliquid
2232 2408 2249 2441 ,
2281 2377 2401 2423 nec
2426 2364 2646 2423 tamen
2690 2355 2858 2423 illud
2892 2357 3265 2447 praescitum
3296 2364 3390 2423 est
3415 2354 3524 2423 vel
3553 2355 3890 2441 futurum3

717 2495 951 2541 verum
981 2480 1099 2539 est.
1135 2471 1286 2542 Non
1316 2481 1522 2564 potest
1548 2495 1705 2563 ergo
1732 2474 1991 2542 noviter
2017 2473 2125 2542 vel
2154 2494 2235 2541 ex
2266 2481 2551 2563 tempore
2578 2471 2742 2540 scire
2768 2472 2873 2541 vel
2903 2472 3203 2564 praescire
3239 2471 3493 2563 aliquid
3519 2522 3538 2557 ,
3572 2470 3742 2539 sicut
3767 2492 3894 2539 non

719 2596 930 2679 potest
960 2580 1219 2658 noviter
1237 2591 1343 2658 vel
1373 2612 1450 2657 ex
1482 2599 1773 2680 tempore
1804 2590 1974 2658 velle
2000 2588 2280 2681 aliquid,
2311 2595 2375 2656 et
2402 2599 2620 2656 tamen
2649 2596 2857 2679 potest
2884 2589 3053 2656 velle
3080 2589 3259 2681 quod
3286 2609 3637 2680 nunquam
3668 2586 3889 2656 voluit.

540 2727 691 2771 utrum
806 2705 968 2772 Item
996 2727 1035 2772 a
1061 2705 1461 2797 quibusdam
1490 2706 1735 2775 dicitur
1761 2707 1937 2774 Deus
1964 2728 2149 2798 posse
2177 2706 2374 2797 plura
2400 2704 2563 2773 scire
2593 2728 2796 2796 quam
2822 2704 3002 2790 sciat,
3034 2705 3193 2797 quia
3221 2714 3428 2796 potest
3456 2704 3687 2774 omnia
3712 2703 3894 2789 scire,

524 2790 657 2910 ,afuit
716 2843 867 2911 quae
895 2821 1052 2907 scit3
1085 2830 1150 2888 et
1175 2828 1385 2913 potest
1413 2822 1638 2913 aliqua
1665 2822 1913 2907 facere,
1944 2844 2097 2914 quae
2128 2844 2474 2913 nunquam
2503 2830 2736 2907 erunt3
2786 2830 2851 2888 et
2893 2821 3010 2889 illa
3058 2830 3268 2912 potest
3305 2821 3518 2891 scire.
3553 2843 3692 2890 non
3727 2819 3897 2887 enim

524 2917 649 3038 ,ξῇἱζξ
716 2936 940 3028 aliqua
965 2935 1297 3026 incognita
1322 2937 1531 3005 facere
1558 2946 1791 3029 potest.
1824 2937 1897 3004 Si
1925 2959 2082 3006 vero
2110 2937 2337 3007 omnia
2363 2945 2574 3005 essent
2600 2958 2748 3028 quae
2777 2936 2970 3004 modo
2998 2945 3191 3021 sunt,
3227 2945 3294 3004 et
3316 2936 3447 3004 alia
3473 2935 3786 3028 quaedam
3805 2932 3898 3002 fa·

521 3058 549 3100 ‘¹
522 3058 647 3155 “fit-‘¹¹
715 3060 919 3140 ceret,
952 3076 1101 3146 quae
1130 3077 1263 3123 non
1290 3061 1483 3139 sunt,
1516 3076 1635 3123 nec
1663 3062 1899 3140 erunt,
1931 3062 1997 3123 et
2020 3054 2140 3123 illa
2164 3054 2388 3123 omnia
2420 3052 2646 3140 sciret,
2676 3075 2795 3146 pro
2821 3061 2995 3123 certo
3031 3053 3227 3145 plura
3253 3053 3445 3123 sciret
3473 3074 3682 3144 quam
3711 3050 3899 3119 modo

713 3169 893 3237 sciat.
941 3167 1072 3237 Nec
1112 3179 1328 3239 tamen
1364 3171 1507 3262 ejus
1545 3171 1815 3238 scientia
1857 3171 2090 3259 augeri
2132 3177 2340 3262 potest
2374 3221 2393 3256 ,
2459 3170 2618 3260 quia
2659 3169 2783 3238 hoc
2823 3177 3035 3238 totum
3072 3168 3219 3238 fieri
3248 3176 3461 3260 posset
3495 3169 3643 3236 sine
3694 3176 3903 3235 muta-

714 3284 965 3354 bilitate
989 3286 1297 3354 scientiae.
1329 3287 1596 3354 Constat
1621 3309 1777 3376 ergo
1802 3286 1922 3355 Dei
1944 3286 2280 3355 scientiam
2307 3286 2582 3355 omnino
2610 3308 2745 3355 esse
2770 3287 3286 3373 immutabilem,-
3317 3308 3436 3355 nec
3461 3285 3698 3375 augeri
3724 3304 3905 3377 posse

715 3401 819 3469 vel
844 3401 1101 3488 minui,
1132 3401 1243 3469 sed
1275 3400 1336 3469 ei
1362 3400 1673 3492 subjecta.

547 3548 667 3599 Quod
802 3519 882 3587 Ei
907 3540 1061 3587 vero
1086 3518 1262 3610 quod
1291 3518 1672 3610 praedictum
1699 3526 1825 3604 est,
1856 3518 2099 3587 scilicet
2123 3519 2302 3610 quod
2326 3519 2503 3588 Deus
2532 3519 2754 3588 omnia
2779 3541 3033 3611 semper
3063 3520 3240 3588 videt
3274 3527 3338 3587 et
3363 3518 3596 3607 simul,
3636 3517 3910 3587 videtur

496 3609 666 3716 {2¹52ss
712 3637 978 3705 obviare
1008 3634 1183 3727 quod
1212 3636 1304 3704 ait
1331 3634 1818 3727 Hieronymus
1801 3658 1871 3702 in
1901 3635 2302 3727 expositione
2327 3636 2591 3705 Abacuc
2612 3637 2759 3727 (a):
2800 3664 2833 3702 «
2860 3636 3364 3722 Absurdumest‚
3397 3637 3646 3727 inquit,
3680 3636 3762 3704 ad
3789 3635 3907 3704 hoc

478 3741 683 3846 ⁸3¹3..„¹.¹¹
713 3753 1027 3821 deducere
1056 3752 1175 3820 Dei
1204 3752 1640 3844 majestatem,
1671 3760 1748 3819 ut
1787 3751 1946 3820 sciat
1970 3774 2087 3843 per
2126 3762 2458 3821 momenta
2485 3754 2742 3842 singula
2777 3762 2942 3845 quot
2967 3753 3207 3821 culices
3240 3762 3624 3838 nascantur,
3657 3762 3906 3845 quotve

476 3864 685 3983 ἛΡΜ
715 3869 1105 3955 moriantur,
1135 3878 1339 3960 quota
1370 3868 1666 3961 pulicum
1702 3877 1768 3937 et
1807 3891 2185 3937 muscarum
2220 3869 2305 3938 sit
2346 3870 2733 3954 multitudo,
2777 3881 3023 3962 quotve
3069 3870 3274 3961 pisces
3317 3871 3592 3938 natent
3574 3894 3652 3939 111
3677 3870 3906 3962 aquiS,

499 3989 541 4030 ‘¹¹
546 3996 614 4032 ⁰¹¹¹
588 4004 658 4034 ¹¹¹⁰
713 3991 777 4052 et
802 3983 1063 4053 similia.
1096 3985 1241 4053 Non
1269 3985 1478 4053 simus
1516 3994 1649 4053 tam
1683 3985 1853 4053 fatui
1876 3985 2248 4053 adulatores
2272 3985 2416 4073 Dei,
2449 3995 2525 4055 ut
2552 3986 2712 4055 dum
2742 3987 3221 4077 providentiam
3251 3988 3393 4077 ejus
3427 3986 3636 4054 etiam
3663 3985 3795 4054 ad
3779 4006 3909 4053 una

511 4116 546 4159 n
539 4060 647 4161 elim
712 4099 1147 4185 retrudimus,
1179 4101 1247 4169 in
1279 4124 1400 4169 nos
1425 4100 1601 4192 ipsos
1626 4101 1933 4192 injuriosi
1958 4102 2188 4189 simus,
2223 4101 2521 4170 eamdem
2548 4102 3104 4171 irrationabilium
3134 4110 3198 4170 et
3225 4102 3731 4171 rationabilium
3763 4123 3912 4192 pro·

471 4190 1067 4286 0Y¹23m1videntiam
1094 4241 1229 4285 esse
1253 4217 1562 4285 dicenteS.
1595 4244 1629 4283 »
1666 4218 1789 4285 Hic
1819 4218 2080 4286 videtur
2107 4217 2321 4286 dicere
2359 4216 2807 4308 Hieronymus
2852 4218 3029 4310 quod
3067 4218 3242 4286 Deus
3276 4217 3550 4286 illorum
3592 4218 3912 4286 minimo-

469 4313 580 4408 ΞΣ,
595 4317 683 4348 ⁰¹¹¹
709 4354 857 4400 rum
886 4334 1222 4407 scientiam
1260 4333 1396 4401 sive
1433 4333 1912 4423 providentiam
1957 4356 2094 4402 non
2128 4331 2385 4402 habeat.
2417 4334 2609 4416 Quod
2637 4334 2692 4402 si
2745 4334 2866 4402 hoc
2908 4341 3040 4420 est,
3093 4342 3248 4403 tunc
3275 4356 3409 4403 non
3442 4334 3680 4403 omnia
3709 4330 3912 4401 simul

707 4449 826 4516 scit
853 4457 916 4517 et
941 4472 1219 4541 semper.
1254 4452 1350 4519 Ex
1377 4451 1495 4519 tali
1521 4451 1745 4543 itaque
1773 4472 1969 4518 sensu
1995 4450 2167 4518 illud
2194 4452 2443 4521 dictum
2472 4473 2608 4520 θεεθ
2647 4450 3027 4519 noverimus
3052 4502 3070 4534 ,
3114 4459 3190 4518 ut
3220 4451 3430 4519 Deum
3456 4450 3580 4519 illa
3624 4451 3915 4519 alterna·

711 4566 827 4634 tim
847 4619 865 4653 ‚
896 4568 1003 4635 vel
1032 4568 1513 4658 particulatim,
1543 4565 1707 4638 scire
1735 4576 1928 4657 neget
1961 4567 2039 4658 (b)
2063 4621 2080 4654 ,
2131 4590 2254 4636 nec
2282 4590 2398 4660 per
2423 4567 2685 4636 diversa
2728 4574 3100 4658 temporum
3146 4575 3480 4635 momenta
3512 4566 3610 4633 sic
3638 4567 3768 4635 illa
3810 4587 3918 4633 co-

706 4683 933 4773 gnovit
951 4736 969 4769 ‚
999 4685 1167 4752 sicut
1194 4705 1309 4775 per
1330 4684 1514 4752 varia
1541 4692 1874 4752 momenta
1897 4684 2170 4752 illorum
2199 4684 2506 4776 quaedam
2541 4682 2903 4768 deficiunt,
2948 4682 3252 4775 quaedam
3292 4681 3627 4773 incipiunt
3638 4709 3662 4771 3
3697 4703 3919 4773 neque

707 4799 843 4867 illis
883 4800 1161 4892 aliisque
1206 4800 1763 4868 irrationabilibus
1805 4799 1898 4867 ita
1948 4800 2288 4891 providet,
2349 4798 2908 4892 quomadmodum
2969 4797 3492 4866 rationabilibus,
3551 4795 3921 4890 Numquid

710 4916 922 4999 enim,
955 4924 1031 4984 ut
1053 4916 1145 4984 ait
1170 4916 1522 5008 Apostolus
1547 4915 1587 5001 ¹,
1620 4938 1779 4983 cura
1820 4927 1915 4984 est
1940 4918 2075 4983 Deo
2114 4915 2193 4985 de
2231 4916 2470 4985 bobus?
2505 4917 2589 4984 Et
2624 4915 2791 4985 sicut
2837 4936 2971 4982 non
3014 4921 3110 4981 est
3152 4935 3313 4981 cura
3355 4914 3436 4981 de
3489 4912 3722 4983 bobus
3747 4967 3768 5001 ,
3815 4915 3910 4983 ita

710 5052 830 5099 nec
853 5032 934 5100 de
960 5033 1107 5100 aliis
1134 5031 1713 5100 irrationabilibus,
1746 5030 1917 5099 Dicit
1942 5041 2162 5100 tamen
2192 5031 2589 5124 Scriptura¹‚
2619 5031 2778 5123 quia
2802 5029 2933 5122 ipsi
2958 5040 3054 5098 est
3081 5052 3242 5098 cura
3268 5028 3350 5099 de
3375 5029 3724 5100 omnibus.
3755 5031 3923 5100 Pro-

782 5240 830 5288 ¹1
860 5238 994 5299 Cor„
1024 5251 1100 5301 11,
1126 5243 1173 5291 9.
1193 5265 1255 5277 -
1272 5240 1295 5275 ²
1312 5240 1455 5304 Sap„
1480 5250 1565 5303 vx,
1584 5239 1632 5288 8.

774 5344 840 5413 (a)
870 5345 1020 5409 Vulg.
1049 5346 1295 5409 naham,
1315 5350 1368 5398 et
1385 5346 1460 5397 sic.
1487 5344 1747 5409 deinceps.
1773 5373 1829 5383 —
1862 5344 1926 5413 (ὁ)
1958 5344 2099 5395 Edit.
2130 5344 2249 5396 Ven.
2277 5349 2448 5413 negat.
