4125 6225
366 3699 494 3744 Ado

618 428 738 488 270
1658 442 1663 449 ·
1728 407 2348 482 SENTENTIARUM
2387 408 2536 484 [AB.
2582 410 2659 483 Π.

615 558 955 622 essentiam
987 580 1002 621 :
1045 574 1201 638 ergo
1243 553 1658 619 essentialiter
1696 552 1818 616 hoc
1858 552 2156 616 convenit

613 665 875 729 animae:
914 665 1021 730 sed
1047 679 1471 747 quaecumque
1499 659 1804 724 differunt
1834 659 1904 722 in
1938 659 2154 741 aliquo

614 773 952 851 essentiali,
981 772 1282 836 differunt
1316 768 1560 851 specie:
1602 772 1666 831 et
1697 768 1787 830 sic
1831 766 2048 830 anima
2092 769 2157 830 et

618 877 928 958 angelus:
959 895 1140 959 erg0,
1172 880 1291 941 etc.

690 984 851 1079 *Item
878 1002 1024 1067 pars
1053 1002 1245 1048 suum
1280 1001 1414 1047 esse
1456 982 1840 1064 completum
1868 1001 2002 1046 non
2035 983 2153 1046 ha-

576 1102 580 1111 ·
612 1091 740 1171 bet,
775 1092 897 1155 nisi
920 1091 1272 1156 secundum
1295 1090 1466 1173 quod
1494 1094 1589 1153 est
1613 1089 1681 1152 in
1708 1093 1874 1153 toto:
1906 1107 2064 1171 ergo
2094 1094 2157 1153 et

612 1198 901 1262 similiter
936 1199 1151 1262 anima
1174 1196 1502 1261 rationalis
1523 1243 1542 1272 ,
1572 1214 1722 1259 cum
1752 1197 1833 1260 sit
1856 1215 2003 1279 pars
2029 1197 2151 1261 ho·-

610 1307 840 1370 minis:
889 1308 999 1373 sed
1043 1325 1175 1371 nou
1217 1310 1312 1369 est
1353 1323 1501 1387 pars
1546 1305 1859 1381 hominis,
1911 1305 2035 1368 nisi
2082 1305 2152 1368 in

609 1416 923 1495 quantum
952 1416 1047 1477 est
1072 1412 1332 1476 unibilis
1363 1434 1378 1475 :
1410 1430 1566 1492 ergo
1592 1412 1663 1475 in
1690 1412 2044 1476 unibilitate
2072 1412 2153 1476 ad

609 1540 843 1605 corpus
865 1522 1153 1586 consistit
1177 1522 1716 1604 complementum
1741 1521 1971 1584 animae
1997 1544 2010 1584 :
2041 1522 2152 1585 sed

608 1648 721 1712 per
759 1632 915 1696 illud
950 1633 1143 1696 habet
1187 1631 1699 1714 unumquodque
1741 1630 2154 1696 essentialiter

608 1739 884 1819 differre,
915 1740 1049 1803 sive
1068 1740 1376 1820 distingui
1396 1740 1476 1802 ab
1495 1739 1735 1821 aliqu0,
1759 1739 1827 1801 iu
1852 1756 1983 1821 quo
2004 1757 2152 1804 con-

607 1846 769 1910 sistit
790 1848 930 1927 ejus
957 1847 1535 1928 complementum:
1567 1864 1724 1927 ergo
1740 1893 1760 1925 ‚
1788 1850 1911 1909 etc.

687 1953 844 2017 Item
884 1953 1209 2019 vivificare
1242 1957 1337 2017 est
1362 1959 1540 2017 actus
1565 1953 1799 2017 animae
1826 1952 2152 2017 rationalis

607 2078 801 2142 quem
826 2061 1015 2125 habet
1041 2062 1109 2125 in
1136 2080 1400 2144 corpus:
1440 2065 1553 2125 aut
1592 2077 1750 2141 ergo
1776 2063 1954 2123 actus
1980 2060 2151 2123 acci-

606 2168 893 2248 dentalis„
916 2173 1028 2232 aut
1053 2169 1439 2233 essentialis:
1469 2169 1521 2231 si
1539 2168 1959 2247 accidentaliS,
1991 2184 2149 2249 ergo

607 2276 739 2340 vita
765 2275 988 2340 accidit
1025 2276 1308 2340 homini:
1342 2277 1512 2358 quod
1540 2277 1873 2340 manifeste
1916 2277 2147 2340 falsum

607 2386 721 2460 est,
751 2383 903 2466 quia
921 2387 1073 2447 tunc
1098 2384 1408 2448 accideret
1425 2384 1483 2447 ei
1510 2402 1644 2448 esse
1669 2384 1931 2448 animal.
1960 2382 2026 2447 Si
2055 2390 2151 2448 est

606 2495 784 2555 actus
811 2491 1236 2554 substantialis
1256 2492 1391 2555 sive
1418 2491 1788 2569 essentialis»,
1813 2509 1969 2572 ergo
1987 2491 2151 2554 inest

606 2600 838 2662 animae
866 2598 1107 2661 ratione
1139 2598 1241 2661 sui
1277 2615 1404 2680 quo
1447 2602 1562 2677 est,
1593 2598 1727 2661 sive
1764 2598 2047 2662 formalis
2087 2602 2151 2662 et

604 2705 989 2789 completivi.
1047 2705 1218 2787 Ergo
1275 2706 1330 2768 si
1381 2722 1575 2788 penes
1625 2706 1783 2769 illud
1837 2707 2149 2789 accipitur

602 2816 955 2879 differentia
1002 2815 1287 2879 formalis
1347 2818 1412 2878 et
1476 2813 1857 2897 completiva
1917 2816 2148 2879 unius-

603 2925 935 3006 cujusque,
967 2925 1141 3006 quod
1169 2928 1259 2987 est
1286 2923 1551 2987 formale
1579 2928 1642 2986 et
1667 2923 2142 3005 completivum,

602 3049 795 3112 penes
830 3032 1020 3110 illud,
1069 3049 1199 3114 quo
1246 3032 1463 3094 anima
1499 3034 1650 3094 nata
1695 3036 1789 3095 est
1821 3031 2145 3095 vivificare

602 3157 851 3221 corpuS,
882 3140 1157 3205 sumitur
1191 3140 1301 3203 illa
1331 3139 1723 3204 differentia:
1768 3139 1876 3203 sed
1904 3157 1979 3203 eo
2007 3140 2144 3221 ipso

602 3253 751 3312 nata
784 3253 878 3312 est
910 3251 1128 3312 anima
1161 3248 1335 3312 uniri
1369 3249 1648 3331 corpori,
1691 3266 1818 3330 quo
1858 3254 2007 3312 nata
2051 3254 2146 3313 est

602 3372 831 3436 corpus
858 3355 1184 3421 vivificare
1216 3373 1235 3419 :
1268 3372 1423 3437 ergo
1469 3373 1662 3436 penes
1718 3355 2142 3421 unibilitatem

601 3461 880 3525 sumitur
893 3459 1125 3525 animae
1146 3463 1227 3526 ad
1244 3461 1552 3543 angelum
1572 3460 1922 3527 differentia
1936 3483 2144 3528 essen·

602 3569 765 3632 tialis
789 3568 1105 3650 specifica.

682 3677 912 3742 Contra
945 3699 960 3740 :
993 3683 1052 3740 1.
1082 3676 1300 3741 Omnis
1331 3675 1691 3741 differentia
1710 3678 1884 3760 prior
1909 3680 2002 3740 est
2027 3697 2142 3760 per

600 3787 918 3860 naturam,
949 3801 1146 3865 quam
1184 3783 1248 3846 id
1276 3785 1463 3865 quus
1488 3787 1582 3847 est
1606 3784 2000 3848 differentia:
2032 3785 2141 3850 sed

600 3891 753 3955 unio
786 3892 921 3956 sive
964 3891 1290 3956 unibilitas
1339 3892 1418 3956 ad
1456 3910 1688 3974 corpus
1736 3892 2142 3976 consequitur

598 3998 902 4078 animam,
932 3998 1087 4081 quia
1122 3998 1271 4062 dicit
1315 3998 1691 4064 relationem
1726 4000 1806 4064 ad
1840 4000 2136 4080 alterum,

597 4104 734 4168 sine
760 4124 890 4186 quo
919 4111 1123 4188 potest
1148 4105 1365 4169 anima
1391 4125 1525 4170 esse
1550 4110 1614 4170 et
1639 4107 1949 4189 intelligi:
1981 4127 2139 4189 ergo

596 4212 954 4293 unibilitaS,
995 4215 1128 4278 sive
1172 4213 1454 4293 unibile,
1502 4233 1635 4278 non
1681 4219 1774 4278 est
1816 4215 1973 4279 illud
2027 4233 2142 4298 per

597 4320 767 4402 quod
789 4321 999 4385 differt
1021 4323 1296 4403 angelus
1323 4324 1385 4385 et
1410 4322 1646 4386 anima.

673 4429 734 4492 2.
781 4428 939 4492 Item
972 4429 1329 4493 differentia
1365 4430 1745 4511 completiva
1778 4429 1964 4494 debet
2003 4449 2138 4493 esse

596 4537 853 4618 propria
894 4540 1055 4620 ejuS,
1103 4539 1203 4620 cuj
1215 4556 1289 4602 us
1316 4542 1410 4600 est
1437 4535 1828 4600 differentia:
1868 4537 1977 4601 sed
2004 4551 2139 4600 esse

594 4644 834 4709 unibile
855 4663 984 4709 non
1010 4646 1218 4709 solum
1239 4645 1533 4708 rationali
1559 4644 1792 4706 animae
1816 4644 2134 4720 convenit,

595 4751 702 4816 sed
735 4752 928 4817 etiam
967 4752 1309 4833 vegetabili
1350 4755 1414 4815 et
1457 4750 1777 4814 sensibili:
1822 4767 1978 4831 ergo
2005 4769 2138 4815 non

554 4913 567 4926 .
593 4862 687 4921 est
713 4860 929 4923 anima
956 4859 1280 4923 rationalis
1307 4857 1683 4940 completiva
1703 4857 2074 4921 differentia.

672 4969 736 5031 3.
783 4968 939 5032 Item
976 4967 1333 5032 differentia
1372 4964 1662 5048 specifica
1696 4965 1880 5029 debet
1916 4966 2139 5048 accipit

593 5089 786 5156 penes
835 5074 931 5151 id,
980 5074 1152 5157 quod
1208 5074 1277 5136 in
1326 5091 1395 5136 re
1440 5077 1534 5136 est
1581 5072 1930 5153 optimum:
1984 5089 2137 5136 nam

592 5181 1101 5264 unumquodque
1126 5182 1310 5246 debet
1331 5179 1593 5244 diffiniri
1615 5197 1728 5262 per
1749 5179 1813 5243 id
1843 5179 2016 5260 quod
2044 5184 2139 5243 est

592 5288 906 5370 optimum
930 5287 1160 5371 inipso
1203 5307 1218 5350 ε
1248 5289 1357 5354 sed
1382 5306 1517 5352 esse
1567 5285 1808 5350 unibile
1842 5287 2139 5351 convenit

591 5395 826 5458 animm
880 5411 1074 5475 penes
1121 5412 1316 5459 suum
1359 5395 1659 5460 infimum
1690 5414 1706 5456 ι
1741 5409 1899 5473 ergo
1941 5411 2136 5475 penes

2262 555 2417 619 illud
2439 555 2792 620 differentia
2807 555 3186 639 completiva
3205 570 3336 620 non
3358 561 3561 639 potest
3578 557 3789 639 accipi.

2341 666 2404 725 4.
2433 662 2590 726 Item
2620 664 2975 728 differentia
3001 664 3379 746 completiva
3398 664 3485 727 ita
3509 664 3797 729 essentia-

2262 769 2403 833 liter
2458 771 2737 836 adhaeret
2759 821 2776 849 ,
2827 771 3001 855 quod
3057 775 3197 854 ejus
3253 771 3617 854 oppositum
3670 786 3796 834 non

2262 882 2466 959 potest
2488 879 2726 959 inesse,
2768 879 2872 943 vel
2913 878 2966 942 si
3004 879 3171 943 inest
3210 882 3391 958 actu,
3421 897 3554 942 non
3587 884 3796 941 tamen

2262 986 2424 1049 inest
2441 988 2814 1053 naturaliter
2840 1011 2855 1052 :
2879 989 2987 1052 sed
3009 988 3225 1052 anima
3252 987 3576 1051 rationalis
3598 987 3689 1050 sic
3710 990 3800 1050 est

2263 1094 2540 1175 unibiIiS,
2575 1096 2746 1178 quod
2772 1096 3138 1179 separabilis
3163 1115 3180 1158 :
3203 1099 3266 1160 et
3288 1098 3594 1178 praeterea
3621 1113 3799 1178 sepa-

2263 1201 2464 1265 rabile
2490 1214 2624 1267 esse
2653 1204 2951 1268 convenit
2974 1204 3210 1268 animae
3239 1221 3351 1286 per
3379 1207 3704 1280 naturam,
3740 1205 3801 1265 et

2262 1325 2378 1389 per
2399 1308 2522 1372 hoc
2547 1306 2756 1373 differt
2775 1329 2816 1373 a
2835 1309 3179 1391 vegetabili
3207 1314 3271 1373 et
3296 1308 3616 1373 sensibili:
3646 1325 3800 1389 ergo

2262 1431 2396 1477 esse
2423 1414 2663 1480 unibile
2704 1417 2953 1499 corpori
2991 1415 3169 1480 nullo
3204 1415 3396 1479 modo
3436 1417 3642 1497 potest
3670 1431 3801 1478 esse

2263 1522 2552 1604 specifica
2576 1524 2953 1601 differentia,
2983 1540 3098 1606 per
3123 1541 3319 1606 quam
3348 1520 3659 1587 differunt
3683 1538 3801 1584 an-

2262 1630 2449 1711 gelus
2474 1635 2538 1695 et
2562 1632 2798 1696 anima.

2774 1871 3292 1939 CONCLUSIO.
3339 1935 3344 1941 .

2259 2027 2469 2083 Anima
2492 2027 2787 2084 rationalis
2812 2026 2997 2099 differt
3023 2026 3094 2083 ab
3121 2026 3330 2097 anquO,
3363 2025 3497 2095 quia
3522 2025 3648 2096 ipsa
3675 2026 3801 2081 uni-

2357 2117 2483 2173 bilis
2501 2121 2575 2174 est
2603 2119 2814 2189 corpori
2838 2117 3087 2182 humane,
3119 2130 3228 2172 non
3245 2118 3426 2173 autem
3457 2115 3706 2185 amalus,

2338 2277 2523 2359 Resp.
2570 2278 2651 2343 ad
2692 2276 2967 2359 Argum.
3025 2276 3377 2342 Dicendum
3419 2276 3592 2359 quod
3636 2275 3803 2340 circa

2262 2388 2385 2451 hoc
2411 2386 2645 2470 triplex
2671 2392 2765 2451 est
2783 2387 3011 2451 modus
3034 2387 3303 2451 dicendi.
3327 2384 3598 2463 Quidam
3626 2384 3799 2448 enim

2259 2494 2466 2559 conati
2489 2498 2641 2557 sunt
2658 2494 2982 2575 assignare
3000 2492 3419 2558 differentiam
3441 2491 3798 2573 specificam

2256 2602 2472 2683 angeli
2541 2605 2605 2666 et
2667 2601 2899 2665 animae
2959 2618 3072 2684 per
3122 2598 3666 2681 comparationem
3719 2597 3798 2661 ad

2254 2709 2488 2789 Deum;
2521 2712 2585 2775 et
2608 2709 2770 2773 ratio
2796 2727 2945 2792 quae
2972 2706 3171 2773 movit
3195 2726 3302 2771 eos
3318 2706 3461 2770 haec
3479 2706 3623 2781 fuit,
3645 2704 3800 2788 quia

2254 2816 2611 2880 differentia
2636 2814 2864 2880 ultimo
2891 2814 3270 2898 completiva
3294 2830 3487 2896 penes
3513 2811 3600 2889 id,
3626 2810 3797 2892 quod

2253 2928 2348 2989 est
2363 2924 2431 2986 in
2463 2943 2535 2988 re
2553 2923 2850 3004 nobiliuS,
2879 2923 3061 2988 debet
3078 2921 3275 3004 accipi
3298 2939 3316 2984 :
3339 2924 3402 2984 et
3417 2920 3559 2983 ideo
3581 2918 3797 2983 volue-

2253 3035 2408 3095 runt
2433 3032 2641 3095 dicere
2666 3032 2838 3114 quod
2856 3031 3069 3094 anima
3091 3032 3155 3093 et
3175 3027 3446 3109 angelus
3469 3024 3791 3101 differunt,

2251 3141 2404 3223 quia
2430 3140 2700 3222 angelus
2738 3139 2929 3203 babet
2967 3137 3358 3202 intellectum
3388 3134 3786 3208 deiformem,

2252 3251 2328 3310 ut
2351 3246 2492 3310 vult
2527 3246 2862 3329 Dionysius
2891 3247 2933 3321 ¹,
2964 3244 3136 3309 unde
3171 3241 3364 3307 habet
3402 3241 3522 3304 sibi
3557 3239 3795 3321 species

2250 3354 2523 3433 innam,
2555 3358 2619 3418 et
2643 3354 2818 3419 videt
2834 3345 3089 3436 aspectu
3099 3349 3378 3438 simplici
3399 3369 3418 3429 3
3441 3347 3551 3412 sed
3578 3348 3794 3411 anima

2250 3461 2441 3526 habet
2490 3461 2880 3525 intellectum
2920 3457 3324 3542 potentialem
3347 3506 3365 3534 ,
3409 3457 3544 3520 sive
3597 3455 3794 3519 colla-

2249 3568 2456 3632 tivum
2485 3573 2548 3633 et
2574 3567 3024 3651 inquisitivum
3044 3614 3060 3643 ,
3090 3571 3153 3630 et
3177 3566 3300 3629 hoc
3325 3583 3440 3647 per
3465 3568 3788 3642 naturam,

2247 3676 2560 3759 quidquid
2586 3677 2669 3740 sit
2702 3676 2779 3739 de
2818 3675 3044 3757 gloria.
3083 3673 3204 3738 Sed
3230 3673 3346 3736 iste
3374 3673 3602 3735 modus
3631 3672 3792 3734 assi-

2248 3784 2489 3864 gnandi
2525 3782 2977 3860 differentiam,
3017 3799 3150 3844 non
3186 3780 3442 3844 videtur
3477 3793 3614 3841 esse
3649 3795 3792 3841 om-

2247 3890 2405 3954 nino
2458 3891 2847 3955 conveniens
2877 3910 2892 3954 :
2921 3888 3162 3971 prim0‚
3210 3887 3362 3970 quia
3412 3885 3788 3950 differentia:
3870 3952 3906 3982 m

2246 4011 2468 4061 rerum
2520 3998 2923 4080 accipiuntur
2966 3996 3315 4060 secundum
3361 3991 3785 4074 comparatio-
3813 4002 3932 4047 batur.

2246 4125 2396 4169 nem
2423 4123 2678 4183 rerum,
2709 4123 2907 4188 quam
2952 4103 3186 4166 babent
3221 4103 3388 4166 inter
3413 4119 3512 4179 se3
3551 4118 3682 4164 non
3716 4099 3785 4162 in

2245 4214 2546 4278 relatione
2591 4215 2670 4278 ad
2720 4212 2954 4292 Deum,
2999 4215 3288 4294 respectu
3337 4211 3522 4292 cujus
3575 4207 3784 4290 potius

2246 4320 2656 4385 conveniunt.
2680 4320 2992 4402 AmpliuS,
3021 4316 3406 4381 deiformitas
3435 4314 3782 4379 intellectus

2244 4428 2499 4510 respicit
2533 4428 2880 4510 potentiam
2908 4425 3392 4503 intellectivam:
3423 4439 3542 4486 nos
3568 4424 3782 4485 autem

2246 4535 2599 4617 quaerimus
2623 4536 2699 4599 de
2717 4534 3071 4608 differentia,
3085 4532 3524 4610 essentiarum,
3547 4543 3680 4593 non
3705 4526 3780 4590 de

2245 4642 2602 4706 differentia
2624 4643 3074 4724 potentiarum.
3098 4639 3443 4717 PostremO,
3475 4636 3648 4720 quod
3675 4635 3782 4698 ob-

2244 4749 2487 4812 tinetur
2513 4767 2625 4832 per
2646 4750 2943 4831 gratiam,
2965 4768 3098 4813 non
3123 4753 3217 4812 est
3242 4751 3461 4812 contra
3486 4752 3778 4811 naturam

2244 4855 2639 4921 institutam:
2684 4858 2792 4922 sed
2831 4857 3313 4922 deiformitatem
3353 4858 3632 4940 acquirit
3675 4859 3778 4922 in-

2244 4964 2526 5029 tellectus
2563 4983 2679 5049 per
2714 4967 3024 5048 gloriam:
3056 4981 3212 5047 ergo
3248 4966 3388 5029 haec
3427 4967 3778 5031 differentia

2245 5071 2588 5136 intellectui
2616 5072 2901 5137 humano
2936 5090 3067 5136 non
3092 5077 3185 5135 est
3211 5071 3454 5138 aliena:
3486 5090 3643 5155 ergo
3670 5089 3780 5156 per

2244 5179 2412 5243 hanc
2439 5198 2571 5243 non
2597 5180 2806 5244 differt
2831 5181 3099 5261 angelus
3123 5181 3203 5243 ab
3231 5180 3474 5246 anima.
3504 5180 3583 5245 Et
3609 5181 3775 5265 quod

2244 5285 2389 5367 plus
2405 5289 2519 5365 est,
2547 5286 2762 5351 anima
2777 5289 3062 5369 separata
3089 5287 3352 5351 modum
3379 5287 3774 5370 intelligendi

2307 5411 2328 5447 ¹
2346 5412 2500 5462 Dion.
2526 5412 2734 5476 Areop„
2759 5411 2820 5462 de
2839 5411 2955 5462 Diu.
2981 5412 3207 5475 Nomin„
3236 5425 3284 5463 c.
3304 5424 3403 5463 vu.

3826 2328 3960 2384 Opinio
3971 2335 3999 2372 t.
