4125 6225
790 443 906 500 196

788 590 946 649 esse,
973 573 1085 636 aut
1114 571 1237 635 hoc
1259 571 1486 636 dicitur
1512 574 1828 654 quantum
1856 572 1935 635 ad
1962 591 2097 636 esse
2124 576 2317 636 natu-

785 697 898 754 100,
929 684 1039 741 aut
1067 680 1293 760 graliae
1318 702 1333 741 ι
1356 680 1407 742 51
1434 685 1703 753 naturae,
1729 698 1886 759 ergo
1914 681 2157 742 malum
2188 699 2319 744 cor-

783 785 1358 866 rumpitnaturam,
1380 786 1545 866 quod
1566 791 1657 848 est
1680 792 1898 848 contra
1918 786 2312 869 Dionysium,

782 894 892 974 qui
929 894 1077 956 dicit
1111 895 1129 928 ¹
1159 894 1329 976 quod
1371 894 1612 956 malum
1654 894 1813 956 nibil
1846 897 2193 978 corrumpit
2235 917 2316 960 ex

778 998 1150 1063 habentium
1175 1002 1252 1084 (a)
1284 1003 1349 1062 in
1366 1020 1440 1064 eo
1460 1001 1626 1082 quod
1647 1001 1914 1064 essentia
1931 1001 2032 1064 vel
2057 1007 2310 1066 natura.

778 1104 846 1170 Si
876 1112 1091 1171 autem
1119 1109 1510 1188 intelligatur
1544 1113 1854 1191 quantum
1896 1109 1974 1171 ad
1999 1127 2133 1172 esse
2168 1128 2315 1189 gra-

774 1214 914 1290 tiae,
945 1215 1067 1278 hoc
1093 1214 1379 1278 similiter
1413 1214 1643 1277 falsum
1682 1214 1962 1293 videtur,
1992 1216 2147 1296 quia
2174 1220 2314 1297 post

773 1322 1048 1404 primam
1072 1321 1324 1403 culpam
1349 1339 1477 1383 non
1501 1326 1788 1383 remanet
1804 1339 1936 1384 esse
1955 1324 2312 1401 gratuitum

678 1408 691 1420 ”
772 1432 1125 1495 secundum
1177 1430 1416 1512 aliquid
1467 1430 1603 1508 sui,
1663 1429 1817 1511 quia
1868 1431 2140 1495 totaliter
2197 1451 2311 1514 per

770 1538 1035 1601 mortale
1065 1537 1401 1619 expellitur
1450 1537 1657 1617 gratia
1689 1558 1703 1600 :
1737 1555 1894 1617 ergo
1934 1557 2068 1601 non
2110 1538 2310 1602 tendit

768 1645 847 1708 ad
871 1663 1003 1707 non
1024 1663 1181 1720 esse,
1208 1645 1317 1707 sed
1343 1644 1532 1708 etiam
1562 1642 1741 1706 estin
1767 1644 2060 1708 terminO.

848 1751 1032 1835 Resp.
1064 1752 1412 1816 Dicendum
1453 1752 1621 1834 quod
1652 1752 1723 1814 in
1757 1753 2013 1815 homine
2042 1754 2218 1832 justo
2244 1756 2309 1816 et

765 1860 935 1923 bono
974 1862 1067 1922 est
1101 1860 1223 1922 tria
1262 1859 1658 1922 considerare
1697 1880 1713 1920 ι
1747 1878 1879 1922 0550
1918 1864 2169 1923 naturae
2194 1907 2211 1937 ,
2243 1863 2306 1921 et

765 1967 1323 2043 ordinabilitatem;
1357 1970 1417 2028 et
1458 1965 1732 2046 gratiam
1752 2013 1767 2040 ,
1800 1984 1945 2045 quae
1975 1966 2303 2029 communi

762 2074 1022 2137 nomine
1044 2074 1273 2137 dicitur
1293 2072 1621 2149 habilitas;
1653 2077 1714 2134 et
1732 2073 2019 2135 ordinem
2044 2074 2296 2154 gratiae,

762 2178 895 2243 sive
926 2179 1151 2259 gratiae
1174 2177 1658 2240 ordinationem.
1696 2176 1933 2240 Malum
1967 2197 2153 2258 erg0,
2187 2196 2300 2258 per

761 2306 827 2350 se
862 2288 1179 2370 loquendo
1199 2336 1215 2364 ‚
1246 2286 1596 2368 corrumpit
1629 2286 1833 2367 ipsam
1871 2285 2301 2348 ordinabilita-

760 2399 914 2475 tem,
942 2401 1004 2460 et
1031 2415 1114 2459 ex
1140 2397 1261 2459 hoc
1280 2397 1536 2475 elongat
1572 2413 1610 2456 a
1635 2394 1864 2474 gratia,
1893 2393 2296 2456 01100111οΠ-

760 2501 907 2565 dere
932 2503 1010 2566 ad
1034 2522 1162 2566 non
1182 2522 1316 2566 esse
1339 2519 1355 2563 ε
1383 2506 1444 2566 01
1471 2501 1622 2583 quia
1644 2501 1936 2564 habilitas
1958 2518 2297 2581 nunquam

760 2610 1022 2673 omnino
1049 2610 1312 2685 tollitur,
1344 2610 1520 2674 salva
1551 2612 1802 2686 natura,
1828 2611 1890 2671 et
1910 2611 2141 2670 natura
2165 2626 2297 2670 non

759 2718 1213 2799 corrumpitur,
1236 2736 1486 2799 semper
1512 2717 1753 2780 malum
1774 2717 1919 2779 facit
1942 2716 2198 2779 tendere
2215 2716 2297 2779 ad

758 2843 891 2889 non
916 2844 1080 2903 esse,
1105 2826 1196 2889 ita
1223 2826 1393 2908 quod
1419 2843 1754 2907 nunquam
1781 2829 1875 2888 est
1900 2824 1968 2885 in
1994 2823 2290 2886 termino.

1369 3015 1506 3060 DUB.
1548 3013 1684 3058 vm.

806 3134 997 3184 Verum
1024 3146 1056 3182 a
1078 3145 1402 3197 quocumque
1430 3131 1644 3195 dicatur,
1672 3146 1702 3181 a
1730 3130 1919 3195 Spiritu
1943 3134 2121 3181 sancto
2150 3139 2246 3180 051.

837 3256 1101 3322 Videtur
1126 3258 1288 3321 male
1314 3257 1522 3320 dicere
1558 3277 1575 3319 :
1619 3254 1769 3337 quia
1807 3255 1859 3316 si
1898 3254 2020 3317 hoc
2058 3257 2154 3317 est
2179 3271 2288 3317 ve-

760 3383 940 3444 rum,
983 3383 1139 3445 ergo
1180 3382 1329 3428 cum
1367 3364 1677 3427 detractor
1712 3360 2098 3423 detrahendo
2132 3360 2296 3423 dicat

759 3491 987 3537 verum
1007 3522 1024 3552 ,
1054 3473 1307 3536 videtur
1335 3470 1507 3553 quod
1532 3469 1698 3531 dicat
1719 3487 1755 3530 a
1789 3466 2028 3549 Spiritu
2054 3472 2291 3530 sancto,

762 3580 1061 3645 Similiter
1085 3580 1371 3644 diabolus
1397 3577 1601 3640 multa
1627 3595 1778 3639 vera
1797 3575 1966 3639 dicit.
1993 3574 2297 3638 Similiter

761 3687 837 3752 de
866 3688 1058 3751 verbo
1085 3688 1191 3749 illo
1215 3686 1513 3765 oincitur
1538 3708 1551 3749 :
1583 3685 1775 3750 Nemo
1795 3682 1958 3748 dicit
1986 3682 2296 3747 Dominus

760 3794 941 3859 Iesus
981 3795 1119 3859 nisi
1157 3796 1232 3859 in
1278 3792 1531 3874 Spiritu
1568 3796 1786 3857 sancto
1835 3811 1859 3854 .·
1896 3789 2084 3852 multi
2125 3789 2299 3851 enim

761 3904 1116 3984 peccatores
1143 3901 1265 3964 hoc
1293 3901 1510 3963 dicunt
1534 3904 1666 3963 tota
1693 3898 1814 3961 die.
1845 3895 2003 3959 Item
2019 3943 2036 3973 ,
2067 3895 2302 3958 veritas

762 4009 1208 4092 appropriatur
1234 4007 1392 4072 Filio
1422 4027 1438 4070 :
1486 4026 1643 4088 ergo
1685 4005 1891 4085 magis
1921 4004 2178 4069 deberet
2203 4003 2302 4066 di-

763 4135 904 4181 cere
946 4116 1322 4180 Ambrosius
1364 4115 1533 4197 quod
1586 4130 1775 4177 omne
1831 4129 2062 4174 verum
2118 4113 2213 4174 est
2263 4129 2302 4173 a

762 4223 945 4288 Filio.

844 4331 1026 4414 Resp.
1076 4330 1422 4395 Dicendum
1477 4328 1650 4411 quod
1695 4327 1936 4409 aliquid
1987 4325 2218 4390 dicitur
2263 4345 2302 4389 a

764 4437 1005 4520 Spiritu
1027 4443 1239 4500 sancto
1266 4436 1619 4499 illustrante
1647 4434 2058 4510 intellectum,
2084 4438 2145 4496 et
2168 4451 2301 4496 mo-

763 4551 955 4609 vente
982 4545 1281 4608 affectum
1322 4566 1338 4605 :
1379 4547 1441 4605 et
1485 4541 1641 4605 illud
1686 4547 1781 4604 est
1816 4558 2041 4603 verum
2086 4544 2150 4603 et
2183 4539 2303 4603 bo-

762 4670 945 4715 num.
978 4651 1055 4713 Et
1083 4649 1321 4732 aliquid
1351 4648 1579 4711 dicitur
1618 4666 1846 4710 verum
1877 4665 1958 4709 ex
1997 4646 2302 4709 charitate

763 4777 803 4822 a
827 4756 1065 4840 Spiritu
1093 4760 1306 4820 sancto
1334 4760 1630 4818 movente
1667 4753 1995 4836 affectum,
2028 4753 2136 4817 sed
2169 4772 2300 4816 non

764 4863 1164 4926 illuminante
1189 4861 1612 4938 intellectum,
1646 4861 1811 4924 sicut
1845 4860 1994 4923 dicit
2027 4860 2300 4943 Aposto-

830 5025 846 5058 ¹
888 5024 1037 5075 Dion.
1079 5024 1292 5087 Areop„
1335 5021 1396 5072 de
1434 5022 1550 5072 Div.
1579 5022 1804 5084 Nomia„
1849 5037 1896 5071 c.
1934 5034 2017 5084 w,
2047 5022 2078 5085 β,
2129 5026 2205 5073 19.
2233 5049 2300 5061 —

763 5095 785 5129 ¹
805 5096 886 5159 Cf.
911 5097 1055 5146 Alex.
1085 5096 1278 5158 Aleae„
1313 5109 1366 5158 p.
1394 5095 1412 5144 1
1435 5131 1451 5158 ,
1493 5109 1544 5158 q.
1566 5105 1751 5157 xxxvi,
1775 5094 1966 5144 memb.
1992 5098 2052 5157 23
2086 5096 2139 5146 S.
2160 5094 2300 5145 Tho·

829 5202 893 5267 (a)
929 5203 1045 5253 Loco
1070 5217 1134 5253 ex
1164 5203 1460 5254 habentium
1478 5240 1495 5266 ,
1524 5203 1695 5265 forsan
1730 5199 1987 5265 leyendum
2012 5204 2136 5250 esset
2165 5201 2298 5251 exis·

766 5273 999 5324 tentiam.
1023 5276 1078 5324 In
1102 5274 1341 5325 Bz'bliolh.
1360 5275 1588 5335 Petrum,
1607 5273 1765 5336 Luqu.
1790 5275 1928 5332 1677,
1954 5277 1987 5323 t.
2015 5274 2077 5335 ll,
2097 5276 2297 5336 part.,
2257 5274 2272 5321 Ι

764 5361 816 5409 p.
838 5350 947 5409 266,
973 5348 1045 5396 sic
1074 5346 1263 5411 leqitur
1282 5363 1299 5396 :
1332 5349 1449 5397 Esto
1475 5347 1733 5409 corruptio
1761 5346 1827 5396 sit
1853 5359 2031 5397 eorum
2048 5384 2064 5408 ,
2092 5359 2197 5395 nou
2221 5351 2297 5397 ta-

768 5430 887 5466 men
914 5417 1013 5467 hoc
1032 5420 1236 5480 penitus
1263 5418 1566 5468 exterminat
1592 5417 1783 5467 malum
1808 5431 1981 5468 rerum
1998 5420 2198 5467 natura.

1935 433 2549 514 SENTENTIARUM
2585 436 2733 501 LIB.
2776 437 2826 501 1.

2424 572 2526 635 lus
2565 590 2631 636 se
2669 572 2916 636 iturum
2966 571 3050 635 ad
3095 569 3411 653 Hispanos
3456 594 3472 636 ε
3511 572 3733 636 falsum
3774 570 3935 638 enim

2427 678 2615 755 dixit,
2660 678 2767 741 sed
2814 682 3027 741 tamen
3078 678 3147 740 in
3193 678 3457 741 dicendo
3497 681 3750 757 meruit,
3795 681 3938 762 quia

2428 787 2701 848 charitas
2729 787 3026 849 movebat
3069 804 3220 848 eum
3266 787 3425 849 velle
3466 788 3583 850 hoc
3626 793 3687 850 et
3723 788 3934 850 dicere.

2427 894 2678 974 Aliquid
2698 895 3037 957 estdictum
3062 914 3100 956 a
3120 893 3358 975 Spiritu
3379 899 3588 957 sancto
3607 895 3938 957 illustrante

2427 1000 2846 1078 intellectum,
2882 1001 2990 1064 sed
3027 1019 3156 1064 non
3203 1001 3581 1064 rectificante
3622 1001 3932 1077 affect11m3

2427 1111 2488 1169 et
2515 1107 2672 1170 illud
2702 1112 2905 1188 potest
2926 1126 3061 1170 esse
3090 1107 3332 1169 malum
3350 1156 3366 1183 ,
3395 1112 3459 1170 et
3491 1114 3700 1169 tamen
3726 1123 3940 1168 verum

2425 1219 2518 1275 est
2561 1214 2765 1276 dicere
2802 1231 2818 1276 ε
2864 1231 3019 1293 ergo
3059 1214 3405 1295 perfectum
3458 1218 3800 1293 utrumque
3843 1211 3940 1273 in-

2425 1320 2655 1399 cludit,
2687 1325 2751 1384 et
2788 1321 2879 1384 sic
2916 1321 3144 1384 dicitur
3180 1340 3220 1383 a
3263 1319 3502 1401 Spiritu
3534 1323 3744 1381 sancto
3783 1321 3841 1380 et
3877 1317 3941 1379 in

2424 1427 2666 1510 Spiritu
2704 1434 2920 1492 sancto
2964 1448 2981 1491 :
3023 1433 3086 1492 et
3127 1429 3214 1491 ita
3250 1426 3548 1506 intelligit
3597 1423 3938 1506 Apostolus,

2420 1537 2798 1601 Ambrosius
2832 1541 3048 1600 autem
3075 1537 3322 1617 largius
3356 1535 3531 1598 dicit.
3581 1532 3652 1595 Et
3677 1533 3763 1594 sic
3788 1535 3945 1613 patet

2418 1643 2572 1707 illud
2599 1645 2770 1726 quod
2790 1645 3112 1726 objicitur,
3144 1643 3313 1725 quod
3341 1643 3579 1705 veritas
3601 1637 3945 1721 appropria-

2418 1754 2525 1813 tur
2553 1750 2740 1829 Filio;
2784 1752 3200 1833 respondetur
3238 1750 3408 1832 quod
3437 1747 3703 1830 Spiritui
3746 1750 3943 1807 sancto

2416 1860 2861 1940 appropriatur
2923 1858 3375 1941 interpretatio.
3440 1855 3557 1920 Vel
3619 1851 3970 1936 dicendum·

2417 1966 2587 2045 quod
2616 1965 2716 2029 vel
2756 1966 2879 2029 hoc
2923 1984 3054 2028 non
3087 1965 3325 2028 'dicitur
3369 1968 3680 2045 tanquam
3722 1974 3943 2040 appro-

2414 2070 2727 2151 priatum,
2763 2073 2868 2135 vel
2904 2073 3067 2136 sicut
3107 2071 3592 2153 appropriatum
3613 2117 3632 2147 ,
3660 2067 3780 2130 hoc
3818 2069 3942 2140 est,

2411 2177 2658 2241 ratione
2685 2178 2860 2242 doni.

2746 2434 3228 2505 ARTICULUS
3274 2435 3618 2506 UNICUS.

2489 2606 2589 2671 Ad
2641 2608 3029 2703 evidentiam
3076 2627 3301 2673 eorum
3363 2629 3514 2693 quae
3579 2606 3944 2674 determinat

2412 2710 2710 2795 Magister
2738 2716 2805 2779 in
2848 2718 3149 2798 praesenti
3178 2719 3577 2782 distinctione
3619 2736 3731 2780 sex
3773 2731 3941 2798 quae·

2409 2826 2666 2886 runtur.
2717 2822 2929 2886 Primo
2966 2825 3276 2905 quaeritur
3322 2829 3549 2888 utrum
3595 2824 3757 2887 Deus
3801 2820 3944 2884 velit

2407 2947 2634 2993 01111105
2656 2931 2946 2994 homines
2976 2932 3184 2995 salvos
3225 2933 3364 2995 fieri
3393 2932 3725 2996 voluntate
3754 2929 3942 2991 bene-

2407 3038 2641 3121 placiti.
2686 3038 2972 3105 Secundo
3000 3042 3313 3123 quaeritur
3339 3043 3563 3105 utrum
3608 3040 3773 3103 Deus
3798 3033 3944 3098 velit

2406 3149 2578 3211 mala
2606 3149 2767 3212 fleri.
2809 3147 3054 3229 Tertio,
3085 3155 3308 3214 utrum
3346 3150 3517 3213 mala
3549 3149 3689 3212 fieri
3731 3144 3945 3209 511110-

2407 3272 2593 3318 num.
2641 3253 2904 3335 QuartO,
2939 3261 3160 3319 utrum
3192 3256 3358 3318 mala
3401 3257 3542 3319 fieri
3591 3255 3672 3318 sit
3699 3265 3940 3316 verum.

2408 3358 2667 3439 QuintO,
2700 3367 2920 3425 utrum
2939 3363 3106 3427 mala
3132 3364 3510 3427 ordinentur
3530 3383 3569 3427 a
3589 3362 3734 3425 Deo.
3764 3358 3943 3422 Sexto

2408 3470 2473 3529 et
2505 3468 2759 3549 ultimo,
2790 3474 3011 3533 utrum
3039 3469 3206 3533 mala
3244 3474 3534 3550 augeant
3569 3463 3945 3533 (10001οω111

2410 3592 2732 3641 universo.

2954 3716 3311 3795 QUAESTIO
3350 3716 3398 3781 Ι.

2409 3861 2507 3918 Αη
2533 3866 2670 3920 Deus
2703 3865 2840 3922 velit
2867 3883 3042 3923 omnes
3066 3868 3302 3922 homines
3326 3867 3503 3924 salvos
3530 3867 3654 3938 fieri
3677 3864 3948 3921 voluntate

2988 3957 3380 4029 beneplaciti.
3336 3957 3358 3990 ²

2439 4126 2449 4133 ·
2492 4112 2674 4191 Quod
2727 4112 2891 4179 Deus
2938 4114 3094 4179 velit
3140 4133 3363 4179 omnes
3412 4116 3708 4181 homines
3749 4111 3948 4177 salvos
3977 4117 4037 4167 Ad
4060 4122 4125 4167 ou

2411 4223 2552 4286 fieri
2591 4223 2921 4287 voluntate
2958 4222 3378 4304 beneplaciti,
3422 4222 3776 4287 ostenditur
3813 4218 3946 4281 sic:

2411 4329 2554 4392 vult
2578 4349 2805 4395 omnes
2830 4330 3126 4393 homines
3146 4329 3355 4392 salvos
3380 4330 3519 4393 fleri
3546 4353 3559 4394 ε
3585 4329 3693 4392 sed
3717 4326 3953 4390 constat

2412 4438 2583 4517 quod
2611 4439 2732 4501 hoc
2760 4456 2888 4501 non
2916 4440 3010 4499 est
3035 4436 3274 4499 dictum
3297 4434 3378 4525 'de
3408 4435 3735 4511 voluntate
3762 4429 3947 4513 signi,

2411 4543 2563 4623 quia
2588 4562 2704 4607 nec
2726 4543 3066 4626 praecepti,
3106 4560 3220 4605 nec
3244 4541 3630 4623 impletionis
3646 4590 3664 4618 ,
3700 4558 3817 4602 nec
3838 4537 3952 4600 ali-

2410 4666 2485 4711 cu
2487 4652 2596 4730 jus
2617 4650 2882 4714 alterius
2911 4672 2925 4712 :
2954 4650 3077 4712 hoc
3104 4649 3275 4711 enim
3304 4667 3434 4712 non
3461 4649 3628 4712 cadit
3653 4647 3772 4712 sub
3798 4661 3953 4727 prae·

2408 4760 2591 4839 cepto
2633 4781 2647 4822 :
2683 4777 2846 4839 ergo
2874 4760 3119 4821 constat
3157 4775 3290 4820 esse
3332 4756 3576 4820 dictum
3611 4756 3691 4819 de
3729 4755 3952 4818 volun-

2407 4870 2537 4929 tate
2561 4866 2963 4950 beneplaciti.

2407 5076 2538 5127 maa,
2566 5079 2617 5126 p
2649 5066 2702 5128 Ι
2732 5079 2793 5128 q.
2815 5075 2979 5127 xxm,
3003 5065 3100 5113 art.
3122 5064 3181 5125 33
3212 5061 3501 5124 etISent.,
3528 5061 3648 5112 dist.
3670 5071 3766 5123 η,
3796 5071 3847 5121 q
3875 5065 3949 5117 tv,

2411 5101 2720 5198 art.'1et2;
2776 5137 2932 5196 Scot„
2977 5134 3185 5189 lSent.,
3216 5133 3333 5183 dist.
3367 5145 3520 5197 var,
3550 5148 3604 5197 q.
3627 5096 3946 5191 un.;AEgid.

2407 5208 3074 5271 Rom.,dist.:xr.v1,q.;1
3119 5206 3378 5271 Richard„
3419 5206 3629 5267 isent„
3656 5205 3776 5254 dist.
3799 5211 3946 5260 nvi,

2408 5292 2460 5342 q.
2487 5290 2535 5343 1;
2575 5280 2750 5330 Marsi!
2811 5243 3727 5344 inguen„18ent.,q.'x1.v,a1t.;¹
3776 5270 3945 5333 Steph.

2408 5349 2618 5409 Brulet„
2659 5351 2874 5410 lSent„
2906 5350 3025 5400 dist.
3044 5361 3201 5413 XLVI,
3242 5363 3294 5413 q.
3318 5361 3371 5411 13
3415 5316 3594 5400 Petrus
3625 5348 3688 5397 de
3727 5344 3946 5403 Tar-ant„

2409 5420 2617 5483 lSent.,
2643 5421 2765 5471 dist.
2784 5432 2936 5484 xcvi,
2964 5434 3017 5484 q.
3038 5432 3075 5471 1.
