4125 6225
996 528 1189 600 DIST.
1234 534 1312 599 II.
1359 532 1588 598 PART.
1635 530 1689 596 11

135 692 318 755 nam,
347 672 439 739 sic
480 673 746 737 dicitur:
805 693 834 731 α
867 670 1054 736 Sedet
1092 689 1132 733 a
1162 670 1419 747 dextris„
1449 690 1479 729 n
1534 669 1686 751 quia

134 783 209 846 in
239 781 599 865 potioribus
623 780 807 843 honis
834 777 1056 856 Patris,
1085 777 1257 841 unde
1287 776 1356 839 in
1383 791 1686 858 empyreo

133 899 405 954 caeteros
449 888 702 954 excellit
744 893 878 951 tam
912 885 1205 967 angeloS,
1234 902 1429 967 quam
1476 883 1685 948 homi-

131 1016 276 1077 neS,
322 1001 387 1061 et
423 996 587 1074 locO,
620 999 683 1059 et
721 994 1053 1074 dignitate.
1103 989 1252 1054 Post
1291 991 1501 1072 ipsum
1544 1008 1687 1053 cre-

131 1104 355 1168 dimus
379 1104 631 1167 beatam
658 1101 989 1183 Virginem
1018 1117 1214 1182 super
1239 1116 1463 1162 omnes
1488 1096 1644 1161 alios
1666 1116 1683 1177 3

133 1210 370 1275 deinde
412 1210 623 1274 caeteri
667 1208 1045 1272 ordinantur
1081 1205 1432 1269 secundum
1465 1204 1688 1285 digni-

131 1322 339 1382 tatem
359 1319 668 1400 ipsorum.
686 1314 895 1397 Hujus
913 1316 1126 1378 autem
1147 1312 1525 1393 imaginatio
1545 1312 1691 1375 faci·

130 1424 286 1489 liter
315 1428 519 1506 potest
562 1422 808 1500 haberi,
847 1421 901 1485 si
928 1420 1072 1502 quis
1108 1419 1502 1501 imaginetur
1541 1436 1690 1483 aves

132 1531 205 1594 in
259 1547 429 1609 aere,
473 1534 537 1593 et
570 1529 770 1611 pisces
804 1528 873 1590 in
898 1544 1109 1608 aqua:
1148 1524 1238 1588 sic
1273 1525 1343 1587 in
1388 1542 1691 1607 empyreo

133 1636 559 1717 intelligenda
611 1639 761 1699 sunt
814 1633 1106 1696 collocari
1170 1650 1473 1714 corpora,
1534 1631 1686 1713 quia

135 1763 380 1828 corpus
424 1745 581 1809 illud
636 1743 918 1807 multum
964 1740 1157 1805 hahet
1202 1740 1280 1804 de
1327 1740 1686 1815 altitudine,

136 1853 310 1916 sicut
336 1855 401 1915 et
439 1851 545 1914 alii
574 1850 736 1915 coeli.
770 1848 948 1913 Unde
972 1866 1106 1911 non
1134 1847 1316 1911 debet
1350 1846 1497 1928 quis
1522 1847 1690 1911 ima-

138 1958 364 2039 ginari
387 1957 557 2040 quod
578 1957 665 2019 ibi
685 1956 813 2018 sint
829 1954 1000 2018 beati
1026 1954 1187 2017 sicut
1211 1954 1282 2017 in
1301 1953 1554 2028 solerie,
1574 1970 1693 2017 nec

137 2069 363 2128 tamen
378 2063 869 2145 intelligendum
884 2060 1163 2143 estquod
1180 2078 1353 2125 unus
1366 2060 1447 2123 sit
1459 2059 1693 2124 directe

138 2188 342 2254 super
372 2174 565 2253 caput
586 2170 881 2247 alterius;
923 2167 1031 2231 sed
1059 2168 1223 2230 sicut
1248 2167 1302 2229 si
1332 2172 1494 2231 esset
1511 2184 1693 2230 mons

139 2278 488 2355 rotundus,
511 2282 574 2342 et
613 2277 847 2359 aliquis
882 2280 1043 2340 esset
1067 2276 1134 2338 in
1155 2276 1455 2356 culmine,
1488 2281 1550 2340 et
1570 2275 1690 2339 ali-

140 2386 303 2468 quid
331 2387 533 2450 circa:
569 2386 657 2449 sic
689 2389 894 2467 potest
920 2383 1147 2466 aliquis
1186 2383 1550 2463 imaginari,
1581 2383 1735 2469 qui⁸

142 2494 385 2557 melius
396 2491 618 2571 nescit,
633 2492 1105 2574 dispositionem
1120 2491 1449 2554 beatorum
1462 2491 1528 2553 in
1537 2491 1694 2554 coelo

140 2619 478 2682 empyreO,
501 2604 566 2663 et
591 2597 841 2662 Christi.
867 2599 993 2661 Vix
1012 2603 1225 2662 tamen
1249 2600 1450 2680 potest
1467 2596 1695 2679 aliquis

138 2708 497 2790 imaginari
551 2708 724 2791 quod
778 2707 1109 2790 perveniat
1160 2707 1240 2771 ad
1291 2707 1695 2788 cogitandam

140 2814 626 2898 dispositionem
641 2833 754 2898 per
774 2832 923 2877 eum
946 2814 1211 2880 modum
1230 2831 1548 2897 perquem
1568 2819 1690 2893 est3

141 2928 207 2987 et
225 2923 373 2986 ideo
402 2923 611 3003 magis
634 2926 729 2985 est
755 2921 1193 2998 desideranda,
1218 2939 1413 3003 quam
1438 2925 1508 2984 in
1532 2921 1694 2985 ima-

140 3029 301 3111 gine
329 3026 761 3093 describenda.
810 3026 972 3092 Nota
999 3031 1214 3091 tamen
1245 3028 1415 3110 quod
1456 3028 1526 3091 in
1566 3028 1691 3092 dis·

140 3135 464 3219 positione
505 3136 840 3213 coelorum,
871 3135 1007 3199 sive
1044 3152 1316 3199 numero
1336 3183 1352 3211 ,
1396 3135 1696 3200 videntur

140 3243 580 3308 contradicere
603 3243 888 3307 doctores
910 3259 1107 3307 sacrae
1127 3240 1472 3324 Scripturae
1496 3241 1701 3324 philo·

140 3350 389 3433 sophis.
440 3348 604 3414 Nam
630 3348 991 3433 philosophi
1024 3355 1043 3390 ¹
1066 3349 1348 3432 sphaeras
1384 3354 1524 3414 octo
1563 3368 1696 3416 esse

141 3457 407 3536 dicunt3
430 3457 715 3522 doctores
738 3456 936 3540 aliqui
954 3474 1189 3522 novem
1206 3463 1474 3539 ponunt,
1499 3457 1698 3539 aliqui

142 3569 314 3642 octo,
344 3565 545 3647 aliqui
585 3568 827 3647 septem
858 3564 1085 3629 coelos:
1114 3572 1178 3629 et
1214 3563 1357 3629 ideo
1397 3564 1698 3647 sibiipsis

142 3670 453 3735 videntur
477 3671 873 3736 contrariari.
894 3670 1076 3736 Ratio
1094 3675 1309 3736 autem
1328 3671 1525 3755 hujus
1550 3688 1698 3735 con-

142 3777 492 3843 trarietatis
517 3779 656 3842 haec
681 3783 813 3843 est:
858 3779 1013 3862 quia
1046 3778 1406 3861 philosophi
1433 3778 1594 3842 nihil
1618 3779 1696 3843 de

143 3901 457 3968 empyreo
491 3889 645 3949 sunt
670 3885 897 3965 locuti,
928 3886 1090 3949 nihil
1125 3886 1319 3950 etiam
1347 3886 1425 3951 de
1455 3886 1608 3966 igne
1633 3890 1699 3950 et

145 4009 323 4067 aere,
368 3992 628 4073 quando
660 3992 1016 4075 loquuntur
1040 3993 1118 4057 de
1144 3994 1337 4058 ooeliS.
1369 3992 1697 4077 Scriptura

144 4115 329 4161 sacra
346 4115 563 4161 aerem
596 4099 789 4162 etiam
808 4101 1041 4164 coelum
1073 4100 1367 4183 appellat,
1403 4105 1466 4165 et
1497 4119 1697 4183 aquas

144 4221 345 4285 supra
371 4202 628 4283 ooelum,
652 4209 715 4268 et
739 4205 951 4288 ipsum
969 4223 1370 4289 empyreum,
1401 4211 1466 4270 et
1482 4207 1694 4289 ipsum

144 4307 376 4373 Deum.
417 4308 601 4374 Ratio
651 4315 869 4375 autem
904 4307 1291 4377 ‘diversitatis
1329 4314 1495 4378 inter
1541 4315 1697 4380 doo-

144 4423 318 4484 tores
344 4438 431 4485 ex
457 4419 579 4484 hoc
597 4422 832 4501 evenit,
863 4423 1035 4506 qnod
1061 4424 1323 4506 qnidam
1352 4430 1699 4490 numerant

145 4528 389 4592 coelum
413 4526 741 4609 spirituale
763 4545 912 4592 cum
932 4529 1383 4612 corporalibus,
1404 4536 1480 4595 ut
1494 4531 1692 4612 Beda;

144 4633 418 4717 quidam
471 4651 626 4699 vero
680 4635 988 4701 omittunt
1043 4638 1381 4719 ultimum;
1429 4640 1696 4722 quidam

144 4742 448 4808 dividunt
498 4743 978 4808 firmamentum
1022 4745 1092 4806 in
1126 4745 1253 4810 duo
1283 4795 1302 4826 ,
1345 4745 1584 4811 scilicet
1627 4746 1696 4810 in

145 4850 391 4915 eoelum
441 4849 798 4929 sidereum,
829 4854 893 4915 et
939 4850 1380 4934 planetarum;
1431 4854 1698 4936 quidam

146 4959 570 5039 conjungunt
611 4957 831 5021 simul.
872 4956 1174 5022 Similiter
1221 4959 1484 5041 quidam
1524 4958 1696 5025 divi-

143 5064 310 5130 dunt
354 5081 621 5130 aereum
644 5066 713 5129 in
742 5064 906 5144 duo;
950 5065 1212 5148 quidam
1255 5068 1694 5158 conjungunt:

142 5173 442 5238 similiter
467 5171 546 5237 de
581 5172 797 5255 igneo.
828 5171 1070 5238 Tamen
1097 5172 1450 5238 secundum
1487 5175 1699 5258 majo-

212 5300 231 5334 ¹
262 5298 500 5361 Ariston,
545 5296 823 5363 metaphys.
867 5295 957 5348 lib.
989 5297 1029 5349 x
1051 5335 1069 5362 ,
1114 5311 1303 5348 summ.
1334 5309 1412 5363 11,
1458 5311 1504 5350 c.
1536 5309 1610 5350 n.
1637 5326 1700 5339 -

144 5373 169 5407 ¹
186 5372 270 5437 Cf.
288 5374 440 5425 Alex.
460 5372 681 5436 fimeta,
703 5385 756 5435 p.
779 5373 846 5435 ll,
864 5386 913 5436 q.
936 5383 1101 5434 nvn,
1127 5372 1318 5423 memb.
1338 5376 1361 5423 ι
1375 5388 1393 5435 ;
1422 5373 1477 5425 8.
1495 5373 1700 5436 Thom„

144 5445 280 5508 μί,
308 5460 364 5508 q.
387 5455 548 5503 uvi,
575 5447 669 5493 art.
695 5446 757 5506 33
787 5448 841 5494 et
869 5445 909 5494 ll
940 5444 1101 5506 Sena,
1125 5443 1243 5494 dist.
1265 5454 1337 5508 11,
1366 5458 1418 5509 q.
1442 5456 1488 5508 ι,
1518 5448 1612 5495 art.
1636 5448 1698 5507 ὃς

146 5516 424 5575 Albanus,
466 5513 766 5578 aequatum·
792 5514 1015 5577 com,
1040 5527 1200 5580 φιν,
1224 5519 1320 5568 art.
1344 5515 1698 5580 133AEgidius

1698 581 1713 597 .
1758 530 1937 597 ΛΒΤ.
1983 531 2033 596 Ι.
2076 530 2374 609 QUAEST.
2419 532 2469 596 I.

3212 536 3323 596 291

1792 685 1928 730 rem
1954 668 2519 748 computationem,
2549 683 2782 729 novem
2813 670 3136 746 ponuntur
3159 668 3324 745 coeli,

1789 775 2147 855 largissime
2166 773 2550 855 accipiendO,
2575 772 2808 835 scilicet
2822 792 3105 851 aereum,
3128 774 3331 839 aelhe-

1792 899 1978 946 reum
1997 932 2015 960 ,
2046 883 2351 963 igneum,
2383 881 2806 963 olympicum,
2837 881 3071 944 coelum
3104 881 3328 963 plane-

1764 972 2029 1067 tarum,
2059 990 2562 1064 firmamentum,
2596 1005 2898 1069 aqueum,
2927 1006 3326 1071 empyreum,

1793 1100 1857 1161 et
1881 1096 2113 1161 coelum
2129 1094 2475 1158 Trinitatis
2501 1094 2752 1161 Horum
2773 1099 2988 1159 autem
3012 1096 3331 1161 sufficien-

1792 1204 1882 1268 tia
1904 1204 2142 1288 patebit
2170 1202 2356 1266 infra.

2257 1440 2742 1511 ARTICULUS
2793 1442 2842 1509 Ι.

1874 1632 1973 1697 Ad
2013 1630 2502 1712 intelligentiam
2538 1630 2737 1712 hujus
2781 1631 3010 1713 partis,
3053 1650 3201 1714 quae
3239 1638 3334 1697 est

1796 1740 2036 1805 deloco
2063 1738 2398 1803 creationis
2426 1739 2831 1818 angelorum,
2863 1740 2964 1819 cuj
2975 1740 3222 1813 usmodi
3242 1743 3335 1804 est

1796 1863 2173 1929 empyreum
2214 1845 2485 1922 coelum,
2527 1844 2693 1908 circa
2724 1844 2850 1909 duo
2887 1846 3111 1910 incidit
3150 1847 3335 1911 dubi-

1796 1954 1984 2018 tatio:
2025 1953 2236 2035 prima
2262 1953 2427 2016 circa
2467 1956 2761 2016 naturam
2796 1954 3081 2036 empyrei
3116 1954 3187 2016 in
3222 1972 3329 2033 se;

1795 2060 2072 2125 secunda
2112 2061 2182 2124 in
2235 2065 2547 2142 quantum
2599 2061 2789 2125 habet
2827 2061 3033 2126 locare
3076 2062 3334 2146 spiritus
3385 2106 3392 2113 -

1797 2168 2123 2233 sublimes
2170 2166 2347 2231 Circa
2397 2168 2684 2249 primum
2733 2174 3114 2251 quaeruntur
3157 2170 3327 2235 duo:

1795 2275 2080 2358 primum
2129 2278 2224 2338 est
2260 2278 2578 2356 quantum
2623 2275 2702 2338 ad
2754 2275 3171 2357 quidditatem
3214 2296 3332 2341 na-

1795 2388 1993 2461 turae:
2028 2381 2382 2446 secundum
2401 2428 2419 2458 ,
2448 2385 2763 2463 quantum
2791 2382 2872 2446 ad
2903 2382 3208 2447 virtutem
3232 2384 3337 2447 in-

1795 2490 2102 2556 fluentiae.

2346 2602 2702 2685 QUAESTIO
2744 2604 2793 2670 1.

1800 2763 1895 2819 An
1920 2763 2107 2820 coelum
2132 2778 2431 2836 empmeum
2456 2766 2550 2830 sit,
2576 2767 2627 2820 et
2654 2762 2949 2834 cujtaemodi
2967 2767 3182 2820 naturoe
3199 2765 3275 2821 sit
3291 2761 3330 2821 ².

1879 2922 1966 2987 De
1981 2923 2142 2988 coelo
2156 2940 2481 3007 empyreo,
2497 2926 2813 3006 quantum
2829 2923 2905 2987 ad
2922 2922 3336 3006 quidditatem
3365 2977 3400 3022 F

1801 3033 2072 3108 naturae,
2104 3030 2420 3114 quaeritur
2443 3034 2664 3094 utrum
2698 3030 2930 3094 coelum
2956 3049 3338 3115 empyreum

1801 3135 1919 3214 sit;
1953 3139 2017 3200 et
2053 3137 2107 3200 si
2133 3137 2245 3218 sit,
2276 3136 2635 3220 quusmodi
2660 3140 2907 3200 naturae
2935 3136 3036 3201 sit.
3066 3136 3143 3202 Et
3165 3140 3337 3222 quod

1802 3242 1904 3322 sit,
1928 3244 2204 3308 videtur.
2237 3243 2309 3307 In
2334 3243 2618 3327 quolibet
2650 3261 2886 3324 genere
2911 3244 3144 3309 mobile
3173 3264 3341 3328 prae-

1802 3351 2107 3432 supponit
2142 3350 2498 3426 immobile,
2534 3349 2691 3433 quia
2716 3366 2908 3414 omne
2941 3350 3233 3415 fluxibile
3259 3353 3339 3417 ad

1802 3456 2011 3520 fixum
2049 3458 2468 3521 terminatur:
2516 3455 2625 3519 sed
2655 3473 2885 3538 corpus
2932 3457 3074 3521 coeli
3113 3458 3341 3522 siderei

1803 3568 1898 3626 est
1934 3564 2210 3627 mobile:
2242 3581 2400 3644 ergo
2423 3580 2624 3646 supra
2660 3562 2816 3626 illud
2861 3562 2938 3626 de
2975 3565 3340 3629 necessitate

1803 3675 1899 3735 est
1912 3688 2149 3754 ponere
2166 3670 2435 3735 ulterius
2450 3687 2683 3752 corpus
2699 3671 2870 3751 quod
2885 3671 2965 3733 sit
2981 3671 3337 3737 immobile:

1803 3779 1926 3843 hoc
1948 3780 2165 3843 autem
2189 3777 2327 3843 dico
2350 3795 2750 3861 empyreum.
2785 3777 2852 3842 Si
2878 3783 2952 3843 tu
2975 3779 3145 3844 dicas
3169 3781 3343 3863 quod

1803 3903 1936 3950 non
1987 3885 2368 3968 requiritur,
2419 3885 2572 3967 quia
2621 3891 2836 3950 motus
2878 3887 3202 3951 circularis
3249 3893 3346 3952 est

1804 3992 1970 4056 circa
2008 3992 2254 4072 locum,
2288 3996 2350 4056 et
2375 4010 2508 4056 non
2533 3992 2801 4074 requirit
2837 3992 3342 4058 immobilitatem

1803 4099 1928 4164 nisi
1967 4118 2007 4163 a
2048 4089 2228 4182 parte
2263 4099 2490 4178 medii;
2535 4102 2787 4163 contra:
2833 4098 3066 4164 Totum
3106 4102 3343 4165 coelum

1805 4210 2103 4271 movetur
2140 4228 2157 4271 :
2190 4210 2344 4271 tunc
2379 4223 2602 4289 quaero
2639 4206 2718 4270 de
2744 4205 2975 4271 ultima
3011 4209 3343 4291 superficie

1804 4316 1969 4393 coeli,
2014 4320 2242 4381 utrum
2285 4321 2662 4381 moveatur:
2705 4322 2949 4381 constat
2987 4319 3160 4401 quod
3204 4318 3340 4383 sic:

1803 4424 1912 4488 sed
1939 4442 2132 4488 omne
2157 4414 2391 4488 mobil‘e
2416 4427 2512 4487 aet
2536 4424 2606 4487 in
2636 4424 2797 4501 loco,
2827 4425 2982 4507 quia
3001 4443 3131 4488 non
3162 4443 3348 4508 quae-

1805 4535 2056 4595 reretur
2087 4536 2323 4610 motus,
2351 4530 2476 4595 nisi
2501 4535 2664 4595 esset
2687 4530 2903 4595 locus:
2934 4549 3116 4613 ergo,
3143 4538 3261 4596 etc.

1886 4636 2045 4701 Item
2071 4637 2139 4700 in
2177 4638 2460 4721 quolibet
2485 4654 2722 4719 genere
2761 4638 3148 4703 multiforme
3175 4658 3342 4722 prae-

1805 4747 2106 4828 supponit
2131 4746 2448 4811 uniforme
2468 4794 2486 4823 ,
2528 4747 2692 4810 sicut
2727 4746 2928 4812 multa
2966 4766 3345 4832 praesuppo-

1805 4856 1969 4916 nunt
1996 4870 2204 4916 unum
2228 4854 2375 4917 :sed
2397 4852 2632 4917 ooelum
2650 4853 2971 4918 sidereum
2998 4859 3093 4917 est
3119 4855 3346 4919 multi-

1805 4961 2049 5025 forme:
2081 4979 2240 5043 ergo
2266 4961 2436 5026 ultra
2456 4962 2638 5039 illud,
2666 4967 2731 5026 et
2750 4979 2966 5044 supra,
2992 4966 3087 5025 est
3114 4980 3345 5044 corpus

1809 5069 2162 5134 uniforme:
2207 5071 2330 5134 hoc
2354 5075 2572 5135 autem
2612 5070 2883 5135 dicimus
2920 5087 3341 5153 empyreum:

1807 5193 1988 5257 ergo,
2019 5181 2142 5241 etc.

1810 5375 1982 5437 Rom„
2009 5374 2050 5423 ll
2077 5375 2237 5436 Sene„
2265 5375 2381 5425 dist.
2405 5385 2465 5438 ιι,
2494 5389 2545 5439 q.
2568 5386 2605 5434 1,
2629 5378 2721 5424 art.
2749 5378 2807 5437 ¹3
2837 5374 3087 5439 Durand.,
3117 5378 3157 5427 ll
3183 5377 3344 5443 Sena,

1810 5445 1926 5495 dist.
1954 5457 2012 5503 11,
2039 5460 2091 5510 q.
2119 5458 2166 5507 13
2196 5445 2454 5507 menard„
2489 5448 2526 5495 ΙΙ
2568 5447 2725 5507 Sena,
2753 5446 2870 5497 dist.
2895 5458 2955 5510 ιι,
2984 5453 3078 5500 art.
3105 5451 3162 5513 3,
3192 5463 3242 5514 q.
3271 5462 3343 5514 1¹3

1812 5516 1988 5581 Stepb.
2014 5517 2224 5582 Brulef.,
2254 5518 2297 5567 ll
2326 5519 2484 5579 Sent„
2513 5518 2630 5568 dist.
2655 5530 2721 5580 ιι,
2747 5531 2799 5583 q.
2823 5529 2915 5568 vn.

3460 2977 3576 3021 dnm.
