4125 6225
1281 429 1659 498 DISTINCT.
1699 427 1859 495 m.
1905 419 2101 489 ΛΒΤ.
2146 422 2195 487 Ῑ.
2242 422 2541 502 QUAEST.
2587 426 2637 491 1.

361 563 459 627 sit
484 562 706 645 imago
731 563 842 629 Dei
871 565 1285 648 naturaliter3
1311 568 1498 633 tertio
1511 613 1528 646 ‚
1560 569 1785 632 utrum
1830 561 1915 627 sit

376 669 595 753 imago
621 670 732 736 Dei
761 673 1039 756 proprie.

920 903 1275 982 QUAESTIO
1311 904 1362 969 I.

685 1056 779 1115 An
805 1058 955 1115 homo
980 1074 1101 1115 vere
1126 1061 1202 1116 sit
1227 1062 1406 1131 imaqo
1433 1062 1536 1117 Dei
1562 1062 1604 1119 ¹.

459 1206 639 1286 Quod
659 1207 857 1274 homo
883 1210 963 1274 sit
985 1210 1204 1292 imago
1232 1210 1364 1292 Dei,
1385 1229 1536 1278 vere
1562 1213 1916 1278 ostenditur

378 1315 450 1379 in
485 1319 713 1383 Genesi
755 1339 771 1381 z
816 1318 1158 1384 Faciamus
1197 1319 1519 1386 hominem
1556 1319 1647 1385 ad
1675 1322 1916 1404 imayi-

379 1441 550 1505 nem,
596 1429 713 1489 etc.
743 1449 757 1490 :
798 1426 920 1491 hoc
951 1445 1081 1491 non
1113 1431 1208 1491 est
1242 1428 1370 1492 nisi
1394 1428 1671 1495 verbum
1710 1427 1914 1492 Trini-

379 1532 523 1595 tatis
554 1553 570 1596 z
597 1550 780 1615 ergo,
808 1537 927 1597 etc.

459 1636 614 1703 Item
632 1641 656 1676 ²
690 1657 706 1700 ε
734 1642 900 1706 Deus
924 1640 1003 1706 de
1027 1645 1199 1707 terra
1221 1643 1464 1709 creavit
1485 1642 1825 1723 hominm,
1850 1648 1914 1711 et

377 1746 728 1813 secundum
773 1750 1121 1831 imaginem
1166 1765 1353 1816 suam
1395 1752 1547 1830 fecit
1580 1751 1766 1817 illum
1798 1774 1824 1817 .·
1859 1751 1914 1816 si

378 1855 581 1937 igitur
606 1857 800 1922 homo
834 1859 1037 1922 factus
1060 1861 1155 1923 est
1179 1858 1534 1923 secundum
1559 1859 1913 1941 imaginem

379 1961 509 2043 Dei,
539 1965 734 2029 homo
766 1970 859 2030 est
881 1966 1100 2047 imago
1126 1964 1257 2030 Dei.

459 2070 646 2145 Item.
678 2074 850 2155 quod
888 2078 982 2138 est
1025 2074 1307 2139 maxime
1344 2076 1572 2138 natum
1595 2074 1791 2139 uniri
1816 2074 1914 2140 al·-

377 2182 532 2259 teri,
581 2180 863 2245 maxime
904 2185 1133 2245 natum
1178 2185 1272 2246 est
1314 2181 1374 2245 ei
1419 2182 1808 2264 configurari
1850 2187 1914 2249 et

377 2287 797 2366 conformari3
832 2305 1015 2351 amor
1049 2287 1220 2351 enim
1234 2336 1253 2366 ,
1284 2287 1439 2369 quia
1478 2287 1655 2368 unit,
1703 2290 1909 2352 trans-

296 2391 315 2407 '
373 2396 651 2460 formare
676 2395 909 2460 dicitur
934 2398 1255 2459 amantem
1281 2396 1353 2459 in
1391 2399 1710 2476 amatum,
1749 2395 1913 2461 sicut

373 2502 523 2568 dicit
547 2501 740 2584 Hugo
760 2525 774 2566 ε
795 2501 903 2566 sed
920 2506 1210 2567 creatura
1228 2502 1572 2579 rationalia,
1593 2507 1667 2566 ut
1687 2503 1905 2584 homo,

376 2609 656 2675 maxime
679 2614 830 2674 nata
851 2612 946 2674 est
973 2610 1148 2674 uniri
1189 2610 1350 2690 De0,
1379 2610 1536 2674 etin
1564 2610 1779 2693 ipsum
1805 2612 1911 2675 in-

370 2719 628 2783 tendere
669 2735 784 2801 per
826 2734 1111 2781 amorem
1153 2741 1168 2782 :
1201 2735 1358 2798 ergo
1402 2718 1682 2781 maxime
1719 2724 1909 2785 natus

373 2831 468 2892 est
512 2828 570 2892 ei
616 2827 1007 2908 configurari
1051 2830 1114 2889 et
1156 2825 1500 2890 adsimilari
1546 2843 1562 2886 ε
1609 2827 1662 2890 si
1707 2828 1909 2909 igitur

372 2929 590 3012 imago
633 2930 783 2995 dicit
825 2928 1310 2993 similitudinem
1356 2945 1744 3011 expressam,
1789 2950 1903 3015 pa-

369 3039 481 3118 tet,
509 3041 627 3101 etc.

451 3144 613 3210 Item
628 3195 647 3223 ,
677 3143 852 3227 quod
886 3163 1038 3210 vere
1074 3146 1490 3227 repraesentat
1532 3143 1772 3229 aliquid
1807 3163 1907 3211 se-

372 3253 657 3318 cundum
692 3254 833 3335 ejus
867 3252 1147 3317 nobilem
1174 3256 1388 3317 actum
1407 3301 1427 3333 ,
1457 3256 1520 3316 et
1552 3254 1908 3320 secundum

372 3360 837 3426 distinctionem
891 3362 954 3424 et
1019 3360 1307 3424 ordinem
1330 3408 1348 3440 ,
1401 3378 1554 3424 vere
1619 3365 1714 3426 est
1768 3365 1909 3445 ejus

372 3468 590 3550 imago
632 3486 649 3531 ε
693 3468 801 3532 sed
839 3467 1035 3532 homo
1063 3485 1216 3533 vere
1253 3470 1667 3550 repraesentat
1704 3457 1920 3535 Deum'

374 3576 727 3640 secundum
753 3578 894 3657 ejus
917 3575 1383 3639 nobilissimum
1410 3579 1649 3653 actum,
1679 3578 1793 3659 qui
1815 3582 1911 3642 est

371 3682 772 3763 intelligere3
824 3701 956 3746 non
1011 3682 1216 3746 solum
1276 3682 1448 3747 enim
1499 3689 1912 3766 repraesentat

375 3783 578 3850 Deum
621 3785 690 3848 in
733 3788 1048 3868 quantum
1094 3789 1186 3849 est
1228 3803 1341 3849 ens
1384 3788 1448 3849 et
1489 3785 1751 3863 vivam,
1800 3790 1910 3853 sed

374 3892 566 3958 etiam
590 3893 661 3956 in
688 3897 1001 3975 quantum
1028 3895 1124 3956 est
1149 3892 1544 3974 intelligens;
1576 3896 1638 3956 et
1673 3893 1909 3959 iterum

372 4004 783 4085 repraesentat
822 4000 1288 4066 distinctionem
1327 4004 1390 4065 et
1415 4000 1734 4083 originem
1760 4021 1909 4085 quae

375 4112 561 4175 estin
600 4110 904 4193 personia,
944 4112 1262 4192 quantum
1287 4108 1369 4173 ad
1412 4110 1817 4190 memoriam,
1848 4115 1911 4176 et

374 4218 860 4300 intelligentiam
874 4266 892 4298 ,
923 4220 987 4280 et
1025 4216 1422 4282 voluntatem
1466 4234 1484 4280 :
1522 4234 1679 4298 ergo
1713 4216 1911 4284 homo

376 4344 527 4391 vere
553 4328 646 4389 est
671 4324 781 4388 Dei
806 4324 1048 4405 imago.

159 4431 231 4477 Ad
248 4444 351 4489 orv-
460 4431 690 4496 Contra
728 4451 744 4494 ε
778 4435 837 4493 1.
881 4428 1050 4494 Nihil
1097 4432 1193 4494 est
1229 4429 1385 4495 illud
1406 4479 1425 4511 ,
1468 4431 1551 4495 ad
1587 4432 1760 4515 quod
1800 4433 1912 4516 fit,

379 4539 532 4622 quia
557 4537 720 4603 nihil
755 4538 830 4602 fit
867 4538 949 4602 ad
976 4537 1260 4621 seipsum
1289 4560 1304 4602 z
1335 4537 1443 4603 sed
1471 4539 1667 4604 homo
1709 4541 1915 4606 factus

379 4650 474 4710 est
498 4644 578 4710 ad
603 4645 956 4726 imaginem
984 4643 1119 4725 Dei,
1167 4645 1330 4709 sicut
1356 4644 1505 4710 dicit
1529 4646 1598 4710 in
1630 4649 1861 4715 Genesi
1890 4668 1915 4712 .·

379 4771 536 4835 ergo
558 4754 753 4818 homo
778 4772 913 4817 non
940 4756 1034 4816 est
1055 4753 1293 4835 imago.

460 4865 522 4925 2.
555 4861 736 4941 Item,
760 4859 1152 4943 ubicumque
1182 4866 1276 4925 est
1299 4860 1541 4941 imago,
1568 4860 1658 4924 ibi
1690 4866 1784 4926 est
1822 4863 1917 4927 si-

380 4969 678 5033 militudo
709 4987 727 5032 2
765 4968 1154 5049 ubicumque
1180 4972 1274 5032 est
1302 4967 1672 5050 similitudo,
1711 4970 1797 5034 ihi
1824 4976 1919 5036 est

382 5076 678 5141 identitas
704 5074 956 5158 aliqua:
980 5076 1367 5158 ubicumque
1389 5079 1607 5140 autem
1624 5081 1719 5142 est
1735 5078 1917 5144 iden-

449 5203 565 5266 ¹Gf.
591 5201 735 5253 Alex.
756 5201 1045 5265 Alensis,p.
1067 5202 1130 5263 11,
1155 5215 1206 5265 q.
1227 5213 1310 5265 ΙΝ,
1330 5202 1520 5252 memb.
1544 5205 1601 5267 43
1631 5205 1685 5255 S.
1711 5204 1915 5271 Thom.,

381 5287 435 5339 p.
464 5276 521 5340 1,
548 5288 599 5337 q.
624 5286 774 5336 xcm,
802 5277 899 5324 art.
924 5278 946 5323 1
966 5288 984 5337 3
1014 5276 1066 5325 et
1093 5273 1133 5323 ιι
1160 5274 1319 5336 Sena,
1338 5273 1455 5325 dist.
1476 5286 1584 5339 xw,
1606 5289 1658 5341 q.
1678 5288 1714 5337 1,
1736 5280 1830 5328 art.
1857 5282 1917 5342 13

384 5349 437 5396 ct
459 5345 519 5395 de
552 5346 726 5404 Ver-it„
752 5358 804 5410 q.
826 5355 861 5394 x
874 5382 892 5409 ,
921 5348 1017 5395 art.
1039 5346 1097 5408 75
1129 5348 1181 5395 et
1205 5345 1272 5396 lv
1302 5343 1489 5396 Contra
1519 5347 1685 5412 Geni„
1722 5361 1769 5400 c.
1793 5360 1915 5413 xv13

384 5416 547 5481 Scot„
585 5418 630 5469 11
662 5416 823 5479 Seni„
850 5415 969 5469 dist.
988 5427 1110 5481 nn,
1138 5429 1265 5482 q.1;
1291 5417 1458 5483 AEgid.
1482 5420 1655 5487 Rom„
1685 5421 1728 5472 11
1755 5421 1915 5485 Seni„

3442 430 3559 493 331

2020 558 2190 638 titas,
2219 558 2311 623 ihi
2335 561 2431 624 est
2455 562 2895 626 convenientia
2917 562 2989 627 in
3012 560 3228 645 aliquo
3253 561 3440 628 tertio
3466 584 3485 629 t
3508 566 3566 630 si

2018 667 2224 749 igitur
2255 667 2420 733 Deus
2446 671 2512 735 et
2537 674 2827 735 creatura
2848 669 2918 734 in
2955 669 3168 753 aliquo
3206 672 3396 736 tertio
3432 689 3566 738 non

2022 775 2431 858 conveniunt,
2461 780 2752 843 creatura
2776 796 2908 842 non
2935 779 3300 861 potestesse
3337 777 3566 844 simili-

2019 882 2178 948 tudo
2203 882 2315 947 Dei
2346 906 2361 948 :
2386 888 2451 949 et
2473 885 2563 949 ita
2584 904 2704 950 nec
2729 887 2970 966 imago.

2104 994 2164 1054 3.
2212 989 2372 1056 Item
2421 1011 2554 1057 non
2609 1010 3040 1076 quaecumque
3092 990 3437 1057 similitudo
3471 997 3568 1060 est

2020 1098 2263 1180 imago,
2300 1099 2411 1164 sed
2450 1101 2797 1167 similitudo
2842 1117 3143 1184 expressa
3184 1116 3204 1162 t
3246 1099 3356 1164 sed
3386 1100 3567 1167 nulla

2021 1208 2116 1268 est
2161 1203 2513 1270 similitudo
2548 1223 2848 1289 expressa
2890 1206 3185 1289 alicujus,
3227 1223 3378 1289 quae
3422 1207 3568 1289 plus

2021 1316 2117 1376 est
2152 1312 2655 1394 disconveniens,
2698 1332 2894 1396 quam
2929 1311 3314 1379 conveniens
3360 1333 3378 1378 t
3414 1331 3567 1378 cum

2020 1437 2181 1502 ergo
2209 1420 2420 1485 omnis
2462 1424 2753 1485 creatura
2773 1422 2919 1505 plus
2947 1422 3028 1486 sit
3061 1421 3188 1486 Deo
3220 1420 3562 1501 dissimilia,

2020 1545 2218 1609 quam
2262 1527 2605 1592 consimilis
2623 1576 2641 1606 ‚
2699 1528 2864 1594 sicut
2921 1529 3072 1595 dicit
3116 1528 3523 1610 Augustinus
3539 1576 3560 1611 ,

2017 1634 2128 1700 XV
2154 1635 2233 1701 de
2267 1636 2606 1715 Ττίηἰῐαίθ,
2639 1637 2840 1721 capite
2879 1655 2950 1717 11,
2988 1636 3195 1718 igitur
3228 1636 3408 1701 nulla
3441 1654 3563 1720 po-

2017 1745 2143 1808 test
2167 1761 2303 1808 esse
2328 1763 2629 1827 expressa
2646 1744 2754 1810 Dei
2779 1744 3127 1811 similitudo
3154 1762 3352 1828 :ergo
3383 1744 3565 1811 nulla

2017 1855 2224 1935 potest
2253 1872 2388 1918 esse
2414 1852 2659 1934 imago.

2098 1965 2159 2025 4.
2191 1959 2374 2040 Item,
2413 1959 2812 2043 ubicumque
2839 1961 2936 2025 est
2962 1958 3205 2041 imago,
3234 1957 3328 2023 ibi
3353 1961 3450 2024 cst
3480 1959 3559 2025 fl-

2017 2069 2315 2151 guratio;
2350 2068 2569 2149 imago
2598 2068 2773 2132 enim
2814 2065 3164 2131 attenditur
3189 2066 3258 2129 in
3293 2066 3510 2147 figura
3539 2084 3561 2132 t

2015 2177 2130 2242 sed
2159 2176 2379 2243 divina
2421 2175 2692 2240 essentia
2729 2175 2909 2239 nullo
2948 2174 3138 2239 modo
3181 2176 3277 2237 est
3313 2174 3564 2254 figura-

2017 2283 2164 2348 hilis
2192 2307 2208 2348 ε
2235 2300 2393 2366 ergo
2422 2283 2603 2347 nullo
2629 2283 2820 2347 modo
2841 2285 2935 2346 est
2955 2299 3071 2364 per
3091 2280 3373 2363 aliquam
3397 2279 3561 2346 ima-

2017 2392 2241 2475 ginem
2268 2389 2799 2475 repraesentahilis
2832 2411 2848 2455 ε
2885 2407 3043 2472 ergo
3068 2389 3248 2454 nulla
3271 2393 3563 2456 creatura

2014 2503 2114 2564 est
2142 2500 2363 2580 imago
2394 2497 2526 2562 Dei.

2097 2608 2157 2668 5.
2190 2604 2350 2669 Item
2375 2605 2588 2670 differt
2614 2603 2834 2685 imago
2862 2620 2903 2667 a
2927 2602 3222 2687 vestigio,
3251 2602 3404 2687 quia
3422 2621 3565 2671 ves·

2013 2712 2060 2775 ti
2064 2712 2251 2794 gium
2267 2713 2682 2793 repraesentat
2694 2710 3048 2776 secundum
3062 2715 3329 2795 partem,
3342 2712 3563 2795 imago

2014 2824 2232 2885 autem
2259 2819 2612 2884 secundum
2633 2821 2841 2883 totum
2863 2819 3009 2884 :sed
3025 2819 3279 2884 nullum
3304 2821 3564 2886 finitum

2012 2930 2218 3010 potest
2242 2929 2696 3009 repraesentare
2722 2925 3050 2990 infinitum
3078 2927 3435 2992 secundum
3455 2932 3563 2994 to·

2014 3039 2158 3100 tum
2190 3057 2205 3101 :
2234 3054 2386 3100 cum
2412 3034 2613 3117 igitur
2640 3033 2806 3099 Deus
2830 3033 2912 3096 sit
2945 3033 3260 3116 infinitus,
3287 3038 3352 3099 et
3378 3053 3561 3119 quae·

2011 3143 2168 3209 libet
2213 3147 2503 3209 creatura
2543 3143 2724 3207 finita
2738 3192 2756 3222 ,
2803 3140 2985 3207 nulla
3022 3146 3316 3209 creatura
3355 3147 3564 3228 potest

2015 3268 2151 3316 esse
2177 3252 2396 3333 imago
2422 3250 2556 3315 Dei.

2096 3364 2157 3422 6.
2194 3356 2352 3423 Item
2385 3356 2687 3441 quaelibet
2720 3359 3012 3421 creatura
3046 3354 3235 3421 distat
3271 3373 3311 3420 a
3337 3354 3464 3423 Deo
3489 3358 3562 3424 in

2015 3465 2376 3544 infinitum3
2439 3465 2606 3530 Deus
2667 3465 2839 3529 enim
2907 3462 3232 3547 quodlibet
3302 3465 3562 3531 finitum

2017 3572 2271 3638 excellit
2290 3573 2357 3636 in
2387 3572 2719 3637 infinitum
2746 3589 2943 3653 :ergo
2970 3572 3024 3635 si
3050 3570 3300 3637 infinita
3326 3572 3563 3638 distan-

2016 3683 2108 3747 tia
2141 3700 2274 3746 non
2312 3685 2407 3746 est
2434 3685 2666 3765 major,
2701 3699 2837 3746 una
2870 3683 3159 3746 creatura
3203 3699 3339 3746 non
3373 3681 3565 3747 distat

2019 3790 2231 3872 magis
2262 3807 2302 3853 a
2336 3789 2486 3867 De0,
2521 3807 2718 3872 quam
2753 3788 2911 3867 alia3
2958 3786 3246 3852 similiter
3274 3806 3397 3853 noc
3429 3807 3564 3855 una

2019 3898 2229 3980 magis
2258 3898 2727 3982 appropinquat
2752 3896 2900 3973 Deo,
2941 3914 3138 3978 quam
3179 3895 3306 3960 alia
3342 3916 3361 3959 ι
3404 3914 3562 3979 ergo

2018 4006 2127 4072 vel
2160 4006 2371 4070 omnis
2414 4008 2706 4071 creatura
2748 4007 2842 4067 est
2881 4003 3100 4085 imago
3115 4053 3135 4085 ,
3179 4004 3284 4069 vel
3316 4004 3496 4069 nulla
3539 4027 3556 4070 z

2020 4113 2132 4179 sed
2169 4132 2299 4179 non
2339 4112 2551 4178 omnis
2583 4115 2679 4175 est
2714 4111 2933 4193 imago
2967 4131 2985 4174 z
3014 4129 3173 4193 ergo
3207 4110 3408 4192 nulla,
3437 4111 3557 4176 etc.

2581 4374 3034 4472 coNCLUSm.

2021 4525 2222 4596 Homo,
2267 4538 2385 4581 cum
2419 4537 2722 4596 expressam
2768 4524 2871 4579 Dei
2904 4520 3104 4580 habeat
3144 4520 3564 4581 sinii'litudinem

2093 4616 2306 4671 ratione
2338 4617 2452 4669 ium
2491 4611 2729 4681 ordinis,
2777 4616 2892 4669 tum
2912 4614 3311 4686 proportionis,
3338 4629 3460 4671 vere
3485 4616 3563 4672 est

2094 4705 2271 4773 imaqo
2297 4703 2416 4758 Dei.

2106 4860 2291 4944 Resp.
2322 4859 2404 4924 ad
2442 4859 2719 4942 Argum.
2746 4859 2847 4926 Ad
2883 4859 3333 4944 praedictorum
3368 4861 3563 4929 intel-

2023 4969 2357 5051 ligentiam
2395 4972 2490 5032 est
2528 4967 2903 5048 notandum,
2947 4968 3118 5051 quod
3159 4968 3379 5052 imago
3414 4969 3566 5036 dicit

2027 5094 2393 5160 expressam
2438 5074 2940 5140 similitudinem.
2984 5073 3247 5141 Necesse
3298 5080 3394 5142 est
3440 5095 3565 5144 au-

2028 5203 2146 5254 dist.
2168 5213 2278 5265 xv1,
2299 5213 2349 5266 q.
2371 5212 2421 5263 1,
2440 5204 2537 5251 art.
2562 5203 2616 5263 13
2642 5199 2899 5265 Richard„
2922 5202 2966 5252 11
2990 5201 3149 5266 Seni„
3171 5200 3290 5253 dist.
3310 5214 3419 5269 xvr,
3439 5217 3491 5269 q.
3512 5217 3564 5270 1;

2027 5274 2281 5338 Durand„
2308 5274 2353 5324 11
2377 5273 2537 5335 Seni„
2554 5271 2670 5322 dist.
2691 5284 2802 5337 xvi,
2823 5286 2879 5337 q.
2897 5284 2915 5322 1
2925 5289 2942 5337 ;
2971 5273 3152 5323 Thom.
3172 5275 3565 5339 Arg.‚1lsent.,

2029 5347 2148 5398 dist.
2168 5357 2275 5411 XVI,
2296 5359 2348 5411 q.
2367 5358 2407 5409 1,
2425 5348 2521 5397 art.
2542 5347 2596 5407 13
2626 5344 2805 5408 Steph.
2828 5344 3039 5409 Brulet„
3062 5346 3108 5398 11
3131 5346 3294 5413 Seni„
3315 5346 3437 5399 dist.
3455 5358 3566 5414 xvl,

2029 5433 2085 5486 q.
2106 5431 2145 5473 1.
2163 5445 2227 5458 -
2246 5420 2270 5455 ¹
2286 5417 2432 5484 Gen„
2452 5428 2493 5483 1,
2515 5416 2606 5481 2⁷3
2635 5414 2818 5484 Exti„
2842 5428 2972 5483 xvn,
2997 5420 3044 5473 1.
