4125 6225
727 462 845 523 242

723 597 1066 676 antequam
1111 589 1463 655 intellectus
1512 608 1620 655 eas
1667 590 2086 670 distingueret
2129 610 2144 651 ι
2194 593 2257 653 et

521 710 692 767 Impro-
721 700 843 764 hoc
866 699 1046 781 ponit
1070 697 1506 779 Anaxagoras.
1535 696 1655 761 Sed
1680 696 1839 779 quia
1864 697 2100 759 formas
2121 712 2256 759 esse

482 780 622 823 ΝΜ
721 825 944 872 omnes
965 806 1157 870 simu]
1177 806 1243 869 in
1263 806 1528 869 materia
1545 823 1676 868 non
1696 805 1860 886 capit
1879 803 2039 867 ratio
2058 806 2252 880 recta,

717 915 859 980 ideo
898 933 1012 998 per
1050 919 1384 996 sequentes
1427 912 1832 995 philosophos
1868 911 1987 975 ista
2026 911 2253 994 positio

521 1027 692 1073 ‘rerum
717 1023 1075 1106 improbata
1124 1026 1239 1086 est.
1293 1020 1581 1085 Fuerunt
1628 1022 1818 1084 etiam
1876 1020 2082 1096 tertii,
2140 1018 2252 1101 qui

474 1104 612 1138 ⁰⁰⁵⁰*
713 1132 1032 1196 mundum
1056 1130 1358 1195 dixerunt
1380 1148 1461 1193 ex
1483 1128 1812 1211 principiis
1838 1127 2248 1210 praeexisten-

708 1237 882 1301 tibus
911 1239 1182 1317 factum,
1215 1236 1450 1301 scilicet
1479 1235 1743 1299 materia
1769 1239 1831 1298 et
1862 1235 2104 1312 forma3
2141 1232 2249 1297 sed

709 1348 1044 1416 materiam
1073 1365 1186 1429 per
1209 1364 1276 1409 se
1302 1347 1684 1427 posuerunt,
1711 1345 2028 1425 separatas
2054 1340 2249 1404 etiam

706 1472 822 1536 per
850 1473 915 1519 se
945 1457 1297 1537 posuerunt
1334 1452 1592 1529 formas,
1626 1455 1690 1514 et
1728 1447 2133 1531 postmodum
2167 1465 2250 1509 ex

704 1563 993 1643 tempore
1022 1562 1103 1625 ab
1135 1560 1356 1643 opifice
1387 1577 1640 1623 summo
1670 1575 1803 1621 esse
1833 1556 2242 1637 conjunctas:

514 1691 680 1749 rmpm.
706 1672 769 1732 et
802 1669 869 1732 hi
902 1667 1203 1732 Platonici
1238 1669 1519 1731 fuerunt.
1555 1664 1677 1728 Sed
1712 1662 2047 1745 quiaillud
2082 1663 2249 1725 irra-

470 1754 609 1798 ΜΨ·
707 1774 1009 1840 tionabile
1046 1774 1324 1853 videtur,
1367 1772 1541 1855 quod
1580 1771 1843 1834 materia
1878 1770 2070 1833 fuerit
2113 1769 2244 1832 im-

708 1885 978 1965 perfecta
1005 1884 1085 1947 ab
1114 1886 1374 1957 aeterno,
1402 1885 1464 1944 et
1492 1879 1660 1961 quod
1688 1879 1907 1942 eadem
1935 1877 2140 1940 forma
2164 1878 2247 1940 sit

706 1995 995 2072 separata
1030 1989 1268 2073 pariter
1297 1993 1360 2052 et
1394 1989 1765 2068 conjuncta,
1800 1989 1862 2048 et
1894 1983 2245 2048 absurdum

708 2097 961 2160 videtur
998 2096 1310 2179 triplicem
1350 2095 1678 2158 hominem
1715 2109 1981 2175 ponere,
2010 2091 2245 2153 scilicet

708 2203 1089 2283 naturalem,
1111 2201 1653 2279 mathematicum,
1675 2204 1738 2263 et
1756 2199 2044 2262 divinum
2062 2220 2079 2275 3
2102 2197 2243 2260 ideo

706 2311 899 2375 etiam
923 2329 1037 2393 per
1058 2314 1392 2393 sequentes
1420 2307 1826 2391 philosophos
1848 2307 1989 2370 haec
2014 2305 2243 2388 positio

494 2443 675 2493 Quartus
703 2418 1041 2500 reprobata
1066 2422 1179 2481 est.
1207 2416 1492 2481 Fuerunt
1519 2415 1710 2479 etiam
1737 2415 1980 2497 quarti,
2012 2412 2246 2475 scilicet

465 2515 601 2548 ‘'¹⁰‘'
704 2523 1136 2608 Peripatetici,
1179 2541 1458 2607 quorum
1504 2521 1795 2605 princeps
1836 2526 1899 2585 et
1942 2520 2078 2584 dux
2124 2519 2245 2583 fuit

701 2631 1068 2696 Aristoteles
1089 2679 1107 2708 ,
1161 2631 1273 2713 qui
1319 2629 1575 2693 veritati
1627 2628 1840 2709 magis
1893 2628 2242 2710 appropin-

699 2744 967 2822 quantes
985 2788 1002 2816 ,
1053 2739 1355 2803 dixerunt
1399 2738 1715 2801 mundum
1760 2737 1998 2802 factum
2016 2785 2034 2814 ,
2083 2735 2245 2799 sicut

700 2847 937 2928 legitur
973 2847 1043 2909 in
1082 2846 1358 2910 secundo
1387 2844 1817 2911 Meleororum.
1862 2842 2090 2907 Dicunt
2116 2842 2243 2924 igi-

701 2958 829 3033 tur,
856 2954 1027 3036 quod
1056 2941 1337 3017 mundus
1363 2952 1563 3016 factus
1591 2951 1669 3033 (a)
1699 2953 1814 3029 est,
1840 2950 2006 3014 utin
2033 2950 2243 3032 primo

701 3060 778 3125 de
809 3060 969 3127 Coelo
998 3069 1057 3128 et
1093 3058 1367 3140 mundo,
1396 3062 1461 3122 et
1497 3058 1575 3122 de
1605 3056 1898 3140 pluribus
1924 3056 2061 3120 aliis
2092 3056 2245 3121 locis

702 3171 905 3249 potest
950 3167 1121 3249 elici;
1162 3166 1270 3231 sed
1312 3166 1614 3230 dixerunt
1653 3182 1783 3227 non
1820 3182 1956 3229 esse
2001 3164 2242 3228 factum

702 3290 784 3335 ex
834 3273 1163 3356 principiis
1218 3270 1791 3354 praeexistentibus.
1846 3267 2022 3333 Sicut
2070 3271 2244 3333 enim

700 3379 842 3443 vult
858 3380 927 3443 in
945 3380 1222 3445 secundo
1248 3378 1759 3462 Veqetabiliuw,
1781 3376 2063 3441 mundus
2086 3395 2247 3440 sem-

702 3506 815 3570 per
861 3488 982 3552 fuit
1028 3487 1262 3571 plantis
1309 3491 1371 3551 et
1413 3485 1792 3549 animalibus
1831 3485 2088 3566 plenuS,
2134 3485 2245 3548 ubi

701 3595 989 3677 loquitur
1037 3600 1258 3660 contra
1301 3592 1703 3658 Abrutalum.
1755 3590 1982 3657 Utrum
2029 3597 2246 3657 autem

701 3703 986 3786 posuerit
1017 3703 1352 3767 materiam
1382 3704 1447 3767 et
1475 3702 1749 3766 formam
1780 3701 2009 3764 factam
2037 3701 2115 3764 de
2145 3701 2244 3764 ni-

700 3810 859 3888 hilo,
885 3810 1008 3873 hoc
1032 3827 1154 3891 ego
1184 3809 1427 3885 nescio;
1463 3808 1648 3873 credo
1674 3811 1892 3871 tamen
1915 3807 2087 3890 quod
2117 3826 2245 3871 non

702 3917 996 4001 pervenit
1019 3916 1100 3981 ad
1130 3918 1271 3996 hoc,
1302 3917 1466 3980 sicut
1491 3915 1720 3980 melius
1746 3915 1980 3998 patebit
2004 3915 2076 3977 in
2103 3933 2247 3998 pro·

702 4024 976 4088 blemate
1012 4024 1288 4089 secundo
1321 4044 1338 4088 ε
1371 4024 1513 4088 ideo
1543 4026 1608 4086 et
1643 4023 1779 4106 ipse
1814 4022 2067 4099 defecit,
2100 4023 2249 4087 licet

704 4130 921 4196 minus
947 4150 1143 4215 quam
1170 4131 1299 4196 alii.
1332 4130 1450 4195 Ubi
1478 4133 1693 4193 autem
1723 4129 1945 4193 defecit
1974 4128 2249 4212 philoso-

703 4239 983 4323 phorum
1016 4240 1243 4325 peritia
1261 4289 1279 4318 ‚
1310 4237 1611 4302 subvenit
1644 4237 1826 4302 nobis
1853 4242 2248 4303 sacrosancta

705 4345 1032 4429 Scriptura
1051 4394 1069 4423 ,
1101 4364 1248 4429 quae
1289 4346 1438 4411 dicit
1476 4346 1695 4411 omnia
1732 4363 1865 4409 esse
1904 4349 2149 4426 creata,
2186 4350 2248 4411 et

705 4454 1059 4521 secundum
1075 4470 1268 4517 omne
1287 4453 1457 4534 quod
1475 4457 1646 4532 sunt,
1668 4452 1737 4515 in
1755 4470 1889 4515 esse
1907 4452 2241 4534 producta:

705 4565 769 4624 et
803 4563 965 4626 ratio
991 4582 1033 4626 a
1059 4562 1184 4625 fide
1211 4578 1345 4624 non
1371 4559 1714 4641 discordat,
1744 4560 1912 4624 sicut
1948 4578 2146 4643 supra
2175 4561 2247 4625 in

705 4671 1083 4751 opponendo
1110 4673 1436 4734 ostensum
1463 4672 1576 4732 est.

785 4777 964 4854 Quod
993 4796 1151 4858 ergo
1174 4777 1278 4858 obj
1289 4775 1479 4839 icitur
1499 4776 1576 4839 de
1598 4774 2038 4853 similitudine,
2072 4776 2243 4857 quod

705 4884 973 4948 materia
1012 4887 1106 4948 est
1145 4902 1261 4948 ens
1294 4882 1557 4947 omnino
1584 4883 1654 4946 in
1682 4883 1996 4965 potentia,
2026 4883 2246 4948 dicen·

705 4990 861 5054 dum
889 4991 1059 5073 quod
1088 4990 1358 5054 materia
1381 5007 1513 5053 non
1537 4995 1793 5071 propter
1823 5007 1890 5053 se
1915 4990 2078 5053 facta
2115 4994 2237 5071 est,

704 5094 813 5159 sed
855 5100 1114 5177 propter
1151 5094 1643 5159 substrationem
1672 5112 1789 5158 seu
1829 5097 2241 5161 sustentatio-

769 5219 788 5252 ¹
807 5218 956 5268 Arist.
965 5255 982 5281 ,
1007 5217 1310 5282 Veqetalium
1336 5232 1426 5269 seu
1448 5218 1509 5267 de
1532 5217 1746 5278 Plautia,
1772 5217 1861 5268 lib.
1886 5219 1945 5267 ΙΙ.
1964 5222 2058 5257 —2
2079 5221 2243 5287 idem,

702 5288 899 5352 Phys-ic.
920 5290 1007 5340 lib.
1026 5292 1066 5353 l,
1085 5294 1225 5340 cont.
1242 5293 1385 5341 69.--
1398 5291 1582 5353 ¹*Aug.,
1598 5289 1657 5338 de
1673 5289 1845 5339 Genes.
1861 5289 2064 5355 adlitt„
2079 5293 2237 5355 lib,v‚

652 5416 656 5421 ,
703 5372 749 5408 c.
789 5371 841 5423 v,
869 5373 926 5410 n.
954 5364 1032 5410 12.
1054 5386 1114 5397 —
1142 5361 1164 5394 δ
1191 5361 1363 5425 Idem,
1398 5360 1458 5410 de
1501 5361 1750 5411 LXXXIII
1774 5361 1973 5422 Quoest„
2003 5377 2056 5426 q.
2081 5376 2238 5429 Χινις

700 5429 760 5479 de
788 5431 943 5482 civit.
967 5432 1094 5494 Dei,
1118 5431 1207 5482 lib.
1229 5432 1340 5496 Vll,
1371 5447 1416 5483 c.
1432 5443 1623 5483 xxvm.
1640 5458 1705 5469 —
1722 5433 1743 5467 ὓ
1759 5432 1933 5497 Arist„
1957 5434 2235 5500 Mecaptays.

1836 451 2459 521 SENTENTIARUM
2498 452 2647 520 LIB.
2694 454 2774 518 ΙΙ.

2368 607 2519 652 nem
2559 589 2784 652 formae
2815 607 2963 672 quae
2989 591 3130 670 eius
3161 594 3259 654 est
3289 593 3468 655 actus
3492 597 3516 631 ²
3547 614 3561 654 :
3596 589 3901 673 quamvis

2366 712 2522 776 ergo
2548 696 2815 760 materia
2854 713 2989 758 non
3013 696 3094 759 sit
3121 695 3246 760 Deo
3294 700 3441 761 actu
3484 697 3741 774 simiUS,
3789 702 3900 761 ta-

2364 823 2516 868 men
2537 805 2957 868 assimilabilis
2981 808 3076 868 est
3101 823 3214 888 per
3239 805 3511 870 formam
3535 829 3549 869 :
3572 806 3740 869 unde
3757 805 3901 869 Au-

2363 913 2658 993 gustinus
2702 913 2852 976 dicit
2894 914 3067 995 quod
3108 915 3246 995 ipsa
3282 914 3579 990 materia,
3620 915 3735 979 etsi
3760 932 3899 977 non

2362 1019 2588 1083 habeat
2611 1019 2688 1083 de
2718 1039 2783 1083 se
2820 1020 2975 1083 etin
3003 1039 3069 1083 se
3098 1025 3311 1085 actum
3349 1021 3572 1085 formae
3592 1068 3610 1096 ‚
3639 1022 3774 1103 ipsa
3797 1024 3901 1082 ta-

2360 1144 2512 1190 men
2539 1127 2848 1209 capacitas
2873 1129 3097 1192 formae
3124 1134 3218 1192 est
3240 1129 3300 1192 ei
3329 1147 3447 1211 pro
3471 1129 3678 1192 forma
3707 1149 3723 1191 ι
3752 1127 3897 1191 ideo

2360 1238 2533 1315 patet
2553 1234 2735 1298 illud.

2438 1350 2499 1408 2.
2523 1344 2702 1421 Quod
2727 1344 3025 1427 objicitur
3046 1346 3217 1428 quod
3244 1346 3476 1428 turpis,
3508 1349 3663 1424 etc.;
3686 1345 3897 1409 dicen-

2358 1452 2513 1517 dum
2545 1455 2718 1536 quod
2744 1473 2859 1518 nec
2883 1454 3091 1537 turpis
3118 1473 3237 1519 nec
3268 1456 3606 1519 tenebrosa
3634 1455 3891 1533 dicitur,

2356 1561 2482 1624 nisi
2534 1561 3029 1644 comparatione.
3084 1560 3246 1626 Nam
3302 1562 3568 1626 materia
3616 1580 3750 1626 non
3799 1565 3896 1625 est

2356 1669 2627 1752 privatio
2676 1688 2867 1752 pura3
2936 1669 3069 1732 imo
3121 1670 3368 1734 ratione
3417 1689 3553 1735 suae
3599 1669 3889 1734 essentiae

2356 1774 2550 1839 habet
2585 1775 2828 1857 aliquid
2870 1775 2949 1839 de
2994 1776 3502 1857 pulchritudine,
3534 1781 3598 1840 et
3649 1775 3891 1859 aliquid

2356 1880 2432 1944 de
2453 1882 2596 1945 luce
2621 1903 2635 1944 ε
2664 1882 2833 1945 unde
2854 1881 3259 1962 Augustinus
3286 1883 3432 1946 dicit
3459 1883 3480 1918 ³
3503 1883 3675 1965 quod
3705 1883 3892 1946 habet

2355 1990 2620 2053 modum
2641 2038 2657 2066 ,
2689 1989 2991 2072 speciem,
3016 1994 3079 2053 et
3102 1990 3423 2066 ordinem,
3454 1991 3749 2072 quamvis
3766 1989 3887 2052 im-

2354 2098 2623 2178 perfecte
2653 2120 2668 2160 :
2701 2115 2834 2162 non
2860 2103 3105 2181 oportet
3129 2102 3345 2162 autem
3367 2099 3536 2181 quod
3566 2098 3732 2163 Deus
3757 2116 3888 2164 om-

2353 2222 2468 2267 nes
2486 2223 2584 2268 res
2599 2206 2905 2288 producat
2919 2205 3040 2269 sibi
3054 2206 3381 2287 aequaliter
3396 2206 3631 2269 similes
3645 2228 3660 2283 ;
3690 2206 3886 2268 immo

2353 2313 2707 2377 secundum
2756 2314 3052 2393 gradum.
3111 2312 3189 2375 Et
3239 2314 3381 2377 ideo
3423 2314 3504 2377 ad
3554 2313 3676 2376 hoc
3718 2312 3886 2395 quod

2354 2419 2596 2499 gradus
2621 2421 2750 2484 sint
2773 2422 3065 2503 perfecti,
3095 2439 3351 2485 necesse
3384 2426 3479 2485 est
3502 2421 3738 2503 aliquid
3769 2439 3883 2503 po-

2353 2546 2505 2592 nere
2532 2548 2728 2612 prope
2747 2530 2946 2595 Deum
2962 2580 2978 2610 ,
3002 2536 3065 2595 et
3081 2531 3204 2595 hoc
3227 2531 3658 2610 simillimum3
3687 2535 3752 2594 et
3772 2530 3885 2594 ali-

2352 2636 2507 2717 quid
2528 2655 2722 2720 prope
2746 2639 2906 2702 nihil
2924 2687 2940 2718 ,
2972 2643 3034 2702 et
3060 2639 3183 2702 hoc
3199 2638 3413 2721 aliquo
3437 2638 3627 2701 modo
3658 2636 3881 2713 simile,

2351 2760 2483 2806 non
2545 2750 2760 2809 autem
2826 2746 3120 2823 omnino,
3190 2764 3306 2808 nec
3362 2745 3661 2827 perfecte;
3716 2741 3884 2826 quod

2351 2851 2648 2930 quamvis
2685 2854 2753 2915 in
2800 2870 2865 2915 se
2901 2852 3245 2915 minimum
3288 2851 3520 2915 habeat
3561 2851 3640 2914 de
3684 2850 3880 2928 bon0,

2353 2960 2570 3023 tamen
2603 2961 2838 3042 optime
2870 2961 3234 3024 ordinatum
3261 2964 3375 3024 est.

2432 3069 2491 3130 3.
2524 3064 2704 3142 Quod
2735 3067 3056 3151 obiicitur,
3095 3067 3269 3150 quod
3307 3084 3498 3131 omne
3532 3065 3700 3149 quod
3732 3083 3883 3148 pro-

2352 3171 2626 3252 ducitur,
2667 3174 3038 3255 producitur
3072 3192 3185 3255 per
3220 3173 3427 3238 simile
3453 3173 3523 3236 in
3553 3173 3791 3251 forma,
3823 3174 3885 3235 et

2352 3276 2758 3355 cognoscitur
2798 3276 3119 3354 similiter3
3178 3276 3519 3340 dicendum
3572 3275 3745 3357 quod
3795 3276 3886 3337 est

2352 3399 2552 3461 agens
2579 3382 2930 3447 secundum
2957 3387 3285 3461 naturam,
3310 3387 3372 3447 et
3400 3382 3753 3447 secundum
3779 3380 3885 3444 in-

2350 3489 2695 3556 tellectum.
2718 3492 2936 3573 Agens
2953 3492 3308 3557 secundum
3334 3495 3634 3555 naturam
3657 3489 3887 3571 produ-

2353 3596 2439 3658 cit
2471 3615 2583 3679 per
2621 3598 2858 3663 formas
2886 3618 3034 3681 quae
3073 3603 3225 3662 sunt
3259 3616 3432 3663 verae
3482 3597 3556 3679 (b)
3601 3600 3881 3673 naturae,

2351 3701 2516 3767 sicut
2562 3704 2758 3768 homo
2807 3706 3136 3771 hominem
3156 3754 3173 3786 ,
3231 3709 3294 3771 et
3338 3705 3558 3769 asinus
3605 3703 3881 3766 asinum.

2351 3808 2571 3890 Agens
2596 3830 2710 3893 per
2749 3812 3138 3878 intellectum
3176 3812 3469 3896 producit
3500 3828 3614 3893 per
3648 3809 3885 3873 formas

2353 3935 2500 3998 quae
2520 3936 2654 3981 non
2672 3924 2821 3982 sunt
2839 3920 3082 4002 aliquid
3100 3919 3216 3998 rei,
3238 3919 3348 3984 sed
3369 3918 3528 3982 ideae
3553 3917 3621 3979 in
3646 3921 3881 3994 mente,

2353 4023 2518 4087 sicut
2532 4025 2758 4089 artifex
2779 4027 3073 4108 producit
3090 4044 3306 4089 arcam
3329 4049 3343 4089 ε
3369 4029 3431 4089 et
3448 4025 3539 4088 sic
3563 4024 3884 4106 productae

2355 4135 2508 4195 sunt
2539 4149 2640 4195 res
2670 4151 2687 4195 ε
2720 4136 2781 4195 et
2815 4132 2939 4196 hoc
2975 4132 3166 4196 modo
3208 4136 3362 4197 sunt
3398 4133 3625 4195 format
3667 4148 3886 4197 rerum

2354 4246 2643 4321 aeternae,
2688 4243 2842 4325 quia
2884 4248 3035 4309 sunt
3082 4243 3269 4308 Deua.
3321 4242 3398 4308 Et
3441 4243 3497 4305 si
3542 4241 3633 4306 ita
3678 4241 3889 4324 posuit

2354 4346 2562 4428 Plato,
2593 4350 3134 4415 commendandus
3162 4353 3285 4429 est;
3317 4354 3380 4414 et
3406 4349 3497 4413 sic
3523 4349 3797 4432 imponit
3826 4346 3886 4412 ei

2353 4455 2757 4536 Augustinus
2779 4461 2824 4519 ⁸.
2857 4456 2926 4521 Si
2952 4462 3170 4522 autem
3194 4456 3364 4520 ultra
3381 4456 3785 4538 processerit,
3815 4458 3889 4518 ut

2353 4560 2626 4645 imponit
2651 4563 2711 4625 ei
2738 4563 3104 4628 Aristoteles
3137 4570 3182 4643 ⁸,
3214 4564 3454 4645 absque
3488 4562 3683 4628 dubio
3714 4579 3885 4625 erra-

2351 4670 2480 4749 vit,
2515 4674 2580 4734 et
2619 4671 2782 4735 ratio
2824 4691 2972 4748 sua,
3022 4690 3170 4754 quae
3208 4671 3508 4754 praedicta
3550 4674 3678 4747 est,
3725 4668 3888 4733 nihil

2353 4778 2527 4859 cogit
2548 4779 2835 4841 omnino.
2860 4777 3019 4842 Nam
3038 4827 3056 4858 ,
3087 4780 3251 4842 sicut
3278 4779 3424 4842 dicit
3444 4776 3882 4858 Philosophus,

2351 4885 2576 4948 formae
2622 4904 2840 4949 rerum
2885 4891 3067 4950 extra
3108 4886 3309 4950 Deum
3358 4904 3397 4948 a
3453 4876 3886 4966 singularibus

2350 4996 2656 5073 separatae
2686 4992 2847 5056 nihil
2882 4993 3145 5055 omnino
3173 4992 3444 5071 faciunt,
3473 5009 3590 5056 nec
3625 4990 3705 5054 ad
3734 5006 3884 5071 ope·

2349 5097 2660 5162 rationem
2678 5146 2694 5176 ,
2725 5117 2846 5162 nec
2872 5099 2952 5163 ad
2976 5098 3433 5181 cognitionem.

2347 5213 2437 5264 lib.
2465 5214 2480 5262 Ι
2501 5250 2519 5278 ,
2545 5217 2683 5264 cont.
2706 5217 2765 5264 32
2782 5230 2798 5276 ;
2827 5215 2918 5264 lib.
2949 5216 3068 5279 Vll,
3099 5218 3238 5265 cont.
3260 5218 3349 5277 285
3380 5215 3577 5277 Avert.‚
3603 5209 3878 5277 Metaphys.

2347 5286 2441 5336 lib.
2463 5287 2516 5347 1,
2542 5290 2682 5335 cont.
2704 5290 2793 5349 445
2818 5288 2906 5336 lib.
2927 5288 3019 5340 vu
3035 5326 3051 5350 ‚
3076 5291 3213 5338 cont.
3235 5290 3314 5336 22.

2413 5365 2479 5431 (a)
2522 5364 2640 5415 Coet.
2666 5364 2789 5415 edit.
2829 5365 2957 5416 Dico
2996 5365 3179 5430 igitur,
3226 5365 3366 5430 quod
3402 5376 3544 5415 mare
3585 5363 3792 5414 tactum.
3823 5388 3877 5399 -

2313 5446 2322 5455 ·
2349 5436 2419 5503 (b)
2452 5438 2575 5489 Goet.
2596 5435 2719 5487 edit.
2751 5450 2891 5487 vere.
