4125 6225
353 3924 563 3972 Fundam.

406 4892 529 4937 Ratio

614 462 736 522 228

605 592 777 675 quod
802 590 969 655 Deus
993 591 1154 657 vult.
1189 613 1221 651 n
1251 589 1373 657 Sed
1402 597 1693 658 tenemur
1708 595 1913 658 vitare
1935 596 2140 659 cordis

605 698 982 781 pravitatem
1022 721 1038 764 :
1075 718 1235 782 ergo
1261 702 1559 765 tenemur
1587 701 1750 767 velle
1776 702 1947 785 quod
1974 701 2140 766 Deus

603 808 764 872 vult.

685 919 745 978 3.
779 914 936 980 Item
951 914 1197 981 Tullius
1214 917 1532 982 diffiniens
1556 917 1903 982 amicitiam
1923 918 2073 982 dicit
2089 924 2134 998 ¹,

603 1024 772 1107 quod
797 1023 1076 1088 amicitia
1114 1030 1209 1089 est
1238 1025 1407 1090 idem
1443 1026 1637 1106 velle,
1668 1030 1731 1091 et
1772 1026 1943 1092 idem
1969 1026 2138 1091 nolle

602 1132 669 1193 in
695 1132 888 1196 rebus
913 1132 1195 1196 honestis
1223 1154 1239 1197 ε
1275 1133 1380 1197 sed
1407 1137 1706 1197 tenemur
1731 1133 1858 1197 Deo
1883 1151 2137 1198 servare

600 1238 943 1303 amicitiam
999 1258 1017 1303 ε
1073 1258 1230 1322 ergo
1279 1244 1343 1305 et
1410 1241 1581 1305 idem
1631 1241 1796 1305 velle
1849 1246 1912 1304 et
1964 1240 2137 1306 idem

599 1350 765 1415 nolle
795 1349 876 1433 (a)
909 1351 981 1414 in
1007 1351 1307 1416 honestiS.
1335 1352 1456 1417 Sed
1497 1353 1662 1418 Deus
1686 1372 1818 1419 non
1846 1355 1987 1419 vult
2012 1354 2137 1418 nisi

592 1450 842 1529 ¹justum
861 1454 925 1513 et
947 1449 1286 1515 honestum
1310 1470 1327 1515 ε
1352 1471 1511 1533 ergo
1528 1453 1831 1516 debemus
1851 1457 2135 1517 nostram

598 1556 989 1621 voluntatem
1016 1576 1151 1622 suae
1191 1559 1587 1625 conformare
1614 1560 1685 1623 in
1715 1561 2037 1625 omnibus,

675 1666 736 1725 4.
769 1663 926 1727 Item
967 1665 1175 1728 omnis
1200 1666 1556 1731 intellectus
1598 1668 1712 1750 qui
1757 1668 2070 1733 discordat
2098 1687 2137 1732 a

598 1770 803 1852 prima
833 1773 1099 1837 veritate
1126 1773 1194 1836 in
1231 1775 1519 1856 cognito,
1563 1780 1655 1839 est
1680 1775 1878 1840 falsus
1918 1794 1936 1840 ε
1976 1793 2134 1857 ergo

597 1879 804 1942 omnis
830 1880 1095 1944 affectus
1118 1886 1213 1945 est
1238 1881 1531 1965 iniquus,
1562 1883 1675 1966 qui
1709 1902 1838 1947 non
1867 1901 2134 1948 concor-

595 1984 703 2048 dat
752 2003 903 2049 cum
948 1987 1170 2052 divina
1221 1988 1547 2053 voluntate
1596 1989 1666 2052 in
1710 1990 1906 2055 volito
1954 2009 1972 2053 τ
2023 2007 2132 2055 er-

593 2108 703 2171 g0,
734 2096 854 2157 etc.

674 2203 734 2264 5.
768 2201 925 2266 Item
964 2205 1260 2288 tenemur
1294 2203 1457 2269 velle
1490 2205 1662 2287 quod
1690 2204 1857 2270 Deus
1892 2224 2131 2288 praece-

595 2308 690 2388 pit
721 2329 736 2373 :
768 2313 882 2373 aut
905 2327 1063 2391 ergo
1093 2311 1245 2393 quia
1278 2314 1578 2396 praecepit
1604 2317 1717 2378 aut
1742 2314 1896 2396 quia
1932 2315 2072 2382 vult
2112 2338 2126 2379 :

592 2433 725 2478 non
764 2417 919 2498 quia
959 2420 1288 2502 praecepit,
1331 2422 1485 2502 quia
1526 2422 1620 2484 illi
1651 2424 1673 2458 ²
1718 2424 1832 2505 qui
1872 2424 2135 2488 fuerunt

592 2521 926 2603 mundati,
977 2526 1213 2607 quibus
1254 2526 1477 2590 datum
1519 2531 1613 2591 est
1657 2535 2048 2612 praeceptum
2092 2550 2133 2595 a

593 2627 861 2695 Domino
897 2631 975 2695 de
1012 2633 1298 2711 tacend0,
1325 2653 1456 2700 non
1484 2641 1906 2718 peccaverunt
1930 2638 2001 2701 in
2027 2657 2133 2702 re-

593 2737 890 2818 velando,
922 2738 1074 2822 quia
1108 2740 1326 2806 divina
1361 2744 1771 2826 inspiratione
1810 2765 2131 2828 cognove-

596 2848 752 2906 runt
781 2844 1124 2910 Dominum
1145 2837 1346 2912 Deum
1379 2868 1515 2915 non
1553 2852 1716 2916 velle
1756 2852 1913 2917 illud
1958 2853 2130 2935 quod

593 2952 1001 3035 praecipiebat
1029 2971 1048 3017 ε
1076 2973 1234 3038 ergo
1259 2961 1553 3026 tenemur
1579 2961 1741 3025 velle
1768 2961 1939 3044 quod
1965 2962 2133 3027 Deus

592 3059 754 3123 vult.

672 3170 732 3229 6.
766 3166 926 3231 Item
943 3170 1237 3234 tenemur
1255 3173 1507 3238 credere
1524 3193 1656 3239 non
1683 3179 1934 3241 tantum
1957 3178 2134 3260 quod

592 3273 880 3356 praecipit
900 3275 1064 3340 Deus
1091 3277 1365 3360 credere,
1389 3280 1494 3344 sed
1525 3281 1716 3345 etiam
1744 3302 1936 3348 omne
1957 3284 2134 3366 quod

592 3378 743 3442 dicit
765 3398 898 3444 aese
914 3400 1147 3448 verum
1169 3405 1186 3449 ε
1209 3404 1366 3467 ergo
1385 3406 1425 3450 a
1446 3387 1636 3451 simili
1654 3392 1950 3454 tenemur
1969 3391 2133 3456 velle

594 3503 723 3550 non
760 3491 1014 3552 tantum
1051 3492 1222 3572 quod
1265 3494 1554 3577 praecipit
1587 3496 1753 3560 Deus
1787 3499 1983 3579 velle,
2021 3499 2133 3564 sed

591 3610 781 3658 omne
798 3598 965 3677 quod
995 3599 1229 3665 indicat
1246 3621 1313 3667 se
1334 3604 1496 3669 velle
1518 3609 1823 3689 tanquam
1841 3608 2088 3673 bonum
2111 3628 2129 3675 ε

590 3717 749 3781 ergo
774 3703 1071 3770 tenemur
1092 3707 1256 3773 velle
1274 3728 1465 3775 omne
1484 3713 1658 3794 quod
1674 3712 1911 3779 scimus
1928 3714 2133 3780 Deum

590 3810 776 3873 velle.

672 3915 899 3982 Contra
914 3942 928 3984 ε
941 3950 995 3986 α.
1014 3940 1129 4004 per
1138 3924 1580 4007 Augustinum
1594 3928 1665 3991 in
1678 3929 2071 3997 Euchiridz’o
2084 3936 2134 3996 ⁸:

599 4043 630 4082 α
649 4021 1005 4104 Aliquando
1027 4028 1222 4095 homo
1248 4032 1418 4097 bona
1434 4033 1761 4099 voluntate
1776 4037 1939 4115 vult,
1960 4037 2134 4120 quod

588 4146 720 4192 non
748 4131 891 4194 vult
916 4132 1104 4199 Deus,
1133 4157 1165 4195 n

670 4246 721 4310 β.
743 4235 904 4302 Item
931 4241 1058 4306 viri
1086 4245 1285 4309 sancti
1300 4245 1666 4328 {requenter
1691 4248 1920 4313 volunt
1932 4267 2133 4332 oppo-

590 4343 730 4424 sita,
763 4344 929 4410 sicut
949 4349 1286 4432 Apostolus
1311 4354 1565 4419 volebat
1590 4355 1843 4437 alligari
1873 4356 1940 4420 in
1978 4357 2133 4422 Hie-

590 4450 868 4515 rusalem
888 4502 906 4531 ,
935 4458 1001 4519 et
1045 4457 1339 4542 discipuli
1374 4461 1674 4526 nolebant
1707 4481 1723 4526 ε
1753 4464 1864 4527 sed
1889 4468 2134 4530 constat

589 4559 760 4639 quod
782 4559 947 4625 Deus
970 4563 1209 4646 aliquid
1227 4566 1484 4633 illorum
1503 4570 1752 4635 volebat
1774 4593 1790 4634 :
1813 4588 1970 4652 ergo
1987 4572 2132 4637 licet
2167 4584 2174 4591 ·

589 4668 981 4734 contrarium
1020 4672 1259 4739 divinae
1296 4676 1611 4742 voluntati
1657 4677 1819 4742 velle
1867 4680 2131 4744 merito-

589 4772 684 4837 rie
720 4795 736 4837 :
767 4792 947 4857 ergo,
976 4783 1095 4844 etc.

669 4901 721 4955 γ.
753 4882 934 4961 Item,
973 4885 1025 4949 si
1057 4891 1353 4953 tenemur
1379 4890 1449 4953 in
1477 4891 1675 4956 volito
1700 4894 2094 4960 conformare
2111 4944 2128 4976 ,

479 4968 509 4999 ¹¹
539 4968 564 4999 ⁸
591 5006 748 5071 ergo
789 5009 940 5055 cum
979 4992 1048 5055 in
1092 4994 1603 5061 indifferentibus
1646 4990 1776 5063 non'
1823 5001 1904 5064 sit
1948 5002 2134 5066 nobis

592 5097 886 5162 voluntas
951 5100 1171 5166 divina
1232 5104 1646 5169 determinata
1668 5155 1685 5185 ,
1742 5110 2133 5193 quicumque

592 5203 735 5268 vult
776 5206 1015 5288 aliquid
1056 5208 1424 5274 indifferens
1462 5212 1905 5292 determinate,
1953 5236 2133 5282 com-

660 5363 678 5397 ¹
700 5363 885 5429 Cicer„
911 5367 974 5416 de
997 5366 1205 5421 Amicii.
1230 5370 1365 5420 etde
1392 5370 1605 5437 Officiis,
1640 5376 1692 5423 et
1716 5374 1918 5426 Sallust.
1945 5377 2000 5427 in
2028 5378 2134 5428 Ca-

593 5431 846 5486 tilinario.
864 5464 918 5474 —
944 5439 966 5473 ²
983 5439 1163 5506 Marc„
1184 5454 1278 5508 vn,
1297 5445 1377 5495 36.
1390 5470 1451 5482 —
1469 5444 1491 5480 ⁸
1507 5446 1661 5510 Aug„
1685 5446 1970 5514 Enchirid„
1993 5463 2041 5500 c.
2057 5462 2127 5502 el.

1763 458 2382 525 SENTENTIARUM
2428 458 2577 524 LIB.
2621 460 2670 524 1.

2245 596 2438 659 mittit
2466 615 2533 659 se
2561 596 2925 659 discrimini
2957 616 2972 659 ε
3003 613 3160 677 ergo
3188 599 3403 679 peccat
3426 598 3798 679 mortaliter,

2246 703 2421 787 quod
2461 705 2816 770 absurdum
2848 705 2964 769 est.

2323 816 2378 872 δ.
2408 811 2474 876 Si
2493 812 2662 876 dicas
2674 812 2842 894 quod
2863 813 3135 887 tenetur,
3159 810 3415 892 quando
3443 811 3561 875 scit
3589 811 3802 875 Domi-

2245 918 2316 982 ni
2337 919 2760 998 voluntatem;
2795 918 3023 982 Contra
3049 938 3065 981 ε
3089 917 3363 982 Scientia
3388 938 3521 983 non
3547 919 3801 982 inducit

2246 1043 2494 1089 novum
2512 1031 2840 1109 peccatum
2857 1044 3066 1108 neque
3079 1029 3448 1108 tentionem,
3463 1030 3572 1094 sed
3586 1032 3799 1096 solum

2245 1138 2563 1215 aggravat
2598 1137 2926 1216 peccatum
2961 1152 3152 1216 ;ergo
3180 1138 3438 1217 propter
3468 1138 3796 1203 scientiam

2246 1258 2437 1306 nemo
2463 1245 2736 1318 tenetur,
2767 1240 2930 1305 sicut
2955 1260 3074 1306 nec
3102 1243 3432 1324 ignorans,

2327 1371 2368 1404 ε·
2394 1350 2552 1414 Item
2578 1350 2928 1414 Hieremias
2958 1351 3206 1415 dolebat
3220 1371 3412 1435 super
3425 1354 3796 1420 destructio-

2244 1476 2397 1521 nem
2424 1458 2818 1521 Hierusalem
2843 1458 2912 1520 in
2941 1457 3211 1524 Threnis
3224 1483 3250 1533 ;
3276 1459 3576 1524 Cmusrus
3602 1461 3800 1525 flebat

2245 1554 2438 1647 sliper
2497 1564 2928 1644 Hierusalem3
2986 1565 3058 1629 Β.
3114 1566 3312 1648 Virgo
3333 1618 3349 1646 ,
3398 1573 3463 1632 et
3508 1569 3795 1651 Apostoli

2245 1691 2438 1755 super
2467 1673 2823 1755 passionem
2870 1673 3117 1737 Christi.
3160 1672 3223 1737 Si
3262 1673 3501 1737 flebant
3532 1680 3594 1739 et
3624 1675 3796 1740 dole-

2244 1778 2418 1860 bant,
2454 1783 2517 1843 et
2543 1780 2721 1843 dolor
2747 1782 2846 1844 est
2874 1779 2949 1843 de
2976 1780 3166 1844 rebus
3193 1798 3342 1862 quae
3365 1780 3548 1843 nobis
3573 1781 3796 1845 nolen-

2242 1887 2413 1950 tibus
2456 1887 2784 1967 accidunt‚
2833 1906 2991 1968 ergo
3044 1887 3364 1951 nolebant.
3419 1886 3496 1949 Et
3551 1891 3794 1952 constat

2242 1994 2414 2075 quod
2469 2011 2692 2058 omnes
2758 1993 2828 2056 hi
2875 1995 3286 2057 merebantur
3306 2041 3323 2069 ,
3381 1997 3445 2057 et
3510 1993 3794 2057 sciebant

2240 2098 2445 2164 Deum
2467 2101 2631 2164 velle
2656 2102 3047 2165 contrarium
3085 2124 3101 2165 t
3133 2119 3291 2181 ergo
3316 2100 3485 2164 licite
3515 2105 3577 2164 et
3604 2100 3793 2164 meri-

2239 2207 2403 2271 torie
2438 2225 2778 2290 possumus
2799 2208 2961 2273 velle
2988 2208 3377 2272 contrarium
3407 2207 3647 2273 divinae
3680 2226 3791 2274 vo-

2239 2312 2527 2392 luntatiS,
2559 2317 2750 2380 etiam
2779 2317 2891 2381 uhi
2923 2317 3141 2382 scitur.

2323 2421 2482 2485 Item
2505 2470 2522 2498 ,
2567 2427 3184 2506 'quantumcumque
3246 2424 3547 2515 praelatus
3606 2440 3790 2487 meus

2240 2529 2394 2595 velit
2412 2529 2674 2612 aliquid,
2698 2550 2828 2595 non
2854 2536 3074 2596 teneor
3097 2530 3256 2594 illud
3277 2530 3461 2609 velle,
3484 2530 3604 2593 nisi
3626 2531 3786 2593 mihi

2240 2637 2602 2720 praecipiat,
2633 2638 2883 2703 etiamsi
2911 2639 3108 2702 sciam
3143 2639 3356 2720 ipsum
3382 2638 3547 2702 velle
3580 2659 3594 2702 ε
3628 2656 3788 2719 ergo

2239 2744 2380 2826 pari
2430 2746 2674 2809 ratione
2698 2795 2715 2827 ,
2769 2754 3362 2829 quantumcumque
3417 2747 3566 2811 velit
3623 2747 3792 2810 Deus

2239 2848 2513 2931 aliquid,
2559 2870 2692 2914 non
2727 2855 2950 2917 teneor
2993 2853 3151 2918 illud
3196 2854 3395 2930 velle,
3437 2857 3787 2936 quantum-

2240 2973 2518 3038 cumque
2562 2959 2724 3022 mihi
2775 2961 3128 3025 innotescat
3149 3010 3168 3041 ,
3229 2961 3354 3025 nisi
3408 2960 3574 3025 Deus
3628 2961 3790 3024 mihi

2238 3065 2589 3148 praecipiat.

2322 3172 2516 3251 Item,
2547 3175 2720 3257 quod
2761 3174 2928 3240 Deus
2970 3177 3328 3253 consuluit,
3380 3177 3548 3257 vult,
3584 3180 3649 3242 et
3675 3195 3794 3241 nos

2239 3278 2477 3344 scimus
2495 3299 2648 3345 eum
2670 3282 2835 3347 velle
2858 3304 2874 3346 t
2898 3286 3113 3348 tamen
3132 3301 3264 3347 non
3289 3291 3584 3350 tenemur
3604 3284 3788 3363 velle,

2238 3386 2538 3468 quamvis
2583 3389 2862 3454 multum
2917 3390 3042 3454 sibi
3088 3391 3364 3474 placeat,
3418 3393 3610 3457 etiam
3646 3392 3790 3475 plus

2238 3510 2438 3574 quam
2467 3501 2862 3580 praeceptum
2899 3516 2916 3561 τ
2951 3517 3108 3580 ergo
3136 3518 3267 3564 non
3296 3505 3595 3565 tenemur
3624 3499 3792 3564 velle

2239 3617 2431 3666 omne
2457 3604 2632 3685 quod
2658 3604 2900 3669 scimus
2926 3605 3128 3671 Deum
3158 3608 3343 3673 velle.
3371 3616 3379 3625 '

2786 3858 3233 3928 CONCLUSIO.

2240 4019 2299 4078 N
2297 4034 2366 4074 on
2396 4022 2605 4076 tenetur
2640 4020 2893 4079 voluntas
2918 4028 3106 4080 nostra
3149 4026 3477 4094 conformari
3509 4025 3791 4084 voluntati

2311 4108 2515 4165 divinae
2539 4111 2602 4165 in
2624 4125 2946 4181 quocumque
2965 4113 3172 4184 volit03
3200 4113 3293 4169 sed
3315 4116 3378 4170 in
3397 4130 3454 4171 eo
3480 4115 3622 4186 quod
3644 4118 3787 4184 vult,

2319 4202 2370 4253 et
2395 4200 2684 4254 innotescit
2710 4198 2951 4255 absolute
2978 4204 3142 4257 Deum
3168 4203 3327 4258 velle.

2320 4368 2506 4452 Resp.
2534 4370 2615 4433 ad
2643 4370 2801 4452 Arg.
2833 4371 2928 4435 Ad
2960 4372 3083 4437 hoc
3120 4373 3340 4439 dicunt
3365 4374 3588 4459 aliqui,
3616 4378 3788 4459 quod

2238 4495 2370 4541 non
2420 4481 2717 4541 tenemur
2756 4480 3151 4545 conformare
3191 4482 3589 4547 voluntatem
3635 4502 3790 4548 nos-

2239 4585 2406 4646 tram
2448 4584 2763 4648 voluntati
2806 4586 3042 4653 divinae
3081 4588 3150 4650 in
3188 4589 3395 4666 omni,
3438 4584 3611 4671 quod
3648 4590 3790 4656 vult

2239 4688 2444 4769 Deus;
2487 4691 2596 4754 sed
2623 4691 2748 4756 hoc
2772 4697 2865 4756 est
2899 4695 3324 4775 perfectioniS,
3356 4700 3420 4760 et
3453 4716 3788 4780 superero-

2239 4799 2553 4879 gationiS,
2589 4804 2653 4863 et
2677 4799 2801 4864 hoc
2839 4802 2959 4864 erit
2996 4802 3066 4865 in
3100 4804 3306 4886 patria
3335 4821 3353 4866 ε
3399 4806 3510 4869 sed
3550 4806 3631 4869 ad
3662 4805 3788 4870 hoc

2240 4904 2450 4968 solum
2485 4910 2816 4985 tenemur,
2867 4909 3036 4990 quod
3089 4909 3224 4990 ipse
3272 4929 3392 4975 nos
3429 4913 3569 4977 vult
3599 4913 3780 4978 velle.

2239 5008 2470 5074 Dicunt
2509 5017 2758 5089 autem,
2810 5014 2982 5096 quod
3026 5014 3191 5079 Deus
3233 5018 3442 5081 solum
3494 5021 3635 5083 vult
3669 5038 3787 5084 nos

2239 5118 2403 5181 velle
2432 5121 2604 5200 quod
2635 5121 2943 5204 praecipit,
2979 5125 3043 5186 et
3077 5123 3243 5187 nolle
3271 5126 3442 5207 quod
3469 5128 3781 5209 prohibet.

2240 5223 2390 5288 Haec
2427 5228 2600 5289 enim
2640 5233 2790 5291 sunt
2830 5228 3018 5309 signa
3059 5248 3172 5311 per
3212 5249 3360 5312 quae
3399 5233 3786 5298 sufficienter

2304 5385 2368 5505 ff)
2397 5385 2519 5437 Loco
2558 5389 2611 5439 et
2645 5387 2786 5439 idem
2811 5389 2982 5454 nolle,
3024 5394 3132 5441 αυτ.
3154 5390 3280 5442 edit.
3308 5397 3460 5458 repet.
3490 5406 3614 5458 ergo
3643 5393 3780 5445 idem

2239 5467 2304 5505 ve
2342 5469 2392 5505 e.

3885 1353 4017 1396 RatIo

3834 1415 4060 1461 solvenda
