4125 6225
947 401 1138 467 DIST.
1186 400 1476 470 XXXVII.
1521 399 1751 467 PART.
1795 401 1845 466 1.
1890 399 2073 465 ΛΒΤ.
2117 399 2196 465 11.
2235 398 2534 478 QUAEST.
2578 399 2627 465 I.
3302 398 3381 459 43

46 503 47 526 ἶ
128 563 232 619 mue.
310 541 364 605 Si
389 538 539 603 dicas
561 536 730 620 quod
756 553 888 600 non
918 538 1014 600 est
1040 536 1128 600 ibi
1154 540 1345 616 totuS,
1376 536 1486 600 sed
1513 554 1735 600 secun-

248 650 373 713 dum
404 650 633 729 partem
653 692 672 720 ,
705 643 1013 725 objicitur
1042 643 1119 707 de
1152 662 1310 707 voce
1348 661 1497 725 quae
1528 646 1622 706 est
1665 643 1735 705 in

249 757 464 822 auribus
495 754 897 817 diversorum
942 756 1104 830 tota,
1148 755 1209 815 et
1254 752 1324 814 in
1363 755 1497 815 toto
1542 768 1729 814 aere:

250 870 352 928 esto
387 861 541 944 quod
574 878 707 924 vox
749 861 914 922 esset
957 858 1046 921 ita
1091 877 1362 940 magna,
1407 859 1579 939 quod
1623 875 1739 939 per

250 976 413 1035 totum
430 967 742 1031 mundum
763 966 1117 1044 audiretur,
1141 970 1294 1030 tunc
1315 969 1477 1029 esset
1497 965 1738 1048 ubique

246 1083 377 1152 tota,
409 1079 465 1138 et
504 1092 636 1138 una
666 1073 936 1156 prolatio
969 1096 983 1136 ε
1017 1074 1169 1156 quia
1206 1074 1261 1137 si
1298 1073 1552 1151 multae,
1588 1091 1739 1136 cum

247 1182 467 1247 infinitas
491 1181 615 1244 sint
642 1185 853 1262 partes
881 1180 1085 1260 aeriS,
1117 1185 1180 1244 et
1204 1199 1336 1245 vox
1369 1182 1449 1244 sit
1477 1181 1544 1244 in
1577 1200 1739 1263 qua-

245 1292 367 1355 libet
401 1294 602 1372 parte,
642 1294 797 1352 tunc
842 1307 1003 1370 ergo
1048 1289 1314 1353 infinitae
1362 1293 1513 1353 sunt
1552 1307 1740 1354 voces

245 1404 362 1462 actu
386 1407 405 1461 ·.“
426 1398 589 1480 quod
615 1402 710 1461 est
742 1397 1154 1480 Impossibile.

311 1511 360 1568 3.
407 1505 553 1568 Item
596 1504 900 1587 objicitur
943 1504 1021 1568 de
1070 1505 1285 1568 anima
1326 1523 1473 1586 quae
1528 1507 1624 1567 est
1670 1505 1741 1567 in

246 1613 481 1696 qualibet
504 1617 676 1695 parte
701 1612 997 1675 animalis
1016 1617 1179 1687 tota,
1207 1616 1279 1675 ut
1304 1631 1497 1693 supra
1516 1614 1535 1648 ¹
1562 1630 1742 1674 mon-

245 1725 479 1784 stratum
515 1723 606 1782 est
635 1723 814 1782 :esto
857 1737 1017 1800 ergo
1060 1718 1228 1801 quod
1280 1721 1460 1782 fleret
1502 1718 1741 1782 animal

245 1830 581 1910 giganteum
620 1826 708 1889 ita
745 1844 1068 1907 magnum
1109 1825 1293 1907 quasi
1337 1829 1508 1889 totus
1547 1845 1739 1889 mun-

243 1937 378 2014 duS,
416 1941 558 1998 tunc
598 1933 816 1997 anima
859 1938 1021 1996 osset
1065 1933 1345 2014 ubique:
1374 1951 1530 2013 ergo
1570 1931 1743 2015 quod

244 2061 355 2106 non
376 2042 477 2121 sit,
513 2042 629 2104 hoc
665 2047 758 2105 est
794 2045 1055 2124 propter
1082 2041 1393 2104 defectum
1431 2042 1739 2123 corporis,

245 2155 301 2214 et
321 2169 435 2214 non
457 2168 661 2213 suum.

311 2256 366 2322 Si
404 2257 559 2320 dicas
587 2256 755 2337 quod
797 2257 963 2318 esset
996 2254 1070 2318 in
1113 2254 1408 2335 pluribus
1437 2259 1745 2337 tanquam

248 2365 300 2428 in
329 2383 448 2428 uno
472 2365 635 2442 loco,
669 2364 843 2428 unde
870 2380 1208 2444 nunquam
1241 2381 1372 2426 una
1405 2363 1621 2425 anima
1654 2367 1748 2425 est

248 2472 347 2534 nisi
386 2473 449 2535 in
492 2490 619 2536 uno
666 2489 967 2554 corpore3
1015 2470 1313 2551 objicitur
1358 2471 1437 2534 de
1485 2488 1747 2553 corpore

249 2580 478 2659 Christi,
509 2581 677 2663 quod
713 2586 921 2643 totum
952 2582 1014 2642 et
1054 2580 1383 2660 integrum
1413 2583 1507 2642 est
1545 2577 1615 2641 in
1644 2578 1745 2643 di—

250 2689 420 2751 versis
440 2689 739 2752 altaribus
763 2687 1095 2751 distinctis,

312 2800 368 2858 4.
396 2794 539 2858 Item
563 2795 867 2877 objicitur
894 2812 1009 2875 per
1030 2793 1363 2857 rationem.
1387 2792 1549 2857 Cum
1574 2793 1749 2857 enim

249 2901 313 2965 de
347 2907 560 2965 natura
601 2901 951 2982 singularis
994 2901 1074 2963 sit
1116 2919 1253 2964 esse
1295 2900 1399 2963 hic
1437 2906 1499 2963 et
1543 2918 1747 2979 nunc,

249 3011 434 3071 tamen
461 3008 645 3072 alicui
681 3009 789 3072 dat
830 3007 996 3071 Deus
1030 3026 1280 3090 semper
1321 3027 1490 3088 esse,
1522 3014 1597 3071 ut
1633 3027 1751 3072 an-

251 3116 389 3196 gelis
426 3139 439 3180 :
476 3134 630 3198 ergo
678 3116 819 3198 pari
865 3116 1107 3180 ratione
1157 3116 1346 3180 alicui
1393 3117 1563 3180 dabit
1615 3135 1750 3181 esse

250 3222 473 3304 ubique.

316 3331 369 3391 5.
398 3328 565 3405 Item,
595 3330 649 3394 si
676 3329 893 3413 aliqua
917 3330 1047 3394 duo
1072 3330 1575 3413 inseparabiliter
1599 3335 1754 3394 sunt

253 3437 424 3513 unitA,
446 3439 833 3520 ubicumque
866 3443 959 3502 est
980 3458 1212 3514 unum,
1236 3443 1330 3502 est
1355 3443 1416 3501 et
1435 3438 1747 3502 alterum:

252 3546 340 3608 sed
358 3546 628 3611 humana
652 3551 906 3626 natura,
927 3553 992 3610 et
1010 3547 1251 3623 divina,
1272 3548 1342 3610 in
1370 3546 1616 3612 Christo
1645 3548 1751 3610 in-

252 3655 639 3734 separabiliter
656 3659 812 3719 sunt
828 3655 1011 3718 unita
1045 3677 1060 3717 ε
1090 3672 1248 3735 ergo
1266 3655 1380 3718 ubi
1398 3658 1492 3717 est
1509 3654 1750 3733 divina,

252 3766 329 3823 est
360 3768 413 3827 et
447 3765 730 3829 humana
758 3787 775 3828 ε
808 3764 917 3828 sed
949 3764 1169 3827 divina
1207 3768 1438 3828 natura
1476 3770 1571 3828 est
1600 3764 1753 3828 ubi-

252 3886 393 3949 que:
417 3891 561 3954 ergo
589 3877 653 3937 et
683 3874 995 3937 humana.
1032 3871 1109 3935 Et
1134 3871 1252 3951 sic,
1283 3875 1403 3935 etc.
1435 3873 1458 3906 ¹

723 4102 1248 4170 CONCLUSIO.

254 4260 357 4317 soli
387 4266 478 4322 Deo
505 4270 726 4339 proprie
751 4272 804 4324 et
830 4268 1187 4337 sinqulariter
1215 4228 1461 4323 convenit
1489 4282 1592 4324 esse
1624 4268 1755 4324 ubi-

340 4368 454 4425 que,
482 4360 533 4411 et
556 4357 697 4412 nihil
726 4356 887 4412 aliud
912 4372 949 4411 a
978 4358 1084 4412 Deo
1111 4356 1308 4427 ubique
1330 4360 1510 4430 potest
1537 4373 1659 4415 esse.

328 4511 491 4598 Roep.
529 4517 607 4580 ad
644 4516 806 4597 Arg.
850 4515 1202 4580 Dicendum
1243 4517 1415 4599 quod
1449 4534 1585 4581 esse
1622 4518 1761 4581 ubi-

261 4634 396 4698 que,
428 4621 578 4685 sicut
623 4623 845 4687 dicunt
881 4624 1113 4702 sancti,
1163 4624 1456 4687 convenit
1486 4624 1603 4687 soli
1633 4624 1760 4689 Deo

263 4729 478 4807 proprie
510 4735 571 4793 et
602 4731 1041 4812 singulariter,
1082 4731 1171 4794 ita
1205 4732 1376 4813 quod
1415 4731 1575 4795 nulli
1611 4749 1760 4795 con-

264 4833 416 4895 venit
438 4836 572 4911 alii,
602 4856 721 4901 nec
756 4837 1030 4919 intelligi
1067 4841 1268 4920 potest
1299 4839 1672 4918 convenire,
1707 4839 1762 4901 si

267 4944 409 5004 recte
426 4942 826 5025 intelligatur.
850 4945 1009 5008 Nam
1028 4944 1193 5009 Deus
1214 4945 1443 5009 dicitur
1465 4963 1599 5009 esse
1623 4946 1762 5009 ubi-

268 5062 403 5124 que,
424 5047 504 5112 ita
525 5052 691 5133 quod
719 5071 802 5115 ex
829 5056 1003 5134 parte
1036 5052 1147 5116 Dei
1173 5052 1553 5134 intelligitur
1578 5053 1763 5118 iden-

324 5170 468 5223 ¹Dist.
488 5186 665 5238 xxvm,
688 5190 742 5240 q.
771 5188 846 5237 ιιι,
874 5181 968 5226 art.
995 5180 1042 5227 3.
1063 5202 1122 5214 —
1138 5178 1326 5227 ¹Deest
1348 5191 1458 5242 arg.
1484 5180 1532 5228 6.
1548 5204 1611 5214 —
1633 5179 1652 5208 ⁸
1670 5181 1762 5230 So-

268 5239 381 5318 19110
411 5250 633 5307 argum.3
652 5253 795 5311 patet
829 5262 890 5299 ex
917 5262 1059 5313 corp.
1092 5249 1485 5312 quoestioniS.—
1514 5252 1536 5287 δ
1568 5252 1680 5302 Hoc
1706 5251 1761 5301 in

268 5309 348 5359 hb.
373 5313 430 5363 de
454 5318 668 5367 Moribus
700 5318 878 5368 Eccles.
919 5334 1028 5369 non
1058 5319 1338 5383 invenitur,
1373 5321 1463 5371 sed
1504 5321 1558 5371 in
1585 5323 1676 5373 lib.
1703 5322 1765 5375 de

270 5380 432 5448 Doqm.
450 5389 647 5451 Boules„
672 5404 719 5441 c.
743 5401 815 5454 xr,
842 5391 982 5455 cujus
1006 5395 1185 5442 auctor
1202 5392 1513 5445 Gennadius.

1847 535 1988 599 titas
2014 540 2079 600 et
2115 534 2420 611 totalitaS‚
2461 552 2546 600 ex
2591 536 2770 616 parte
2806 531 2928 596 loci
2960 530 3288 613 pluralitas
3319 533 3384 593 et

1844 644 2311 708 universalitas
2335 641 2455 707 Per
2473 642 2898 706 conditionem
2915 637 3259 703 identitatis
3276 655 3384 701 ex-

1844 752 2125 816 cluditur
2142 751 2524 829 universale,
2546 749 2718 832 quod
2739 748 3035 832 quamvis
3057 747 3137 810 sit
3160 746 3231 810 in
3251 764 3384 809 om·

1845 859 2035 922 nibus
2068 859 2533 940 singularibus,
2571 863 2784 922 tamen
2818 855 3172 920 secundum
3210 853 3384 917 aliud

1846 971 1912 1031 et
1935 966 2109 1031 aliud
2134 967 2536 1049 suppositum
2551 1016 2569 1045 ,
2597 969 2662 1029 et
2685 966 2774 1028 ita
2798 965 3231 1028 numeratum.
3267 961 3384 1025 Per

1848 1074 2272 1138 conditionem
2302 1073 2620 1138 totalitatis
2657 1072 3018 1138 excluditur
3048 1088 3381 1134 numeruS.

1848 1180 2009 1245 Nam
2052 1182 2347 1263 quamvis
2381 1199 2693 1244 numerus
2731 1181 2812 1244 sit
2851 1179 3129 1261 ubique,
3168 1182 3385 1241 tamen

1847 1289 2202 1353 secundum
2237 1288 2428 1352 aliam
2463 1294 2527 1351 et
2555 1288 2745 1358 aliam
2781 1291 3048 1369 partem.
3084 1284 3204 1348 Per
3235 1302 3385 1348 con-

1848 1396 2155 1459 ditionem
2194 1395 2569 1477 pluralitatis
2594 1415 2633 1458 a
2660 1398 2839 1477 parte
2875 1393 2993 1456 loci
3030 1391 3388 1456 excluditur

1848 1503 2110 1585 spiritus
2135 1508 2404 1578 creatuS‚
2432 1502 2544 1584 qui
2571 1501 2868 1583 quamvis
2894 1501 2973 1563 sit
2997 1500 3066 1562 in
3097 1498 3386 1581 pluribus

1848 1614 2136 1694 partibus
2181 1612 2496 1695 corporiS,
2540 1629 2671 1675 non
2711 1615 2929 1674 tamen
2973 1610 3042 1671 in
3088 1607 3388 1671 omnibus

1849 1720 1973 1782 nisi
2012 1724 2086 1783 ut
2126 1719 2343 1783 unitis,
2379 1717 2498 1782 Per
2539 1717 2964 1782 conditionem
3004 1714 3386 1779 universali-

1850 1829 1997 1891 tatis
2042 1828 2403 1892 excluditur
2445 1846 2676 1910 corpus
2722 1826 2947 1889 Christi
3004 1825 3125 1887 sub
3174 1842 3387 1886 saera-

1853 1941 2100 2014 mento,
2133 1936 2301 2018 quod
2339 1935 2633 2018 quamvis
2675 1934 2756 1997 sit
2788 1935 2855 1996 in
2898 1933 3187 2015 pluribus
3204 1980 3222 2010 ,
3256 1948 3389 1994 non

1851 2048 2068 2108 tamen
2093 2044 2280 2107 estin
2308 2042 2636 2121 omnibus,
2665 2060 2783 2105 nec
2809 2060 2943 2105 esse
2975 2044 3207 2122 potest,
3236 2039 3389 2121 quia

1851 2152 1974 2217 hoc
2016 2154 2226 2217 solum
2260 2152 2560 2216 convenit
2595 2151 2654 2214 ei
2689 2150 2809 2213 sub
2854 2152 3269 2212 sacramente.
3314 2146 3390 2210 Et

1854 2262 1943 2324 ita
1982 2266 2201 2344 patent
2230 2261 2456 2343 primae
2485 2258 2802 2322 instantiae
2826 2257 2868 2319 ⁸.

1934 2368 2114 2445 Quod
2145 2378 2359 2431 tamen
2388 2367 2684 2448 objicitur
2709 2366 2786 2430 de
2812 2381 2998 2438 voce,
3027 2362 3388 2442 intelligen-
3420 2371 3627 2492 ἓὲἷῗῖοῗᾱ

1854 2475 2013 2539 dum
2054 2477 2225 2557 quod
2269 2474 2593 2556 generatio
2632 2471 3026 2536 sensibilium
3069 2469 3133 2532 in
3182 2468 3391 2532 medio

1855 2588 1949 2646 est
1987 2602 2101 2665 per
2142 2583 2546 2645 diffusionem
2583 2579 2800 2643 :unde
2840 2594 2971 2641 non
3015 2579 3392 2640 numeratur

1856 2708 2020 2768 vox,
2050 2689 2215 2752 sicut
2255 2707 2375 2751 nec
2411 2688 2525 2752 lux
2544 2735 2560 2763 ,
2596 2687 2719 2749 nisi
2760 2686 2840 2749 ad
2878 2684 3392 2748 numerationem

1856 2796 2272 2878 susceptibilis
2298 2815 2312 2858 :
2341 2795 2511 2858 unde
2535 2799 2692 2875 quot
2720 2797 2872 2855 sunt
2892 2809 3098 2867 aures2
3127 2795 3221 2853 tot
3244 2796 3393 2853 sunt

1861 2924 2079 2984 voceS,
2124 2903 2430 2986 quoniam
2458 2921 2588 2966 vox
2632 2901 2700 2964 in
2730 2919 2874 2964 aere
2918 2904 3053 2962 erat
3081 2898 3392 2979 multipli-

1858 3011 2112 3089 cabiliS,
2161 3015 2223 3074 et
2263 3028 2394 3074 non
2439 3008 2851 3090 multiplicata
2885 3029 2899 3070 ε
2932 3012 2996 3070 et
3038 3006 3179 3069 ideo
3224 3009 3395 3087 patet

1857 3123 2029 3203 quod
2071 3140 2187 3185 nec
2222 3125 2351 3184 tota
2385 3120 2621 3200 ubique
2658 3124 2803 3182 ante
2844 3116 3389 3193 numerationem,

1858 3230 2023 3293 sicut
2062 3248 2180 3292 nec
2223 3229 2341 3292 lux
2377 3228 2636 3305 diffusa,
2666 3244 2787 3289 nec
2822 3225 3042 3289 eadem
3081 3242 3212 3288 vox
3256 3227 3396 3305 post

1857 3337 2370 3400 numerationem
2401 3358 2416 3400 :
2448 3340 2511 3398 et
2541 3335 2680 3397 ideo
2711 3333 3078 3415 exemplum
3109 3331 3187 3395 de
3222 3331 3398 3396 exis-

1859 3445 2056 3507 tentia
2086 3445 2259 3508 vocis
2290 3462 2418 3507 non
2445 3447 2538 3506 est
2570 3443 2849 3505 multum
2877 3441 3082 3504 simile
3107 3439 3257 3503 Deo,

1937 3555 2000 3613 4.
2034 3551 2134 3614 Ad
2162 3551 2321 3615 illud
2348 3551 2522 3633 quod
2556 3549 2857 3631 oincitur
2884 3547 3052 3631 quod
3081 3548 3245 3612 Deus
3293 3547 3401 3611 dat

1860 3658 2454 3741 sempiternitatem,
2495 3656 2836 3719 dicendum
2873 3655 3045 3737 quod
3086 3659 3218 3718 tarn
3265 3671 3400 3716 esse

1859 3766 2140 3847 ubique,
2175 3783 2371 3847 quam
2406 3782 2677 3847 semper,
2719 3764 3020 3846 importat
3053 3763 3401 3846 quamdam

1861 3873 2240 3937 intinitatem
2271 3877 2382 3937 :et
2425 3872 2708 3935 infinitas
2750 3871 3266 3953 sempiternitatis
3308 3875 3403 3934 est

1820 4016 1825 4021 -
1860 3980 2142 4043 infinitas
2177 3980 2560 4059 durationiS,
2594 3997 2741 4062 quae
2772 3986 2866 4043 est
2895 3978 3246 4043 secundum
3286 3996 3404 4060 po-

1862 4089 2130 4153 tentiam
2164 4110 2180 4152 :
2214 4093 2277 4152 et
2321 4088 2462 4152 haec
2509 4106 2639 4151 non
2688 4091 3007 4169 repugnat
3049 4090 3361 4150 creaturae
3379 4132 3397 4164 ,

1864 4195 2013 4277 quia
2040 4213 2173 4259 non
2204 4180 2466 4276 impedit
2495 4193 2897 4257 durationem
2927 4196 3236 4257 creaturae
3268 4210 3404 4255 esse

1864 4303 2111 4366 finitam
2148 4306 2324 4380 actu,
2358 4306 2420 4363 et
2447 4300 2762 4363 infinitam
2801 4301 3078 4383 potentia
3110 4320 3127 4365 ε
3164 4305 3227 4365 et
3258 4300 3401 4365 ideo

1865 4410 2039 4475 omni
2070 4409 2394 4474 durationi
2425 4415 2732 4473 creaturae
2761 4428 3015 4474 necesse
3044 4414 3138 4474 est
3167 4408 3405 4491 aliquid

1866 4517 2076 4599 adiici.
2111 4515 2231 4581 Sed
2264 4535 2400 4581 aese
2434 4517 2702 4599 ubique,
2735 4517 2884 4581 dicit
2912 4517 3405 4581 immensitatem

1865 4633 2034 4705 actu,
2064 4626 2221 4708 quia
2244 4627 2545 4708 importat
2572 4613 2961 4690 simultatem
2986 4625 3272 4689 locorum
3300 4648 3314 4688 :
3343 4630 3406 4688 et

1866 4732 1989 4795 hoc
2018 4736 2337 4815 repugnat
2380 4737 2691 4796 creaturae
2710 4780 2728 4809 ,
2769 4736 2832 4795 et
2859 4733 3001 4795 ideo
3031 4751 3161 4795 non
3205 4736 3406 4814 potest

1867 4840 1926 4902 ei
1953 4840 2215 4903 omnino
2241 4839 2703 4903 communicari
2737 4862 2751 4903 ε
2783 4839 3289 4903 communicatur
3315 4843 3405 4902 ta-

1869 4964 2019 5009 men
2055 4947 2408 5011 secundum
2442 4947 2914 5029 possibilitatem
2943 4950 3283 5024 creaturae,
3312 4966 3407 5010 se·

1869 5055 2153 5119 cundum
2182 5055 2350 5136 quod
2382 5055 2712 5136 participat
2742 5056 2950 5136 majus
2980 5056 3045 5116 et
3076 5055 3291 5117 minus
3329 5054 3408 5118 de

1869 5166 2102 5227 natura
2128 5163 2611 5245 spiritualitatis,
2645 5160 2807 5225 Nam
2833 5162 2993 5225 nihil
3020 5166 3116 5226 est
3139 5163 3407 5227 omnino

1868 5269 2225 5351 spirituale,
2270 5271 2391 5333 nisi
2432 5270 2606 5365 solus
2651 5268 2843 5346 DeUS,
2890 5268 3056 5333 sicut
3098 5268 3248 5333 dicit
3279 5270 3410 5334 Au-

1870 5377 2168 5457 gustinus
2220 5375 2300 5442 de
2355 5375 2637 5443 Moribus
2689 5375 2990 5446 Ecclesiae
3026 5382 3048 5417 ⁸
3090 5399 3105 5443 :
3146 5402 3178 5440 α
3222 5377 3410 5445 Solus
