4125 6225
18 4009 93 4053 Ad
123 4023 237 4070 opp.

1292 394 1489 470 DIST.
1531 396 1667 469 xn.
1709 390 1893 468 ΔΗΓ.
1937 400 1986 467 1.
2031 396 2331 480 QUAEST.
2371 396 2481 470 ΙΙΙ.

278 542 604 627 sapientiae
659 541 1042 626 perfectione
1081 557 1100 603 z
1138 539 1268 605 inae
1318 540 1493 605 enim
1542 539 1819 605 rationes

277 667 410 714 non
445 648 870 727 concludunt,
911 647 1035 713 nisi
1068 647 1241 730 quod
1280 645 1447 712 Deus
1484 646 1821 712 materiam

277 757 348 820 in
386 756 775 820 informitate
812 773 943 819 non
974 752 1195 819 debuit
1225 754 1585 837 relinquere
1605 802 1624 832 ‚
1667 754 1821 837 quia

275 866 400 930 hoc
442 867 607 929 esset
639 867 860 928 contra
898 862 1187 927 ordinem
1224 866 1290 927 et
1336 861 1785 945 perfectionem
1797 883 1814 940 ;

278 973 387 1039 sed
415 992 567 1038 cum
592 970 739 1036 fecit
764 971 1104 1035 informem
1138 975 1207 1037 ut
1239 970 1573 1052 formaret,
1604 973 1670 1035 et
1692 968 1815 1035 im-

278 1080 618 1163 perfectam
653 1082 727 1143 ut
761 1078 1089 1161 perficeret
1108 1126 1126 1154 ‚
1168 1078 1440 1145 ostendit
1479 1082 1545 1143 et
1584 1079 1820 1160 perfec·

278 1187 544 1266 tionem,
589 1191 653 1251 et
679 1186 1000 1266 ordinem,
1028 1205 1069 1250 a
1112 1203 1179 1249 se
1217 1186 1507 1251 materiae
1542 1185 1700 1250 dari.
1747 1185 1821 1251 Et

274 1293 429 1358 situ
456 1293 716 1375 objicias
744 1293 916 1375 quod
939 1292 1020 1358 ad
1047 1293 1497 1376 perfectionem
1523 1290 1818 1358 omnium

274 1399 512 1465 horum
538 1403 774 1483 spectat
805 1400 1105 1465 velociter
1137 1399 1433 1465 effectum
1479 1401 1813 1483 perficere,

274 1512 339 1574 et
375 1526 603 1574 ornare
619 1557 637 1588 ‚
681 1512 748 1572 et
783 1507 1213 1590 distinguere;
1259 1507 1605 1574 dicendum
1643 1507 1819 1591 quod

272 1615 434 1681 illud
475 1631 706 1679 verum
744 1616 861 1693 est,
903 1614 1018 1679 ubi
1055 1632 1255 1697 agens
1288 1615 1429 1697 agit
1464 1614 1818 1680 secundum

273 1726 484 1787 totum
530 1741 726 1788 suum
763 1740 948 1806 posse
978 1743 993 1784 ε
1024 1723 1139 1788 ubi
1184 1741 1340 1790 vero
1380 1722 1819 1788 condescendit

274 1829 702 1912 possibilitati,
732 1834 796 1896 et
828 1831 1185 1895 infirmitati
1208 1879 1227 1912 ‚
1267 1834 1332 1895 et
1363 1830 1622 1895 utilitati
1662 1830 1820 1895 alie-

276 1956 410 2018 nae,
438 1956 569 2003 non
595 1938 788 2003 habet
814 1938 1151 2004 veritatem
1182 1957 1200 2003 ε
1235 1941 1300 2004 et
1334 1939 1425 2003 sic
1450 1940 1638 2003 estin
1666 1956 1817 2022 pro-

275 2045 501 2128 posito.
531 2044 709 2112 Sicut
738 2046 913 2110 enim
941 2046 1106 2110 Deus
1139 2063 1387 2110 sacram
1421 2045 1817 2129 scripturam

273 2154 458 2218 nobis
482 2153 737 2219 tradidit
759 2154 942 2237 quasi
963 2154 1109 2219 rudi
1147 2154 1338 2219 modo
1372 2157 1438 2219 et
1460 2154 1680 2237 inepto
1698 2204 1718 2233 ‚
1745 2157 1821 2219 ut

273 2264 545 2346 quilibet
579 2269 792 2347 posset
833 2282 1059 2348 capere
1104 2267 1168 2328 et
1219 2264 1620 2346 intelligere3
1668 2280 1822 2328 cum

274 2375 491 2436 tamen
519 2371 758 2455 inipso
784 2370 912 2436 sint
947 2371 1208 2452 infiniti
1240 2372 1532 2440 thesauri
1555 2372 1818 2454 sapien-

274 2483 383 2547 τίω
407 2485 465 2548 et
486 2481 776 2546 scientim
801 2486 823 2522 ¹
849 2479 974 2543 :sic
989 2480 1184 2544 etiam
1210 2479 1280 2543 in
1311 2479 1692 2545 formatione
1717 2496 1823 2543 re-

274 2605 422 2653 rum
441 2637 459 2668 ,
493 2591 808 2670 quantum
834 2586 1128 2668 decebat,
1157 2586 1607 2652 condescendit
1631 2586 1824 2652 modo

272 2700 554 2773 naturae,
586 2698 650 2758 et
673 2694 866 2758 etiam
906 2692 1248 2758 eruditioni
1284 2692 1614 2758 rationalis
1641 2710 1824 2757 crea-

272 2806 459 2867 turae.
502 2800 584 2867 Et
606 2800 763 2885 quia
807 2818 889 2866 ex
922 2799 1034 2864 illa
1072 2799 1372 2865 dilatione
1412 2798 1825 2875 erudiebatur

273 2908 503 2987 bomo,
542 2909 714 2974 sicut
752 2907 933 2990 prius
968 2907 1183 2973 visum
1220 2910 1353 2987 est;
1394 2905 1538 2971 ideo
1584 2905 1825 2988 placuit

273 3015 514 3081 divinae
544 3014 846 3098 potentiae
867 3063 886 3093 ‚
927 3012 1227 3092 bonitati,
1259 3016 1324 3078 et
1362 3012 1692 3095 sapientiae
1724 3030 1825 3078 re·

270 3141 425 3189 rum
458 3123 697 3187 formas
725 3122 849 3187 sub
878 3120 1132 3186 dierum
1163 3119 1557 3185 successione
1590 3119 1823 3185 distin·-

272 3248 474 3314 guere
491 3278 511 3309 ‚
552 3247 704 3295 cum
727 3233 950 3295 tamen
986 3230 1197 3312 posset
1232 3227 1325 3293 eis
1362 3228 1575 3294 subito
1616 3231 1822 3295 mate-

271 3338 440 3403 riam
464 3337 860 3421 distinguere
885 3341 950 3403 et
972 3353 1224 3403 ornare.

793 3569 1152 3651 QUAESTIO
1190 3569 1300 3637 111.

272 3741 369 3794 An
412 3735 649 3792 materia
700 3733 1067 3808 corporalium
1120 3734 1306 3790 creata
1356 3734 1434 3790 sit
1484 3731 1585 3791 sub
1624 3731 1821 3806 aliqua

664 3822 1000 3882 ,diversitate
1032 3825 1335 3894 formarum
1356 3819 1400 3880 ¹.

349 3983 582 4051 Utrum
605 3986 873 4051 materia
895 3985 1006 4050 illa
1028 3985 1458 4069 corporalium
1486 3986 1699 4051 creata
1730 3982 1816 4049 sit

267 4094 393 4159 sub
402 4093 618 4177 aliqua
628 4096 985 4160 formarum
1003 4093 1388 4172 diversitate3
1404 4097 1470 4158 et
1486 4094 1660 4177 quod
1691 4092 1782 4156 sic
1795 4138 1815 4171 ‚

266 4201 522 4267 videnu-
557 4220 673 4284 per
696 4206 951 4267 textum
992 4206 1016 4243 ⁸
1050 4223 1067 4266 t
1097 4202 1179 4267 In
1200 4202 1530 4285 principio
1572 4200 1818 4268 creavit

267 4309 435 4377 Deus
478 4309 701 4377 coelum
738 4317 801 4378 et
840 4314 1079 4378 temam
1099 4327 1126 4371 .·
1155 4327 1314 4392 ergo
1351 4309 1607 4375 videtur
1640 4306 1815 4391 quod

264 4418 337 4483 in
376 4417 695 4501 principio
732 4436 869 4485 suae
908 4416 1289 4483 conditionis
1329 4414 1629 4481 habuerit
1678 4415 1810 4479 for-

264 4541 447 4589 mam
467 4524 786 4590 coelestem
803 4574 821 4606 ‚
851 4528 917 4590 et
938 4526 1214 4590 formam
1241 4522 1716 4589 elementarem.
1742 4520 1811 4588 Si

262 4630 439 4696 dicas
463 4632 636 4715 quod
656 4633 890 4698 coelum
916 4636 1040 4697 stat
1062 4632 1153 4697 ibi
1168 4648 1288 4715 pro
1301 4631 1461 4696 coelo
1479 4645 1805 4714 empyreo,

260 4743 328 4803 et
354 4742 528 4804 terra
550 4756 669 4823 pro
698 4739 965 4805 materia
1002 4737 1429 4822 corporalium
1453 4785 1471 4816 ‚
1509 4737 1809 4821 objicitur

260 4863 381 4928 per
435 4848 688 4912 textum
756 4849 1129 4930 sequentem
1180 4845 1205 4883 ⁴
1258 4864 1278 4911 ε
1337 4846 1808 4929 Gonqrepentur

259 4970 452 5037 aqnoe
481 4956 562 5021 in
585 4954 791 5022 locum
823 4971 1027 5021 unum
1042 5003 1064 5035 ,
1102 4960 1167 5022 et
1202 4958 1510 5037 appareat
1546 4953 1744 5021 arida
1778 4977 1807 5022 .·

259 5079 423 5145 ergo
465 5062 721 5130 videtur
765 5063 937 5146 quod
977 5061 1168 5127 tertio
1211 5062 1314 5128 die
1351 5065 1523 5127 terra
1560 5063 1804 5128 solum-

256 5170 455 5238 modo
480 5171 881 5240 manifestata
904 5172 1060 5254 fuit,
1092 5188 1226 5237 non
1253 5171 1564 5256 producta
1596 5192 1615 5236 ε
1644 5187 1804 5253 ergo

322 5335 344 5372 ¹
364 5335 575 5401 Coloss„
604 5346 665 5399 11,
691 5338 738 5387 3.
769 5362 833 5374 --
860 5336 886 5372 ⁸
905 5335 988 5399 Gl.
1025 5333 1194 5400 AEgid.
1216 5333 1388 5400 Rom.,
1421 5334 1466 5385 11
1496 5334 1657 5399 Sem„
1682 5334 1799 5387 dist.

256 5419 358 5473 ΧΠ,
380 5422 431 5473 q.
454 5420 539 5472 m,
560 5411 657 5458 art.
676 5409 727 5470 2,
754 5406 879 5458 dub.
895 5409 957 5471 23
986 5406 1163 5471 steph.
1188 5405 1447 5466 Brulef.‚li
1479 5406 1642 5470 Seni„
1671 5406 1793 5457 dist.

3345 374 3459 473 ssi

1922 536 1993 602 in
2035 537 2175 622 ipso
2223 536 2383 604 chao
2427 537 2507 622 (α)
2555 536 2935 605 videbantur
2966 542 3107 623 jam
3152 556 3289 608 esse
3337 545 3470 610 ele-

1922 647 2166 709 menta.

2004 754 2067 818 2.
2089 753 2250 819 Item
2264 752 2454 837 Hugo
2469 753 2548 819 de
2566 752 2798 820 Sancto
2820 751 3105 821 Victore:
3142 776 3175 819 α
3193 752 3468 824 Nomine

1924 861 2114 924 terrae
2128 860 2252 925 hoc
2264 865 2453 925 terrae
2465 860 2857 926 elementum
2876 860 3207 944 signatum
3222 868 3403 949 puto.
3424 886 3456 927 a

1926 967 1994 1035 Si
2020 987 2179 1052 ergo
2215 975 2354 1036 erat
2389 971 2481 1036 ibi
2508 970 2896 1037 elementum
2926 976 3146 1055 terrae,
3190 974 3332 1059 pari
3357 994 3472 1040 ra-

1922 1078 2097 1142 tione
2119 1082 2183 1143 et
2207 1077 2333 1144 alia
2355 1078 2693 1144 elementa.
2725 1077 2895 1145 Situ
2922 1079 3095 1145 dicas
3113 1131 3131 1162 ,
3178 1083 3352 1165 quod
3377 1083 3471 1148 ibi

1923 1189 2111 1251 vocat
2134 1186 2527 1252 elementum
2549 1190 2740 1252 terrae
2753 1235 2771 1268 ,
2802 1205 2936 1252 non
2955 1188 3110 1270 quia
3128 1190 3267 1273 jam
3298 1195 3468 1272 erat,

1924 1293 2032 1357 sed
2058 1294 2214 1377 quia
2251 1293 2551 1359 futurum
2590 1297 2756 1374 erat;
2806 1293 3109 1377 objicitur
3157 1315 3272 1380 per
3313 1297 3473 1363 illud

1923 1400 2096 1483 quod
2115 1400 2454 1467 subditur:
2483 1425 2516 1462 α
2545 1399 2825 1485 Eratque
2841 1405 3174 1468 terrenum
3199 1401 3325 1469 hoc
3351 1400 3492 1471 ele-'

1921 1513 2215 1573 mentum
2240 1507 2312 1574 in
2338 1507 2550 1576 medio
2570 1557 2587 1588 ‚
2612 1513 2676 1574 et
2703 1510 2774 1573 in
2793 1527 2925 1576 uno
2947 1508 3087 1576 loco
3111 1511 3470 1596 subsidens,

1922 1618 2168 1683 caeteris
2218 1619 2287 1682 in
2329 1619 2705 1684 confusione
2738 1618 3096 1702 permixtis.
3126 1640 3157 1680 n
3206 1617 3276 1685 Si
3313 1639 3474 1704 ergo

1923 1725 2271 1809 permixtio
2289 1744 2422 1791 non
2450 1730 2544 1791 est
2562 1724 2854 1809 ejusdem
2868 1774 2887 1807 ,
2913 1726 3023 1791 sed
3045 1726 3471 1810 diversorum,

1923 1833 2179 1900 videtur
2212 1835 2387 1918 quod
2415 1834 2507 1899 ibi
2530 1836 2671 1919 jam
2711 1837 2894 1900 erant
2933 1833 3204 1902 diversae
3249 1837 3475 1904 formae

1927 1942 2366 2008 elementares.

2007 2055 2070 2116 3.
2095 2050 2254 2114 ltem
2275 2048 2524 2114 ratione
2539 2048 2665 2113 hoc
2682 2046 2962 2114 videtur.
2989 2044 3224 2115 Primae
3249 2050 3474 2118 formae

1927 2175 2078 2242 quae
2103 2156 2328 2222 insunt
2352 2154 2637 2220 materiae
2654 2203 2673 2236 ,
2701 2158 2856 2219 sunt
2884 2154 3110 2220 formae
3136 2155 3477 2224 elementa-

1932 2280 2033 2333 res
2045 2313 2063 2343 ‚
2086 2264 2254 2329 sicut
2280 2266 2482 2347 patet;
2511 2261 2669 2346 quia
2688 2263 2861 2328 ultra
2881 2261 3024 2328 illas
3040 2282 3174 2330 non
3199 2271 3294 2331 est
3309 2284 3477 2332 reso-

1929 2371 2092 2438 lutio
2112 2371 2234 2437 nisi
2253 2372 2335 2436 ad
2355 2372 2636 2455 primam
2654 2371 2990 2436 materiam
3023 2393 3038 2435 ε
3070 2390 3228 2455 ergo
3254 2373 3310 2438 si
3334 2394 3476 2440 ma-

1928 2479 2091 2544 teria
2113 2479 2223 2543 illa
2248 2479 2532 2563 aliquam
2568 2479 2845 2544 formam
2899 2476 3128 2544 babuit
3178 2499 3478 2567 corpora-

1929 2584 2058 2650 lem
2080 2634 2099 2663 ,
2120 2585 2375 2651 videtur
2397 2585 2570 2668 quod
2591 2583 2890 2649 habuerit
2904 2585 3179 2649 formam
3200 2587 3480 2653 elemen-

1928 2696 2136 2758 tarem
2176 2715 2192 2759 :
2222 2691 2332 2757 sed
2375 2693 2601 2757 formae
2633 2688 3050 2756 elementares
3094 2696 3247 2758 sunt
3289 2711 3479 2777 aeque

1931 2800 2161 2883 primae
2192 2819 2209 2865 ε
2252 2817 2413 2881 ergo
2447 2799 2703 2867 videtur
2738 2797 2913 2882 quod
2952 2799 3149 2865 simul
3179 2799 3478 2867 habuerit

1933 2922 2178 2971 omnes.

2012 3018 2074 3078 4.
2102 3012 2262 3079 Item
2287 3016 2581 3079 constans
2606 3015 2703 3078 est
2718 3013 3075 3080 secundum
3095 3016 3476 3100 positionem

1931 3119 2343 3202 Sanctorum,
2386 3121 2560 3206 quod
2603 3120 2722 3186 lux
2767 3120 2879 3186 illa
2914 3122 3179 3189 faciebat
3219 3131 3476 3193 noctem

1930 3234 1995 3295 et
2024 3229 2196 3295 diem
2226 3248 2245 3294 ε
2277 3228 2388 3295 sed
2422 3228 2594 3294 diem
2622 3247 2754 3295 non
2782 3233 3031 3313 poterat
3067 3232 3273 3299 facere
3286 3283 3304 3315 ‚
3350 3234 3477 3300 nisi

1929 3340 2095 3403 esset
2136 3355 2368 3422 corpus
2415 3341 2826 3421 transparens
2873 3341 2937 3403 et
2978 3337 3403 3408 illuminabile
3450 3359 3470 3409 ε

1929 3447 2183 3509 noctem
2210 3462 2345 3509 non
2369 3447 2618 3527 poterat
2638 3444 2844 3509 facere
2858 3493 2877 3526 ,
2902 3443 3028 3509 nisi
3053 3451 3219 3513 esset
3243 3467 3475 3534 corpus

1928 3568 2202 3633 opacum
2218 3599 2237 3630 ‚
2263 3550 2436 3634 quod
2458 3550 2761 3616 umbram
2787 3551 3133 3636 projiceret
3160 3575 3177 3621 t
3217 3555 3475 3623 videtur

1928 3654 2134 3738 igitur
2163 3657 2337 3740 quod
2360 3655 2431 3721 in
2461 3657 2766 3740 primaria
2806 3657 3166 3725 conditione
3207 3662 3475 3728 materia

1927 3765 1998 3829 in
2023 3766 2304 3850 quadam
2342 3766 2443 3832 sui
2483 3772 2664 3850 parte
2700 3767 2897 3834 fuerit
2927 3772 3372 3854 transparens‚
3403 3771 3473 3839 in

1928 3874 2207 3957 quadam
2250 3892 2477 3958 opaca,
2521 3877 2586 3940 et
2628 3874 2721 3939 ita
2751 3874 2923 3958 quod
2956 3874 3027 3940 in
3063 3893 3133 3942 se
3171 3876 3474 3945 habuerit

1926 3982 2165 4047 formas
2189 3981 2494 4049 diversas.

2008 4093 2069 4155 ὃ.
2101 4090 2259 4155 ltem
2285 4089 2454 4155 nihil
2474 4088 2665 4156 estin
2702 4105 2978 4171 genere,
3009 4090 3180 4174 quod
3224 4108 3360 4156 non
3387 4091 3472 4160 sit

1924 4199 1998 4263 in
2022 4197 2239 4282 aliqua
2276 4200 2417 4283 ejus
2444 4197 2651 4282 specie
2673 4201 2699 4239 ⁸
2729 4216 2747 4261 x
2773 4215 2932 4279 ergo
2968 4197 3023 4262 si
3051 4197 3160 4264 illa
3199 4200 3468 4267 materia

1925 4310 2061 4373 erat
2101 4306 2261 4390 quid
2312 4323 2691 4390 corporeum
2705 4353 2724 4386 ,
2777 4309 2915 4370 erat
2959 4305 3164 4388 igitur
3209 4305 3468 4390 aliquod

1923 4432 2155 4499 corpus
2182 4435 2200 4479 ι
2233 4431 2393 4496 ergo
2417 4412 2525 4478 vel
2547 4412 2855 4495 simplex,
2883 4414 2989 4479 vel
3015 4413 3332 4480 mixtum:
3356 4414 3467 4481 sed

1921 4540 2053 4588 non
2080 4524 2218 4616 erat
2239 4538 2473 4604 corpus
2508 4519 2783 4604 simplex
2797 4568 2817 4600 ‚
2861 4520 3016 4603 quia
3035 4538 3155 4586 nec
3180 4519 3462 4604 coeleste,

1919 4647 2042 4694 nec
2056 4627 2443 4693 elementata
2460 4648 2478 4692 ι
2503 4621 2665 4709 er‘go
2681 4625 3078 4710 permixtum
3111 4644 3131 4691 ε
3159 4643 3318 4710 ergo
3344 4627 3465 4693 ha-

1918 4738 2109 4804 bebat
2130 4738 2201 4801 in
2222 4754 2292 4802 se
2311 4733 2746 4802 diversitatem
2770 4734 3150 4800 formarum.

1998 4851 2060 4912 6.
2090 4844 2253 4911 Item
2270 4843 2541 4909 materia
2557 4843 2688 4930 illa,
2709 4861 2857 4908 cum
2885 4847 3048 4909 esset
3067 4843 3458 4928 imperfecta,

1916 4953 2193 5020 babebat
2235 4952 2518 5035 aliquem
2553 4949 2906 5036 appetitum
2956 4972 2973 5018 ε
3022 4955 3134 5016 aut
3175 4970 3333 5035 ergo
3378 4951 3460 5020 ad

1915 5060 2454 5138 unamtormm,
2482 5061 2598 5125 aut
2625 5058 2708 5123 ad
2732 5057 2953 5141 plures
2987 5079 3005 5124 ι
3034 5058 3093 5124 si
3123 5059 3455 5142 adunam,

1915 5237 2024 5289 xn,
2052 5234 2208 5288 q.111.
2245 5247 2303 5259 -
2334 5221 2358 5258 ⁸
2391 5221 2537 5283 Gen„
2564 5231 2619 5284 1,
2643 5221 2707 5269 ’1.
2744 5245 2795 5255 -
2833 5218 2855 5254 ⁴
2888 5217 3040 5285 thid„
3062 5222 3110 5272 9.
3147 5246 3211 5258 -
3237 5219 3434 5273 ⁸Arist.

1914 5296 2075 5361 ropic.
2105 5294 2195 5346 lib.
2224 5294 2290 5345 ιι.

1979 5403 2046 5468 (α)
2078 5403 2203 5453 cat.
2224 5400 2350 5452 east.
2377 5400 2553 5451 chaos.
