4125 6225
1122 426 1318 493 DIST.
1363 427 1472 493 111.
1517 424 1748 492 PART.
1793 423 1820 488 1
1860 424 2043 491 ΛΒΤ.
2090 427 2139 492 1.
2185 427 2484 505 QUAEST.
2531 429 2609 495 II.

287 561 393 625 vel
437 579 585 643 pars
627 561 1021 645 superficiei,
1075 562 1163 627 ita
1209 582 1328 628 nec
1372 562 1639 628 materia
1677 578 1825 644 pars

288 669 572 752 corporis
603 691 619 734 ε
649 670 821 752 quod
864 669 916 733 si
958 670 1081 735 hoc
1120 672 1472 736 absurdum
1512 673 1609 735 est
1624 717 1643 749 ,
1672 668 1825 751 quia

285 775 713 841 dimensiones
751 778 1106 842 secundum
1146 780 1457 844 rationem
1501 779 1833 854 infinitam,

287 887 768 965 consequuntur
794 885 1128 949 materiam
1156 885 1511 950 secundum
1541 903 1640 963 se;
1672 902 1823 948 cum

282 1009 444 1073 ergo
462 991 603 1073 ipsa
624 993 891 1056 materia
915 993 1271 1058 secundum
1306 1011 1372 1057 se
1395 993 1481 1055 sit
1500 992 1571 1055 111
1597 1009 1819 1074 corpo-

278 1099 526 1163 ralibus
556 1102 621 1163 et
645 1100 1081 1182 spiritualibus
1098 1149 1116 1177 ‚
1146 1105 1318 1183 patet
1333 1148 1352 1180 ,
1384 1104 1503 1164 etc.

365 1209 426 1269 5.
454 1204 612 1269 Item
639 1206 994 1271 ostenditur
1016 1208 1141 1271 hoc
1171 1226 1211 1270 a
1235 1210 1414 1290 parte
1449 1206 1628 1282 finiS‚
1669 1206 1826 1288 quia

280 1313 503 1396 angeli
553 1313 701 1377 facti
745 1318 897 1378 sunt
944 1315 1025 1378 ad
1082 1315 1423 1380 videndam
1474 1314 1823 1378 claritatem

280 1438 562 1486 summae
592 1420 784 1499 lucis;
831 1421 941 1484 sed
971 1421 1237 1485 materia
1278 1420 1705 1503 corporalium
1745 1420 1825 1484 de

278 1549 352 1594 se
380 1529 642 1593 tenebra
666 1530 790 1605 est,
814 1532 876 1592 31
895 1527 1065 1610 quod
1091 1528 1301 1609 magis
1319 1527 1734 1610 permiscetur
1759 1532 1824 1591 et

280 1635 495 1717 magis
523 1635 747 1699 unitur
775 1635 869 1713 ei,
901 1638 1078 1698 tanto
1120 1635 1337 1698 minus
1372 1633 1731 1714 cognoscit,
1761 1640 1825 1697 et

283 1743 500 1825 magis
525 1746 619 1807 est
642 1742 1072 1806 tenebrosum.
1099 1742 1166 1805 Si
1189 1760 1347 1823 ergo
1377 1742 1583 1804 forma
1608 1741 1825 1822 angeli

280 1850 583 1916 uniretur
622 1851 704 1928 (a)
744 1867 880 1912 suae
921 1848 1206 1912 materiae
1247 1848 1526 1911 maxime
1560 1848 1631 1910 in
1659 1848 1825 1912 divi-

280 1957 462 2021 sione
480 2004 498 2032 ,
537 1955 888 2019 substantia
930 1958 1073 2038 ejus
1115 1960 1279 2019 esset
1318 1954 1711 2037 ineptissima
1742 1954 1822 2018 ad

281 2062 837 2145 contemplandam
856 2064 1108 2128 lucem:
1138 2063 1191 2126 si
1232 2081 1388 2143 ergo
1416 2066 1675 2144 propter
1701 2063 1824 2126 hoc

278 2172 494 2236 solum
520 2171 723 2235 factus
740 2176 867 2250 est,
901 2189 1241 2253 nunquam
1266 2170 1458 2234 habet
1484 2171 1823 2234 materiam

280 2280 678 2344 conformem
723 2297 838 2361 per
878 2278 1191 2342 unitatem
1238 2281 1491 2341 naturae
1540 2278 1824 2342 materiae

281 2389 622 2473 corporali.

366 2502 430 2561 6.
470 2496 630 2560 Item
655 2496 908 2560 videtur
934 2496 1107 2578 quod
1134 2515 1267 2561 non
1295 2496 1379 2559 sit
1417 2512 1656 2578 ponere
1679 2513 1821 2560 ma·

282 2605 513 2669 teriam
534 2608 842 2686 tanquam
861 2621 1229 2668 mensuram
1249 2604 1505 2684 generis
1531 2603 1824 2668 substan-

278 2712 395 2774 tiae
432 2728 684 2785 rerum,
722 2709 875 2791 quia
900 2727 1045 2791 quae
1082 2709 1293 2791 magis
1319 2709 1699 2791 participant
1742 2710 1821 2773 de

279 2819 529 2884 ratione
557 2818 843 2882 materiae
861 2865 880 2895 ,
919 2818 1135 2881 minus
1176 2823 1326 2881 sunt
1352 2817 1525 2881 entia
1544 2865 1562 2894 ,
1593 2818 1823 2899 etipsa

279 2930 380 2989 est
400 2925 553 3008 quid
579 2923 963 3005 ignobilium
992 2925 1060 2987 in
1088 2943 1323 3006 genere
1350 2923 1600 2988 entium
1621 2971 1638 3000 ,
1672 2924 1825 3005 quia

278 3050 483 3116 prope
523 3031 705 3096 nihil.
749 3030 816 3094 Si
847 3048 1005 3114 ergo
1050 3031 1211 3094 illud
1255 3049 1463 3095 unum
1509 3030 1682 3112 quod
1725 3035 1825 3094 est

278 3156 593 3203 mensura
618 3137 902 3219 generiS,
933 3138 1117 3201 debet
1134 3156 1267 3202 esse
1294 3136 1822 3220 perfectissimum

276 3246 355 3308 111
383 3263 620 3326 genere
645 3244 755 3309 illo
769 3294 787 3323 ,
826 3247 899 3309 ut
920 3244 1144 3309 albedo
1175 3245 1247 3308 111
1277 3262 1516 3325 genere
1553 3244 1782 3309 coloris
1800 3292 1818 3322 ,

274 3358 489 3438 patet,
522 3357 642 3417 etc.

825 3465 1276 3534 CONCLUSIO.

274 3612 578 3671 Secundum
601 3614 788 3669 varias
812 3611 1277 3681 considerationes,
1308 3614 1542 3669 mata-ia
1569 3616 1706 3668 recte
1731 3612 1820 3668 di-

352 3705 497 3758 citur
523 3701 664 3772 quod
688 3702 1000 3772 angelorum
1040 3706 1093 3757 et
1119 3717 1397 3774 corporum
1425 3702 1607 3758 eadem
1631 3705 1706 3757 sit
1721 3743 1737 3771 ‚
1769 3706 1823 3758 et

353 3808 459 3847 non
480 3794 587 3855 sit:
614 3790 944 3863 profundius
974 3794 1155 3845 tamen
1194 3791 1355 3845 illam
1394 3791 1816 3859 considerantes,

352 3885 404 3935 ec
422 3880 683 3945 nobilius,
714 3883 777 3934 ut
796 3880 1178 3951 metaphysici,
1203 3878 1437 3936 eamdem
1460 3880 1697 3934 omnium
1717 3895 1821 3936 esse

343 3970 745 4042 judicaverunt.
1284 3986 1295 3999 ·

358 4105 541 4189 Resp.
588 4105 667 4170 ad
694 4104 851 4185 Arg.
883 4103 1233 4168 Dicendum
1265 4105 1433 4186 quod
1460 4105 1627 4168 circa
1654 4104 1821 4170 113110

270 4216 701 4298 quaestionem
751 4212 1064 4293 sapientes
1101 4212 1402 4276 videntur
1443 4214 1819 4277 contrariari

277 4320 698 4405 sapientibus
727 4316 890 4381 Nam
920 4318 1144 4398 magni
1168 4323 1231 4382 et
1256 4320 1552 4401 profundi
1581 4321 1813 4400 clerici,

272 4433 345 4493 et
366 4428 433 4490 in
456 4426 795 4507 theologia,
826 4430 889 4490 et
917 4426 986 4488 in
1015 4426 1435 4508 philosophia,
1464 4428 1579 4509 qui
1608 4429 1816 4510 magis

273 4537 544 4599 fuerunt
587 4533 871 4598 veritatis
911 4533 1318 4614 inquisitores
1338 4582 1358 4613 ,
1408 4535 1815 4599 diversificati

32 4673 169 4731 0950,
195 4678 242 4717 ι,
276 4647 451 4706 sunt.
489 4640 758 4718 Quidam
788 4638 964 4704 enim
993 4646 1348 4721 posuerunt
1368 4689 1386 4721 ,
1415 4641 1582 4723 quod
1612 4645 1814 4705 mate-

277 4750 376 4812 ria
404 4749 475 4812 in
515 4748 950 4832 spiritualibus
994 4752 1058 4811 et
1099 4748 1532 4830 corporalibus
1564 4748 1811 4828 differt,

277 4875 397 4920 nec
422 4857 614 4920 habet
652 4854 965 4919 unitatem
1005 4854 1129 4917 nisi
1156 4854 1505 4935 analogiae3
1552 4856 1658 4919 alii
1701 4874 1816 4938 po-

37 4990 171 5046 opin.
195 4993 242 5033 2.
276 4968 579 5042 suerunt,
606 4962 779 5045 quod
795 4966 892 5026 est
914 4980 1046 5025 una
1062 4980 1178 5044 per
1197 4963 1554 5026 essentiam.
1579 4963 1646 5027 Si
1670 4965 1816 5046 quis

276 5077 497 5134 autem
517 5068 853 5150 diligenter
872 5067 1029 5132 velit
1055 5068 1473 5147 considerare,
1497 5089 1644 5153 quae
1671 5071 1815 5134 ista-

274 5196 424 5241 rum
453 5176 841 5259 positionum
865 5174 947 5238 sit
973 5175 1361 5256 probabilior
1389 5181 1452 5240 et
1475 5179 1710 5257 verior,
1752 5183 1816 5243 et

276 5283 600 5347 attendere
614 5281 693 5344 ad
712 5280 988 5344 rationes
1009 5286 1361 5359 moventeS,
1384 5284 1623 5349 videbit
1642 5284 1812 5367 quod

343 5409 362 5443 ¹
379 5406 557 5472 Arist„
580 5405 774 5471 Physic.
802 5404 894 5456 lib.
914 5405 968 5470 13
997 5406 1278 5474 metaphys,
1304 5406 1393 5458 lib.
1415 5409 1529 5461 vu.

3354 440 3472 501 315

1935 566 2208 645 utraque
2232 566 2449 647 opinio
2489 566 2843 631 secundum
2882 568 3165 634 diversas
3198 571 3334 636 vias
3354 590 3466 637 ve-

1932 687 2084 733 rum
2105 671 2300 752 dicat,
2321 673 2412 736 ita
2437 674 2607 755 quod
2631 676 2843 739 neutri
2874 681 3025 741 sunt
3050 677 3311 762 decepti.
3341 679 3470 746 Ra-

1933 778 2024 841 tio
2062 783 2278 843 autem
2307 779 2507 862 hujus
2541 771 2814 848 dfversae
2852 786 3184 868 positionis
3214 788 3335 852 fuit
3372 790 3471 854 di-

1935 903 2159 950 versus
2190 887 2420 951 modus
2447 892 2873 970 cognoscendi
2900 894 3254 959 materiam.
3281 895 3472 962 Mate·

1932 992 2032 1056 ria
2057 995 2076 1029 ²
2107 994 2281 1057 enim
2310 994 2648 1077 dupliciter
2673 1001 2768 1062 est
2806 1000 3039 1064 scibilis
3054 1049 3072 1078 ,
3099 1002 3334 1069 scilicet
3356 1023 3472 1087 per

1933 1103 2359 1184 privationem
2376 1150 2395 1182 ,
2449 1107 2513 1168 et
2571 1123 2686 1187 per
2728 1108 3114 1190 analogiam.
3178 1110 3470 1193 Cognitio

1932 1227 2048 1291 per
2085 1210 2511 1291 privationem
2557 1215 2653 1275 est
2689 1214 2872 1295 prius
2914 1218 3302 1283 removendo
3345 1220 3471 1285 for-

1934 1334 2110 1379 mam
2126 1364 2143 1394 ,
2175 1316 2403 1381 deinde
2428 1318 2767 1401 disponens
2793 1322 2872 1386 ad
2893 1323 3167 1388 formam
3184 1374 3201 1404 ,
3226 1330 3291 1390 et
3316 1346 3473 1392 con-

1933 1425 2209 1489 siderare
2234 1425 2439 1507 ipsam
2464 1429 2801 1492 essentiam
2825 1432 3065 1496 nudam
3092 1435 3166 1498 111
3188 1455 3256 1500 se
3283 1438 3471 1520 quasi

1933 1530 2258 1595 tenebram
2276 1531 2761 1614 intelligibilem.
2793 1535 3082 1617 Cognitio
3110 1546 3328 1606 autem
3356 1562 3472 1626 per

1933 1637 2296 1718 analogiam
2317 1642 2410 1702 est
2430 1658 2545 1722 per
2563 1642 2956 1708 consimilem
2977 1645 3424 1713 habitudinem
3450 1671 3465 1714 z

1932 1744 2240 1810 habitudo
2266 1750 2481 1810 autem
2507 1751 2792 1814 materiae
2817 1757 2912 1815 est
2937 1771 3050 1834 per
3069 1756 3416 1836 potentiam
3449 1775 3467 1819 ε

1933 1857 1998 1916 31
2029 1855 2120 1916 113
2146 1854 2286 1918 haec
2314 1857 2597 1936 cognitio
2627 1876 2741 1939 per
2760 1862 3300 1942 comparationem
3325 1881 3505 1926 11134

1933 1960 2112 2023 teriae
2156 1962 2234 2024 ad
2292 1962 2565 2027 formam
2620 1969 2745 2042 est,
2801 1968 3120 2032 mediante
3165 1970 3467 2051 potentia.

1935 2060 2224 2128 Potentia
2277 2070 2493 2130 autem
2545 2068 2827 2132 materiae
2882 2061 3216 2152 dupliciter
3267 2076 3475 2154 potest

1933 2170 2292 2252 comparari
2313 2171 2391 2236 ad
2411 2172 2685 2236 formam
2708 2196 2723 2238 ε
2747 2175 2948 2238 autin
2968 2180 3281 2258 quantum
3305 2195 3474 2259 prae-

1931 2275 2039 2339 bet
2070 2277 2130 2341 31
2169 2277 2616 2342 fulcimentum
2643 2280 2715 2343 in
2757 2281 3002 2346 ratione
3046 2284 3243 2363 entis,
3277 2288 3340 2348 et
3385 2286 3474 2348 sic

1932 2382 2287 2448 considerat
2330 2386 2831 2468 metaphysicus3
2890 2391 3004 2451 aut
3058 2388 3179 2453 sub
3229 2391 3474 2455 ratione

1930 2491 2185 2554 mobilis
2203 2539 2221 2570 ,
2250 2494 2312 2555 et
2337 2492 2430 2555 sic
2454 2493 2807 2558 considerat
2850 2495 3161 2560 naturalis
3190 2497 3473 2579 philoso-

1929 2598 2122 2680 phuS.
2150 2597 2630 2664 Considerantes
2656 2600 2857 2680 igitur
2879 2601 3212 2665 materiam
3237 2622 3470 2668 secun-

1930 2705 2089 2769 dum
2127 2706 2552 2788 privationem
2581 2708 2792 2771 omnis
2825 2708 3048 2771 formae
3066 2756 3083 2784 ,
3113 2712 3247 2772 tam
3280 2711 3470 2775 subs-

1930 2814 2208 2877 tantialis
2233 2832 2431 2897 quam
2475 2815 2876 2879 accidentalis
2894 2862 2914 2894 ,
2956 2814 3259 2879 dixerunt
3298 2819 3471 2899 quod

1929 2920 2154 2984 eadem
2169 2924 2262 2984 est
2275 2913 2344 2984 ih
2367 2921 2809 3004 spiritualibus
2827 2927 2890 2986 et
2907 2921 3341 3003 corporalibus
3354 2941 3471 3005 per

1929 3028 2267 3091 essentiam
2299 3051 2315 3091 :
2347 3028 2401 3090 si
2428 3028 2599 3092 enim
2626 3029 2708 3092 ab
2732 3029 3032 3093 omnibus
3052 3029 3273 3093 formis
3297 3035 3362 3094 et
3386 3031 3468 3094 ab

1929 3137 2228 3200 omnibus
2248 3137 2679 3201 accidentibus
2696 3143 3021 3220 separetur
3039 3142 3313 3221 utraque
3335 3158 3468 3204 ma-

1927 3244 2087 3307 teria
2103 3292 2120 3324 ,
2179 3245 2359 3308 nulla
2411 3245 2674 3310 omnino
2730 3246 3064 3311 diversitas
3112 3248 3463 3329 apparebit.

1928 3348 2408 3416 Considerantes
2452 3356 2669 3417 autem
2726 3354 3061 3418 materiam
3112 3356 3465 3420 secundum

1927 3456 2292 3540 analogiam
2307 3507 2326 3538 ,
2360 3460 2596 3523 scilicet
2622 3460 2743 3524 sub
2769 3460 3014 3525 ratione
3045 3462 3368 3544 potentiae,
3397 3463 3469 3527 in

1927 3570 2245 3646 quantum
2298 3568 2541 3649 praebet
2603 3567 3049 3631 fulcimentum
3103 3569 3329 3633 formae
3393 3570 3465 3634 in

1927 3673 2174 3736 ratione
2201 3675 2385 3753 entiS,
2416 3676 2720 3739 dixerunt
2753 3694 2889 3739 esse
2915 3676 3208 3740 eamdem
3237 3696 3466 3741 secun-

1926 3780 2086 3845 dum
2114 3782 2512 3864 analogiam,
2540 3783 2692 3865 quia
2727 3789 2821 3847 est
2853 3783 2941 3847 ibi
2970 3785 3321 3849 consimilis
3342 3785 3467 3849 ha-

1924 3888 2168 3953 hitudo.
2197 3888 2373 3954 Sicut
2389 3893 2564 3954 euim
2589 3892 2853 3955 materia
2880 3892 3304 3974 corporalium
3331 3912 3467 3957 sus-

1925 3996 2105 4074 tinet,
2127 4001 2191 4059 et
2202 3997 2310 4059 dat
2331 3998 2463 4060 suis
2484 3997 2703 4061 formis
2724 3998 2995 4063 existere
3015 4002 3080 4063 31
3098 4000 3460 4077 subsistere,

1924 4102 2013 4165 ita
2039 4102 2232 4165 etiam
2251 4104 2516 4168 materia
2542 4104 2991 4186 spiritualium.
3021 4104 3130 4169 Est
3155 4107 3346 4170 etiam
3373 4107 3464 4169 ibi

1923 4209 2086 4274 ratio
2119 4211 2615 4293 participationis
2654 4212 3009 4277 secundum
3047 4212 3193 4295 plus
3233 4218 3298 4276 et
3343 4213 3464 4276 mi-

1922 4336 2051 4381 nus
2096 4341 2111 4382 :
2159 4337 2312 4381 nam
2354 4320 2425 4382 in
2469 4319 2904 4401 spiritualibus
2944 4320 3189 4384 substat
3238 4320 3461 4384 formae

1923 4426 2318 4489 substantiali
2345 4430 2634 4504 tantum3
2672 4427 2734 4488 in
2776 4426 3145 4508 corporibus
3172 4427 3462 4509 superio-

1922 4533 2125 4609 ribus,
2148 4533 2370 4598 formae
2399 4533 2794 4597 substantiali
2815 4538 2879 4597 et
2903 4533 3274 4615 quantitati3
3303 4538 3367 4597 et
3393 4535 3462 4597 111

1922 4640 2327 4705 inferioribus
2344 4688 2361 4716 ,
2401 4641 2625 4705 formae
2658 4639 3076 4717 substantiali,
3117 4644 3181 4703 et
3210 4641 3462 4722 quanti-

1923 4748 2059 4826 tati,
2090 4751 2154 4811 et
2179 4748 2628 4811 contrarietati.
2656 4746 2732 4809 Et
2753 4746 3058 4828 quoniam
3092 4746 3265 4828 quod
3298 4765 3460 4829 pure

1922 4855 2111 4918 estin
2138 4873 2374 4936 genere
2400 4854 2769 4918 substantiae
2790 4902 2806 4932 ,
2834 4853 2977 4935 plus
3019 4854 3356 4936 participat
3383 4854 3460 4918 de

1920 4962 2167 5026 ratione
2193 4980 2307 5045 per
2333 4980 2404 5025 se
2425 4961 2649 5025 stantis
2667 4966 2729 5023 et
2746 4959 3262 5041 independentis;
3285 4962 3459 5041 quod

1921 5072 2140 5131 autem
2158 5068 2303 5150 plus
2325 5068 2563 5132 accedit
2581 5068 2662 5131 ad
2690 5070 2989 5132 naturam
3013 5067 3456 5147 accidentium,

1922 5176 2131 5257 magis
2170 5174 2547 5257 elongatur;
2577 5174 2726 5238 111110
2763 5178 2856 5237 est
2890 5173 3063 5257 quod
3089 5175 3460 5239 substantiae

1920 5281 2277 5366 spirituales
2304 5300 2417 5364 per
2443 5282 2621 5364 prius
2656 5284 2720 5345 et
2743 5280 2965 5345 verius
2991 5285 3144 5346 sunt
3167 5283 3461 5347 substan-

1985 5410 2052 5476 (α)
2089 5407 2211 5459 Goee.
2231 5407 2352 5460 edit.
2380 5406 2574 5459 unitur.
