<?xml version="1.0" encoding="UTF-8"?>
<!DOCTYPE html PUBLIC "-//W3C//DTD XHTML 1.0 Transitional//EN"
    "http://www.w3.org/TR/xhtml1/DTD/xhtml1-transitional.dtd">
<html xmlns="http://www.w3.org/1999/xhtml" xml:lang="en" lang="en">
 <head>
  <title>
</title>
<meta http-equiv="Content-Type" content="text/html;charset=utf-8" />
  <meta name='ocr-system' content='tesseract 3.04.00' />
  <meta name='ocr-capabilities' content='ocr_page ocr_carea ocr_par ocr_line ocrx_word'/>
</head>
<body>
  <div class='ocr_page' id='page_1' title='image "./srecardinalissb01peltgoog_0019.png"; bbox 0 0 4125 6225; ppageno 0'>
   <div class='ocr_carea' id='block_1_1' title="bbox 1200 442 3427 524">
    <p class='ocr_par' dir='ltr' id='par_1_1' title="bbox 1200 442 3427 524">
     <span class='ocr_line' id='line_1_1' title="bbox 1200 442 3427 524; baseline 0.001 -14"><span class='ocrx_word' id='word_1_1' title='bbox 1200 444 1396 512; x_wconf 89' lang='lat' dir='ltr'><strong>DIST.</strong></span> <span class='ocrx_word' id='word_1_2' title='bbox 1441 443 1676 512; x_wconf 83' lang='lat' dir='ltr'>XXXV.</span> <span class='ocrx_word' id='word_1_3' title='bbox 1720 442 1903 510; x_wconf 84' lang='lat' dir='ltr'>ART.</span> <span class='ocrx_word' id='word_1_4' title='bbox 1950 443 1999 509; x_wconf 92' lang='grc' dir='ltr'>Ι.</span> <span class='ocrx_word' id='word_1_5' title='bbox 2042 443 2343 524; x_wconf 82' lang='lat' dir='ltr'><strong>QUAEST.</strong></span> <span class='ocrx_word' id='word_1_6' title='bbox 2390 445 2469 511; x_wconf 92' lang='lat'>11.</span> <span class='ocrx_word' id='word_1_7' title='bbox 3387 451 3427 512; x_wconf 82' lang='lat'>9</span> 
     </span>
    </p>
   </div>
   <div class='ocr_carea' id='block_1_2' title="bbox 264 580 1785 2594">
    <p class='ocr_par' dir='ltr' id='par_1_2' title="bbox 286 580 1779 758">
     <span class='ocr_line' id='line_1_2' title="bbox 286 580 1779 666; baseline -0.004 -16"><span class='ocrx_word' id='word_1_8' title='bbox 286 585 385 650; x_wconf 71' lang='lat' dir='ltr'>sint</span> <span class='ocrx_word' id='word_1_9' title='bbox 420 581 617 666; x_wconf 84' lang='lat' dir='ltr'>plures</span> <span class='ocrx_word' id='word_1_10' title='bbox 658 581 1026 647; x_wconf 83' lang='lat' dir='ltr'>secundum</span> <span class='ocrx_word' id='word_1_11' title='bbox 1070 580 1139 647; x_wconf 92' lang='lat' dir='ltr'>id</span> <span class='ocrx_word' id='word_1_12' title='bbox 1182 581 1354 665; x_wconf 85' lang='lat' dir='ltr'>quod</span> <span class='ocrx_word' id='word_1_13' title='bbox 1396 585 1549 646; x_wconf 89' lang='lat' dir='ltr'>sunt</span> <span class='ocrx_word' id='word_1_14' title='bbox 1592 581 1779 645; x_wconf 88' lang='lat' dir='ltr'>abso—</span> 
     </span>
     <span class='ocr_line' id='line_1_3' title="bbox 286 693 425 758; baseline -0.014 0"><span class='ocrx_word' id='word_1_15' title='bbox 286 693 425 758; x_wconf 76' lang='lat' dir='ltr'>lutae.</span> 
     </span>
    </p>

    <p class='ocr_par' dir='ltr' id='par_1_3' title="bbox 278 795 1783 1411">
     <span class='ocr_line' id='line_1_4' title="bbox 345 795 1780 878; baseline -0.002 -17"><span class='ocrx_word' id='word_1_16' title='bbox 345 801 393 861; x_wconf 74' lang='lat'>2.</span> <span class='ocrx_word' id='word_1_17' title='bbox 444 795 589 860; x_wconf 89' lang='lat' dir='ltr'>Item</span> <span class='ocrx_word' id='word_1_18' title='bbox 611 842 629 872; x_wconf 88' lang='lat'><strong>‚</strong></span> <span class='ocrx_word' id='word_1_19' title='bbox 679 796 827 862; x_wconf 89' lang='lat' dir='ltr'>idea</span> <span class='ocrx_word' id='word_1_20' title='bbox 877 801 972 862; x_wconf 86' lang='lat' dir='ltr'>est</span> <span class='ocrx_word' id='word_1_21' title='bbox 1017 795 1365 862; x_wconf 83' lang='lat' dir='ltr'>similitudo</span> <span class='ocrx_word' id='word_1_22' title='bbox 1408 795 1780 878; x_wconf 79' lang='lat' dir='ltr'>exprimens</span> 
     </span>
     <span class='ocr_line' id='line_1_5' title="bbox 286 904 1779 987; baseline -0.003 -17"><span class='ocrx_word' id='word_1_23' title='bbox 286 905 517 970; x_wconf 79' lang='lat' dir='ltr'>ideatum</span> <span class='ocrx_word' id='word_1_24' title='bbox 542 904 904 969; x_wconf 88' lang='lat' dir='ltr'>secundum</span> <span class='ocrx_word' id='word_1_25' title='bbox 931 907 1142 969; x_wconf 92' lang='lat' dir='ltr'>totum</span> <span class='ocrx_word' id='word_1_26' title='bbox 1170 926 1184 969; x_wconf 74' lang='grc' dir='ltr'>ε</span> <span class='ocrx_word' id='word_1_27' title='bbox 1213 904 1322 968; x_wconf 88' lang='lat' dir='ltr'>sed</span> <span class='ocrx_word' id='word_1_28' title='bbox 1349 920 1779 987; x_wconf 64' lang='lat' dir='ltr'>quaecumque</span> 
     </span>
     <span class='ocr_line' id='line_1_6' title="bbox 286 1010 1776 1089; baseline -0.003 -11"><span class='ocrx_word' id='word_1_29' title='bbox 286 1012 371 1078; x_wconf 85' lang='lat' dir='ltr'>uni</span> <span class='ocrx_word' id='word_1_30' title='bbox 391 1015 445 1075; x_wconf 83' lang='lat' dir='ltr'>et</span> <span class='ocrx_word' id='word_1_31' title='bbox 474 1010 677 1075; x_wconf 88' lang='lat' dir='ltr'>eidem</span> <span class='ocrx_word' id='word_1_32' title='bbox 706 1011 1065 1076; x_wconf 88' lang='lat' dir='ltr'>secundum</span> <span class='ocrx_word' id='word_1_33' title='bbox 1090 1016 1298 1076; x_wconf 87' lang='lat' dir='ltr'>totum</span> <span class='ocrx_word' id='word_1_34' title='bbox 1326 1014 1477 1074; x_wconf 91' lang='lat' dir='ltr'>sunt</span> <span class='ocrx_word' id='word_1_35' title='bbox 1513 1010 1776 1089; x_wconf 84' lang='lat' dir='ltr'>similia,</span> 
     </span>
     <span class='ocr_line' id='line_1_7' title="bbox 280 1117 1780 1199; baseline -0.001 -18"><span class='ocrx_word' id='word_1_36' title='bbox 280 1118 423 1182; x_wconf 89' lang='lat' dir='ltr'>nullo</span> <span class='ocrx_word' id='word_1_37' title='bbox 458 1119 648 1183; x_wconf 91' lang='lat' dir='ltr'>modo</span> <span class='ocrx_word' id='word_1_38' title='bbox 696 1118 1007 1183; x_wconf 82' lang='lat' dir='ltr'>differunt</span> <span class='ocrx_word' id='word_1_39' title='bbox 1048 1121 1131 1183; x_wconf 87' lang='lat' dir='ltr'>ab</span> <span class='ocrx_word' id='word_1_40' title='bbox 1170 1119 1483 1197; x_wconf 82' lang='lat' dir='ltr'>invicem3</span> <span class='ocrx_word' id='word_1_41' title='bbox 1528 1135 1685 1199; x_wconf 88' lang='lat' dir='ltr'>ergo</span> <span class='ocrx_word' id='word_1_42' title='bbox 1726 1117 1780 1180; x_wconf 91' lang='lat' dir='ltr'>si</span> 
     </span>
     <span class='ocr_line' id='line_1_8' title="bbox 282 1225 1783 1308; baseline 0.001 -21"><span class='ocrx_word' id='word_1_43' title='bbox 282 1225 393 1290; x_wconf 80' lang='lat' dir='ltr'>idea</span> <span class='ocrx_word' id='word_1_44' title='bbox 414 1225 701 1289; x_wconf 90' lang='lat' dir='ltr'>omnium</span> <span class='ocrx_word' id='word_1_45' title='bbox 721 1274 740 1305; x_wconf 94' lang='lat'>,</span> <span class='ocrx_word' id='word_1_46' title='bbox 768 1226 1126 1290; x_wconf 88' lang='lat' dir='ltr'>secundum</span> <span class='ocrx_word' id='word_1_47' title='bbox 1163 1226 1227 1290; x_wconf 90' lang='lat' dir='ltr'>id</span> <span class='ocrx_word' id='word_1_48' title='bbox 1253 1226 1422 1308; x_wconf 86' lang='lat' dir='ltr'>quod</span> <span class='ocrx_word' id='word_1_49' title='bbox 1459 1228 1588 1304; x_wconf 91' lang='lat' dir='ltr'>est,</span> <span class='ocrx_word' id='word_1_50' title='bbox 1619 1228 1783 1289; x_wconf 87' lang='lat' dir='ltr'>esset</span> 
     </span>
     <span class='ocr_line' id='line_1_9' title="bbox 278 1333 1538 1411; baseline 0 -13"><span class='ocrx_word' id='word_1_51' title='bbox 278 1351 408 1411; x_wconf 83' lang='lat' dir='ltr'>una,</span> <span class='ocrx_word' id='word_1_52' title='bbox 435 1337 585 1397; x_wconf 86' lang='lat' dir='ltr'>tunc</span> <span class='ocrx_word' id='word_1_53' title='bbox 611 1333 835 1398; x_wconf 90' lang='lat' dir='ltr'>omnia</span> <span class='ocrx_word' id='word_1_54' title='bbox 860 1338 1073 1399; x_wconf 81' lang='lat' dir='ltr'>essent</span> <span class='ocrx_word' id='word_1_55' title='bbox 1094 1333 1538 1398; x_wconf 83' lang='lat' dir='ltr'>indifferentia.</span> 
     </span>
    </p>

    <p class='ocr_par' dir='ltr' id='par_1_4' title="bbox 271 1439 1784 1956">
     <span class='ocr_line' id='line_1_10' title="bbox 340 1439 1783 1524; baseline 0.002 -21"><span class='ocrx_word' id='word_1_56' title='bbox 340 1443 390 1503; x_wconf 88' lang='grc'>3.</span> <span class='ocrx_word' id='word_1_57' title='bbox 413 1439 599 1521; x_wconf 91' lang='lat' dir='ltr'>Item,</span> <span class='ocrx_word' id='word_1_58' title='bbox 629 1442 682 1504; x_wconf 90' lang='lat' dir='ltr'>si</span> <span class='ocrx_word' id='word_1_59' title='bbox 710 1441 852 1506; x_wconf 86' lang='lat' dir='ltr'>idea</span> <span class='ocrx_word' id='word_1_60' title='bbox 875 1445 975 1507; x_wconf 89' lang='lat' dir='ltr'>est</span> <span class='ocrx_word' id='word_1_61' title='bbox 1003 1460 1218 1507; x_wconf 91' lang='lat' dir='ltr'>unum</span> <span class='ocrx_word' id='word_1_62' title='bbox 1260 1443 1453 1524; x_wconf 87' lang='lat' dir='ltr'>quid,</span> <span class='ocrx_word' id='word_1_63' title='bbox 1491 1444 1605 1507; x_wconf 87' lang='lat' dir='ltr'>aut</span> <span class='ocrx_word' id='word_1_64' title='bbox 1647 1460 1783 1506; x_wconf 91' lang='lat' dir='ltr'>una</span> 
     </span>
     <span class='ocr_line' id='line_1_11' title="bbox 274 1547 1781 1633; baseline 0.001 -22"><span class='ocrx_word' id='word_1_65' title='bbox 274 1547 635 1629; x_wconf 75' lang='lat' dir='ltr'>communiS,</span> <span class='ocrx_word' id='word_1_66' title='bbox 665 1553 783 1630; x_wconf 79' lang='lat' dir='ltr'>aut</span> <span class='ocrx_word' id='word_1_67' title='bbox 821 1568 954 1615; x_wconf 87' lang='lat' dir='ltr'>una</span> <span class='ocrx_word' id='word_1_68' title='bbox 1001 1550 1260 1633; x_wconf 88' lang='lat' dir='ltr'>propria</span> <span class='ocrx_word' id='word_1_69' title='bbox 1301 1549 1650 1614; x_wconf 84' lang='lat' dir='ltr'>similitudo</span> <span class='ocrx_word' id='word_1_70' title='bbox 1681 1549 1781 1613; x_wconf 86' lang='lat' dir='ltr'>:si</span> 
     </span>
     <span class='ocr_line' id='line_1_12' title="bbox 273 1658 1782 1742; baseline 0.001 -21"><span class='ocrx_word' id='word_1_71' title='bbox 273 1674 380 1721; x_wconf 89' lang='lat' dir='ltr'>una</span> <span class='ocrx_word' id='word_1_72' title='bbox 402 1658 787 1737; x_wconf 88' lang='lat' dir='ltr'>communis,</span> <span class='ocrx_word' id='word_1_73' title='bbox 838 1676 998 1741; x_wconf 88' lang='lat' dir='ltr'>ergo</span> <span class='ocrx_word' id='word_1_74' title='bbox 1038 1676 1154 1742; x_wconf 89' lang='lat' dir='ltr'>per</span> <span class='ocrx_word' id='word_1_75' title='bbox 1192 1659 1400 1741; x_wconf 80' lang='lat' dir='ltr'>ipsam</span> <span class='ocrx_word' id='word_1_76' title='bbox 1444 1676 1782 1741; x_wconf 86' lang='lat' dir='ltr'>nunquam</span> 
     </span>
     <span class='ocr_line' id='line_1_13' title="bbox 271 1762 1784 1849; baseline 0.002 -23"><span class='ocrx_word' id='word_1_77' title='bbox 271 1779 355 1826; x_wconf 83' lang='lat' dir='ltr'>res</span> <span class='ocrx_word' id='word_1_78' title='bbox 376 1762 889 1846; x_wconf 80' lang='lat' dir='ltr'>distinguuntur3</span> <span class='ocrx_word' id='word_1_79' title='bbox 922 1765 979 1829; x_wconf 87' lang='lat' dir='ltr'>si</span> <span class='ocrx_word' id='word_1_80' title='bbox 1003 1784 1138 1830; x_wconf 92' lang='lat' dir='ltr'>una</span> <span class='ocrx_word' id='word_1_81' title='bbox 1163 1764 1452 1848; x_wconf 89' lang='lat' dir='ltr'>propria,</span> <span class='ocrx_word' id='word_1_82' title='bbox 1484 1782 1643 1847; x_wconf 88' lang='lat' dir='ltr'>ergo</span> <span class='ocrx_word' id='word_1_83' title='bbox 1668 1783 1784 1849; x_wconf 89' lang='lat' dir='ltr'>per</span> 
     </span>
     <span class='ocr_line' id='line_1_14' title="bbox 272 1868 1555 1956; baseline 0.003 -24"><span class='ocrx_word' id='word_1_84' title='bbox 272 1868 447 1952; x_wconf 86' lang='lat' dir='ltr'>ipsam</span> <span class='ocrx_word' id='word_1_85' title='bbox 473 1889 812 1954; x_wconf 87' lang='lat' dir='ltr'>nunquam</span> <span class='ocrx_word' id='word_1_86' title='bbox 840 1871 1031 1956; x_wconf 87' lang='lat' dir='ltr'>plura</span> <span class='ocrx_word' id='word_1_87' title='bbox 1059 1876 1555 1955; x_wconf 85' lang='lat' dir='ltr'>cognoscuntur.</span> 
     </span>
    </p>

    <p class='ocr_par' dir='ltr' id='par_1_5' title="bbox 264 1974 1785 2594">
     <span class='ocr_line' id='line_1_15' title="bbox 334 1974 1783 2061; baseline 0.002 -22"><span class='ocrx_word' id='word_1_88' title='bbox 334 1979 388 2039; x_wconf 77' lang='grc'>4.</span> <span class='ocrx_word' id='word_1_89' title='bbox 414 1974 568 2041; x_wconf 90' lang='lat' dir='ltr'>Item</span> <span class='ocrx_word' id='word_1_90' title='bbox 584 2026 605 2055; x_wconf 94' lang='lat'>,</span> <span class='ocrx_word' id='word_1_91' title='bbox 628 1978 684 2041; x_wconf 87' lang='lat' dir='ltr'>si</span> <span class='ocrx_word' id='word_1_92' title='bbox 708 1979 851 2044; x_wconf 92' lang='lat' dir='ltr'>idea</span> <span class='ocrx_word' id='word_1_93' title='bbox 870 1982 969 2043; x_wconf 89' lang='lat' dir='ltr'>est</span> <span class='ocrx_word' id='word_1_94' title='bbox 981 1978 1146 2044; x_wconf 86' lang='lat' dir='ltr'>ratio</span> <span class='ocrx_word' id='word_1_95' title='bbox 1162 1978 1611 2061; x_wconf 88' lang='lat' dir='ltr'>cognoscendi,</span> <span class='ocrx_word' id='word_1_96' title='bbox 1632 1995 1783 2042; x_wconf 88' lang='lat' dir='ltr'>cum</span> 
     </span>
     <span class='ocr_line' id='line_1_16' title="bbox 268 2085 1783 2169; baseline 0.003 -23"><span class='ocrx_word' id='word_1_97' title='bbox 268 2085 751 2169; x_wconf 83' lang='lat' dir='ltr'>unumquodque</span> <span class='ocrx_word' id='word_1_98' title='bbox 802 2103 1196 2168; x_wconf 76' lang='lat' dir='ltr'>cognoscem</span> <span class='ocrx_word' id='word_1_99' title='bbox 1264 2090 1607 2168; x_wconf 88' lang='lat' dir='ltr'>cognoscat</span> <span class='ocrx_word' id='word_1_100' title='bbox 1677 2105 1783 2150; x_wconf 90' lang='lat' dir='ltr'>se-</span> 
     </span>
     <span class='ocr_line' id='line_1_17' title="bbox 266 2190 1780 2275; baseline 0.003 -22"><span class='ocrx_word' id='word_1_101' title='bbox 266 2190 525 2255; x_wconf 86' lang='lat' dir='ltr'>cundum</span> <span class='ocrx_word' id='word_1_102' title='bbox 574 2192 974 2274; x_wconf 79' lang='lat' dir='ltr'>exigentiam</span> <span class='ocrx_word' id='word_1_103' title='bbox 1014 2193 1280 2258; x_wconf 88' lang='lat' dir='ltr'>rationis</span> <span class='ocrx_word' id='word_1_104' title='bbox 1321 2193 1780 2275; x_wconf 87' lang='lat' dir='ltr'>cognoscendi,</span> 
     </span>
     <span class='ocr_line' id='line_1_18' title="bbox 264 2298 1785 2384; baseline 0.002 -22"><span class='ocrx_word' id='word_1_105' title='bbox 264 2315 399 2379; x_wconf 82' lang='lat' dir='ltr'>ergo</span> <span class='ocrx_word' id='word_1_106' title='bbox 418 2298 469 2362; x_wconf 93' lang='lat' dir='ltr'>si</span> <span class='ocrx_word' id='word_1_107' title='bbox 497 2299 645 2364; x_wconf 82' lang='lat' dir='ltr'>idea</span> <span class='ocrx_word' id='word_1_108' title='bbox 660 2305 757 2365; x_wconf 89' lang='lat' dir='ltr'>est</span> <span class='ocrx_word' id='word_1_109' title='bbox 772 2318 988 2365; x_wconf 88' lang='lat' dir='ltr'>unum</span> <span class='ocrx_word' id='word_1_110' title='bbox 1014 2300 1192 2384; x_wconf 85' lang='lat' dir='ltr'>quid,</span> <span class='ocrx_word' id='word_1_111' title='bbox 1217 2319 1370 2365; x_wconf 88' lang='lat' dir='ltr'>cum</span> <span class='ocrx_word' id='word_1_112' title='bbox 1394 2300 1465 2364; x_wconf 93' lang='lat' dir='ltr'>in</span> <span class='ocrx_word' id='word_1_113' title='bbox 1492 2319 1625 2366; x_wconf 90' lang='lat' dir='ltr'>uno</span> <span class='ocrx_word' id='word_1_114' title='bbox 1651 2319 1785 2366; x_wconf 91' lang='lat' dir='ltr'>non</span> 
     </span>
     <span class='ocr_line' id='line_1_19' title="bbox 264 2406 1782 2490; baseline 0.001 -20"><span class='ocrx_word' id='word_1_115' title='bbox 264 2406 419 2470; x_wconf 73' lang='lat' dir='ltr'>cadat</span> <span class='ocrx_word' id='word_1_116' title='bbox 440 2406 788 2487; x_wconf 85' lang='lat' dir='ltr'>distinctio,</span> <span class='ocrx_word' id='word_1_117' title='bbox 820 2407 988 2473; x_wconf 89' lang='lat' dir='ltr'>Deus</span> <span class='ocrx_word' id='word_1_118' title='bbox 1018 2426 1148 2473; x_wconf 90' lang='lat' dir='ltr'>non</span> <span class='ocrx_word' id='word_1_119' title='bbox 1172 2408 1498 2490; x_wconf 79' lang='lat' dir='ltr'>cognoscit</span> <span class='ocrx_word' id='word_1_120' title='bbox 1524 2426 1627 2473; x_wconf 87' lang='lat' dir='ltr'>res</span> <span class='ocrx_word' id='word_1_121' title='bbox 1652 2408 1782 2473; x_wconf 87' lang='lat' dir='ltr'>dis-</span> 
     </span>
     <span class='ocr_line' id='line_1_20' title="bbox 265 2514 1030 2594; baseline 0.003 -17"><span class='ocrx_word' id='word_1_122' title='bbox 265 2514 467 2594; x_wconf 87' lang='lat' dir='ltr'>tincte,</span> <span class='ocrx_word' id='word_1_123' title='bbox 498 2515 615 2580; x_wconf 86' lang='lat' dir='ltr'>sed</span> <span class='ocrx_word' id='word_1_124' title='bbox 642 2515 1030 2580; x_wconf 88' lang='lat' dir='ltr'>indistincte.</span> 
     </span>
    </p>
   </div>
   <div class='ocr_carea' id='block_1_3' title="bbox 109 2620 1778 2704">
    <p class='ocr_par' dir='ltr' id='par_1_6' title="bbox 109 2620 1778 2704">
     <span class='ocr_line' id='line_1_21' title="bbox 109 2620 1778 2704; baseline 0.003 -19"><span class='ocrx_word' id='word_1_125' title='bbox 109 2621 244 2668; x_wconf 63' lang='lat' dir='ltr'>M·-</span> <span class='ocrx_word' id='word_1_126' title='bbox 330 2620 549 2687; x_wconf 84' lang='lat' dir='ltr'>Contra</span> <span class='ocrx_word' id='word_1_127' title='bbox 596 2643 614 2686; x_wconf 74' lang='grc' dir='ltr'>ε</span> <span class='ocrx_word' id='word_1_128' title='bbox 652 2621 1104 2704; x_wconf 82' lang='lat' dir='ltr'>Augustinus,</span> <span class='ocrx_word' id='word_1_129' title='bbox 1144 2620 1225 2687; x_wconf 82' lang='lat' dir='ltr'>vl</span> <span class='ocrx_word' id='word_1_130' title='bbox 1264 2621 1344 2689; x_wconf 80' lang='lat' dir='ltr'>de</span> <span class='ocrx_word' id='word_1_131' title='bbox 1406 2623 1722 2690; x_wconf 77' lang='lat' dir='ltr'>Trinitate</span> <span class='ocrx_word' id='word_1_132' title='bbox 1763 2646 1778 2689; x_wconf 88' lang='lat'>:</span> 
     </span>
    </p>
   </div>
   <div class='ocr_carea' id='block_1_4' title="bbox 256 2728 1787 4410">
    <p class='ocr_par' dir='ltr' id='par_1_7' title="bbox 261 2728 1783 3027">
     <span class='ocr_line' id='line_1_22' title="bbox 271 2728 1780 2813; baseline 0.002 -23"><span class='ocrx_word' id='word_1_133' title='bbox 271 2751 296 2790; x_wconf 73' lang='grc' dir='ltr'>ι</span> <span class='ocrx_word' id='word_1_134' title='bbox 316 2728 503 2794; x_wconf 88' lang='lat' dir='ltr'>Filius</span> <span class='ocrx_word' id='word_1_135' title='bbox 541 2732 643 2794; x_wconf 88' lang='lat' dir='ltr'>est</span> <span class='ocrx_word' id='word_1_136' title='bbox 665 2747 773 2793; x_wconf 88' lang='lat' dir='ltr'>ars</span> <span class='ocrx_word' id='word_1_137' title='bbox 809 2728 1109 2812; x_wconf 87' lang='lat' dir='ltr'>quaedam</span> <span class='ocrx_word' id='word_1_138' title='bbox 1140 2730 1589 2813; x_wconf 84' lang='lat' dir='ltr'>omnipotentis</span> <span class='ocrx_word' id='word_1_139' title='bbox 1629 2729 1780 2811; x_wconf 89' lang='lat' dir='ltr'>Dei,</span> 
     </span>
     <span class='ocr_line' id='line_1_23' title="bbox 261 2836 1783 2919; baseline 0 -17"><span class='ocrx_word' id='word_1_140' title='bbox 261 2837 427 2919; x_wconf 86' lang='lat' dir='ltr'>plena</span> <span class='ocrx_word' id='word_1_141' title='bbox 450 2838 751 2902; x_wconf 89' lang='lat' dir='ltr'>omnium</span> <span class='ocrx_word' id='word_1_142' title='bbox 775 2836 1105 2901; x_wconf 89' lang='lat' dir='ltr'>rationum</span> <span class='ocrx_word' id='word_1_143' title='bbox 1129 2837 1492 2902; x_wconf 85' lang='lat' dir='ltr'>viventium</span> <span class='ocrx_word' id='word_1_144' title='bbox 1512 2884 1531 2915; x_wconf 87' lang='lat'>‚</span> <span class='ocrx_word' id='word_1_145' title='bbox 1560 2842 1623 2903; x_wconf 88' lang='lat' dir='ltr'>et</span> <span class='ocrx_word' id='word_1_146' title='bbox 1649 2856 1783 2904; x_wconf 90' lang='lat' dir='ltr'>om-</span> 
     </span>
     <span class='ocr_line' id='line_1_24' title="bbox 261 2944 1115 3027; baseline -0.005 -19"><span class='ocrx_word' id='word_1_147' title='bbox 261 2944 356 3008; x_wconf 87' lang='lat' dir='ltr'>nia</span> <span class='ocrx_word' id='word_1_148' title='bbox 381 2945 447 3008; x_wconf 89' lang='lat' dir='ltr'>in</span> <span class='ocrx_word' id='word_1_149' title='bbox 470 2946 621 3027; x_wconf 88' lang='lat' dir='ltr'>ipso</span> <span class='ocrx_word' id='word_1_150' title='bbox 646 2961 856 3009; x_wconf 90' lang='lat' dir='ltr'>unum</span> <span class='ocrx_word' id='word_1_151' title='bbox 881 2946 1059 3008; x_wconf 91' lang='lat' dir='ltr'>sunt.</span> <span class='ocrx_word' id='word_1_152' title='bbox 1083 2964 1115 3004; x_wconf 70' lang='lat' dir='ltr'>n</span> 
     </span>
    </p>

    <p class='ocr_par' dir='ltr' id='par_1_8' title="bbox 259 3050 1786 3568">
     <span class='ocr_line' id='line_1_25' title="bbox 326 3050 1786 3138; baseline 0.001 -21"><span class='ocrx_word' id='word_1_153' title='bbox 326 3050 474 3119; x_wconf 88' lang='lat' dir='ltr'>Item</span> <span class='ocrx_word' id='word_1_154' title='bbox 491 3101 510 3132; x_wconf 85' lang='lat'>‚</span> <span class='ocrx_word' id='word_1_155' title='bbox 540 3053 719 3138; x_wconf 80' lang='lat' dir='ltr'>quod</span> <span class='ocrx_word' id='word_1_156' title='bbox 746 3053 1089 3138; x_wconf 87' lang='lat' dir='ltr'>perfectius</span> <span class='ocrx_word' id='word_1_157' title='bbox 1123 3056 1254 3132; x_wconf 83' lang='lat' dir='ltr'>est,</span> <span class='ocrx_word' id='word_1_158' title='bbox 1298 3051 1427 3119; x_wconf 89' lang='lat' dir='ltr'>Deo</span> <span class='ocrx_word' id='word_1_159' title='bbox 1465 3058 1557 3120; x_wconf 86' lang='lat' dir='ltr'>est</span> <span class='ocrx_word' id='word_1_160' title='bbox 1604 3054 1786 3120; x_wconf 89' lang='lat' dir='ltr'>attri-</span> 
     </span>
     <span class='ocr_line' id='line_1_26' title="bbox 260 3160 1786 3246; baseline 0.002 -21"><span class='ocrx_word' id='word_1_161' title='bbox 260 3160 568 3228; x_wconf 85' lang='lat' dir='ltr'>buendum</span> <span class='ocrx_word' id='word_1_162' title='bbox 603 3185 620 3228; x_wconf 75' lang='lat'>2</span> <span class='ocrx_word' id='word_1_163' title='bbox 653 3163 766 3228; x_wconf 89' lang='lat' dir='ltr'>sed</span> <span class='ocrx_word' id='word_1_164' title='bbox 789 3162 1133 3246; x_wconf 76' lang='lat' dir='ltr'>perfectius</span> <span class='ocrx_word' id='word_1_165' title='bbox 1158 3165 1253 3228; x_wconf 90' lang='lat' dir='ltr'>est</span> <span class='ocrx_word' id='word_1_166' title='bbox 1294 3180 1427 3228; x_wconf 88' lang='lat' dir='ltr'>uno</span> <span class='ocrx_word' id='word_1_167' title='bbox 1463 3180 1647 3246; x_wconf 81' lang='lat' dir='ltr'>posse</span> <span class='ocrx_word' id='word_1_168' title='bbox 1676 3181 1786 3228; x_wconf 89' lang='lat' dir='ltr'>co·-</span> 
     </span>
     <span class='ocr_line' id='line_1_27' title="bbox 263 3270 1779 3354; baseline 0 -19"><span class='ocrx_word' id='word_1_169' title='bbox 263 3287 547 3351; x_wconf 79' lang='lat' dir='ltr'>gnoscere</span> <span class='ocrx_word' id='word_1_170' title='bbox 572 3271 766 3354; x_wconf 89' lang='lat' dir='ltr'>plura</span> <span class='ocrx_word' id='word_1_171' title='bbox 792 3274 857 3336; x_wconf 88' lang='lat' dir='ltr'>et</span> <span class='ocrx_word' id='word_1_172' title='bbox 883 3270 1165 3353; x_wconf 87' lang='lat' dir='ltr'>operari,</span> <span class='ocrx_word' id='word_1_173' title='bbox 1215 3287 1415 3353; x_wconf 88' lang='lat' dir='ltr'>quam</span> <span class='ocrx_word' id='word_1_174' title='bbox 1439 3270 1734 3353; x_wconf 87' lang='lat' dir='ltr'>pluribus</span> <span class='ocrx_word' id='word_1_175' title='bbox 1763 3291 1779 3335; x_wconf 78' lang='lat' dir='ltr'>t</span> 
     </span>
     <span class='ocr_line' id='line_1_28' title="bbox 260 3376 1786 3459; baseline 0.001 -17"><span class='ocrx_word' id='word_1_176' title='bbox 260 3392 397 3457; x_wconf 82' lang='lat' dir='ltr'>ergo</span> <span class='ocrx_word' id='word_1_177' title='bbox 420 3376 547 3442; x_wconf 88' lang='lat' dir='ltr'>Deo</span> <span class='ocrx_word' id='word_1_178' title='bbox 574 3383 673 3443; x_wconf 82' lang='lat' dir='ltr'>est</span> <span class='ocrx_word' id='word_1_179' title='bbox 702 3377 1185 3443; x_wconf 87' lang='lat' dir='ltr'>attribuendum</span> <span class='ocrx_word' id='word_1_180' title='bbox 1218 3399 1233 3443; x_wconf 80' lang='lat' dir='ltr'><strong><em>z</em></strong></span> <span class='ocrx_word' id='word_1_181' title='bbox 1265 3395 1424 3459; x_wconf 86' lang='lat' dir='ltr'>ergo</span> <span class='ocrx_word' id='word_1_182' title='bbox 1462 3376 1628 3442; x_wconf 87' lang='lat' dir='ltr'>Deus</span> <span class='ocrx_word' id='word_1_183' title='bbox 1652 3395 1786 3443; x_wconf 90' lang='lat' dir='ltr'>una</span> 
     </span>
     <span class='ocr_line' id='line_1_29' title="bbox 259 3483 752 3568; baseline 0.006 -21"><span class='ocrx_word' id='word_1_184' title='bbox 259 3483 379 3547; x_wconf 86' lang='lat' dir='ltr'>idea</span> <span class='ocrx_word' id='word_1_185' title='bbox 400 3486 752 3568; x_wconf 72' lang='lat' dir='ltr'>cognoscit.</span> 
     </span>
    </p>

    <p class='ocr_par' dir='ltr' id='par_1_9' title="bbox 256 3590 1787 4410">
     <span class='ocr_line' id='line_1_30' title="bbox 326 3590 1786 3676; baseline 0.001 -20"><span class='ocrx_word' id='word_1_186' title='bbox 326 3590 494 3672; x_wconf 84' lang='lat' dir='ltr'>Item,</span> <span class='ocrx_word' id='word_1_187' title='bbox 524 3594 599 3658; x_wconf 88' lang='lat' dir='ltr'>in</span> <span class='ocrx_word' id='word_1_188' title='bbox 625 3595 808 3659; x_wconf 86' lang='lat' dir='ltr'>omni</span> <span class='ocrx_word' id='word_1_189' title='bbox 832 3611 1073 3676; x_wconf 89' lang='lat' dir='ltr'>genere</span> <span class='ocrx_word' id='word_1_190' title='bbox 1099 3609 1332 3670; x_wconf 77' lang='lat' dir='ltr'>causae,</span> <span class='ocrx_word' id='word_1_191' title='bbox 1364 3595 1567 3658; x_wconf 89' lang='lat' dir='ltr'>status</span> <span class='ocrx_word' id='word_1_192' title='bbox 1595 3592 1786 3657; x_wconf 88' lang='lat' dir='ltr'>estin</span> 
     </span>
     <span class='ocr_line' id='line_1_31' title="bbox 259 3700 1787 3785; baseline 0.001 -21"><span class='ocrx_word' id='word_1_193' title='bbox 259 3716 373 3764; x_wconf 83' lang='lat' dir='ltr'>uno</span> <span class='ocrx_word' id='word_1_194' title='bbox 399 3700 718 3783; x_wconf 85' lang='lat' dir='ltr'>simplici,</span> <span class='ocrx_word' id='word_1_195' title='bbox 746 3704 968 3785; x_wconf 81' lang='lat' dir='ltr'>utpote</span> <span class='ocrx_word' id='word_1_196' title='bbox 994 3701 1066 3765; x_wconf 92' lang='lat' dir='ltr'>in</span> <span class='ocrx_word' id='word_1_197' title='bbox 1100 3719 1339 3784; x_wconf 86' lang='lat' dir='ltr'>genere</span> <span class='ocrx_word' id='word_1_198' title='bbox 1364 3701 1697 3766; x_wconf 81' lang='lat' dir='ltr'>efficientis</span> <span class='ocrx_word' id='word_1_199' title='bbox 1723 3703 1787 3765; x_wconf 90' lang='lat' dir='ltr'>et</span> 
     </span>
     <span class='ocr_line' id='line_1_32' title="bbox 260 3803 1784 3892; baseline 0.005 -24"><span class='ocrx_word' id='word_1_200' title='bbox 260 3803 386 3869; x_wconf 82' lang='lat' dir='ltr'>finis</span> <span class='ocrx_word' id='word_1_201' title='bbox 405 3808 424 3843; x_wconf 89' lang='lat'><strong>¹</strong></span> <span class='ocrx_word' id='word_1_202' title='bbox 455 3830 469 3873; x_wconf 79' lang='lat' dir='ltr'><strong><em>z</em></strong></span> <span class='ocrx_word' id='word_1_203' title='bbox 500 3826 662 3890; x_wconf 87' lang='lat' dir='ltr'>ergo</span> <span class='ocrx_word' id='word_1_204' title='bbox 709 3827 861 3873; x_wconf 90' lang='lat' dir='ltr'>cum</span> <span class='ocrx_word' id='word_1_205' title='bbox 900 3808 1068 3873; x_wconf 89' lang='lat' dir='ltr'>Deus</span> <span class='ocrx_word' id='word_1_206' title='bbox 1094 3810 1174 3872; x_wconf 90' lang='lat' dir='ltr'>sit</span> <span class='ocrx_word' id='word_1_207' title='bbox 1197 3809 1522 3892; x_wconf 86' lang='lat' dir='ltr'>exemplar</span> <span class='ocrx_word' id='word_1_208' title='bbox 1548 3808 1621 3873; x_wconf 89' lang='lat' dir='ltr'>in</span> <span class='ocrx_word' id='word_1_209' title='bbox 1653 3827 1784 3892; x_wconf 86' lang='lat' dir='ltr'>quo</span> 
     </span>
     <span class='ocr_line' id='line_1_33' title="bbox 260 3916 1786 4000; baseline 0.003 -22"><span class='ocrx_word' id='word_1_210' title='bbox 260 3918 340 3977; x_wconf 70' lang='lat' dir='ltr'>est</span> <span class='ocrx_word' id='word_1_211' title='bbox 353 3916 719 3982; x_wconf 89' lang='lat' dir='ltr'>omnimode</span> <span class='ocrx_word' id='word_1_212' title='bbox 735 3920 963 3995; x_wconf 85' lang='lat' dir='ltr'>status,</span> <span class='ocrx_word' id='word_1_213' title='bbox 990 3934 1149 4000; x_wconf 88' lang='lat' dir='ltr'>ergo</span> <span class='ocrx_word' id='word_1_214' title='bbox 1174 3917 1242 3980; x_wconf 90' lang='lat' dir='ltr'>in</span> <span class='ocrx_word' id='word_1_215' title='bbox 1255 3916 1383 3982; x_wconf 89' lang='lat' dir='ltr'>Deo</span> <span class='ocrx_word' id='word_1_216' title='bbox 1408 3921 1503 3982; x_wconf 92' lang='lat' dir='ltr'>est</span> <span class='ocrx_word' id='word_1_217' title='bbox 1527 3936 1786 3983; x_wconf 89' lang='lat' dir='ltr'>summa</span> 
     </span>
     <span class='ocr_line' id='line_1_34' title="bbox 260 4020 1779 4108; baseline 0.003 -24"><span class='ocrx_word' id='word_1_218' title='bbox 260 4020 451 4085; x_wconf 86' lang='lat' dir='ltr'>unitas</span> <span class='ocrx_word' id='word_1_219' title='bbox 482 4039 501 4085; x_wconf 81' lang='lat'>2</span> <span class='ocrx_word' id='word_1_220' title='bbox 530 4024 644 4088; x_wconf 89' lang='lat' dir='ltr'>sed</span> <span class='ocrx_word' id='word_1_221' title='bbox 672 4025 1002 4108; x_wconf 89' lang='lat' dir='ltr'>exemplar</span> <span class='ocrx_word' id='word_1_222' title='bbox 1028 4023 1197 4107; x_wconf 84' lang='lat' dir='ltr'>quod</span> <span class='ocrx_word' id='word_1_223' title='bbox 1225 4024 1505 4088; x_wconf 89' lang='lat' dir='ltr'>continet</span> <span class='ocrx_word' id='word_1_224' title='bbox 1532 4025 1740 4090; x_wconf 91' lang='lat' dir='ltr'>multa</span> <span class='ocrx_word' id='word_1_225' title='bbox 1760 4072 1779 4103; x_wconf 87' lang='lat'>‚</span> 
     </span>
     <span class='ocr_line' id='line_1_35' title="bbox 256 4129 1782 4213; baseline 0.005 -24"><span class='ocrx_word' id='word_1_226' title='bbox 256 4141 369 4189; x_wconf 89' lang='lat' dir='ltr'>non</span> <span class='ocrx_word' id='word_1_227' title='bbox 393 4132 485 4192; x_wconf 71' lang='lat' dir='ltr'>est</span> <span class='ocrx_word' id='word_1_228' title='bbox 511 4129 777 4195; x_wconf 91' lang='lat' dir='ltr'>omnino</span> <span class='ocrx_word' id='word_1_229' title='bbox 811 4148 1024 4195; x_wconf 89' lang='lat' dir='ltr'>unum</span> <span class='ocrx_word' id='word_1_230' title='bbox 1068 4134 1131 4194; x_wconf 90' lang='lat' dir='ltr'>et</span> <span class='ocrx_word' id='word_1_231' title='bbox 1165 4129 1440 4212; x_wconf 82' lang='lat' dir='ltr'>simplex</span> <span class='ocrx_word' id='word_1_232' title='bbox 1469 4152 1485 4195; x_wconf 78' lang='lat' dir='ltr'><strong><em>z</em></strong></span> <span class='ocrx_word' id='word_1_233' title='bbox 1516 4147 1674 4213; x_wconf 87' lang='lat' dir='ltr'>ergo</span> <span class='ocrx_word' id='word_1_234' title='bbox 1712 4131 1782 4196; x_wconf 91' lang='lat' dir='ltr'>in</span> 
     </span>
     <span class='ocr_line' id='line_1_36' title="bbox 258 4232 1779 4321; baseline 0.003 -22"><span class='ocrx_word' id='word_1_235' title='bbox 258 4232 452 4301; x_wconf 84' lang='lat' dir='ltr'>divino</span> <span class='ocrx_word' id='word_1_236' title='bbox 478 4239 834 4321; x_wconf 87' lang='lat' dir='ltr'>exemplari</span> <span class='ocrx_word' id='word_1_237' title='bbox 861 4257 997 4304; x_wconf 92' lang='lat' dir='ltr'>non</span> <span class='ocrx_word' id='word_1_238' title='bbox 1032 4242 1128 4304; x_wconf 89' lang='lat' dir='ltr'>est</span> <span class='ocrx_word' id='word_1_239' title='bbox 1163 4238 1288 4303; x_wconf 87' lang='lat' dir='ltr'>nisi</span> <span class='ocrx_word' id='word_1_240' title='bbox 1333 4257 1465 4304; x_wconf 90' lang='lat' dir='ltr'>una</span> <span class='ocrx_word' id='word_1_241' title='bbox 1499 4238 1642 4304; x_wconf 89' lang='lat' dir='ltr'>idea</span> <span class='ocrx_word' id='word_1_242' title='bbox 1680 4257 1779 4305; x_wconf 85' lang='lat' dir='ltr'>se·</span> 
     </span>
     <span class='ocr_line' id='line_1_37' title="bbox 258 4343 710 4410; baseline 0.013 -6"><span class='ocrx_word' id='word_1_243' title='bbox 258 4343 522 4408; x_wconf 78' lang='lat' dir='ltr'>cmdum</span> <span class='ocrx_word' id='word_1_244' title='bbox 544 4363 710 4410; x_wconf 91' lang='lat' dir='ltr'>rem.</span> 
     </span>
    </p>
   </div>
   <div class='ocr_carea' id='block_1_5' title="bbox 780 4583 1233 4652">
    <p class='ocr_par' dir='ltr' id='par_1_10' title="bbox 780 4583 1233 4652">
     <span class='ocr_line' id='line_1_38' title="bbox 780 4583 1233 4652; baseline 0 -2"><span class='ocrx_word' id='word_1_245' title='bbox 780 4583 1233 4652; x_wconf 88' lang='lat' dir='ltr'>CONCLUSIO.</span> 
     </span>
    </p>
   </div>
   <div class='ocr_carea' id='block_1_6' title="bbox 260 4742 1781 4986">
    <p class='ocr_par' dir='ltr' id='par_1_11' title="bbox 260 4742 1781 4986">
     <span class='ocr_line' id='line_1_39' title="bbox 260 4742 1781 4821; baseline 0.004 -21"><span class='ocrx_word' id='word_1_246' title='bbox 260 4742 365 4800; x_wconf 71' lang='lat' dir='ltr'>flea</span> <span class='ocrx_word' id='word_1_247' title='bbox 387 4748 447 4802; x_wconf 79' lang='lat' dir='ltr'>in</span> <span class='ocrx_word' id='word_1_248' title='bbox 471 4747 584 4804; x_wconf 82' lang='lat' dir='ltr'>Deo</span> <span class='ocrx_word' id='word_1_249' title='bbox 611 4763 727 4805; x_wconf 71' lang='lat' dir='ltr'>cum</span> <span class='ocrx_word' id='word_1_250' title='bbox 751 4746 1039 4805; x_wconf 74' lang='lat' dir='ltr'>secundum</span> <span class='ocrx_word' id='word_1_251' title='bbox 1062 4763 1175 4805; x_wconf 79' lang='lat' dir='ltr'>rem</span> <span class='ocrx_word' id='word_1_252' title='bbox 1197 4751 1275 4806; x_wconf 79' lang='lat' dir='ltr'>sit</span> <span class='ocrx_word' id='word_1_253' title='bbox 1305 4752 1431 4821; x_wconf 81' lang='lat' dir='ltr'>ipsa</span> <span class='ocrx_word' id='word_1_254' title='bbox 1457 4747 1649 4805; x_wconf 70' lang='lat' dir='ltr'>divina</span> <span class='ocrx_word' id='word_1_255' title='bbox 1676 4750 1781 4806; x_wconf 77' lang='lat' dir='ltr'>Ve-</span> 
     </span>
     <span class='ocr_line' id='line_1_40' title="bbox 319 4838 1778 4912; baseline 0.002 -20"><span class='ocrx_word' id='word_1_256' title='bbox 319 4838 473 4903; x_wconf 72' lang='lat' dir='ltr'>ritas,</span> <span class='ocrx_word' id='word_1_257' title='bbox 514 4853 627 4895; x_wconf 83' lang='lat' dir='ltr'>non</span> <span class='ocrx_word' id='word_1_258' title='bbox 644 4838 1002 4911; x_wconf 76' lang='lat' dir='ltr'>plurificatur</span> <span class='ocrx_word' id='word_1_259' title='bbox 1023 4839 1277 4911; x_wconf 78' lang='lat' dir='ltr'>realiter,</span> <span class='ocrx_word' id='word_1_260' title='bbox 1314 4838 1407 4895; x_wconf 82' lang='lat' dir='ltr'>sed</span> <span class='ocrx_word' id='word_1_261' title='bbox 1427 4853 1487 4896; x_wconf 79' lang='lat' dir='ltr'>re</span> <span class='ocrx_word' id='word_1_262' title='bbox 1512 4842 1637 4912; x_wconf 78' lang='lat' dir='ltr'>ipsa</span> <span class='ocrx_word' id='word_1_263' title='bbox 1663 4854 1778 4895; x_wconf 91' lang='lat' dir='ltr'>om-</span> 
     </span>
     <span class='ocr_line' id='line_1_41' title="bbox 322 4928 936 4986; baseline 0.003 -3"><span class='ocrx_word' id='word_1_264' title='bbox 322 4940 401 4983; x_wconf 65' lang='lat' dir='ltr'>nes</span> <span class='ocrx_word' id='word_1_265' title='bbox 425 4928 561 4985; x_wconf 80' lang='lat' dir='ltr'>ideoe</span> <span class='ocrx_word' id='word_1_266' title='bbox 593 4933 721 4986; x_wconf 78' lang='lat' dir='ltr'>sunt</span> <span class='ocrx_word' id='word_1_267' title='bbox 744 4944 936 4985; x_wconf 78' lang='lat' dir='ltr'>unum.</span> 
     </span>
    </p>
   </div>
   <div class='ocr_carea' id='block_1_7' title="bbox 262 5094 1785 5506">
    <p class='ocr_par' dir='ltr' id='par_1_12' title="bbox 262 5094 1785 5399">
     <span class='ocr_line' id='line_1_42' title="bbox 331 5094 1785 5184; baseline 0.003 -22"><span class='ocrx_word' id='word_1_268' title='bbox 331 5094 505 5182; x_wconf 85' lang='lat' dir='ltr'>Resp.</span> <span class='ocrx_word' id='word_1_269' title='bbox 534 5100 618 5165; x_wconf 88' lang='lat' dir='ltr'>ad</span> <span class='ocrx_word' id='word_1_270' title='bbox 643 5100 811 5182; x_wconf 73' lang='lat' dir='ltr'>Arg.</span> <span class='ocrx_word' id='word_1_271' title='bbox 838 5099 919 5164; x_wconf 90' lang='lat' dir='ltr'>ad</span> <span class='ocrx_word' id='word_1_272' title='bbox 943 5099 1427 5184; x_wconf 84' lang='lat' dir='ltr'>intelligentiam</span> <span class='ocrx_word' id='word_1_273' title='bbox 1450 5101 1785 5183; x_wconf 82' lang='lat' dir='ltr'>praedicto-</span> 
     </span>
     <span class='ocr_line' id='line_1_43' title="bbox 262 5206 1783 5293; baseline 0.003 -24"><span class='ocrx_word' id='word_1_274' title='bbox 262 5220 394 5269; x_wconf 86' lang='lat' dir='ltr'>rum</span> <span class='ocrx_word' id='word_1_275' title='bbox 416 5212 511 5271; x_wconf 83' lang='lat' dir='ltr'>est</span> <span class='ocrx_word' id='word_1_276' title='bbox 528 5206 892 5273; x_wconf 86' lang='lat' dir='ltr'>notandum</span> <span class='ocrx_word' id='word_1_277' title='bbox 916 5207 1084 5290; x_wconf 87' lang='lat' dir='ltr'>quod</span> <span class='ocrx_word' id='word_1_278' title='bbox 1109 5208 1214 5273; x_wconf 89' lang='lat' dir='ltr'>hic</span> <span class='ocrx_word' id='word_1_279' title='bbox 1244 5208 1365 5273; x_wconf 84' lang='lat' dir='ltr'>fuit</span> <span class='ocrx_word' id='word_1_280' title='bbox 1390 5208 1631 5293; x_wconf 82' lang='lat' dir='ltr'>duplex</span> <span class='ocrx_word' id='word_1_281' title='bbox 1651 5210 1783 5292; x_wconf 90' lang='lat' dir='ltr'>opi·</span> 
     </span>
     <span class='ocr_line' id='line_1_44' title="bbox 264 5309 1781 5399; baseline 0.006 -28"><span class='ocrx_word' id='word_1_282' title='bbox 264 5309 380 5373; x_wconf 85' lang='lat' dir='ltr'>nio.</span> <span class='ocrx_word' id='word_1_283' title='bbox 420 5309 695 5388; x_wconf 82' lang='lat' dir='ltr'>Quidam</span> <span class='ocrx_word' id='word_1_284' title='bbox 723 5314 903 5378; x_wconf 86' lang='lat' dir='ltr'>enim</span> <span class='ocrx_word' id='word_1_285' title='bbox 927 5314 1259 5396; x_wconf 89' lang='lat' dir='ltr'>dixerunt,</span> <span class='ocrx_word' id='word_1_286' title='bbox 1308 5315 1483 5399; x_wconf 79' lang='lat' dir='ltr'>quod</span> <span class='ocrx_word' id='word_1_287' title='bbox 1513 5315 1675 5381; x_wconf 83' lang='lat' dir='ltr'>ideae</span> <span class='ocrx_word' id='word_1_288' title='bbox 1710 5316 1781 5380; x_wconf 89' lang='lat' dir='ltr'>in</span> 
     </span>
    </p>

    <p class='ocr_par' dir='ltr' id='par_1_13' title="bbox 317 5435 1778 5506">
     <span class='ocr_line' id='line_1_45' title="bbox 317 5435 1778 5506; baseline 0.002 -17"><span class='ocrx_word' id='word_1_289' title='bbox 317 5435 519 5502; x_wconf 65' lang='lat' dir='ltr'>¹An&#39;nt„</span> <span class='ocrx_word' id='word_1_290' title='bbox 536 5438 746 5503; x_wconf 70' lang='lat' dir='ltr'>physic.</span> <span class='ocrx_word' id='word_1_291' title='bbox 780 5437 868 5488; x_wconf 85' lang='lat' dir='ltr'>lib.</span> <span class='ocrx_word' id='word_1_292' title='bbox 890 5438 950 5503; x_wconf 85' lang='lat' dir='ltr'>u,</span> <span class='ocrx_word' id='word_1_293' title='bbox 976 5443 1113 5492; x_wconf 84' lang='lat' dir='ltr'>cont.</span> <span class='ocrx_word' id='word_1_294' title='bbox 1139 5442 1217 5492; x_wconf 81' lang='lat'>68.</span> <span class='ocrx_word' id='word_1_295' title='bbox 1238 5440 1341 5478; x_wconf 72' lang='lat'>-2</span> <span class='ocrx_word' id='word_1_296' title='bbox 1357 5441 1509 5506; x_wconf 69' lang='lat' dir='ltr'>Aug„</span> <span class='ocrx_word' id='word_1_297' title='bbox 1534 5440 1595 5491; x_wconf 76' lang='lat' dir='ltr'>de</span> <span class='ocrx_word' id='word_1_298' title='bbox 1620 5441 1778 5505; x_wconf 63' lang='lat' dir='ltr'>Trita,</span> 
     </span>
    </p>
   </div>
   <div class='ocr_carea' id='block_1_8' title="bbox 1886 561 3436 5291">
    <p class='ocr_par' dir='ltr' id='par_1_14' title="bbox 1887 561 3436 4536">
     <span class='ocr_line' id='line_1_46' title="bbox 1890 561 3436 649; baseline 0.001 -5"><span class='ocrx_word' id='word_1_299' title='bbox 1890 578 2019 645; x_wconf 91' lang='lat' dir='ltr'>Deo</span> <span class='ocrx_word' id='word_1_300' title='bbox 2079 580 2432 646; x_wconf 88' lang='lat' dir='ltr'>secundum</span> <span class='ocrx_word' id='word_1_301' title='bbox 2477 598 2620 646; x_wconf 91' lang='lat' dir='ltr'>rem</span> <span class='ocrx_word' id='word_1_302' title='bbox 2662 582 2899 649; x_wconf 81' lang='lat' dir='ltr'>habent</span> <span class='ocrx_word' id='word_1_303' title='bbox 2929 561 3436 648; x_wconf 50' lang='lat' dir='ltr'>distinctionem(</span> 
     </span>
     <span class='ocr_line' id='line_1_47' title="bbox 1889 685 3432 782; baseline 0.001 -31"><span class='ocrx_word' id='word_1_304' title='bbox 1889 685 2203 752; x_wconf 87' lang='lat' dir='ltr'>Dixerunt</span> <span class='ocrx_word' id='word_1_305' title='bbox 2225 688 2401 752; x_wconf 84' lang='lat' dir='ltr'>enim</span> <span class='ocrx_word' id='word_1_306' title='bbox 2425 688 2595 771; x_wconf 88' lang='lat' dir='ltr'>quod</span> <span class='ocrx_word' id='word_1_307' title='bbox 2620 692 2718 753; x_wconf 90' lang='lat' dir='ltr'>est</span> <span class='ocrx_word' id='word_1_308' title='bbox 2739 689 3138 754; x_wconf 86' lang='lat' dir='ltr'>considerare</span> <span class='ocrx_word' id='word_1_309' title='bbox 3163 690 3432 782; x_wconf 76' lang='lat' dir='ltr'>univer-</span> 
     </span>
     <span class='ocr_line' id='line_1_48' title="bbox 1889 792 3431 875; baseline 0.003 -20"><span class='ocrx_word' id='word_1_310' title='bbox 1889 792 2136 858; x_wconf 85' lang='lat' dir='ltr'>sitatem</span> <span class='ocrx_word' id='word_1_311' title='bbox 2164 795 2516 859; x_wconf 81' lang='lat' dir='ltr'>formarum</span> <span class='ocrx_word' id='word_1_312' title='bbox 2552 795 2622 858; x_wconf 93' lang='lat' dir='ltr'>in</span> <span class='ocrx_word' id='word_1_313' title='bbox 2647 794 2810 874; x_wconf 90' lang='lat' dir='ltr'>De0,</span> <span class='ocrx_word' id='word_1_314' title='bbox 2853 796 2923 860; x_wconf 92' lang='lat' dir='ltr'>in</span> <span class='ocrx_word' id='word_1_315' title='bbox 2963 796 3212 875; x_wconf 87' lang='lat' dir='ltr'>anima,</span> <span class='ocrx_word' id='word_1_316' title='bbox 3262 798 3325 860; x_wconf 89' lang='lat' dir='ltr'>et</span> <span class='ocrx_word' id='word_1_317' title='bbox 3360 795 3431 860; x_wconf 89' lang='lat' dir='ltr'>in</span> 
     </span>
     <span class='ocr_line' id='line_1_49' title="bbox 1890 901 3430 982; baseline 0.003 -19"><span class='ocrx_word' id='word_1_318' title='bbox 1890 901 2135 966; x_wconf 90' lang='lat' dir='ltr'>mundo</span> <span class='ocrx_word' id='word_1_319' title='bbox 2158 951 2177 982; x_wconf 92' lang='lat'>,</span> <span class='ocrx_word' id='word_1_320' title='bbox 2211 902 2346 968; x_wconf 86' lang='lat' dir='ltr'>sive</span> <span class='ocrx_word' id='word_1_321' title='bbox 2373 902 2443 967; x_wconf 92' lang='lat' dir='ltr'>in</span> <span class='ocrx_word' id='word_1_322' title='bbox 2471 903 2761 967; x_wconf 88' lang='lat' dir='ltr'>materia.</span> <span class='ocrx_word' id='word_1_323' title='bbox 2790 902 2870 967; x_wconf 89' lang='lat' dir='ltr'>Et</span> <span class='ocrx_word' id='word_1_324' title='bbox 2904 902 2976 966; x_wconf 93' lang='lat' dir='ltr'>in</span> <span class='ocrx_word' id='word_1_325' title='bbox 3003 903 3269 967; x_wconf 88' lang='lat' dir='ltr'>materia</span> <span class='ocrx_word' id='word_1_326' title='bbox 3294 902 3430 968; x_wconf 89' lang='lat' dir='ltr'>sive</span> 
     </span>
     <span class='ocr_line' id='line_1_50' title="bbox 1888 1010 3430 1091; baseline -0.001 -17"><span class='ocrx_word' id='word_1_327' title='bbox 1888 1010 1959 1074; x_wconf 92' lang='lat' dir='ltr'>in</span> <span class='ocrx_word' id='word_1_328' title='bbox 1986 1010 2289 1075; x_wconf 86' lang='lat' dir='ltr'>universo</span> <span class='ocrx_word' id='word_1_329' title='bbox 2308 1059 2327 1091; x_wconf 96' lang='lat'>,</span> <span class='ocrx_word' id='word_1_330' title='bbox 2356 1011 2594 1074; x_wconf 89' lang='lat' dir='ltr'>habent</span> <span class='ocrx_word' id='word_1_331' title='bbox 2618 1010 3090 1075; x_wconf 82' lang='lat' dir='ltr'>distinctionem</span> <span class='ocrx_word' id='word_1_332' title='bbox 3112 1058 3131 1088; x_wconf 86' lang='lat'>,</span> <span class='ocrx_word' id='word_1_333' title='bbox 3160 1014 3223 1075; x_wconf 91' lang='lat' dir='ltr'>et</span> <span class='ocrx_word' id='word_1_334' title='bbox 3249 1027 3430 1074; x_wconf 89' lang='lat' dir='ltr'>com-</span> 
     </span>
     <span class='ocr_line' id='line_1_51' title="bbox 1889 1116 3429 1199; baseline 0.001 -20"><span class='ocrx_word' id='word_1_335' title='bbox 1889 1116 2271 1199; x_wconf 90' lang='lat' dir='ltr'>positionem</span> <span class='ocrx_word' id='word_1_336' title='bbox 2293 1165 2311 1197; x_wconf 94' lang='lat'>,</span> <span class='ocrx_word' id='word_1_337' title='bbox 2344 1120 2409 1181; x_wconf 91' lang='lat' dir='ltr'>et</span> <span class='ocrx_word' id='word_1_338' title='bbox 2447 1116 2907 1199; x_wconf 89' lang='lat' dir='ltr'>oppositionem</span> <span class='ocrx_word' id='word_1_339' title='bbox 2928 1165 2946 1197; x_wconf 93' lang='lat'>,</span> <span class='ocrx_word' id='word_1_340' title='bbox 2990 1117 3143 1199; x_wconf 89' lang='lat' dir='ltr'>quia</span> <span class='ocrx_word' id='word_1_341' title='bbox 3167 1120 3318 1182; x_wconf 88' lang='lat' dir='ltr'>sunt</span> <span class='ocrx_word' id='word_1_342' title='bbox 3340 1117 3429 1181; x_wconf 89' lang='lat' dir='ltr'>ibi</span> 
     </span>
     <span class='ocr_line' id='line_1_52' title="bbox 1892 1221 3427 1289; baseline 0.001 -2"><span class='ocrx_word' id='word_1_343' title='bbox 1892 1223 2321 1289; x_wconf 85' lang='lat' dir='ltr'>materialiter.</span> <span class='ocrx_word' id='word_1_344' title='bbox 2350 1221 2425 1288; x_wconf 93' lang='lat' dir='ltr'>In</span> <span class='ocrx_word' id='word_1_345' title='bbox 2450 1224 2668 1288; x_wconf 90' lang='lat' dir='ltr'>anima</span> <span class='ocrx_word' id='word_1_346' title='bbox 2689 1242 2844 1288; x_wconf 88' lang='lat' dir='ltr'>vero</span> <span class='ocrx_word' id='word_1_347' title='bbox 2873 1223 3161 1289; x_wconf 90' lang='lat' dir='ltr'>humana</span> <span class='ocrx_word' id='word_1_348' title='bbox 3188 1225 3427 1289; x_wconf 90' lang='lat' dir='ltr'>habent</span> 
     </span>
     <span class='ocr_line' id='line_1_53' title="bbox 1889 1329 3422 1415; baseline 0.001 -22"><span class='ocrx_word' id='word_1_349' title='bbox 1889 1329 2353 1395; x_wconf 88' lang='lat' dir='ltr'>distinctionem</span> <span class='ocrx_word' id='word_1_350' title='bbox 2398 1333 2461 1396; x_wconf 90' lang='lat' dir='ltr'>et</span> <span class='ocrx_word' id='word_1_351' title='bbox 2503 1331 3028 1415; x_wconf 80' lang='lat' dir='ltr'>compositionem</span> <span class='ocrx_word' id='word_1_352' title='bbox 3059 1380 3077 1412; x_wconf 93' lang='lat'>,</span> <span class='ocrx_word' id='word_1_353' title='bbox 3129 1331 3239 1396; x_wconf 89' lang='lat' dir='ltr'>sed</span> <span class='ocrx_word' id='word_1_354' title='bbox 3288 1349 3422 1395; x_wconf 93' lang='lat' dir='ltr'>non</span> 
     </span>
     <span class='ocr_line' id='line_1_54' title="bbox 1888 1435 3430 1521; baseline 0.001 -21"><span class='ocrx_word' id='word_1_355' title='bbox 1888 1435 2129 1501; x_wconf 88' lang='lat' dir='ltr'>habent</span> <span class='ocrx_word' id='word_1_356' title='bbox 2157 1437 2621 1521; x_wconf 88' lang='lat' dir='ltr'>oppositionem</span> <span class='ocrx_word' id='word_1_357' title='bbox 2654 1460 2669 1502; x_wconf 74' lang='grc' dir='ltr'>ε</span> <span class='ocrx_word' id='word_1_358' title='bbox 2701 1442 2765 1502; x_wconf 92' lang='lat' dir='ltr'>et</span> <span class='ocrx_word' id='word_1_359' title='bbox 2793 1438 2948 1518; x_wconf 92' lang='lat' dir='ltr'>hoc,</span> <span class='ocrx_word' id='word_1_360' title='bbox 2975 1437 3133 1520; x_wconf 88' lang='lat' dir='ltr'>quia</span> <span class='ocrx_word' id='word_1_361' title='bbox 3160 1441 3313 1502; x_wconf 89' lang='lat' dir='ltr'>sunt</span> <span class='ocrx_word' id='word_1_362' title='bbox 3337 1437 3430 1501; x_wconf 89' lang='lat' dir='ltr'>ibi</span> 
     </span>
     <span class='ocr_line' id='line_1_55' title="bbox 1890 1544 3430 1629; baseline 0.002 -22"><span class='ocrx_word' id='word_1_363' title='bbox 1890 1544 2105 1627; x_wconf 86' lang='lat' dir='ltr'>aliquo</span> <span class='ocrx_word' id='word_1_364' title='bbox 2147 1545 2335 1611; x_wconf 90' lang='lat' dir='ltr'>modo</span> <span class='ocrx_word' id='word_1_365' title='bbox 2370 1546 2780 1629; x_wconf 86' lang='lat' dir='ltr'>spiritualiter</span> <span class='ocrx_word' id='word_1_366' title='bbox 2808 1570 2824 1611; x_wconf 74' lang='grc' dir='ltr'>ε</span> <span class='ocrx_word' id='word_1_367' title='bbox 2866 1564 3000 1610; x_wconf 91' lang='lat' dir='ltr'>non</span> <span class='ocrx_word' id='word_1_368' title='bbox 3026 1550 3243 1611; x_wconf 90' lang='lat' dir='ltr'>tamen</span> <span class='ocrx_word' id='word_1_369' title='bbox 3286 1564 3430 1611; x_wconf 90' lang='lat' dir='ltr'>om-</span> 
     </span>
     <span class='ocr_line' id='line_1_56' title="bbox 1889 1650 3430 1735; baseline 0.002 -20"><span class='ocrx_word' id='word_1_370' title='bbox 1889 1650 2071 1731; x_wconf 91' lang='lat' dir='ltr'>nino,</span> <span class='ocrx_word' id='word_1_371' title='bbox 2102 1653 2256 1735; x_wconf 87' lang='lat' dir='ltr'>quia</span> <span class='ocrx_word' id='word_1_372' title='bbox 2273 1657 2485 1717; x_wconf 89' lang='lat' dir='ltr'>sunta</span> <span class='ocrx_word' id='word_1_373' title='bbox 2510 1654 2701 1717; x_wconf 86' lang='lat' dir='ltr'>rebus</span> <span class='ocrx_word' id='word_1_374' title='bbox 2727 1656 2911 1718; x_wconf 87' lang='lat' dir='ltr'>extra</span> <span class='ocrx_word' id='word_1_375' title='bbox 2937 1674 2953 1718; x_wconf 73' lang='grc' dir='ltr'>ε</span> <span class='ocrx_word' id='word_1_376' title='bbox 2981 1654 3121 1719; x_wconf 89' lang='lat' dir='ltr'>ideo</span> <span class='ocrx_word' id='word_1_377' title='bbox 3148 1658 3242 1718; x_wconf 89' lang='lat' dir='ltr'>est</span> <span class='ocrx_word' id='word_1_378' title='bbox 3263 1672 3430 1718; x_wconf 87' lang='lat' dir='ltr'>com-</span> 
     </span>
     <span class='ocr_line' id='line_1_57' title="bbox 1890 1758 3430 1839; baseline 0.003 -19"><span class='ocrx_word' id='word_1_379' title='bbox 1890 1758 2121 1839; x_wconf 87' lang='lat' dir='ltr'>positio</span> <span class='ocrx_word' id='word_1_380' title='bbox 2152 1780 2168 1822; x_wconf 90' lang='lat'>:</span> <span class='ocrx_word' id='word_1_381' title='bbox 2215 1759 2518 1824; x_wconf 82' lang='lat' dir='ltr'>differunt</span> <span class='ocrx_word' id='word_1_382' title='bbox 2557 1760 2733 1824; x_wconf 91' lang='lat' dir='ltr'>enim</span> <span class='ocrx_word' id='word_1_383' title='bbox 2779 1761 2861 1824; x_wconf 90' lang='lat' dir='ltr'>ab</span> <span class='ocrx_word' id='word_1_384' title='bbox 2901 1760 3140 1825; x_wconf 89' lang='lat' dir='ltr'>anima.</span> <span class='ocrx_word' id='word_1_385' title='bbox 3188 1760 3260 1825; x_wconf 95' lang='lat' dir='ltr'>In</span> <span class='ocrx_word' id='word_1_386' title='bbox 3304 1760 3430 1826; x_wconf 91' lang='lat' dir='ltr'>Deo</span> 
     </span>
     <span class='ocr_line' id='line_1_58' title="bbox 1891 1861 3430 1951; baseline 0.004 -24"><span class='ocrx_word' id='word_1_387' title='bbox 1891 1861 2132 1929; x_wconf 87' lang='lat' dir='ltr'>habent</span> <span class='ocrx_word' id='word_1_388' title='bbox 2156 1864 2621 1932; x_wconf 89' lang='lat' dir='ltr'>distinctionem</span> <span class='ocrx_word' id='word_1_389' title='bbox 2640 1913 2657 1945; x_wconf 91' lang='lat'>,</span> <span class='ocrx_word' id='word_1_390' title='bbox 2704 1867 2812 1932; x_wconf 88' lang='lat' dir='ltr'>sed</span> <span class='ocrx_word' id='word_1_391' title='bbox 2860 1884 2993 1931; x_wconf 91' lang='lat' dir='ltr'>non</span> <span class='ocrx_word' id='word_1_392' title='bbox 3027 1868 3430 1951; x_wconf 87' lang='lat' dir='ltr'>compositio-</span> 
     </span>
     <span class='ocr_line' id='line_1_59' title="bbox 1893 1976 3432 2059; baseline 0.003 -22"><span class='ocrx_word' id='word_1_393' title='bbox 1893 1991 2045 2038; x_wconf 90' lang='lat' dir='ltr'>nem</span> <span class='ocrx_word' id='word_1_394' title='bbox 2069 2022 2089 2054; x_wconf 94' lang='lat'>,</span> <span class='ocrx_word' id='word_1_395' title='bbox 2118 1992 2239 2038; x_wconf 88' lang='lat' dir='ltr'>nec</span> <span class='ocrx_word' id='word_1_396' title='bbox 2278 1976 2742 2059; x_wconf 88' lang='lat' dir='ltr'>oppositionem</span> <span class='ocrx_word' id='word_1_397' title='bbox 2762 2024 2779 2053; x_wconf 88' lang='lat'>‚</span> <span class='ocrx_word' id='word_1_398' title='bbox 2807 1979 3065 2059; x_wconf 87' lang='lat' dir='ltr'>propter</span> <span class='ocrx_word' id='word_1_399' title='bbox 3106 1995 3432 2042; x_wconf 90' lang='lat' dir='ltr'>summam</span> 
     </span>
     <span class='ocr_line' id='line_1_60' title="bbox 1897 2081 3430 2166; baseline 0.002 -21"><span class='ocrx_word' id='word_1_400' title='bbox 1897 2082 2386 2165; x_wconf 84' lang='lat' dir='ltr'>simplicitatem.</span> <span class='ocrx_word' id='word_1_401' title='bbox 2417 2082 2494 2147; x_wconf 88' lang='lat' dir='ltr'>Et</span> <span class='ocrx_word' id='word_1_402' title='bbox 2519 2083 2818 2166; x_wconf 86' lang='lat' dir='ltr'>quamvis</span> <span class='ocrx_word' id='word_1_403' title='bbox 2854 2084 2926 2148; x_wconf 90' lang='lat' dir='ltr'>in</span> <span class='ocrx_word' id='word_1_404' title='bbox 2964 2081 3093 2148; x_wconf 90' lang='lat' dir='ltr'>Deo</span> <span class='ocrx_word' id='word_1_405' title='bbox 3132 2083 3261 2148; x_wconf 93' lang='lat' dir='ltr'>sint</span> <span class='ocrx_word' id='word_1_406' title='bbox 3300 2083 3430 2148; x_wconf 86' lang='lat' dir='ltr'>dis-</span> 
     </span>
     <span class='ocr_line' id='line_1_61' title="bbox 1894 2188 3434 2274; baseline 0.001 -22"><span class='ocrx_word' id='word_1_407' title='bbox 1894 2188 2144 2267; x_wconf 71' lang='lat' dir='ltr'>tinctae,</span> <span class='ocrx_word' id='word_1_408' title='bbox 2187 2193 2341 2253; x_wconf 90' lang='lat' dir='ltr'>sunt</span> <span class='ocrx_word' id='word_1_409' title='bbox 2365 2193 2581 2254; x_wconf 90' lang='lat' dir='ltr'>tamen</span> <span class='ocrx_word' id='word_1_410' title='bbox 2625 2208 2835 2254; x_wconf 87' lang='lat' dir='ltr'>unum</span> <span class='ocrx_word' id='word_1_411' title='bbox 2876 2189 3237 2274; x_wconf 87' lang='lat' dir='ltr'>exemplar,</span> <span class='ocrx_word' id='word_1_412' title='bbox 3268 2191 3434 2255; x_wconf 89' lang='lat' dir='ltr'>sicut</span> 
     </span>
     <span class='ocr_line' id='line_1_62' title="bbox 1893 2295 3434 2381; baseline 0.003 -22"><span class='ocrx_word' id='word_1_413' title='bbox 1893 2295 2109 2378; x_wconf 89' lang='lat' dir='ltr'>plures</span> <span class='ocrx_word' id='word_1_414' title='bbox 2152 2298 2377 2362; x_wconf 83' lang='lat' dir='ltr'>formae</span> <span class='ocrx_word' id='word_1_415' title='bbox 2416 2298 2830 2381; x_wconf 84' lang='lat' dir='ltr'>particulares</span> <span class='ocrx_word' id='word_1_416' title='bbox 2858 2298 2929 2363; x_wconf 92' lang='lat' dir='ltr'>in</span> <span class='ocrx_word' id='word_1_417' title='bbox 2957 2298 3166 2381; x_wconf 86' lang='lat' dir='ltr'>sigillo</span> <span class='ocrx_word' id='word_1_418' title='bbox 3191 2298 3434 2364; x_wconf 78' lang='lat' dir='ltr'>faciunt</span> 
     </span>
     <span class='ocr_line' id='line_1_63' title="bbox 1894 2404 3433 2490; baseline 0.003 -22"><span class='ocrx_word' id='word_1_419' title='bbox 1894 2422 2104 2469; x_wconf 92' lang='lat' dir='ltr'>unum</span> <span class='ocrx_word' id='word_1_420' title='bbox 2130 2405 2439 2488; x_wconf 90' lang='lat' dir='ltr'>sigillum.</span> <span class='ocrx_word' id='word_1_421' title='bbox 2470 2404 2594 2471; x_wconf 89' lang='lat' dir='ltr'>Sed</span> <span class='ocrx_word' id='word_1_422' title='bbox 2619 2406 2739 2471; x_wconf 89' lang='lat' dir='ltr'>ista</span> <span class='ocrx_word' id='word_1_423' title='bbox 2763 2408 2990 2490; x_wconf 87' lang='lat' dir='ltr'>positio</span> <span class='ocrx_word' id='word_1_424' title='bbox 3030 2408 3325 2490; x_wconf 84' lang='lat' dir='ltr'>quamvis</span> <span class='ocrx_word' id='word_1_425' title='bbox 3361 2407 3433 2472; x_wconf 89' lang='lat' dir='ltr'>in</span> 
     </span>
     <span class='ocr_line' id='line_1_64' title="bbox 1892 2514 3433 2598; baseline 0.003 -20"><span class='ocrx_word' id='word_1_426' title='bbox 1892 2514 1993 2579; x_wconf 88' lang='lat' dir='ltr'>sui</span> <span class='ocrx_word' id='word_1_427' title='bbox 2027 2514 2211 2580; x_wconf 88' lang='lat' dir='ltr'>initio</span> <span class='ocrx_word' id='word_1_428' title='bbox 2237 2515 2528 2580; x_wconf 84' lang='lat' dir='ltr'>videatur</span> <span class='ocrx_word' id='word_1_429' title='bbox 2551 2516 2898 2598; x_wconf 88' lang='lat' dir='ltr'>probabilis</span> <span class='ocrx_word' id='word_1_430' title='bbox 2914 2566 2931 2596; x_wconf 89' lang='lat'>‚</span> <span class='ocrx_word' id='word_1_431' title='bbox 2964 2518 3032 2581; x_wconf 89' lang='lat' dir='ltr'>in</span> <span class='ocrx_word' id='word_1_432' title='bbox 3061 2518 3190 2581; x_wconf 85' lang='lat' dir='ltr'>fine</span> <span class='ocrx_word' id='word_1_433' title='bbox 3216 2522 3433 2583; x_wconf 89' lang='lat' dir='ltr'>tamen</span> 
     </span>
     <span class='ocr_line' id='line_1_65' title="bbox 1893 2621 3434 2707; baseline 0.005 -24"><span class='ocrx_word' id='word_1_434' title='bbox 1893 2621 2175 2686; x_wconf 88' lang='lat' dir='ltr'>continet</span> <span class='ocrx_word' id='word_1_435' title='bbox 2190 2641 2494 2687; x_wconf 88' lang='lat' dir='ltr'>errorem.</span> <span class='ocrx_word' id='word_1_436' title='bbox 2522 2621 2685 2687; x_wconf 91' lang='lat' dir='ltr'>Nam</span> <span class='ocrx_word' id='word_1_437' title='bbox 2707 2624 2761 2687; x_wconf 88' lang='lat' dir='ltr'>si</span> <span class='ocrx_word' id='word_1_438' title='bbox 2783 2624 2853 2687; x_wconf 93' lang='lat' dir='ltr'>in</span> <span class='ocrx_word' id='word_1_439' title='bbox 2866 2623 2993 2689; x_wconf 92' lang='lat' dir='ltr'>Deo</span> <span class='ocrx_word' id='word_1_440' title='bbox 3012 2628 3177 2690; x_wconf 87' lang='lat' dir='ltr'>esset</span> <span class='ocrx_word' id='word_1_441' title='bbox 3197 2643 3434 2707; x_wconf 90' lang='lat' dir='ltr'>ponere</span> 
     </span>
     <span class='ocr_line' id='line_1_66' title="bbox 1891 2728 3432 2814; baseline 0.004 -21"><span class='ocrx_word' id='word_1_442' title='bbox 1891 2728 2063 2794; x_wconf 85' lang='lat' dir='ltr'>ideas</span> <span class='ocrx_word' id='word_1_443' title='bbox 2089 2730 2341 2795; x_wconf 81' lang='lat' dir='ltr'>realiter</span> <span class='ocrx_word' id='word_1_444' title='bbox 2361 2731 2723 2796; x_wconf 81' lang='lat' dir='ltr'>differentes</span> <span class='ocrx_word' id='word_1_445' title='bbox 2744 2732 2882 2796; x_wconf 89' lang='lat' dir='ltr'>sive</span> <span class='ocrx_word' id='word_1_446' title='bbox 2903 2733 3254 2814; x_wconf 74' lang='lat' dir='ltr'>distinctaS‚</span> <span class='ocrx_word' id='word_1_447' title='bbox 3275 2738 3432 2799; x_wconf 88' lang='lat' dir='ltr'>tunc</span> 
     </span>
     <span class='ocr_line' id='line_1_67' title="bbox 1891 2839 3428 2925; baseline 0.003 -24"><span class='ocrx_word' id='word_1_448' title='bbox 1891 2842 2055 2922; x_wconf 70' lang='lat' dir='ltr'>esset</span> <span class='ocrx_word' id='word_1_449' title='bbox 2081 2839 2172 2901; x_wconf 90' lang='lat' dir='ltr'>ibi</span> <span class='ocrx_word' id='word_1_450' title='bbox 2199 2840 2326 2903; x_wconf 87' lang='lat' dir='ltr'>alia</span> <span class='ocrx_word' id='word_1_451' title='bbox 2363 2840 2689 2922; x_wconf 87' lang='lat' dir='ltr'>pluralitas</span> <span class='ocrx_word' id='word_1_452' title='bbox 2715 2841 2901 2904; x_wconf 86' lang='lat' dir='ltr'>realis</span> <span class='ocrx_word' id='word_1_453' title='bbox 2927 2859 3125 2924; x_wconf 87' lang='lat' dir='ltr'>quam</span> <span class='ocrx_word' id='word_1_454' title='bbox 3164 2843 3244 2906; x_wconf 86' lang='lat' dir='ltr'>sit</span> <span class='ocrx_word' id='word_1_455' title='bbox 3284 2842 3428 2925; x_wconf 91' lang='lat' dir='ltr'>plu-</span> 
     </span>
     <span class='ocr_line' id='line_1_68' title="bbox 1890 2946 3427 3031; baseline 0.002 -21"><span class='ocrx_word' id='word_1_456' title='bbox 1890 2946 2108 3010; x_wconf 87' lang='lat' dir='ltr'>ralitas</span> <span class='ocrx_word' id='word_1_457' title='bbox 2123 2946 2504 3030; x_wconf 85' lang='lat' dir='ltr'>personalis:</span> <span class='ocrx_word' id='word_1_458' title='bbox 2526 2947 2700 3029; x_wconf 86' lang='lat' dir='ltr'>quod</span> <span class='ocrx_word' id='word_1_459' title='bbox 2712 2947 3060 3012; x_wconf 87' lang='lat' dir='ltr'>abhorrent</span> <span class='ocrx_word' id='word_1_460' title='bbox 3076 2966 3264 3013; x_wconf 87' lang='lat' dir='ltr'>aures</span> <span class='ocrx_word' id='word_1_461' title='bbox 3281 2949 3427 3031; x_wconf 82' lang='lat' dir='ltr'>piae.</span> 
     </span>
     <span class='ocr_line' id='line_1_69' title="bbox 1892 3052 3431 3138; baseline 0.001 -19"><span class='ocrx_word' id='word_1_462' title='bbox 1892 3052 1958 3119; x_wconf 89' lang='lat' dir='ltr'>Si</span> <span class='ocrx_word' id='word_1_463' title='bbox 1983 3054 2153 3120; x_wconf 85' lang='lat' dir='ltr'>dicas</span> <span class='ocrx_word' id='word_1_464' title='bbox 2165 3053 2341 3138; x_wconf 88' lang='lat' dir='ltr'>quod</span> <span class='ocrx_word' id='word_1_465' title='bbox 2359 3072 2489 3119; x_wconf 93' lang='lat' dir='ltr'>non</span> <span class='ocrx_word' id='word_1_466' title='bbox 2504 3056 2602 3119; x_wconf 88' lang='lat' dir='ltr'>est</span> <span class='ocrx_word' id='word_1_467' title='bbox 2617 3054 3046 3137; x_wconf 88' lang='lat' dir='ltr'>pluralitatem</span> <span class='ocrx_word' id='word_1_468' title='bbox 3073 3054 3431 3121; x_wconf 88' lang='lat' dir='ltr'>absolutam</span> 
     </span>
     <span class='ocr_line' id='line_1_70' title="bbox 1890 3163 3430 3247; baseline 0 -20"><span class='ocrx_word' id='word_1_469' title='bbox 1890 3180 2150 3247; x_wconf 88' lang='lat' dir='ltr'>ponere,</span> <span class='ocrx_word' id='word_1_470' title='bbox 2180 3163 2291 3227; x_wconf 89' lang='lat' dir='ltr'>sed</span> <span class='ocrx_word' id='word_1_471' title='bbox 2319 3164 2764 3245; x_wconf 87' lang='lat' dir='ltr'>respectivam,</span> <span class='ocrx_word' id='word_1_472' title='bbox 2793 3168 2950 3227; x_wconf 86' lang='lat' dir='ltr'>tunc</span> <span class='ocrx_word' id='word_1_473' title='bbox 2975 3180 3199 3246; x_wconf 82' lang='lat' dir='ltr'>quaero</span> <span class='ocrx_word' id='word_1_474' title='bbox 3221 3163 3300 3228; x_wconf 91' lang='lat' dir='ltr'>de</span> <span class='ocrx_word' id='word_1_475' title='bbox 3321 3164 3430 3228; x_wconf 88' lang='lat' dir='ltr'>illo</span> 
     </span>
     <span class='ocr_line' id='line_1_71' title="bbox 1890 3270 3428 3355; baseline -0.002 -18"><span class='ocrx_word' id='word_1_476' title='bbox 1890 3275 2183 3355; x_wconf 83' lang='lat' dir='ltr'>respectu</span> <span class='ocrx_word' id='word_1_477' title='bbox 2214 3294 2229 3334; x_wconf 75' lang='grc' dir='ltr'>ε</span> <span class='ocrx_word' id='word_1_478' title='bbox 2268 3275 2382 3336; x_wconf 87' lang='lat' dir='ltr'>aut</span> <span class='ocrx_word' id='word_1_479' title='bbox 2429 3275 2525 3334; x_wconf 87' lang='lat' dir='ltr'>est</span> <span class='ocrx_word' id='word_1_480' title='bbox 2556 3270 2797 3354; x_wconf 84' lang='lat' dir='ltr'>aliquid</span> <span class='ocrx_word' id='word_1_481' title='bbox 2819 3318 2838 3350; x_wconf 91' lang='lat'>,</span> <span class='ocrx_word' id='word_1_482' title='bbox 2870 3274 2982 3335; x_wconf 88' lang='lat' dir='ltr'>aut</span> <span class='ocrx_word' id='word_1_483' title='bbox 3007 3270 3169 3334; x_wconf 86' lang='lat' dir='ltr'>nihil</span> <span class='ocrx_word' id='word_1_484' title='bbox 3200 3289 3217 3333; x_wconf 71' lang='grc' dir='ltr'>ε</span> <span class='ocrx_word' id='word_1_485' title='bbox 3247 3270 3301 3334; x_wconf 87' lang='lat' dir='ltr'>si</span> <span class='ocrx_word' id='word_1_486' title='bbox 3329 3270 3428 3334; x_wconf 91' lang='lat' dir='ltr'>ni-</span> 
     </span>
     <span class='ocr_line' id='line_1_72' title="bbox 1891 3375 3429 3460; baseline -0.001 -17"><span class='ocrx_word' id='word_1_487' title='bbox 1891 3379 2007 3458; x_wconf 89' lang='lat' dir='ltr'>hil,</span> <span class='ocrx_word' id='word_1_488' title='bbox 2039 3378 2220 3444; x_wconf 90' lang='lat' dir='ltr'>nulla</span> <span class='ocrx_word' id='word_1_489' title='bbox 2246 3381 2342 3442; x_wconf 90' lang='lat' dir='ltr'>est</span> <span class='ocrx_word' id='word_1_490' title='bbox 2364 3377 2453 3442; x_wconf 90' lang='lat' dir='ltr'>ibi</span> <span class='ocrx_word' id='word_1_491' title='bbox 2485 3377 2672 3442; x_wconf 89' lang='lat' dir='ltr'>realis</span> <span class='ocrx_word' id='word_1_492' title='bbox 2695 3377 3013 3442; x_wconf 88' lang='lat' dir='ltr'>distinctio</span> <span class='ocrx_word' id='word_1_493' title='bbox 3035 3397 3052 3456; x_wconf 90' lang='lat'>;</span> <span class='ocrx_word' id='word_1_494' title='bbox 3083 3379 3135 3440; x_wconf 92' lang='lat' dir='ltr'>si</span> <span class='ocrx_word' id='word_1_495' title='bbox 3159 3375 3429 3460; x_wconf 82' lang='lat' dir='ltr'>aliquid,</span> 
     </span>
     <span class='ocr_line' id='line_1_73' title="bbox 1890 3482 3432 3551; baseline -0.003 0"><span class='ocrx_word' id='word_1_496' title='bbox 1890 3504 2024 3551; x_wconf 91' lang='lat' dir='ltr'>non</span> <span class='ocrx_word' id='word_1_497' title='bbox 2070 3490 2165 3551; x_wconf 89' lang='lat' dir='ltr'>est</span> <span class='ocrx_word' id='word_1_498' title='bbox 2210 3485 2361 3551; x_wconf 88' lang='lat' dir='ltr'>dare</span> <span class='ocrx_word' id='word_1_499' title='bbox 2403 3486 2529 3550; x_wconf 88' lang='lat' dir='ltr'>nisi</span> <span class='ocrx_word' id='word_1_500' title='bbox 2575 3485 2861 3550; x_wconf 85' lang='lat' dir='ltr'>divinam</span> <span class='ocrx_word' id='word_1_501' title='bbox 2908 3484 3246 3548; x_wconf 61' lang='lat' dir='ltr'>essentiam</span> <span class='ocrx_word' id='word_1_502' title='bbox 3277 3504 3292 3549; x_wconf 73' lang='grc' dir='ltr'><strong><em>ε</em></strong></span> <span class='ocrx_word' id='word_1_503' title='bbox 3324 3482 3432 3547; x_wconf 88' lang='lat' dir='ltr'>sed</span> 
     </span>
     <span class='ocr_line' id='line_1_74' title="bbox 1891 3594 3429 3662; baseline -0.002 -1"><span class='ocrx_word' id='word_1_504' title='bbox 1891 3597 2108 3662; x_wconf 89' lang='lat' dir='ltr'>omnia</span> <span class='ocrx_word' id='word_1_505' title='bbox 2123 3597 2478 3662; x_wconf 87' lang='lat' dir='ltr'>essentialia</span> <span class='ocrx_word' id='word_1_506' title='bbox 2499 3596 2573 3661; x_wconf 89' lang='lat' dir='ltr'>in</span> <span class='ocrx_word' id='word_1_507' title='bbox 2596 3597 2722 3662; x_wconf 92' lang='lat' dir='ltr'>Deo</span> <span class='ocrx_word' id='word_1_508' title='bbox 2747 3614 2960 3661; x_wconf 90' lang='lat' dir='ltr'>unum</span> <span class='ocrx_word' id='word_1_509' title='bbox 2978 3599 3149 3661; x_wconf 90' lang='lat' dir='ltr'>sunt.</span> <span class='ocrx_word' id='word_1_510' title='bbox 3179 3594 3258 3661; x_wconf 90' lang='lat' dir='ltr'>Et</span> <span class='ocrx_word' id='word_1_511' title='bbox 3282 3594 3429 3659; x_wconf 89' lang='lat' dir='ltr'>ideo</span> 
     </span>
     <span class='ocr_line' id='line_1_75' title="bbox 1891 3703 3433 3787; baseline -0.002 -19"><span class='ocrx_word' id='word_1_512' title='bbox 1891 3707 1986 3768; x_wconf 88' lang='lat' dir='ltr'>est</span> <span class='ocrx_word' id='word_1_513' title='bbox 2009 3703 2136 3768; x_wconf 86' lang='lat' dir='ltr'>alia</span> <span class='ocrx_word' id='word_1_514' title='bbox 2179 3704 2407 3787; x_wconf 88' lang='lat' dir='ltr'>positio</span> <span class='ocrx_word' id='word_1_515' title='bbox 2430 3751 2448 3781; x_wconf 91' lang='lat'>‚</span> <span class='ocrx_word' id='word_1_516' title='bbox 2483 3704 2654 3787; x_wconf 88' lang='lat' dir='ltr'>quod</span> <span class='ocrx_word' id='word_1_517' title='bbox 2695 3704 2855 3769; x_wconf 84' lang='lat' dir='ltr'>ideae</span> <span class='ocrx_word' id='word_1_518' title='bbox 2896 3708 3047 3767; x_wconf 90' lang='lat' dir='ltr'>sunt</span> <span class='ocrx_word' id='word_1_519' title='bbox 3083 3719 3295 3766; x_wconf 91' lang='lat' dir='ltr'>unum</span> <span class='ocrx_word' id='word_1_520' title='bbox 3329 3718 3433 3765; x_wconf 88' lang='lat' dir='ltr'>se-</span> 
     </span>
     <span class='ocr_line' id='line_1_76' title="bbox 1889 3809 3431 3895; baseline 0.001 -22"><span class='ocrx_word' id='word_1_521' title='bbox 1889 3810 2175 3875; x_wconf 90' lang='lat' dir='ltr'>cundum</span> <span class='ocrx_word' id='word_1_522' title='bbox 2200 3829 2370 3891; x_wconf 88' lang='lat' dir='ltr'>rem,</span> <span class='ocrx_word' id='word_1_523' title='bbox 2414 3815 2479 3875; x_wconf 92' lang='lat' dir='ltr'>et</span> <span class='ocrx_word' id='word_1_524' title='bbox 2514 3813 2636 3876; x_wconf 92' lang='lat' dir='ltr'>hoc</span> <span class='ocrx_word' id='word_1_525' title='bbox 2667 3814 2841 3895; x_wconf 87' lang='lat' dir='ltr'>patet</span> <span class='ocrx_word' id='word_1_526' title='bbox 2866 3811 2954 3875; x_wconf 89' lang='lat' dir='ltr'>sic</span> <span class='ocrx_word' id='word_1_527' title='bbox 2985 3833 3000 3875; x_wconf 73' lang='grc' dir='ltr'>ε</span> <span class='ocrx_word' id='word_1_528' title='bbox 3029 3811 3176 3875; x_wconf 92' lang='lat' dir='ltr'>Idea</span> <span class='ocrx_word' id='word_1_529' title='bbox 3202 3811 3273 3873; x_wconf 92' lang='lat' dir='ltr'>in</span> <span class='ocrx_word' id='word_1_530' title='bbox 3305 3809 3431 3874; x_wconf 90' lang='lat' dir='ltr'>Deo</span> 
     </span>
     <span class='ocr_line' id='line_1_77' title="bbox 1889 3915 3429 4001; baseline 0 -20"><span class='ocrx_word' id='word_1_531' title='bbox 1889 3915 2042 3982; x_wconf 87' lang='lat' dir='ltr'>dicit</span> <span class='ocrx_word' id='word_1_532' title='bbox 2064 3918 2548 3984; x_wconf 87' lang='lat' dir='ltr'>similitudinem</span> <span class='ocrx_word' id='word_1_533' title='bbox 2568 3968 2585 3998; x_wconf 89' lang='lat'>‚</span> <span class='ocrx_word' id='word_1_534' title='bbox 2634 3937 2781 4001; x_wconf 81' lang='lat' dir='ltr'>quae</span> <span class='ocrx_word' id='word_1_535' title='bbox 2817 3922 2912 3983; x_wconf 89' lang='lat' dir='ltr'>est</span> <span class='ocrx_word' id='word_1_536' title='bbox 2952 3918 3115 3983; x_wconf 90' lang='lat' dir='ltr'>ratio</span> <span class='ocrx_word' id='word_1_537' title='bbox 3154 3936 3429 4000; x_wconf 90' lang='lat' dir='ltr'>cognos-</span> 
     </span>
     <span class='ocr_line' id='line_1_78' title="bbox 1889 4024 3432 4108; baseline 0 -20"><span class='ocrx_word' id='word_1_538' title='bbox 1889 4024 2068 4089; x_wconf 89' lang='lat' dir='ltr'>cendi</span> <span class='ocrx_word' id='word_1_539' title='bbox 2100 4048 2115 4089; x_wconf 73' lang='grc' dir='ltr'>ε</span> <span class='ocrx_word' id='word_1_540' title='bbox 2147 4025 2253 4090; x_wconf 89' lang='lat' dir='ltr'>illa</span> <span class='ocrx_word' id='word_1_541' title='bbox 2277 4031 2494 4091; x_wconf 88' lang='lat' dir='ltr'>autem</span> <span class='ocrx_word' id='word_1_542' title='bbox 2522 4026 2877 4091; x_wconf 88' lang='lat' dir='ltr'>secundum</span> <span class='ocrx_word' id='word_1_543' title='bbox 2904 4044 3045 4090; x_wconf 90' lang='lat' dir='ltr'>rem</span> <span class='ocrx_word' id='word_1_544' title='bbox 3070 4028 3165 4089; x_wconf 89' lang='lat' dir='ltr'>est</span> <span class='ocrx_word' id='word_1_545' title='bbox 3188 4025 3328 4108; x_wconf 90' lang='lat' dir='ltr'>ipsa</span> <span class='ocrx_word' id='word_1_546' title='bbox 3344 4025 3432 4089; x_wconf 88' lang='lat' dir='ltr'>di-</span> 
     </span>
     <span class='ocr_line' id='line_1_79' title="bbox 1887 4130 3433 4216; baseline 0 -20"><span class='ocrx_word' id='word_1_547' title='bbox 1887 4130 2041 4197; x_wconf 81' lang='lat' dir='ltr'>vina</span> <span class='ocrx_word' id='word_1_548' title='bbox 2060 4130 2323 4212; x_wconf 88' lang='lat' dir='ltr'>veritas,</span> <span class='ocrx_word' id='word_1_549' title='bbox 2350 4133 2516 4197; x_wconf 88' lang='lat' dir='ltr'>sicut</span> <span class='ocrx_word' id='word_1_550' title='bbox 2538 4152 2735 4216; x_wconf 87' lang='lat' dir='ltr'>supra</span> <span class='ocrx_word' id='word_1_551' title='bbox 2760 4135 3186 4197; x_wconf 89' lang='lat' dir='ltr'>monstratum</span> <span class='ocrx_word' id='word_1_552' title='bbox 3203 4136 3298 4197; x_wconf 88' lang='lat' dir='ltr'>est</span> <span class='ocrx_word' id='word_1_553' title='bbox 3324 4153 3340 4195; x_wconf 79' lang='lat' dir='ltr'>t</span> <span class='ocrx_word' id='word_1_554' title='bbox 3368 4133 3433 4196; x_wconf 87' lang='lat' dir='ltr'>et</span> 
     </span>
     <span class='ocr_line' id='line_1_80' title="bbox 1887 4239 3432 4325; baseline 0.001 -23"><span class='ocrx_word' id='word_1_555' title='bbox 1887 4239 2044 4321; x_wconf 83' lang='lat' dir='ltr'>quia</span> <span class='ocrx_word' id='word_1_556' title='bbox 2069 4239 2179 4304; x_wconf 89' lang='lat' dir='ltr'>illa</span> <span class='ocrx_word' id='word_1_557' title='bbox 2202 4243 2298 4304; x_wconf 88' lang='lat' dir='ltr'>est</span> <span class='ocrx_word' id='word_1_558' title='bbox 2318 4259 2473 4320; x_wconf 88' lang='lat' dir='ltr'>una,</span> <span class='ocrx_word' id='word_1_559' title='bbox 2501 4245 2672 4325; x_wconf 88' lang='lat' dir='ltr'>patet</span> <span class='ocrx_word' id='word_1_560' title='bbox 2699 4241 2873 4324; x_wconf 87' lang='lat' dir='ltr'>quod</span> <span class='ocrx_word' id='word_1_561' title='bbox 2900 4260 3013 4324; x_wconf 90' lang='lat' dir='ltr'>per</span> <span class='ocrx_word' id='word_1_562' title='bbox 3035 4258 3182 4306; x_wconf 90' lang='lat' dir='ltr'>eam</span> <span class='ocrx_word' id='word_1_563' title='bbox 3207 4256 3432 4304; x_wconf 83' lang='lat' dir='ltr'>omnes</span> 
     </span>
     <span class='ocr_line' id='line_1_81' title="bbox 1887 4344 3429 4429; baseline 0.002 -21"><span class='ocrx_word' id='word_1_564' title='bbox 1887 4344 2049 4410; x_wconf 83' lang='lat' dir='ltr'>ideae</span> <span class='ocrx_word' id='word_1_565' title='bbox 2075 4364 2286 4411; x_wconf 90' lang='lat' dir='ltr'>unum</span> <span class='ocrx_word' id='word_1_566' title='bbox 2327 4350 2500 4411; x_wconf 87' lang='lat' dir='ltr'>sunt.</span> <span class='ocrx_word' id='word_1_567' title='bbox 2546 4346 2624 4411; x_wconf 87' lang='lat' dir='ltr'>Et</span> <span class='ocrx_word' id='word_1_568' title='bbox 2647 4347 2771 4412; x_wconf 92' lang='lat' dir='ltr'>hoc</span> <span class='ocrx_word' id='word_1_569' title='bbox 2797 4347 2950 4412; x_wconf 89' lang='lat' dir='ltr'>dicit</span> <span class='ocrx_word' id='word_1_570' title='bbox 2975 4346 3381 4429; x_wconf 82' lang='lat' dir='ltr'>Augustinus</span> <span class='ocrx_word' id='word_1_571' title='bbox 3403 4347 3429 4382; x_wconf 75' lang='lat'>‘</span> 
     </span>
     <span class='ocr_line' id='line_1_82' title="bbox 1887 4453 3426 4536; baseline 0.001 -19"><span class='ocrx_word' id='word_1_572' title='bbox 1887 4469 2207 4536; x_wconf 88' lang='lat' dir='ltr'>expresse,</span> <span class='ocrx_word' id='word_1_573' title='bbox 2237 4453 2393 4536; x_wconf 86' lang='lat' dir='ltr'>quia</span> <span class='ocrx_word' id='word_1_574' title='bbox 2416 4454 2486 4517; x_wconf 89' lang='lat' dir='ltr'>in</span> <span class='ocrx_word' id='word_1_575' title='bbox 2509 4453 2767 4518; x_wconf 90' lang='lat' dir='ltr'>illaarte</span> <span class='ocrx_word' id='word_1_576' title='bbox 2786 4453 3005 4519; x_wconf 89' lang='lat' dir='ltr'>omnia</span> <span class='ocrx_word' id='word_1_577' title='bbox 3025 4457 3176 4517; x_wconf 89' lang='lat' dir='ltr'>sunt</span> <span class='ocrx_word' id='word_1_578' title='bbox 3191 4470 3426 4518; x_wconf 90' lang='lat' dir='ltr'>unum.</span> 
     </span>
    </p>

    <p class='ocr_par' dir='ltr' id='par_1_15' title="bbox 1886 4560 3430 5291">
     <span class='ocr_line' id='line_1_83' title="bbox 1969 4560 3430 4645; baseline 0.001 -22"><span class='ocrx_word' id='word_1_579' title='bbox 1969 4565 2000 4623; x_wconf 85' lang='lat'><strong>1</strong></span> <span class='ocrx_word' id='word_1_580' title='bbox 2013 4607 2029 4624; x_wconf 92' lang='lat'>.</span> <span class='ocrx_word' id='word_1_581' title='bbox 2061 4560 2162 4626; x_wconf 88' lang='lat' dir='ltr'>Ad</span> <span class='ocrx_word' id='word_1_582' title='bbox 2183 4561 2343 4626; x_wconf 90' lang='lat' dir='ltr'>illud</span> <span class='ocrx_word' id='word_1_583' title='bbox 2371 4579 2529 4642; x_wconf 86' lang='lat' dir='ltr'>ergo</span> <span class='ocrx_word' id='word_1_584' title='bbox 2553 4562 2725 4644; x_wconf 86' lang='lat' dir='ltr'>quod</span> <span class='ocrx_word' id='word_1_585' title='bbox 2754 4562 3053 4645; x_wconf 77' lang='lat' dir='ltr'>objicitur</span> <span class='ocrx_word' id='word_1_586' title='bbox 3078 4561 3252 4645; x_wconf 86' lang='lat' dir='ltr'>quod</span> <span class='ocrx_word' id='word_1_587' title='bbox 3276 4563 3430 4626; x_wconf 90' lang='lat' dir='ltr'>sunt</span> 
     </span>
     <span class='ocr_line' id='line_1_84' title="bbox 1886 4666 3422 4752; baseline 0 -22"><span class='ocrx_word' id='word_1_588' title='bbox 1886 4666 2145 4746; x_wconf 64' lang='lat' dir='ltr'>formae,</span> <span class='ocrx_word' id='word_1_589' title='bbox 2175 4667 2516 4733; x_wconf 90' lang='lat' dir='ltr'>dicendum</span> <span class='ocrx_word' id='word_1_590' title='bbox 2561 4669 2734 4750; x_wconf 89' lang='lat' dir='ltr'>quod</span> <span class='ocrx_word' id='word_1_591' title='bbox 2768 4669 2978 4733; x_wconf 78' lang='lat' dir='ltr'>forma</span> <span class='ocrx_word' id='word_1_592' title='bbox 3022 4669 3262 4752; x_wconf 90' lang='lat' dir='ltr'>duplex</span> <span class='ocrx_word' id='word_1_593' title='bbox 3292 4669 3422 4746; x_wconf 86' lang='lat' dir='ltr'>est,</span> 
     </span>
     <span class='ocr_line' id='line_1_85' title="bbox 1887 4776 3430 4860; baseline 0.001 -22"><span class='ocrx_word' id='word_1_594' title='bbox 1887 4776 2123 4840; x_wconf 89' lang='lat' dir='ltr'>scilicet</span> <span class='ocrx_word' id='word_1_595' title='bbox 2145 4777 2352 4841; x_wconf 83' lang='lat' dir='ltr'>forma</span> <span class='ocrx_word' id='word_1_596' title='bbox 2377 4793 2526 4859; x_wconf 80' lang='lat' dir='ltr'>quae</span> <span class='ocrx_word' id='word_1_597' title='bbox 2552 4779 2650 4841; x_wconf 91' lang='lat' dir='ltr'>est</span> <span class='ocrx_word' id='word_1_598' title='bbox 2671 4777 2971 4860; x_wconf 82' lang='lat' dir='ltr'>perfectio</span> <span class='ocrx_word' id='word_1_599' title='bbox 2996 4778 3112 4856; x_wconf 86' lang='lat' dir='ltr'>rei,</span> <span class='ocrx_word' id='word_1_600' title='bbox 3139 4780 3202 4841; x_wconf 90' lang='lat' dir='ltr'>et</span> <span class='ocrx_word' id='word_1_601' title='bbox 3225 4776 3430 4840; x_wconf 82' lang='lat' dir='ltr'>forma</span> 
     </span>
     <span class='ocr_line' id='line_1_86' title="bbox 1886 4882 3427 4967; baseline -0.002 -19"><span class='ocrx_word' id='word_1_602' title='bbox 1886 4883 2290 4967; x_wconf 79' lang='lat' dir='ltr'>exemplaris,</span> <span class='ocrx_word' id='word_1_603' title='bbox 2325 4882 2401 4947; x_wconf 84' lang='lat' dir='ltr'>Et</span> <span class='ocrx_word' id='word_1_604' title='bbox 2437 4882 2841 4966; x_wconf 77' lang='lat' dir='ltr'>Augustinus</span> <span class='ocrx_word' id='word_1_605' title='bbox 2870 4884 3098 4967; x_wconf 87' lang='lat' dir='ltr'>accipit</span> <span class='ocrx_word' id='word_1_606' title='bbox 3139 4883 3312 4948; x_wconf 88' lang='lat' dir='ltr'>ideas</span> <span class='ocrx_word' id='word_1_607' title='bbox 3355 4882 3427 4946; x_wconf 88' lang='lat' dir='ltr'>in</span> 
     </span>
     <span class='ocr_line' id='line_1_87' title="bbox 1886 4990 3427 5075; baseline -0.004 -16"><span class='ocrx_word' id='word_1_608' title='bbox 1886 4993 2132 5059; x_wconf 89' lang='lat' dir='ltr'>ratione</span> <span class='ocrx_word' id='word_1_609' title='bbox 2157 4994 2379 5058; x_wconf 81' lang='lat' dir='ltr'>formae</span> <span class='ocrx_word' id='word_1_610' title='bbox 2418 5010 2535 5075; x_wconf 88' lang='lat' dir='ltr'>pro</span> <span class='ocrx_word' id='word_1_611' title='bbox 2571 4992 2779 5057; x_wconf 85' lang='lat' dir='ltr'>forma</span> <span class='ocrx_word' id='word_1_612' title='bbox 2827 4990 3176 5073; x_wconf 89' lang='lat' dir='ltr'>exemplari</span> <span class='ocrx_word' id='word_1_613' title='bbox 3208 5012 3225 5054; x_wconf 72' lang='grc' dir='ltr'>ι</span> <span class='ocrx_word' id='word_1_614' title='bbox 3258 4994 3427 5055; x_wconf 85' lang='lat' dir='ltr'>utra-</span> 
     </span>
     <span class='ocr_line' id='line_1_88' title="bbox 1887 5097 3427 5183; baseline -0.001 -19"><span class='ocrx_word' id='word_1_615' title='bbox 1887 5118 2013 5183; x_wconf 87' lang='lat' dir='ltr'>que</span> <span class='ocrx_word' id='word_1_616' title='bbox 2034 5104 2253 5165; x_wconf 84' lang='lat' dir='ltr'>tamen</span> <span class='ocrx_word' id='word_1_617' title='bbox 2275 5099 2539 5164; x_wconf 84' lang='lat' dir='ltr'>relative</span> <span class='ocrx_word' id='word_1_618' title='bbox 2565 5099 2832 5164; x_wconf 86' lang='lat' dir='ltr'>dicitur:</span> <span class='ocrx_word' id='word_1_619' title='bbox 2854 5098 2961 5162; x_wconf 87' lang='lat' dir='ltr'>illa</span> <span class='ocrx_word' id='word_1_620' title='bbox 2986 5097 3066 5161; x_wconf 91' lang='lat' dir='ltr'>ad</span> <span class='ocrx_word' id='word_1_621' title='bbox 3092 5097 3427 5162; x_wconf 87' lang='lat' dir='ltr'>materiam</span> 
     </span>
     <span class='ocr_line' id='line_1_89' title="bbox 1886 5204 3421 5291; baseline -0.003 -17"><span class='ocrx_word' id='word_1_622' title='bbox 1886 5226 2085 5291; x_wconf 86' lang='lat' dir='ltr'>quam</span> <span class='ocrx_word' id='word_1_623' title='bbox 2109 5207 2449 5285; x_wconf 71' lang='lat' dir='ltr'>informat,</span> <span class='ocrx_word' id='word_1_624' title='bbox 2498 5207 2607 5272; x_wconf 91' lang='lat' dir='ltr'>sed</span> <span class='ocrx_word' id='word_1_625' title='bbox 2649 5207 2770 5271; x_wconf 88' lang='lat' dir='ltr'>ista</span> <span class='ocrx_word' id='word_1_626' title='bbox 2814 5205 2895 5270; x_wconf 90' lang='lat' dir='ltr'>ad</span> <span class='ocrx_word' id='word_1_627' title='bbox 2926 5204 3362 5287; x_wconf 89' lang='lat' dir='ltr'>exemplatum</span> <span class='ocrx_word' id='word_1_628' title='bbox 3402 5223 3421 5269; x_wconf 72' lang='grc' dir='ltr'><strong><em>ε</em></strong></span> 
     </span>
    </p>
   </div>
   <div class='ocr_carea' id='block_1_9' title="bbox 1886 5365 3425 5510">
    <p class='ocr_par' dir='ltr' id='par_1_16' title="bbox 1886 5365 3425 5510">
     <span class='ocr_line' id='line_1_90' title="bbox 1886 5365 3425 5433; baseline -0.002 -14"><span class='ocrx_word' id='word_1_629' title='bbox 1886 5368 1976 5419; x_wconf 86' lang='lat' dir='ltr'>lib.</span> <span class='ocrx_word' id='word_1_630' title='bbox 2000 5370 2066 5419; x_wconf 85' lang='lat' dir='ltr'>Vl</span> <span class='ocrx_word' id='word_1_631' title='bbox 2084 5406 2102 5433; x_wconf 90' lang='lat'>,</span> <span class='ocrx_word' id='word_1_632' title='bbox 2132 5383 2178 5419; x_wconf 88' lang='lat' dir='ltr'>c.</span> <span class='ocrx_word' id='word_1_633' title='bbox 2199 5380 2253 5425; x_wconf 82' lang='lat' dir='ltr'>x,</span> <span class='ocrx_word' id='word_1_634' title='bbox 2277 5383 2331 5418; x_wconf 87' lang='lat' dir='ltr'>n.</span> <span class='ocrx_word' id='word_1_635' title='bbox 2356 5372 2432 5418; x_wconf 83' lang='lat'>11.</span> <span class='ocrx_word' id='word_1_636' title='bbox 2462 5369 2516 5419; x_wconf 90' lang='lat' dir='ltr'>S.</span> <span class='ocrx_word' id='word_1_637' title='bbox 2542 5369 2915 5418; x_wconf 79' lang='lat' dir='ltr'>Bonaventurae</span> <span class='ocrx_word' id='word_1_638' title='bbox 2939 5366 3195 5421; x_wconf 84' lang='lat' dir='ltr'>consentit</span> <span class='ocrx_word' id='word_1_639' title='bbox 3220 5367 3275 5419; x_wconf 85' lang='lat' dir='ltr'>S.</span> <span class='ocrx_word' id='word_1_640' title='bbox 3293 5365 3425 5417; x_wconf 89' lang='lat' dir='ltr'>Tho-</span> 
     </span>
     <span class='ocr_line' id='line_1_91' title="bbox 1887 5440 2804 5510; baseline -0.004 -16"><span class='ocrx_word' id='word_1_641' title='bbox 1887 5455 2017 5510; x_wconf 82' lang='lat' dir='ltr'>mas,</span> <span class='ocrx_word' id='word_1_642' title='bbox 2043 5444 2173 5493; x_wconf 77' lang='lat' dir='ltr'>cont.</span> <span class='ocrx_word' id='word_1_643' title='bbox 2203 5441 2400 5505; x_wconf 64' lang='lat' dir='ltr'>(iente-5,</span> <span class='ocrx_word' id='word_1_644' title='bbox 2428 5440 2515 5490; x_wconf 84' lang='lat' dir='ltr'>lib.</span> <span class='ocrx_word' id='word_1_645' title='bbox 2544 5444 2596 5503; x_wconf 90' lang='lat' dir='ltr'>l,</span> <span class='ocrx_word' id='word_1_646' title='bbox 2623 5454 2669 5490; x_wconf 86' lang='lat' dir='ltr'>c.</span> <span class='ocrx_word' id='word_1_647' title='bbox 2691 5450 2804 5491; x_wconf 77' lang='lat' dir='ltr'>mn.</span> 
     </span>
    </p>
   </div>
  </div>
 </body>
</html>
