4125 6225
498 1156 569 1202 Ad
600 1168 705 1214 opp.

490 4506 703 4550 Fundam.

733 379 814 440 72

731 510 1083 593 praescivit,
1133 535 1165 572 n
1208 512 1332 577 hoc
1378 519 1475 579 est
1514 513 1878 600 oppositum
1924 512 2160 596 posito,
2207 518 2271 578 et

731 616 875 682 ideo
900 621 995 682 est
1021 619 1413 700 negandum.

1237 842 1643 921 QUAESTIO
1682 843 1768 908 11.

855 995 951 1053 An
975 998 1267 1056 necessario
1296 998 1433 1053 Deus
1458 998 1713 1069 proesciat
1739 1011 1857 1068 quoe
1877 998 2097 1069 pmcit
2118 996 2156 1052 ¹.

814 1155 1044 1221 Utrum
1065 1158 1283 1224 divina
1307 1157 1714 1240 praescientia
1731 1157 1963 1222 habeat
1983 1158 2052 1220 in
2075 1175 2142 1222 se
2166 1176 2276 1222 ne-

732 1265 1111 1344 cessitatem,
1143 1265 1269 1328 hoc
1286 1269 1414 1345 est,
1448 1269 1669 1330 utrum
1689 1283 1939 1329 necesse
1962 1265 2043 1329 sit
2071 1264 2271 1330 Deum

730 1371 1032 1454 praescire
1061 1372 1232 1454 quod
1254 1372 1537 1454 praescit3
1571 1375 1633 1436 et
1653 1371 1823 1455 quod
1849 1372 1938 1435 sic
1955 1421 1971 1451 ,
2003 1373 2277 1437 ostendi-

732 1482 839 1542 tur
865 1478 1076 1561 primo
1103 1497 1217 1561 per
1242 1480 1686 1545 auctoritatem
1716 1479 2001 1543 Anselmi
2018 1527 2036 1554 ‚
2055 1479 2166 1544 lib.
2194 1479 2273 1545 de

737 1585 1090 1653 Concordia
1127 1586 1726 1669 praedestinationis
1773 1593 1833 1653 et
1886 1587 2069 1653 liberi
2109 1587 2278 1653 arbi-

734 1695 856 1762 trit·
879 1696 902 1729 ¹
930 1715 954 1754 .·
997 1719 1027 1756 α
1056 1694 1233 1772 Quod
1258 1697 1509 1778 praescit
1541 1695 1737 1775 Deus,
1771 1694 2156 1777 impossihile
2183 1699 2278 1759 est

731 1818 865 1865 non
892 1803 1189 1885 praescire
1219 1822 1237 1867 z
1285 1825 1317 1863 ι»
1356 1823 1514 1887 ergo
1548 1806 1631 1868 ab
1670 1803 2126 1887 aequipollenti,
2158 1821 2270 1867 ne-

732 1926 903 1973 cesse
926 1915 1021 1973 est
1046 1912 1369 1992 praescire.

811 2021 874 2080 2.
904 2016 927 2080 1
933 2019 1063 2081 tem
1081 2019 1331 2083 ratione
1349 2018 1626 2096 videtur,
1655 2022 1809 2101 quia
1825 2037 2014 2085 omne
2034 2020 2274 2085 dictum

732 2122 809 2189 de
838 2125 1161 2206 praeterito
1192 2144 1422 2191 verum
1443 2174 1460 2205 ,
1488 2130 1583 2190 est
1608 2127 2068 2208 necessarium3
2101 2129 2274 2193 unde

731 2230 787 2294 si
839 2232 1153 2307 cucurrit,
1191 2250 1447 2297 necesse
1500 2237 1595 2297 est
1637 2235 1990 2298 cucurrisse
2024 2255 2041 2299 ε
2071 2235 2181 2301 sed
2221 2236 2276 2299 si

731 2334 1012 2417 praescit,
1040 2335 1359 2418 praescivit
1382 2352 1398 2399 ε
1426 2353 1585 2417 ergo
1603 2354 1752 2400 cum
1775 2337 1900 2401 hoc
1923 2337 2005 2402 sit
2030 2338 2274 2402 dictum

732 2441 812 2504 de
840 2443 1161 2524 praeterito
1174 2489 1192 2518 ‚
1225 2460 1384 2524 ergo
1415 2443 1872 2508 necessarium.

815 2557 877 2617 3.
910 2553 1066 2617 [tem
1086 2601 1103 2629 ,
1145 2554 1292 2618 licet
1332 2554 1410 2618 de
1441 2557 1722 2637 potentia
1762 2555 1871 2620 Dei
1902 2557 1983 2620 sit
2012 2556 2270 2621 indiffe-

733 2678 885 2723 rens
908 2661 987 2724 ad
1015 2660 1385 2725 exeundum
1404 2709 1421 2739 ‚
1465 2667 1529 2726 θῖ
1564 2681 1694 2727 non
1744 2662 2147 2743 exeundum3
2182 2666 2275 2728 ta-

734 2787 886 2832 men
902 2817 922 2849 ‚
948 2787 1032 2833 ex
1076 2788 1206 2852 quo
1254 2770 1453 2836 exivit
1484 2770 1555 2834 in
1592 2775 1803 2836 actum
1818 2820 1836 2852 ‚
1875 2790 2129 2836 necesse
2182 2776 2278 2836 est

733 2876 938 2940 exisse
981 2898 997 2940 ε
1050 2877 1224 2942 unde
1289 2878 1588 2960 quamvis
1668 2880 1946 2962 potuerit
2024 2897 2268 2958 creare,

732 2987 795 3046 et
823 3001 957 3048 non
997 3002 1211 3048 creare
1225 3032 1243 3064 ‚
1285 2990 1631 3067 antequam
1677 2990 1949 3065 crearet;
2011 2990 2230 3051 tamen
2251 3034 2269 3066 ,

732 3108 814 3154 ex
853 3110 982 3174 quo
1010 3092 1281 3173 creavit,
1329 3111 1585 3159 necesse
1627 3098 1722 3159 est
1759 3112 2002 3160 creasse
2049 3115 2068 3160 z
2115 3114 2272 3177 ergo

732 3216 813 3262 ex
853 3217 983 3281 quo
1010 3198 1364 3282 praescivit,
1400 3219 1654 3265 necesse
1681 3206 1776 3266 est
1799 3202 2149 3285 praescisse.

813 3309 873 3369 4.
909 3305 1100 3387 Item,
1132 3307 1187 3370 si
1216 3307 1413 3371 homo
1443 3308 1685 3387 voluit,
1715 3313 1778 3373 et
1804 3310 2127 3392 praescivit
2154 3311 2270 3374 ali-

733 3413 889 3495 quid
906 3461 924 3493 ,
954 3431 1208 3477 necesse
1236 3420 1333 3477 est
1369 3413 1703 3479 hominem
1731 3416 1989 3481 scivisse
2007 3465 2025 3496 ,
2058 3421 2122 3482 et
2148 3436 2270 3482 vo-

731 3519 926 3585 luisse
958 3539 975 3584 τ
1008 3539 1166 3603 ergo
1193 3521 1248 3583 si
1290 3523 1456 3585 circa
1485 3521 1816 3587 scientiam
1856 3523 1965 3588 Dei
2000 3541 2132 3588 non
2179 3531 2274 3590 est

732 3626 946 3690 minor
993 3628 1333 3708 certitudo,
1388 3629 1520 3693 imo
1564 3633 1793 3714 major,
1849 3649 2049 3714 quam
2107 3633 2273 3696 circa

731 3734 1059 3801 scientiam
1077 3735 1378 3816 hominis,
1404 3737 1609 3801 multo
1630 3738 1856 3802 fortius
1874 3742 1968 3802 est
1991 3756 2266 3804 necesse.

813 3840 880 3905 Si
922 3848 1000 3905 tu
1035 3843 1242 3923 dicas,
1282 3844 1446 3909 sicut
1473 3845 1670 3928 aliqui
1704 3845 1955 3924 dicunt,
1998 3847 2170 3928 quod
2203 3849 2271 3912 in

730 3948 898 4012 hac:
936 3972 968 4010 α
1007 3949 1174 4014 Deus
1218 3950 1568 4033 praescivit,
1601 3972 1633 4009 n
1684 3954 1894 4015 totum
1940 3972 2021 4016 ex
2051 3954 2270 4020 futuro

730 4059 825 4119 est
841 4057 1198 4120 secundum
1216 4076 1352 4121 rem
1368 4105 1385 4133 ‚
1412 4058 1710 4140 quamvis
1733 4058 2130 4141 intelligatur
2148 4062 2270 4126 sub

729 4161 975 4227 ratione
1001 4163 1338 4246 praeteriti3
1365 4165 1535 4229 unde
1560 4165 1723 4229 nihil
1741 4165 1887 4247 plus
1911 4171 2007 4231 est
2033 4169 2265 4249 dicere,

732 4290 773 4353 «-
805 4269 974 4333 Deus
1017 4273 1299 4352 praescit,
1343 4292 1374 4332 n
1425 4273 1546 4336 nisi
1596 4295 1627 4334 α
1654 4272 1821 4339 Deus
1867 4278 1995 4355 est,
2043 4281 2107 4340 et
2147 4278 2270 4342 hoc

731 4376 880 4455 erit;
910 4398 942 4436 n

811 4482 1040 4548 Contra
1099 4506 1115 4549 ε
1167 4483 1348 4549 Tunc
1389 4490 1524 4550 esto
1576 4488 1747 4570 quod
1809 4489 1977 4555 Deus
2018 4494 2267 4559 nullam

730 4590 994 4655 haberet
1022 4592 1485 4673 cognitionem,
1515 4593 1673 4658 dum
1715 4600 1928 4661 tamen
1971 4617 2075 4662 res
2107 4606 2269 4666 esset

729 4697 980 4777 futura,
1021 4697 1161 4761 haec
1190 4702 1353 4761 esset
1391 4716 1545 4764 vera
1575 4721 1589 4762 ε
1636 4722 1666 4760 α
1698 4699 1862 4764 Deus
1888 4705 2140 4785 praescit
2174 4727 2188 4769 ε
2225 4726 2257 4765 »

726 4802 900 4886 quod
933 4804 1262 4869 manifeste
1306 4809 1401 4869 est
1439 4804 1694 4870 falsum.
1736 4806 2086 4889 Praeterea,
2130 4817 2265 4877 esto

792 4928 914 4992 ¹Cf.
940 4929 1084 4980 Alex.
1110 4929 1326 4993 Mensis,
1352 4943 1406 4994 p.
1428 4930 1479 4993 1,
1507 4941 1722 4996 q-1xIV,
1747 4934 1937 4984 memb.
1960 4937 2015 4998 4;
2047 4937 2102 4989 S.
2123 4937 2267 4989 Tho-

726 5013 871 5065 mas,
900 5014 954 5064 p.
984 5001 1041 5064 1,
1076 5014 1127 5065 q.
1150 5012 1266 5066 xlv,
1308 5005 1406 5052 art.
1423 5004 1484 5065 9;
1528 5006 1581 5052 et
1624 5002 1641 5051 1
1684 5003 1842 5064 Sene„
1881 5005 1998 5057 dist.
2028 5020 2265 5075 xxxvm,

729 5085 779 5135 q.
806 5082 856 5136 1,
888 5075 983 5122 art.
1005 5074 1063 5136 4·
1096 5077 1147 5122 et
1171 5072 1230 5122 de
1266 5072 1444 5133 Ver-11„
1469 5087 1523 5137 q.
1544 5084 1612 5136 11,
1642 5077 1819 5137 art.8;
1861 5078 2019 5142 Scot.,
2052 5080 2068 5129 1
2105 5081 2265 5145 Seni„

729 5141 844 5191 dist.
866 5153 1049 5207 xxxix,
1078 5156 1130 5207 q.
1156 5155 1249 5207 1113
1280 5143 1447 5208 AEgid.
1469 5145 1639 5209 Rom„
1668 5144 1872 5210 lSent„
1898 5147 2017 5200 dist.
2038 5162 2262 5217 xxxvm,

728 5226 779 5277 p.
803 5224 862 5278 11,
891 5228 943 5278 q.
966 5226 1060 5280 1¹13
1088 5216 1387 5276 Richardus,
1434 5218 1453 5267 1
1502 5216 1660 5276 Sem„
1713 5217 1831 5269 dist.
1875 5231 2191 5291 xxxV111‚q.
2232 5237 2265 5276 v

730 5288 782 5335 et
809 5297 893 5350 vr;
923 5288 1106 5339 Thom.
1133 5294 1274 5355 Arg„
1307 5290 1512 5349 ise-nt„
1542 5290 1660 5341 dist.
1685 5303 1887 5358 xxxm,
1916 5307 1969 5358 q.
2002 5308 2051 5360 1,
2080 5306 2176 5347 art.
2201 5302 2262 5364 23

730 5324 922 5413 Μαι-εὖ.
942 5360 1188 5427 Inguen„
1218 5363 1428 5427 Isana,
1454 5376 1506 5431 q.
1529 5373 1628 5428 XL,
1656 5366 1753 5415 art.
1777 5366 1840 5426 23
1880 5333 2177 5421 mucianus
2199 5369 2264 5421 de

1880 376 2499 444 SENTENTIARUM
2544 375 2692 441 LIB.
2733 375 2783 440 I.

2377 513 2550 596 quod
2576 512 2994 597 praescientiae
3010 501 3278 578 addatur
3297 513 3476 576 actus
3505 509 3810 573 transiens
3827 508 3889 574 in

2379 621 2776 703 praeteritum
2792 669 2810 700 ,
2866 624 2942 685 ut
2984 618 3319 702 promissio
3334 665 3352 692 ‚
3398 616 3505 681 vel
3545 616 3857 698 praedictio
3871 665 3887 693 ,

2379 729 2482 795 vel
2536 728 2933 813 prophetatio
2947 775 2965 805 ‚
3013 726 3108 791 ibi
3142 724 3366 790 transit
3407 726 3477 787 in
3512 723 3892 805 praeteritum

2380 835 2648 919 aliquid,
2691 840 2754 899 et
2776 853 2928 899 vere
2955 835 3029 897 fit
3057 834 3224 898 idem
3268 831 3590 915 sophisma
3604 877 3620 908 ‚
3650 833 3714 894 et
3737 830 3893 895 idem

2380 943 2651 1008 dubium
2668 990 2686 1021 ‚
2716 945 2781 1007 et
2803 942 2926 1006 hoc
2957 960 3091 1007 non
3117 941 3326 1005 solvit.

2462 1053 2522 1112 5.
2556 1048 2714 1113 Item
2732 1098 2748 1128 ‚
2775 1050 2922 1132 plus
2938 1048 3123 1113 distat
3141 1066 3277 1112 esse
3297 1052 3360 1112 et
3378 1065 3508 1110 non
3527 1064 3685 1124 esse,
3712 1064 3897 1128 quam

2382 1157 2810 1222 necessarium
2825 1160 2888 1221 et
2902 1158 3279 1237 contingens
3310 1177 3325 1218 ε
3353 1154 3463 1218 sed
3482 1153 3721 1236 aliquid
3738 1153 3898 1235 quod

2382 1264 2749 1348 simpliciter
2774 1283 2909 1328 non
2936 1269 3058 1344 est,
3097 1263 3288 1327 habet
3320 1280 3455 1326 esse
3495 1261 3561 1324 in
3600 1259 3711 1324 Dei
3751 1277 3901 1341 prae·

2381 1373 2642 1438 scientia
2672 1395 2687 1436 z
2719 1390 2875 1454 ergo
2901 1370 3107 1436 multo
3125 1370 3359 1434 fortius
3379 1367 3619 1451 aliquid
3648 1366 3815 1449 quod
3838 1368 3897 1431 in

2382 1498 2449 1544 se
2476 1480 2849 1560 contingens
2867 1483 2991 1554 est,
3017 1480 3221 1560 potest
3237 1494 3372 1540 esse
3394 1475 3817 1539 necessarium
3840 1474 3901 1536 in

2382 1587 2778 1672 praescientia
2802 1586 2911 1651 Dei
2944 1608 2960 1650 ε
2991 1603 3148 1666 ergo
3166 1633 3186 1663 ‚
3213 1593 3332 1648 etc.

2463 1699 2522 1759 6.
2541 1695 2724 1771 Item,
2739 1713 2927 1759 omne
2943 1691 3343 1757 immutabile
3352 1693 3446 1754 est
3454 1688 3897 1753 necessarium:

2381 1803 2487 1866 sed
2523 1821 2674 1866 cum
2700 1801 2934 1865 dicitur
2970 1822 2986 1866 z
3026 1823 3058 1862 α
3096 1799 3262 1863 Deus
3286 1797 3568 1881 praescit,
3600 1819 3631 1855 ιι
3672 1801 3764 1860 θεῖ
3788 1796 3904 1858 im-

2381 1910 2687 1974 mutabile
2717 1928 2733 1973 :
2764 1927 2923 1991 ergo
2963 1912 3056 1972 est
3087 1906 3536 1972 necessarium.
3575 1903 3791 1968 Prima
3819 1909 3906 1968 est

2382 2017 2743 2098 manifesta3
2776 2016 3055 2081 secunda
3083 2017 3272 2097 patet,
3293 2013 3447 2096 quia
3463 2030 3617 2076 cum
3639 2012 3900 2076 dicitur:

2389 2148 2422 2188 α
2463 2126 2627 2190 Deus
2665 2124 2946 2209 praescit3
2994 2145 3024 2182 ι)
3078 2123 3134 2185 si
3168 2125 3478 2200 mutatur,
3513 2124 3591 2184 ut
3633 2120 3746 2182 flat
3786 2136 3905 2183 non

2379 2236 2720 2318 praesciens
2736 2281 2753 2311 ‚
2795 2237 2910 2297 aut
2933 2231 3056 2296 hoc
3080 2229 3200 2293 erit
3224 2227 3580 2293 secundum
3616 2227 3905 2291 mutatio-

2380 2358 2531 2403 nem
2548 2340 2676 2417 rei,
2697 2344 2811 2402 aut
2827 2337 2937 2401 Dei
2960 2354 2976 2399 :
3001 2337 3095 2399 rei
3114 2352 3248 2398 non
3264 2382 3279 2410 ‚
3306 2333 3457 2415 quia
3473 2351 3575 2397 res
3593 2333 3804 2398 adhuc
3819 2334 3905 2398 ni·

2379 2446 2473 2510 hil
2498 2450 2593 2511 est
2623 2468 2637 2509 ε
2678 2463 2835 2527 ergo
2874 2462 3008 2508 non
3034 2444 3344 2519 mutatur,
3375 2457 3497 2503 nec
3537 2441 3772 2504 mutari
3797 2459 3900 2523 po-

2379 2557 2521 2618 test.
2573 2553 2640 2619 Si
2684 2552 3036 2617 secundum
3091 2547 3512 2613 mutationem
3558 2546 3708 2627 Dei,
3760 2565 3906 2630 ergo

2380 2660 2546 2725 Deus
2563 2664 2874 2724 mutatur.

2461 2772 2522 2832 7.
2551 2765 2734 2846 Item,
2763 2785 2954 2831 omne
2976 2772 3290 2832 aeternum
3316 2773 3412 2833 est
3444 2768 3868 2834 necessarium
3885 2816 3901 2848 ‚

2380 2875 2534 2957 quia
2551 2894 2760 2940 unum
2782 2876 2992 2940 solum
3033 2881 3132 2941 est
3148 2882 3498 2959 aeternum,
3530 2882 3595 2942 et
3621 2878 3778 2944 illud
3795 2881 3901 2955 est,

2379 2981 2449 3046 in
2484 3000 2612 3065 quo
2638 3000 2772 3047 non
2807 2985 2972 3047 cadit
3010 2985 3481 3067 contingentia,
3523 2986 3634 3050 sed
3663 3002 3905 3050 summa

2379 3090 2760 3155 necessitas:
2796 3090 2906 3155 sed
2945 3092 3240 3173 praescire
3275 3092 3384 3158 Dei
3415 3096 3513 3157 est
3542 3097 3857 3157 aeternum
3887 3107 3903 3152 :

2378 3214 2536 3278 ergo
2562 3199 2989 3263 necessarium
3007 3204 3101 3263 est
3126 3199 3328 3264 Deum
3353 3201 3674 3284 praescire.

2459 3304 2689 3368 Contra
2729 3327 2744 3368 ε
2789 3306 3018 3387 regula
3043 3309 3135 3370 est
3151 3355 3170 3385 ‚
3214 3307 3269 3370 si
3312 3308 3694 3372 antecedens
3730 3308 3905 3371 bonae

2379 3412 2845 3495 consequentias
2899 3418 2996 3477 est
3040 3415 3500 3494 necessarium,
3567 3419 3636 3479 θῖ
3695 3433 3909 3479 conse-

2378 3537 2609 3602 quens3
2631 3524 2695 3584 et
2710 3520 2765 3584 si
2779 3539 3174 3604 consequens
3193 3540 3326 3586 non
3345 3526 3439 3586 est
3459 3522 3901 3598 necessarium,

2378 3644 2497 3690 nec
2531 3629 2909 3693 antecedens
2946 3647 2963 3692 ε
3006 3630 3114 3693 sed
3159 3630 3450 3712 sequitur
3492 3652 3508 3694 :
3559 3653 3588 3690 α
3639 3630 3707 3695 Si
3752 3631 3904 3694 Deus

2377 3735 2629 3815 praescit
2661 3735 2783 3799 hoc
2800 3754 2937 3800 esse
2959 3736 3408 3812 futurum‚hoc
3434 3737 3574 3812 erit,
3606 3755 3907 3820 quocum-

2379 3858 2505 3922 que
2544 3842 2936 3923 contingenti
2967 3843 3394 3906 demonstrato
3413 3889 3431 3919 ,
3465 3844 3623 3925 quia
3659 3841 3906 3925 opposi-

2376 3950 2519 4010 tum
2544 3964 2676 4011 non
2701 3953 2905 4031 potest
2930 3953 3096 4013 stare
3125 3972 3139 4013 :
3166 3967 3325 4031 ergo
3345 3968 3492 4014 cum
3518 3968 3905 4034 consequens

2375 4074 2508 4121 non
2533 4057 2615 4121 sit
2641 4059 3097 4139 necessarium,
3117 4078 3235 4124 nec
3265 4060 3672 4125 antecedens.

2459 4162 2615 4227 Item
2633 4211 2651 4240 ‚
2680 4166 2909 4245 regula
2940 4170 3039 4230 est
3068 4168 3241 4249 quod
3276 4169 3705 4233 necessarium
3735 4187 3905 4234 com-

2381 4272 2618 4353 patitur
2656 4290 2723 4337 se
2765 4292 2917 4337 cum
2953 4275 3129 4338 omni
3155 4275 3470 4357 possibili3
3504 4294 3702 4340 omne
3740 4276 3904 4341 enim

2376 4397 2747 4462 repugnans
2780 4381 3133 4444 necessario
3178 4385 3272 4445 est
3312 4381 3700 4463 impossihile
3746 4404 3761 4446 ε
3796 4383 3904 4447 dc·

2377 4492 2725 4552 monstrato
2769 4491 2986 4552 tamen
3021 4488 3235 4571 aliquo
3287 4491 3402 4572 qui
3447 4491 3779 4572 praescitus
3818 4494 3904 4554 est

2377 4593 2696 4673 damnari,
2732 4594 3025 4676 possibile
3061 4599 3157 4658 est
3195 4595 3389 4660 istum
3430 4595 3667 4661 salvari
3698 4620 3714 4661 ι
3756 4615 3902 4679 ergo

2378 4700 2496 4763 ista
2521 4699 2649 4762 duo
2685 4704 2954 4782 possunt
2994 4701 3187 4765 simul
3229 4706 3395 4766 stare
3413 4751 3432 4782 ‚
3461 4703 3635 4785 quod
3678 4704 3794 4769 iste
3829 4704 3904 4766 sit

2375 4805 2708 4887 praescitus
2742 4804 3063 4883 damnari,
3104 4811 3168 4870 et
3188 4806 3469 4871 salvetur
3503 4828 3518 4871 :
3564 4811 3629 4872 et
3660 4809 3782 4872 hoc
3816 4812 3903 4872 est

2376 4910 2788 4992 impossibile,
2820 4916 2940 4976 etc.

2375 5083 2559 5146 Mayr„
2599 5082 2618 5132 1
2655 5082 2813 5143 Seni„
2842 5081 2959 5133 dist.
2987 5093 3191 5134 xxxvm
3217 5086 3268 5134 et
3297 5095 3488 5147 xxxrx,
3530 5098 3583 5148 q.
3613 5096 3697 5149 ιν,
3731 5083 3896 5148 steph.

2376 5153 2584 5218 Bruler„
2616 5153 2634 5202 Ι
2663 5154 2821 5214 8εηι.,
2850 5153 2968 5205 dist.
2990 5166 3210 5219 xxxvur,
3241 5170 3291 5220 q.
3316 5168 3396 5219 1v3
3428 5158 3563 5207 Petr.
3588 5158 3654 5208 de
3681 5160 3895 5219 Tan-ant„

2375 5228 2394 5277 1
2425 5226 2585 5285 Sena,
2606 5225 2723 5275 dist.
2746 5236 2971 5291 xxxwu,
2995 5241 3047 5291 q.
3072 5238 3159 5289 1v3
3191 5227 3338 5278 Gabr.
3370 5227 3505 5289 Biel,
3537 5229 3556 5278 1
3589 5229 3748 5287 Seni..
3783 5227 3893 5278 dist.

2374 5309 2597 5360 xxxvm,
2625 5312 2677 5361 q.
2699 5296 2944 5348 unica.—
2965 5298 2984 5327 ²
3006 5300 3251 5367 Anselm„
3277 5298 3338 5349 de
3366 5299 3605 5351 Concor-d.
3625 5302 3891 5367 proescient.

2374 5374 2422 5420 et
2444 5368 2535 5421 lib.
2554 5368 2731 5431 arbit„
2761 5384 2806 5420 c.
2829 5380 2899 5420 lv.
