4125 6225
457 2777 529 2822 Ad
558 2789 663 2835 opp.

714 369 834 432 610

711 500 883 583 quod
903 518 1053 565 cum
1070 516 1205 566 non
1223 498 1515 566 videatur
1531 498 1879 582 probabile,
1900 505 1962 565 et
1981 502 2248 584 planum

709 608 812 686 sit,
843 607 1009 672 sicut
1048 626 1131 672 ex
1175 606 1678 690 praecedentibus
1714 609 2033 690 apparuit,
2078 608 2250 692 quod

708 718 940 780 natura
964 734 1096 780 non
1135 719 1338 798 potest
1379 713 1621 797 aliquid
1657 733 1742 779 ex
1777 716 1980 780 nihilo
2017 717 2253 800 produ-

707 841 891 901 cere;
931 826 1124 887 restat
1159 841 1318 904 ergo
1360 822 1531 905 quod
1567 822 1706 885 islae
1747 822 1973 905 primae
2013 823 2251 887 animae

705 929 1044 994 brutorum
1070 931 1451 995 animalium
1478 947 1611 994 nou
1635 929 1897 995 fuerunt
1919 931 2249 1014 productae

704 1054 786 1102 ex
813 1037 1042 1102 nihilo,

786 1144 944 1209 Item
977 1146 1194 1210 anima
1236 1145 1581 1222 rationalis,
1629 1146 1781 1228 quia
1818 1163 1934 1228 per
1975 1145 2248 1209 creatio—

705 1270 857 1316 nem
885 1253 1260 1335 producitur
1279 1254 1347 1316 in
1371 1270 1527 1331 esse,
1551 1256 1647 1316 est
1668 1252 2047 1317 immortalis
2069 1257 2132 1316 et
2153 1253 2251 1316 iu-

704 1360 1131 1442 corruptibilis
1160 1382 1174 1423 :
1207 1362 1264 1442 ej
1275 1378 1347 1423 us
1376 1360 1547 1423 enim
1575 1360 1909 1443 productio
1939 1379 2073 1424 non
2096 1379 2250 1442 pen-

705 1464 810 1529 det
847 1484 929 1529 ex
966 1484 1249 1548 corpore,
1280 1465 1389 1529 sed
1434 1484 1516 1530 ex
1560 1466 1873 1549 principio
1900 1466 2195 1531 effectivo
2224 1488 2241 1531 :

702 1572 814 1635 sed
840 1572 1075 1637 animae
1100 1573 1444 1638 brutorum
1470 1592 1584 1657 per
1609 1577 1908 1638 naturam
1933 1577 2247 1638 51101001·-

701 1679 1033 1760 ruptibiles
1062 1703 1078 1744 2
1123 1698 1281 1761 ergo
1325 1698 1460 1747 000
1507 1685 1661 1746 sunt
1707 1700 1790 1746 ex
1835 1681 2038 1746 nihilo
2088 1700 2243 1764 pro-

703 1784 936 1849 ductae.

780 1894 942 1960 Item
961 1915 1125 1979 opus
1152 1899 1418 1962 ornatus
1442 1899 1881 1982 praesupponit
1918 1918 2084 1983 opus
2110 1900 2243 1965 dis-

700 2004 1046 2080 tinctioniS,
1077 2008 1331 2087 etopus
1362 2005 1781 2069 distinctionis
1808 2009 2245 2090 praesupponit

698 2127 862 2192 opus
887 2109 1253 2174 creationis:
1279 2111 1332 2173 si
1356 2112 1562 2192 igitur
1584 2114 1654 2176 in
1684 2114 2087 2178 distinctione
2110 2133 2244 2179 cor-

696 2237 930 2302 porum
968 2236 1099 2282 non
1127 2218 1250 2282 fuit
1274 2237 1446 2283 nova
1476 2220 1735 2298 creatio,
1765 2221 1874 2285 sed
1910 2222 2242 2303 productio

696 2341 779 2390 ex
805 2326 1046 2408 aliqu0‚
1079 2325 1284 2390 multo
1304 2327 1531 2391 fortius
1564 2327 1822 2391 videtur
1846 2329 2017 2410 quod
2043 2329 2113 2391 iu
2136 2347 2242 2393 or-

694 2437 899 2499 natu:
924 2449 1083 2515 0130
1112 2434 1168 2498 si
1196 2449 1462 2517 corpora
1484 2436 1893 2515 animalium,
1922 2440 1988 2500 et
2007 2436 2244 2501 animae

694 2544 777 2608 ad
811 2547 1111 2608 ornatum
1142 2549 1447 2626 spectant,
1478 2545 1735 2609 videtur
1761 2544 1932 2627 quod
1957 2562 2091 2608 non
2118 2545 2244 2609 sint

694 2652 1020 2735 productae
1047 2671 1129 2717 ex
1153 2653 1376 2730 nihilo,
1406 2653 1514 2717 sed
1541 2671 1623 2717 ex
1651 2653 1887 2736 aliqu0.

777 2760 1006 2826 Contra
1051 2783 1065 2825 :
1112 2767 1171 2825 1.
1219 2760 1287 2826 Si
1324 2779 1408 2826 ex
1452 2762 1665 2844 aliquo
1712 2762 2036 2844 productae
2090 2764 2242 2824 sunt

694 2867 1091 2932 sensibilium
1119 2869 1354 2933 animae
1392 2870 1464 2932 in
1505 2869 1880 2952 primordio,
1907 2886 2133 2951 quaero
2160 2870 2239 2932 de

691 2974 801 3039 illo
822 2993 907 3040 ex
932 2994 1061 3058 quo
1089 2976 1414 3058 productae
1446 2981 1616 3054 sunt,
1658 2982 1882 3040 utrum
1907 2976 2068 3040 illud
2088 2994 2237 3059 pro-

693 3082 959 3148 ductum
988 3084 1073 3148 sit
1100 3102 1181 3148 ex
1224 3083 1438 3168 aliquo
1458 3134 1476 3164 ,
1516 3084 1620 3150 vel
1653 3102 1736 3149 ex
1769 3083 2017 3149 nihilo:
2059 3083 2114 3148 si
2155 3103 2239 3149 ex

690 3191 927 3273 aliquo,
963 3191 1253 3271 similiter
1292 3191 1611 3275 quaeritur
1640 3191 1719 3256 de
1748 3192 1881 3270 ille,
1930 3192 2111 3257 etita
2137 3192 2238 3257 vel

690 3299 811 3364 erit
833 3296 1007 3363 abire
1033 3300 1103 3363 in
1128 3299 1483 3376 infinitum,
1509 3300 1615 3364 vel
1641 3299 1763 3363 erit
1799 3317 2037 3383 ponere
2063 3299 2236 3382 quod

688 3405 870 3483 illud,
898 3424 979 3471 ex
1007 3425 1137 3489 quo
1172 3407 1478 3489 producta
1504 3410 1601 3470 est
1641 3407 1858 3471 anima
1896 3407 2232 3487 sensibilis,

689 3513 770 3578 ab
804 3513 988 3577 initio
1025 3513 1408 3596 productum
1432 3513 1554 3579 fuit
1585 3532 1667 3578 ex
1692 3514 1934 3577 nihilo:
1967 3515 2076 3578 sed
2103 3533 2235 3597 qua

688 3621 935 3685 ratione
947 3619 1102 3684 illud
1126 3620 1512 3702 productum
1527 3620 1648 3685 fuit
1660 3639 1743 3686 ex
1764 3621 1989 3701 nihilo,
2010 3622 2232 3686 eadem

686 3728 934 3792 ratione
947 3731 1010 3792 et
1024 3728 1245 3793 anima
1259 3729 1570 3793 sensibilis
1591 3751 1605 3792 :
1629 3748 1785 3811 ergo
1808 3730 2087 3807 videtur,
2110 3733 2230 3795 etc.

768 3838 831 3897 2.
864 3833 1049 3913 Item,
1087 3835 1142 3897 si
1184 3836 1418 3899 animae
1443 3837 1571 3900 illae
1599 3836 1923 3919 productae
1958 3841 2109 3902 sunt
2152 3857 2235 3903 ex

690 3939 932 4023 aliquO,
961 3941 1120 4006 illud
1154 3942 1395 4026 aliquid
1420 3948 1532 4008 aut
1573 3947 1709 4009 erat
1749 3945 2081 4028 spirituale
2107 3945 2234 4009 ali-

688 4047 865 4129 quid,
892 4051 1007 4112 001
1028 4050 1351 4131 corporale
1378 4072 1393 4114 :
1418 4051 1471 4113 si
1485 4052 1836 4133 corporale,
1864 4056 2119 4116 contra:
2149 4072 2233 4117 ex

689 4170 949 4236 corpore
976 4174 1314 4238 nunquam
1351 4161 1556 4239 potest
1582 4159 1721 4222 fieri
1755 4156 2037 4241 spirituS,
2070 4159 2233 4224 sicut

687 4260 838 4327 dicit
860 4262 1261 4342 Augustinus
1286 4281 1478 4347 super
1507 4267 1794 4333 Genesim
1814 4266 1906 4333 ad
1923 4268 2226 4334 litteram.

687 4366 756 4432 Si
778 4367 1126 4450 spirituale,
1156 4376 1312 4435 tunc
1337 4373 1651 4456 quaeritur
1681 4374 1761 4439 de
1786 4374 1895 4440 illo
1926 4397 1941 4439 :
1973 4375 2106 4440 Aut
2130 4377 2233 4443 vi·-

688 4476 899 4551 vebat,
931 4478 1042 4540 aut
1065 4495 1198 4541 non
1219 4478 1498 4560 vivebat3
1523 4486 1584 4545 et
1611 4500 1806 4563 quem
1830 4500 2023 4547 usum
2041 4484 2231 4549 habe-

687 4582 843 4647 bat?
873 4582 948 4647 Ei
975 4584 1249 4651 iterum:
1291 4586 1358 4651 Si
1388 4589 1738 4670 spirituale,
1776 4608 1976 4672 quare
2002 4609 2086 4656 ex
2122 4591 2231 4656 illo

686 4706 818 4755 non
844 4696 1090 4774 poterat
1107 4695 1247 4758 fieri
1265 4695 1481 4760 anima
1502 4696 1865 4761 rationalis?
1887 4696 1956 4762 Si
1975 4717 2133 4780 0130
2151 4700 2231 4764 ad

687 4795 810 4860 hoc
827 4816 958 4862 non
980 4801 1297 4883 contingit
1333 4802 1792 4866 rationabiliter
1822 4803 2227 4886 respondere,

685 4905 851 4969 sicut
875 4906 1087 4972 innuit
1113 4917 1135 4951 ¹
1163 4910 1566 4992 Augustinus
1602 4927 1793 4994 super
1819 4912 2111 4978 Genesim
2141 4914 2232 4979 ad

687 5010 994 5095 litteram,
1030 5018 1109 5083 ad
1134 5019 1275 5083 haec
1301 5019 1819 5085 inconvenientia
1848 5020 2112 5100 ducenS,
2140 5039 2233 5085 se-

687 5120 910 5200 quitur
952 5143 1035 5189 ex
1060 5126 1182 5190 hoc
1216 5128 1387 5210 quod
1423 5128 1648 5211 primae
1688 5127 1922 5193 animae
1961 5128 2230 5194 sensibi-

688 5223 848 5290 lium
876 5247 958 5293 ex
971 5231 1178 5297 nihilo
1196 5235 1322 5297 sint
1342 5234 1690 5317 productae.

754 5349 819 5412 (α)
846 5352 968 5404 eat.
985 5355 1108 5407 eda.
1136 5356 1346 5434 primo.s

1836 361 2457 433 SENTENTIARUM
2497 359 2645 433 LIB.
2689 365 2773 434 11.

2438 507 2497 567 3.
2530 502 2712 583 Item,
2752 503 2807 567 si
2851 502 3123 567 fuissent
3161 501 3488 585 productae
3523 520 3607 567 ex
3647 502 3895 587 aliqu03

2359 629 2509 675 cum
2532 611 2676 675 talis
2702 610 2933 674 modus
2977 609 3368 694 producendi
3401 613 3720 693 competat
3767 609 3898 674 vir-

2360 719 2486 782 tuti
2521 719 2823 798 naturali,
2866 718 3127 784 videtur
3162 722 3319 781 tunc
3354 717 3548 800 quod,
3580 737 3730 782 cum
3765 721 3900 800 jam

2358 831 2569 891 esseut
2594 846 2860 910 corpora
2882 825 3351 908 supercoelestia
3373 826 3654 907 agentia,
3680 831 3745 889 et
3772 844 3901 890 010-

2355 934 2595 1013 ventia,
2617 938 2681 998 et
2700 933 2776 997 ad
2800 933 3181 997 mixtionem
3201 932 3548 1015 operantia,
3576 932 3749 1014 quod
3765 933 3900 996 ani·

2357 1041 2550 1105 malia
2565 1042 2803 1105 virtute
2826 1045 3076 1104 naturae
3101 1045 3356 1122 possent
3384 1039 3734 1122 producere
3762 1061 3776 1102 :
3800 1057 3897 1102 er-

2356 1164 2443 1228 30
2462 1148 2770 1229 primaria
2794 1166 2987 1231 opera
3008 1166 3142 1211 non
3161 1151 3367 1210 essent
3383 1148 3641 1228 propria
3663 1146 3892 1211 divinae

2354 1255 2652 1337 potentiae
2683 1278 2697 1319 :
2732 1255 2905 1337 quod
2945 1257 3038 1318 est
3065 1254 3545 1330 inconvenieus,
3576 1271 3729 1318 cum
3768 1254 3897 1337 ipsc

2354 1361 2436 1425 sit
2464 1361 2637 1425 solus
2665 1363 2949 1427 universi
2977 1361 3264 1426 conditor
3289 1365 3352 1424 et
3378 1361 3710 1443 perfector.

2436 1473 2497 1532 4.
2530 1467 2691 1533 Item
2717 1467 3017 1533 videmus
3060 1486 3236 1531 nunc
3260 1467 3558 1550 quaedam
3598 1468 3897 1532 animalia

2352 1567 2662 1649 ignobilia
2669 1587 2781 1651 per
2793 1569 3317 1653 putrefactionem
3329 1571 3627 1649 generari
3641 1587 3657 1631 ε
3673 1586 3895 1650 quaero

2351 1675 2556 1757 igitur
2582 1696 2622 1740 a
2646 1695 2776 1759 quo
2799 1678 3109 1742 educatur
3131 1694 3358 1740 eorum
3381 1676 3618 1755 anima,
3646 1681 3711 1740 et
3732 1676 3897 1741 vide-

2351 1788 2461 1848 tur
2485 1785 2657 1867 quod
2699 1804 2833 1850 non
2858 1786 3055 1868 possit
3096 1802 3136 1848 a
3174 1789 3426 1864 natura,
3472 1802 3623 1847 cum
3667 1789 3897 1849 natura

2350 1893 2433 1955 sit
2457 1894 2560 1957 vis
2585 1894 2773 1957 insita
2798 1894 2990 1958 rebus
3016 1911 3101 1958 ex
3131 1892 3449 1956 similibus
3476 1891 3714 1955 similia
3740 1910 3894 1974 pro-

2351 2017 2573 2065 creans
2600 2019 2617 2064 :
2646 2002 2901 2067 videtur
2921 2002 3140 2079 etiam,
3178 2000 3347 2082 quod
3384 2017 3516 2063 non
3543 1999 3742 2082 possit
3768 2000 3894 2064 vir·

2350 2111 2485 2172 tute
2512 2110 2794 2191 corporis
2809 2108 3095 2184 coelestis,
3120 2108 3271 2190 quia
3296 2107 3511 2171 minus
3530 2108 3747 2172 nobile
3764 2126 3894 2173 non

2350 2219 2554 2295 potest
2579 2216 2849 2281 educere
2876 2218 3090 2298 majus
3118 2215 3363 2294 nobile;
3395 2215 3748 2278 substantia
3773 2232 3892 2277 au·

2350 2327 2480 2387 tem
2499 2322 2865 2405 spiritualis,
2898 2328 2974 2388 ut
2998 2323 3149 2387 dicit
3165 2323 3593 2403 AugustinuS,
3619 2321 3892 2386 nobilior

2349 2435 2444 2496 est
2463 2433 2640 2495 omni
2669 2450 2969 2515 corpore:
3003 2450 3160 2512 ergo
3187 2435 3431 2515 oportet
3455 2430 3625 2513 quod
3653 2430 3890 2495 educa-

2348 2543 2455 2605 tur
2480 2561 2519 2605 a
2546 2541 2834 2605 Creatore
2858 2539 3262 2604 immediate:
3292 2539 3401 2604 sed
3426 2539 3598 2620 quod
3615 2537 3707 2601 sic
3731 2538 3891 2601 edu-

2349 2648 2537 2728 citur,
2568 2650 2758 2713 hahet
2797 2650 2979 2713 educi
3021 2667 3104 2712 ex
3142 2648 3382 2711 nihilo:
3431 2666 3589 2728 ergo
3629 2647 3892 2711 illorum

2348 2755 2748 2836 animalium,
2779 2774 2927 2838 quae
2964 2773 3078 2838 per
3120 2754 3644 2838 putrefactionem
3691 2773 3892 2836 gene-

2347 2870 2595 2945 rantur,
2627 2865 2862 2930 animae
2894 2868 3190 2930 creantur
3217 2887 3231 2928 :
3258 2882 3417 2946 ergo
3435 2864 3640 2929 multo
3664 2863 3890 2929 fortius

2346 2973 2721 3037 animalium
2748 2973 2956 3055 primo
2984 2973 3319 3036 factorum.

2428 3083 2489 3144 5.
2520 3079 2679 3146 Item
2704 3098 2824 3147 nos
2851 3079 3143 3145 videmus
3163 3079 3233 3143 in
3256 3078 3642 3143 animalibus
3676 3097 3890 3145 annu-

2345 3188 2515 3265 losiS,
2543 3188 2717 3271 quod
2754 3189 2835 3253 ad
2861 3188 3242 3254 divisionem
3280 3188 3561 3271 corporis
3599 3190 3892 3252 remanet

2346 3298 2562 3361 anima
2591 3297 2659 3359 10
2682 3296 2968 3380 partibus
2993 3297 3298 3363 diversis:
3333 3297 3441 3361 sed
3470 3296 3578 3361 1110
3607 3315 3738 3360 1100
3764 3315 3891 3379 po·-

2344 3408 2463 3470 test
2485 3422 2619 3470 esse
2646 3405 2854 3487 prima
2882 3404 2991 3488 (α),
3020 3422 3167 3487 quae
3199 3406 3334 3469 erat
3362 3422 3495 3468 una
3520 3404 3682 3482 sola3
3710 3423 3833 3469 nec
3853 3423 3894 3469 a

2343 3510 2579 3576 natura
2602 3512 2931 3595 producta,
2962 3530 3111 3575 cum
3139 3511 3354 3575 statim
3400 3511 3483 3575 sit
3507 3509 3579 3574 in
3605 3510 3894 3594 qualibet

2343 3622 2544 3702 parte,
2575 3621 2859 3703 operatio
2898 3623 3116 3683 autem
3144 3624 3393 3683 naturae
3432 3620 3503 3682 tlt
3545 3638 3696 3682 cum
3738 3638 3889 3684 suc-

2344 3728 2625 3793 cessione
2658 3749 2673 3791 :
2710 3745 2868 3808 ergo
2894 3727 3149 3791 videtur
3176 3727 3349 3809 quod
3366 3726 3490 3790 illae
3524 3731 3735 3808 partes
3756 3727 3892 3791 ani-

2344 3839 2600 3899 mentur
2638 3854 2678 3898 a
2716 3834 3006 3899 Creatore
3048 3857 3062 3898 :
3113 3852 3270 3914 0130
3312 3835 3518 3898 multo
3543 3833 3778 3899 fortius
3827 3838 3894 3901 et

2343 3945 2662 4009 sensibilia
2688 3944 2758 4008 in
2788 3944 3089 4027 primaria
3113 3944 3549 4027 productione.

2422 4057 2482 4116 6.
2510 4052 2692 4129 item,
2724 4051 2980 4134 quando
3006 4052 3276 4115 brutum*
3293 4054 3562 4132 generat
3586 4051 3886 4133 brutum,

2340 4164 2454 4224 aut
2476 4158 2860 4223 transfundit
2890 4158 3197 4238 animam,
3230 4162 3342 4222 aut
3372 4176 3506 4222 nou
3535 4179 3551 4222 :
3583 4158 3637 4221 si
3668 4164 3891 4224 trans-

2340 4267 2579 4346 fundit;
2608 4284 2757 4330 cum
2788 4266 3007 4330 anima
3058 4283 3194 4329 non
3240 4265 3324 4329 sit
3366 4264 3720 4346 divisibilis,
3776 4267 3890 4331 da-

2340 4373 2436 4437 bit
2469 4373 2751 4437 animam
2793 4390 2981 4437 suam
3014 4374 3215 4437 totam
3248 4391 3264 4435 :
3296 4390 3454 4453 ergo
3488 4372 3557 4437 in
3599 4390 3891 4453 genera-

2340 4482 2512 4547 tione
2534 4482 2867 4546 morietur.
2891 4480 2960 4545 Si
2986 4500 3119 4547 non
3141 4480 3555 4560 transfundit3
3578 4498 3730 4544 cum
3758 4499 3892 4545 ces·

2340 4594 2436 4655 set
2475 4593 2616 4674 ejus
2654 4589 2937 4673 operatio
2972 4590 3043 4654 in
3085 4590 3346 4654 seminis
3386 4588 3735 4669 decisione,
3772 4608 3897 4654 ne-

2341 4716 2511 4763 cesse
2560 4703 2654 4763 est
2703 4716 2938 4781 ponere
2994 4698 3170 4776 aliud
3224 4714 3434 4779 genus
3463 4742 3482 4777 ,
3540 4715 3653 4779 per
3706 4698 3889 4780 quod

2340 4806 2561 4870 anima
2586 4806 2890 4870 educatur
2918 4827 2932 4869 ε
2963 4804 3084 4869 1100
3112 4809 3330 4869 autem
3359 4822 3493 4869 non
3519 4808 3721 4887 potest
3748 4824 3889 4870 esse

2341 4914 2626 4991 foemina,
2643 4931 2794 4977 cum
2807 4913 2888 4976 sit
2903 4911 3110 4993 magis
3128 4911 3513 4994 principium
3530 4912 3887 4995 passivum,

2341 5038 2539 5102 quam
2561 5020 2867 5099 activum,
2894 5019 3055 5085 sicut
3073 5018 3216 5083 vult
3238 5018 3662 5100 Philosophus
3678 5023 3735 5100 ¹3
3769 5039 3890 5084 nec

2341 5129 2437 5192 est
2458 5126 2630 5192 aliud
2655 5126 3045 5211 principium
3060 5127 3345 5191 activum
3364 5131 3650 5191 creatum
3677 5144 3694 5189 :
3723 5145 3888 5211 ergo

2408 5290 2427 5324 ¹
2454 5292 2604 5353 Aug„
2632 5288 2692 5338 de
2731 5290 2854 5339 Gen.
2886 5288 2957 5338 ad
2997 5289 3125 5349 liu„
3150 5289 3241 5339 lib.
3265 5286 3354 5338 vn
3374 5328 3388 5350 ,
3419 5304 3463 5338 0.
3500 5300 3605 5353 1111,
3633 5300 3687 5337 11.
3711 5291 3793 5339 19.
3826 5313 3889 5328 -

2342 5361 2365 5397 ¹
2382 5361 2559 5423 Arist„
2583 5359 2643 5410 de
2662 5361 2896 5412 Gener-at.
2916 5361 3149 5425 animal„
3178 5361 3267 5413 lib.
3293 5362 3344 5424 1,
3372 5364 3591 5412 cont-19
3619 5363 3670 5411 et
3694 5361 3779 5413 20.
