4125 6225
648 392 765 455 110

645 525 811 589 dicio
832 523 1031 589 nollet
1056 541 1210 589 eum
1235 542 1511 606 pascere,
1532 523 1589 587 si
1612 527 2008 606 quaereretur
2030 540 2181 604 quae

643 630 765 697 fuit
795 631 864 694 in
899 630 1021 695 isto
1060 649 1252 696 causa
1276 631 1501 696 mortis
1518 678 1536 711 ,
1573 629 2064 713 responderetur
2099 629 2177 711 (α)

644 738 816 822 quod
853 738 1131 803 defectus
1165 738 1319 818 cibi;
1360 739 1466 803 ille
1501 754 1657 804 vero
1697 756 1827 803 non
1870 736 2187 802 diceretur

644 843 942 909 occidisse
959 892 979 924 ,
1007 845 1116 909 sed
1141 845 1501 929 permisisse
1533 867 1548 907 t
1582 846 1636 910 si
1672 862 1900 910 rursus
1926 860 2185 927 quaere-

641 954 823 1017 retur
846 956 1072 1017 utrum
1096 954 1213 1018 iste
1228 955 1400 1037 Juste
1422 955 1659 1035 fecerit,
1679 954 1996 1018 diceretur
2014 951 2187 1034 quod

642 1061 753 1140 sic,
779 1078 931 1126 cum
957 1065 1173 1125 tamen
1197 1061 1358 1126 nihil
1383 1062 1621 1142 fecerit,
1647 1061 1802 1145 quia
1817 1061 2032 1143 ipsum
2052 1076 2188 1123 non

642 1166 849 1231 facere
909 1167 1275 1232 ordinatum
1324 1168 1445 1233 fuit
1491 1169 1862 1234 auctoritate
1914 1168 2057 1251 ejus
2106 1167 2187 1231 ad

647 1276 876 1341 merita
898 1276 1072 1341 illius
1088 1326 1106 1357 ,
1138 1279 1203 1341 et
1228 1295 1346 1361 per
1380 1296 1771 1362 consequens
1806 1277 1913 1342 ille
1939 1276 2190 1343 ordina-

643 1385 750 1448 tus
772 1387 867 1448 est
889 1383 956 1447 in
979 1402 1171 1466 poena
1183 1384 1305 1449 sibi
1320 1385 1530 1450 debita
1554 1407 1569 1449 ε
1595 1404 1711 1469 per
1727 1385 1903 1450 bunc
1919 1383 2190 1449 modum

646 1494 739 1555 est
758 1490 1249 1574 intelligendum
1273 1492 1345 1556 in
1370 1493 1713 1576 proposito·

727 1601 787 1661 4.
813 1597 913 1662 Ad
935 1598 1096 1663 illud
1121 1617 1279 1681 ergo
1306 1599 1477 1682 quod
1508 1598 1834 1682 objicitur,
1864 1597 2037 1681 quod
2072 1597 2193 1662 ob-

645 1703 896 1768 duratio
929 1686 1081 1768 dicit
1113 1704 1490 1787 positionem
1502 1726 1519 1784 ;
1548 1705 1891 1769 dicendum
1920 1704 2094 1787 quod
2121 1703 2194 1767 in

648 1811 1018 1895 corporibus
1042 1812 1192 1878 dicit
1220 1812 1601 1896 positionem
1617 1861 1635 1890 ‚
1665 1812 1820 1895 quia
1844 1830 1959 1895 per
1999 1813 2193 1876 natu-

645 1936 790 1983 ram
816 1937 1002 1983 suam
1027 1922 1178 1984 nata
1211 1922 1363 1984 sunt
1392 1920 1681 1985 resistere
1710 1942 1725 1984 t
1755 1921 1864 1984 sed
1902 1920 1972 1983 in
2005 1918 2193 2002 spiri-

651 2027 821 2092 tibus
845 2027 994 2093 dicit
1026 2027 1341 2092 defectum
1362 2076 1380 2107 ‚
1410 2028 1564 2111 quia
1601 2027 1680 2091 de
1714 2027 1993 2091 naturali
2029 2027 2196 2110 apti-

650 2136 875 2201 tudine
900 2135 1161 2218 spiritus
1185 2135 1369 2214 debet
1393 2152 1528 2199 esse
1563 2133 1794 2198 habilis
1827 2134 1908 2199 ad
1943 2152 2194 2217 suscep-

651 2242 892 2306 tionem
948 2240 1298 2306 inssuentiae
1354 2240 1588 2305 divinae
1620 2288 1640 2320 ,
1688 2240 1860 2305 unde
1901 2240 2197 2304 habilitas

651 2349 794 2413 talis
821 2353 916 2413 est
943 2350 1239 2432 potentiae
1265 2352 1331 2414 et
1372 2348 1672 2428 habitus3
1707 2348 1816 2412 sed
1856 2366 1892 2412 e
1934 2352 2155 2412 contra
2174 2395 2193 2427 ,

653 2455 991 2521 obduratio
1015 2461 1079 2520 et
1103 2455 1455 2540 ineptitudo
1488 2460 1585 2520 est
1604 2472 1720 2539 per
1745 2455 2012 2519 modum
2044 2471 2198 2537 pro-

651 2561 914 2627 visionis
945 2563 1019 2647 (b)
1049 2568 1112 2629 et
1135 2562 1531 2645 privationis,

735 2673 796 2735 5.
833 2670 930 2735 Ad
958 2671 1115 2736 illud
1153 2669 1326 2754 quod
1367 2668 1665 2751 objicitur
1695 2668 1870 2751 qnod
1903 2667 2015 2750 qui
2049 2685 2197 2750 per-

654 2778 848 2843 mittit
879 2779 1207 2843 subditum
1236 2777 1444 2860 perire
1462 2824 1481 2854 ,
1520 2780 1615 2839 est
1654 2794 1873 2853 causa,
1913 2780 2064 2854 etc.;
2098 2774 2201 2840 di-

655 2886 932 2952 cendum
958 2886 1130 2969 quod
1154 2902 1386 2951 verum
1425 2887 1520 2948 est
1537 2931 1555 2961 ,
1596 2882 1651 2947 si
1684 2885 1979 2948 teneatur
2024 2882 2096 2966 (c)
2139 2886 2203 2946 et

657 2993 883 3057 debeat
907 2994 1140 3072 facere3
1168 2992 1275 3057 sed
1303 2990 1359 3055 si
1388 3008 1525 3054 non
1545 2992 1830 3065 tenetur,
1860 3007 1979 3054 nec
2018 2989 2203 3055 debet

655 3099 780 3165 hoe
802 3100 1045 3179 facere’,
1076 3100 1209 3165 imo
1237 3098 1449 3181 magis
1469 3098 1894 3179 contrarium,
1920 3097 2203 3163 nullate-

657 3226 783 3273 nus
807 3212 1011 3292 potest
1034 3208 1128 3272 illi
1167 3206 1473 3290 imputari
1499 3206 1858 3289 periculum
1875 3254 1895 3288 ,
1925 3206 2035 3272 sed
2055 3207 2204 3290 jus-

656 3315 813 3381 titiae
845 3338 861 3381 ε
887 3319 952 3382 et
977 3317 1066 3380 ita
1092 3316 1273 3380 estin
1297 3313 1446 3378 Deo·

738 3428 780 3489 6
819 3429 883 3489 et
919 3428 980 3487 ’1.
1024 3423 1124 3489 Ad
1150 3422 1309 3488 illud
1342 3422 1515 3505 quod
1559 3420 1855 3504 objicitur
1871 3468 1891 3502 ,
1931 3421 2107 3503 quod
2148 3420 2205 3485 si

659 3530 902 3614 aliquid
928 3534 1024 3596 est
1047 3547 1239 3594 causa
1277 3528 1551 3611 alicujus
1566 3575 1585 3608 ,
1635 3528 1806 3611 quod
1839 3527 2204 3611 oppositum

661 3642 757 3704 est
780 3656 972 3703 causa
991 3636 1283 3720 oppositi,
1304 3635 1646 3701 dicendum
1661 3636 1835 3718 quod
1854 3635 2011 3699 illud
2033 3638 2207 3699 tenet

662 3747 733 3810 in
755 3744 1155 3811 naturalibus
1168 3747 1231 3809 et
1254 3745 1646 3824 necessariis,
1674 3744 1837 3808 sicut
1858 3743 1943 3823 (d)
1969 3743 2205 3808 habere

662 3852 1037 3937 pulmonem
1056 3899 1075 3929 ,
1119 3854 1183 3917 et
1219 3868 1353 3915 non
1379 3850 1615 3915 habere
1635 3897 1655 3929 ,
1703 3854 1767 3914 et
1791 3850 2105 3932 respirare
2143 3854 2208 3914 et

660 3978 796 4024 non
827 3959 1175 4043 respirare;
1216 3975 1351 4023 non
1389 3963 1607 4022 autem
1645 3956 1840 4021 habet
1888 3957 2104 4021 locum
2136 3955 2206 4021 in

661 4066 1064 4143 voluntariis,
1092 4066 1253 4130 sicut
1281 4065 1433 4131 dicit
1455 4064 1821 4129 Anselmus.
1856 4062 2058 4128 Causa
2094 4082 2209 4128 au-

662 4177 795 4241 tem
820 4193 1020 4258 quare
1046 4174 1166 4239 iste
1199 4174 1392 4238 habet
1419 4172 1717 4255 gratiam,
1745 4175 1841 4237 est
1868 4171 2026 4254 quia
2041 4169 2210 4238 Deus

664 4284 804 4364 dat;
845 4300 1035 4348 causa
1074 4300 1272 4365 quare
1310 4300 1444 4346 non
1485 4280 1708 4358 habet,
1746 4282 1842 4345 est
1879 4278 2035 4362 quia
2076 4265 2209 4342 non

665 4389 912 4473 accipit.
940 4388 1064 4455 Sed
1092 4389 1215 4453 ista
1240 4388 1470 4453 solutio
1498 4407 1629 4453 non
1661 4387 1919 4453 videtur
1951 4404 2213 4469 compe-

666 4502 837 4579 tens»,
877 4497 1187 4580 quoniam
1219 4496 1273 4561 si
1313 4495 1598 4561 maxima
1633 4494 2000 4577 Philosophi
2042 4494 2213 4559 bona

668 4610 785 4687 est,
804 4624 1060 4671 necesse
1085 4607 1181 4672 est
1203 4604 1376 4687 quod
1401 4607 1612 4668 teneat
1628 4603 1700 4667 in
1717 4603 1897 4668 omni
1921 4601 2208 4667 materia.

667 4712 747 4781 Et
771 4717 1106 4798 propterea
1134 4717 1230 4778 est
1253 4711 1617 4792 dicendum,
1647 4711 1820 4794 quod
1845 4711 1978 4794 ipse
2002 4708 2215 4793 loqui-

668 4826 779 4887 tur
809 4821 889 4887 de
916 4839 1108 4887 causa
1132 4819 1430 4904 proxima
1457 4820 1522 4883 et
1542 4817 1912 4883 immediata
1927 4865 1945 4898 ,
1974 4821 2040 4883 et
2064 4834 2214 4900 quae

738 4981 806 5045 (α)
837 4978 977 5031 Edit.
1011 4979 1127 5030 Ven.
1156 4977 1512 5043 respondetur.
1541 5002 1604 5012 —
1629 4975 1689 5039 (ὁ)
1723 4973 1845 5025 Coet.
1878 4974 2000 5027 edit.
2029 4974 2217 5038 praevi—

672 5050 852 5118 sionis,
868 5053 1039 5116 forsan
1052 5066 1145 5116 pro
1162 5048 1597 5115 permissionis.--
1612 5047 1673 5112 (c)
1707 5047 1828 5097 Goet.
1845 5046 1965 5096 edit.
1990 5049 2215 5097 tenetur.

673 5146 736 5161 ·-
766 5123 832 5187 (d)
861 5124 1000 5173 Edit.
1023 5125 1140 5175 Ven.
1166 5122 1297 5173 sicut
1323 5122 1376 5171 in
1398 5121 1587 5171 babere
1618 5145 1683 5157 —
1710 5119 1771 5184 (e)
1795 5119 1857 5169 lt.
1880 5118 2014 5168 dees!
2036 5132 2105 5168 e..

1794 382 2417 453 SENTENTlARUM
2456 388 2605 455 LIB.
2653 386 2702 455 l.

2289 528 2385 587 est
2400 527 2531 588 tota
2551 544 2761 604 causa,
2782 544 2911 591 non
2939 527 3206 609 exigens
3227 527 3441 608 aliam,
3466 526 3528 592 et
3553 527 3626 592 in
3652 529 3831 621 omni

2289 630 2400 695 tali
2422 634 2616 696 tenet.
2642 631 2766 698 Sed
2788 634 3086 717 quamvis
3103 634 3400 699 voluntas
3415 632 3523 699 Dei
3542 634 3625 698 sit
3644 652 3833 699 causa

2289 739 2569 804 efficiens
2606 742 3086 822 gratificationis
3102 792 3120 823 ,
3171 746 3391 810 tamen
3431 743 3510 808 ad
3560 744 3832 809 salutem

2292 848 2614 912 concurrit
2639 848 2917 913 liberum
2941 849 3277 915 arbitrium
3305 854 3380 915 ut
3408 850 3828 914 consentiens.

2292 953 2457 1032 Quia
2494 972 2652 1036 ergo
2696 955 2818 1020 ista
2855 956 2987 1021 duo
3022 960 3419 1021 concurrunt
3435 1005 3455 1039 ,
3506 955 3835 1039 quodlibet

2291 1060 2531 1126 horum
2578 1064 2782 1143 potest
2830 1079 3095 1127 causare
3140 1063 3459 1128 defectum
3508 1084 3526 1127 t
3584 1065 3651 1127 et
3705 1079 3836 1126 non

2293 1170 2511 1232 causat
2548 1167 2766 1233 divina
2811 1168 3109 1234 voluntas
3125 1217 3143 1249 ,
3193 1187 3342 1254 quae
3391 1173 3486 1234 est
3526 1168 3837 1233 liberalis-

2294 1275 2486 1355 sima3
2518 1276 2629 1342 sed
2674 1280 2893 1342 causat
2936 1277 3212 1343 liberum
3251 1278 3593 1343 arbitrium
3614 1324 3632 1354 ,
3671 1275 3839 1360 quod

2295 1386 2594 1468 quamvis
2631 1404 2763 1450 non
2797 1386 2995 1468 possit
3023 1403 3233 1468 neque
3257 1385 3531 1451 sufficiat
3560 1383 3839 1461 efficere,

2297 1496 2501 1574 potest
2526 1496 2740 1557 tamen
2764 1510 2897 1558 esse
2930 1493 3228 1558 deficiens
3253 1510 3465 1571 causa,
3495 1509 3648 1574 quae
3676 1490 3843 1556 suffi-

2297 1600 2473 1665 ciens
2495 1605 2590 1666 est
2615 1601 2695 1665 ad
2712 1601 3028 1666 defectum
3049 1602 3341 1681 effectus3
3371 1600 3442 1664 in
3462 1599 3654 1665 bonis
3673 1598 3843 1662 enim

2296 1706 2546 1771 {acilius
2571 1709 2666 1770 est
2689 1707 3035 1787 destruere,
3065 1726 3263 1790 quam
3288 1710 3683 1771 construere.

2379 1815 2441 1876 8.
2472 1812 2570 1878 Ad
2595 1812 2755 1879 illud
2780 1815 2951 1897 quod
2982 1815 3085 1897 obj
3093 1814 3282 1879 icitur
3306 1814 3385 1879 de
3407 1813 3721 1891 absentia,
3750 1810 3844 1874 di-

2300 1917 2576 1983 cendum
2602 1921 2775 2002 quod
2805 1938 2957 1986 cum
2984 1922 3269 1988 absentia
3294 1922 3574 2005 alicujus
3600 1923 3696 1984 aet
3720 1937 3845 1983 ma·

2298 2025 2438 2090 lum
2457 2075 2479 2107 ,
2521 2032 2634 2091 aut
2672 2027 2779 2092 ille
2818 2033 2915 2093 est
2956 2048 3149 2094 causa
3173 2048 3308 2095 suae
3348 2029 3691 2107 absentiae,
3740 2029 3849 2091 aut

2302 2153 2438 2200 non
2469 2157 2485 2197 ε
2515 2135 2569 2199 si
2595 2134 2700 2199 ille
2743 2138 2837 2199 est
2869 2154 3060 2201 causa
3087 2154 3222 2200 suae
3249 2136 3551 2201 absentiae
3574 2184 3592 2217 ,
3623 2134 3848 2200 dicitur

2302 2259 2416 2324 per
2441 2258 2836 2323 consequens
2859 2260 2996 2307 esse
3019 2245 3182 2324 ejuS‚
3205 2242 3376 2325 quod
3398 2241 3754 2306 incurritur
3770 2256 3848 2304 ex

2304 2350 2619 2428 absentia3
2652 2350 2705 2413 si
2748 2354 2964 2415 autem
2998 2351 3133 2434 ipse
3163 2354 3296 2416 non
3322 2356 3417 2415 est
3445 2367 3669 2428 causa,
3697 2349 3845 2426 ime,

2306 2459 2620 2538 quantum
2642 2460 2736 2520 est
2758 2455 2836 2520 de
2864 2476 2954 2536 se,
2989 2476 3242 2541 semper
3265 2461 3527 2540 paratus
3552 2459 3649 2520 est
3677 2470 3846 2538 prae-

2306 2578 2454 2626 sens
2483 2581 2652 2643 esse,
2691 2567 2847 2627 tunc
2873 2581 3097 2631 revera
3123 2564 3302 2629 nullo
3326 2563 3519 2628 modo
3549 2561 3848 2627 dicendus

2306 2671 2403 2732 est
2442 2686 2666 2749 causa,
2706 2669 2816 2734 sed
2862 2670 3023 2736 illud
3065 2672 3313 2735 ratione
3356 2672 3547 2753 cujus
3585 2671 3758 2752 juste
3788 2684 3850 2731 se

2307 2774 2616 2840 absentat.
2666 2774 2813 2841 Ideo
2852 2793 3005 2841 vere
3047 2780 3342 2842 nostrum
3380 2779 3716 2859 peccatum
3738 2821 3756 2852 ‚
3793 2776 3853 2837 et

2307 2899 2444 2945 non
2462 2880 2626 2947 Deus
2649 2904 2674 2946 -:
2705 2882 2975 2950 Peccata
3002 2883 3178 2947 enim
3197 2884 3217 2920 ¹
3239 2886 3461 2949 nostra
3486 2882 3851 2950 diviserzmt

2308 2990 2491 3068 inter,
2520 3005 2637 3056 nos
2678 2995 2739 3055 et
2782 2991 2981 3056 Deum
3014 2997 3310 3057 nostrum
3333 3038 3351 3069 ‚
3381 2995 3445 3055 et
3486 2996 3647 3054 sunt
3679 2989 3846 3073 quasi

2309 3097 2514 3161 nubes
2535 3097 2950 3179 densissimae,
2977 3099 3334 3165 auferentes
3360 3094 3548 3164 nobis
3573 3098 3849 3164 illustra-

2309 3205 2552 3271 tionem
2574 3207 2823 3288 gratiae.

2391 3317 2453 3378 9.
2484 3314 2581 3379 Ad
2608 3314 2764 3379 illud
2791 3312 2966 3397 quod
2989 3313 3337 3397 quaeritur,
3367 3331 3517 3397 quae
3554 3313 3636 3378 sit
3669 3331 3849 3378 causa

2312 3420 2591 3485 efficiens
2616 3422 2865 3486 ratione
2891 3424 3080 3504 cujus
3110 3421 3290 3498 insit,
3316 3421 3659 3486 dicendum
3684 3419 3848 3503 quod

2313 3546 2506 3592 causa
2545 3529 2875 3593 meritoria
2912 3533 3006 3617 est
3049 3532 3378 3611 peccatum
3400 3576 3419 3609 ,
3464 3529 3603 3594 sive
3650 3528 3742 3593 ori
3748 3527 3848 3610 gi-

2313 3636 2460 3699 nale
2476 3683 2495 3714 ,
2551 3636 2688 3701 sive
2742 3635 3014 3713 actuale;
3072 3654 3265 3700 causa
3307 3654 3461 3700 vero
3509 3635 3809 3699 deficiens
3826 3682 3843 3713 ,

2314 3761 2465 3825 quae
2506 3744 2691 3826 ponit
2716 3743 3031 3808 defectum
3045 3792 3063 3824 ,
3091 3747 3187 3809 est
3210 3744 3485 3808 liberum
3521 3743 3846 3807 arbitrium

2315 3850 2739 3930 deficienS,·et
2761 3851 2831 3914 in
2855 3851 3104 3915 defectu
3129 3869 3246 3915 suo
3273 3868 3655 3933 permanens
3672 3898 3690 3926 ‚
3718 3850 3846 3914 sive

2316 3960 2471 4043 quia
2488 3959 2703 4041 ipsum
2721 3959 3029 4041 negligit,
3057 3959 3193 4025 sive
3222 3959 3391 4041 quia,
3418 3958 3688 4040 peccatis
3714 3956 3846 4022 exi-

2319 4066 2641 4147 gentibus,
2664 4066 2826 4130 alius
2852 4084 2988 4130 non
3007 4068 3342 4131 succurrit.
3368 4066 3532 4144 Quia
3558 4083 3710 4133 vero
3724 4084 3761 4129 e
3781 4064 3842 4147 (e)

2320 4173 2570 4238 duobus
2616 4172 3033 4237 existentibus
3082 4172 3398 4237 similibus
3451 4177 3657 4255 potest
3702 4172 3850 4236 alter

2317 4278 2554 4344 habere
2588 4280 3028 4345 sublevantem
3052 4328 3070 4360 ,
3118 4280 3277 4344 alter
3302 4298 3471 4360 non;
3514 4281 3658 4346 ideo
3689 4293 3848 4343 unus

2321 4387 2670 4452 obduratur
2707 4405 2789 4452 ex
2830 4406 2898 4452 se
2919 4435 2937 4466 ,
2972 4387 3135 4451 alter
3175 4405 3331 4452 vero
3368 4388 3737 4453 sublevatur
3773 4384 3847 4450 ab

2322 4497 2424 4562 aio
2456 4520 2472 4562 ι
2503 4502 2565 4562 et
2600 4516 2716 4581 per
2750 4497 2930 4561 hunc
2964 4496 3228 4561 modum
3256 4496 3739 4578 intelligendum
3764 4498 3850 4560 est

2324 4603 2397 4668 in
2422 4603 2636 4682 Jacob,
2662 4608 2725 4669 et
2749 4602 2919 4668 Esau
2948 4625 2965 4668 :
2998 4603 3168 4669 Esau
3194 4604 3369 4668 enim
3385 4604 3590 4686 jacuit
3611 4602 3851 4688 propria

2323 4710 2721 4792 infirmitate3
2766 4710 2876 4776 sed
2919 4710 3112 4776 Jacob
3162 4711 3480 4777 relevatus
3522 4716 3619 4777 est
3655 4710 3849 4776 aliena

2326 4818 2586 4884 virtute.

2394 5057 2413 5091 ¹
2437 5055 2563 5118 tm.5
2587 5066 2697 5117 ux,
2719 5057 2769 5104 2.
