4125 6225
1034 382 1228 449 DIST.
1267 382 1428 449 vul.
1473 383 1703 449 PART.
1748 383 1799 448 1.
1841 383 2023 449 ART.
2072 385 2151 449 II.
2198 383 2495 462 QUAEST.
2541 383 2591 448 1.

226 522 403 584 nium
427 517 844 596 animalium;
867 522 1311 583 verumtamen
1328 519 1530 598 aliter,
1557 524 1621 583 et
1646 518 1758 583 ali-

226 630 350 690 ter:
370 625 449 689 ad
467 625 765 708 quaedam
780 625 957 689 enim
977 625 1301 690 educenda
1316 626 1551 690 sufficit
1567 644 1758 691 causa

226 734 603 800 universalis
630 737 767 797 sine
791 733 1109 815 adjutorio
1143 734 1397 814 agentis
1421 732 1756 816 particula-

224 844 309 907 ris
334 841 684 905 consimilis
722 840 791 904 in
834 840 1040 923 specie
1081 845 1365 917 naturae,
1396 840 1755 922 cujusmodi

225 953 369 1013 sunt
388 947 692 1013 animalia
713 966 858 1032 quae
884 950 1275 1028 generantur
1299 965 1415 1029 per
1439 948 1757 1030 putrefac-

222 1055 497 1133 tionem;
535 1055 830 1136 quaedam
869 1058 1083 1118 autem
1127 1057 1278 1118 sunt
1316 1054 1395 1118 ad
1430 1071 1578 1137 quae
1624 1072 1756 1118 non

222 1163 456 1227 sufficit
472 1211 491 1239 ‚
523 1162 645 1225 nisi
677 1163 1023 1243 adjuvetur
1048 1161 1129 1225 ab
1152 1164 1384 1243 agente
1410 1160 1758 1225 consimilis

222 1270 479 1355 speciei,
509 1270 675 1334 sicut
722 1288 985 1352 corpora
1020 1268 1396 1333 animalium
1425 1286 1575 1351 quae
1602 1286 1755 1351 pro-

223 1377 549 1442 ducuntur
586 1376 986 1441 solummodo
1026 1394 1138 1459 per
1177 1376 1701 1458 propagationem
1737 1398 1752 1440 :

223 1489 283 1548 et
312 1484 483 1553 istud
524 1484 789 1567 planum
831 1487 923 1547 est
961 1483 1042 1547 ad
1084 1501 1370 1547 sensum.
1425 1482 1493 1546 Si
1542 1486 1757 1546 autem

224 1593 552 1674 quaeratur
573 1589 734 1653 ratio
757 1589 955 1672 hujus
975 1591 1231 1671 ,prima
1257 1593 1353 1653 est
1377 1589 1597 1653 divina
1623 1590 1758 1653 ins-

223 1698 462 1775 tituti0,
497 1697 849 1761 secundum
868 1715 1065 1779 quam
1093 1701 1188 1761 est
1210 1696 1502 1761 limitatio
1529 1697 1597 1759 in
1623 1699 1756 1763 vir-

225 1806 466 1869 tutibus
491 1809 557 1869 et
581 1806 826 1869 naturis
851 1823 1070 1868 rerum
1097 1823 1114 1868 t
1141 1808 1206 1869 et
1228 1804 1387 1884 hoc‚'
1402 1805 1757 1869 secundum

223 1913 433 1994 legem
459 1931 656 1994 quam
678 1911 902 1976 indidit
920 1913 1009 1976 eis
1032 1913 1113 1976 ab
1136 1912 1341 1975 initio.
1369 1910 1567 1989 Unde,
1593 1912 1757 1978 sicut

225 2019 378 2083 dixit
414 2021 435 2056 ¹
478 2038 498 2082 ε
541 2020 855 2086 Germinet
900 2026 1071 2085 terra
1111 2018 1366 2085 herbam
1411 2021 1749 2101 virentem,

225 2146 349 2190 non
386 2126 550 2190 dixit
587 2126 760 2209 quod
804 2127 1195 2208 germinaret
1239 2126 1605 2205 hominem;
1644 2128 1757 2192 ho-

225 2234 378 2298 mini
417 2238 638 2298 autem
679 2234 875 2314 dixit,
923 2216 1095 2317 quod
1144 2252 1210 2299 se
1256 2234 1752 2318 multiplicaret:

224 2342 307 2406 sic
330 2347 506 2407 terra
538 2341 860 2423 germinat
882 2341 1147 2406 herbam
1160 2389 1182 2420 ‚
1226 2345 1291 2405 et
1314 2342 1509 2406 homo
1542 2354 1755 2425 ‘gene-

222 2454 317 2513 rat
340 2448 696 2514 hominem.
724 2446 877 2512 Haec
919 2452 1135 2512 autem
1159 2448 1297 2528 lex,
1326 2448 1461 2512 sive
1500 2449 1759 2513 institu-

222 2557 336 2636 tio,
374 2574 514 2620 non
554 2559 647 2620 est
683 2556 922 2638 absque
949 2556 1194 2620 ratione
1225 2578 1240 2619 ε
1281 2556 1436 2639 quia
1458 2558 1754 2640 quaedam

222 2669 368 2728 sunt
398 2663 705 2728 animalia
743 2663 1142 2746 imperfecta,
1176 2667 1308 2727 tam
1335 2664 1402 2727 in
1430 2664 1757 2745 organiza-

221 2772 416 2850 tione,
464 2790 666 2854 quam
720 2771 789 2835 in
841 2771 1207 2849 duratione3
1263 2770 1556 2852 quaedam
1590 2789 1755 2844 ,vero

221 2879 489 2960 perfecta
529 2885 805 2961 utroque
838 2878 1054 2941 modo.
1084 2877 1244 2955 Quia
1273 2895 1428 2942 vero
1459 2877 1756 2958 quaedam

221 2992 481 3068 corpora
528 2984 908 3049 animalium
952 2989 1103 3047 sunt
1141 2983 1537 3064 imperfecta,
1586 2986 1649 3046 et
1685 2983 1756 3047 in

221 3092 727 3175 organizatione,
760 3095 823 3157 et
852 3091 922 3155 in
944 3090 1416 3173 complex1one3
1455 3089 1595 3154 ideo
1623 3108 1755 3155 non

220 3206 638 3290 indiguerunt
661 3207 895 3287 agente
937 3209 1130 3268 tantae
1163 3204 1454 3284 virtutis,
1490 3204 1599 3268 sed
1638 3223 1756 3286 po-

221 3315 336 3378 tuit
372 3316 589 3380 virtus
635 3313 1007 3404 productiva
1052 3313 1339 3394 ipsorum
1384 3312 1521 3376 dari
1564 3316 1753 3377 terrae

220 3424 523 3504 tanquam
555 3421 743 3486 matri
759 3467 777 3496 ‚
807 3424 870 3484 61
896 3419 1012 3483 5011
1037 3423 1346 3501 tanquam
1376 3420 1573 3501 patri,
1603 3438 1753 3483 cum

219 3527 532 3609 adJ'utorio
604 3526 878 3591 aliorum
940 3544 1281 3608 corporum
1334 3526 1750 3609 simplicium,

218 3638 343 3697 tam
370 3634 893 3709 elementarium,
939 3650 1135 3714 quam
1177 3633 1543 3696 caelestium.
1591 3633 1755 3710 Quia

217 3758 366 3805 vero
382 3745 539 3805 sunt
554 3741 921 3822 imperfecta
941 3740 1301 3819 duratione,
1330 3744 1393 3803 et
1413 3739 1752 3822 aliquando

218 3853 525 3932 pereunt3
584 3848 726 3912 ideo
791 3846 1072 3929 oportuit
1124 3847 1246 3910 hoc
1299 3848 1753 3912 communicari

219 3958 433 4037 agenti
459 3956 722 4021 alterius
750 3959 1030 4032 naturae3
1058 3954 1211 4034 quia
1238 3954 1317 4017 ad
1341 3953 1464 4017 hoc
1489 3955 1633 4018 data
1660 3960 1754 4020 est

218 4064 316 4127 vis
333 4064 712 4146 generativa
728 4063 920 4126 rebus
934 4110 953 4139 ,
986 4064 1061 4126 ut
1081 4061 1232 4124 dicit
1258 4059 1678 4143 Philosophus
1699 4067 1747 4142 ²,

218 4174 288 4234 ut
313 4174 769 4254 perpetuentur
813 4169 882 4231 in
913 4186 1070 4232 6556.
1113 4166 1163 4231 Ε
1206 4168 1520 4232 contrario
1556 4172 1650 4232 est
1674 4168 1752 4232 de

219 4278 603 4343 animalibus
630 4279 902 4358 utroque
934 4275 1122 4339 modo
1149 4275 1437 4358 perfectis
1473 4297 1488 4338 :
1523 4278 1587 4339 et
1612 4275 1752 4340 ideo

218 4384 418 4447 virtus
459 4381 838 4466 productiva
865 4383 1158 4464 ipsorum
1201 4380 1754 4463 majorem-exigit

84 4562 90 4568 ,
219 4489 675 4567 actualitatem,
707 4490 774 4550 et
794 4488 957 4552 ratio
996 4489 1318 4552 seminalis
1344 4506 1496 4553 cum
1523 4487 1752 4569 majori

220 4595 582 4660 difficultate
625 4595 944 4677 profertur
976 4595 1046 4658 in
1092 4599 1236 4659 actu
1269 4613 1285 4658 2
1336 4595 1478 4659 ideo
1523 4596 1648 4675 maj
1657 4594 1753 4657 ori

107 4704 113 4710 '
219 4702 463 4784 indiget
488 4702 829 4784 adiutorio,
875 4701 989 4765 Illa
1017 4701 1217 4783 igitur
1255 4701 1586 4780 animalia,
1619 4697 1754 4765 sive

221 4827 484 4893 corpora
508 4827 756 4888 eorum,
778 4827 925 4892 quae
949 4809 1028 4872 ad
1049 4809 1339 4891 primum
1360 4825 1567 4888 genus
1583 4826 1755 4890 spec-

222 4919 386 4992 tant,
441 4917 625 4981 educi
662 4920 927 5000 possunt
970 4916 1051 4978 ab
1105 4915 1354 4996 angelis
1373 4964 1390 4992 ,
1440 4914 1755 4979 mediante

223 5026 470 5088 naturae
497 5023 842 5106 adjutorio,
863 5022 1186 5098 velociter,
1218 5027 1281 5085 et
1307 5022 1486 5104 quasi
1509 5021 1750 5100 subit03

223 5131 532 5194 veraciter
558 5134 806 5206 tamen,
841 5129 995 5212 quia
1019 5147 1133 5212 per
1158 5128 1294 5192 vim
1320 5133 1591 5194 naturae.
1634 5128 1757 5193 Sed

288 5291 304 5324 ¹
326 5291 521 5350 Genea,
542 5303 581 5351 1,
602 5293 677 5340 11.
698 5316 760 5326 —
779 5288 992 5352 ’Al-ist„
1014 5288 1074 5338 de
1102 5291 1354 5354 Gener-at„
1381 5289 1466 5341 lib.
1492 5290 1513 5340 l
1539 5293 1591 5344 et
1613 5291 1677 5339 11.
1694 5316 1757 5326 --

228 5359 247 5391 ⁸
270 5361 378 5417 Lib.
405 5365 455 5426 1,
484 5361 599 5414 dist.
622 5373 728 5425 xvi,
755 5376 806 5427 q.
827 5374 908 5426 111,
936 5375 990 5412 n.
1011 5365 1055 5422 5.

3286 395 3406 455 437

1867 519 2204 598 animalia,
2249 522 2314 582 et
2344 536 2571 582 eorum
2613 537 2909 602 corpora,
2948 539 3095 603 quae
3125 526 3410 605 spectant

1865 628 1946 691 ad
1970 627 2326 692 secundum
2354 643 2593 707 genuS,
2623 626 2808 691 educi
2829 646 2960 692 non
2997 635 3262 711 possunt
3293 650 3410 698 ve-

1866 734 2095 798 raciter
2121 734 2243 798 nisi
2267 752 2417 798 cum
2438 733 2681 798 auxilio
2701 738 2951 801 naturae
2966 786 2985 816 ,
3014 740 3076 802 et
3094 756 3243 802 cum
3268 739 3408 805 diu-

1865 840 2196 919 turnitate,
2227 843 2289 903 et
2315 844 2599 922 tempore
2633 863 2646 904 :
2684 845 2748 905 et
2772 843 3079 924 quoniam
3105 863 3407 930 assump-

1865 947 1957 1011 tio
1976 966 2318 1030 corporum
2333 949 2413 1012 ab
2433 950 2678 1030 angelis
2692 956 2789 1016 est
2803 952 3123 1034 velociter,
3146 960 3209 1020 et
3223 957 3407 1038 qnasi

1863 1059 2123 1137 repente
2138 1104 2155 1135 ,
2187 1055 2328 1120 ideo
2366 1074 2523 1119 vera
2549 1074 2814 1139 corpora
2839 1060 3127 1125 humana
3151 1080 3283 1125 non
3303 1058 3408 1128 'as-

1866 1165 2164 1241 sumunt,
2191 1162 2487 1244 quianon
2509 1167 2775 1245 possunt
2795 1165 2902 1229 illa
2920 1185 3034 1249 per
3048 1185 3115 1233 56
3131 1169 3406 1237 formare

1864 1268 2196 1347 veraciter,
2229 1273 2294 1334 et
2311 1288 2462 1334 cum
2480 1270 2740 1334 alterius
2758 1272 2858 1354 adj
2866 1274 3079 1339 utorio
3096 1293 3231 1340 non
3257 1295 3407 1359 pos-

1862 1361 2018 1439 sunt
2041 1375 2246 1438 facere
2262 1424 2279 1454 ,
2320 1375 2493 1457 quod
2533 1380 2762 1441 exeant
2799 1378 2869 1441 in
2896 1397 3031 1444 6556
3068 1380 3401 1462 velociter3

1865 1486 1930 1546 et
1956 1485 2089 1547 esto
2108 1482 2278 1565 quod
2304 1484 2745 1565 educerentur,
2767 1486 2978 1551 adhuc
2997 1506 3127 1551 non
3146 1507 3408 1572 compe-

1864 1591 2104 1664 terent,
2138 1589 2303 1653 sicut
2339 1593 2579 1653 tactum
2608 1595 2701 1654 est
2743 1591 2811 1654 in
2839 1593 3195 1674 obiiciendo
3210 1645 3228 1673 ,
3261 1599 3405 1661 tum

1866 1700 2125 1779 propter
2168 1696 2521 1778 appetitum
2563 1716 2756 1779 quem
2793 1698 3102 1764 haberent
3140 1703 3221 1765 ad
3267 1704 3406 1768 ani-

1866 1821 2042 1867 mam
2070 1803 2478 1882 rationalem,
2511 1807 2652 1868 tum
2680 1810 2938 1888 propter
2968 1810 3351 1888 gravitatem
3384 1834 3399 1877 :
3501 1796 3506 1803 ⁶

1866 1928 2013 1992 quae
2038 1912 2169 1975 duo
2187 1915 2554 1994 repugnant
2576 1902 2693 1975 fini
2716 1912 2885 1976 illius
2911 1915 3212 1997 corporis.
3239 1915 3403 1981 Nam

1865 2017 1919 2080 si
1961 2017 2226 2082 haberet
2269 2018 2552 2081 animam
2599 2018 2977 2083 rationalem
2991 2069 3010 2100 ,
3060 2039 3194 2086 non
3241 2029 3405 2090 esset

1865 2129 2229 2207 competens
2252 2125 2516 2206 signum
2540 2125 2618 2190 ad
2639 2128 3113 2209 apparendum3
3136 2131 3191 2194 si
3215 2132 3405 2198 habe-

1864 2235 1963 2296 ret
1989 2230 2407 2314 gravitatem,
2438 2251 2571 2296 non
2598 2238 2763 2298 esset
2784 2240 3147 2318 competens
3172 2238 3403 2304 instru-

1865 2341 2158 2402 mentum
2175 2338 2255 2402 ad
2274 2339 2692 2420 operandum,
2718 2341 2998 2405 maxime
3015 2343 3097 2407 ad
3116 2348 3365 2410 motum
3381 2369 3398 2425 ;

1864 2463 1999 2508 non
2028 2447 2191 2509 esset
2227 2444 2419 2508 etiam
2460 2450 2823 2528 competens
2861 2447 3295 2514 habitaculum
3322 2454 3401 2519 ad

1862 2552 2375 2617 inhabitandum.
2420 2551 2845 2617 Concedendae
2872 2560 3024 2619 sunt
3059 2557 3264 2637 igitur
3294 2577 3403 2623 ra-

1862 2661 2069 2724 tiones
2087 2660 2448 2742 probantes,
2476 2660 2649 2742 quod
2674 2660 2887 2741 angeli
2910 2679 3040 2725 non
3064 2670 3404 2730 assumunt

1863 2785 2020 2831 vera
2043 2785 2311 2853 corpora
2336 2767 2652 2845 humana,
2686 2767 2821 2830 sive
2848 2768 3031 2846 boni,
3063 2770 3199 2833 sive
3223 2772 3399 2837 mali.

1945 2880 2003 2938 1.
2040 2875 2139 2939 Ad
2169 2874 2328 2938 illud
2341 2870 2524 2956 ”quod
2561 2875 2863 2955 objicitur
2884 2875 2954 2937 in
2981 2877 3398 2958 contrarium,

1861 2982 2033 3064 quod
2078 2984 2175 3045 est
2222 2980 2313 3043 ibi
2358 2970 2536 3046 error
2586 2986 2650 3045 et
2694 2982 3011 3064 deceptio;
3063 2983 3403 3050 dicendum

1862 3091 2033 3173 quod
2077 3091 2309 3156 falsum
2354 3094 2482 3168 est,
2529 3090 2682 3174 quia
2739 3108 2872 3155 non
2918 3097 3255 3157 assumunt
3296 3093 3404 3160 illa

1863 3212 2131 3281 corpora
2156 3203 2230 3263 ut
2255 3198 2588 3263 ostendant
2609 3218 2676 3262 se
2703 3217 2838 3262 esse
2861 3199 3185 3275 homines,
3216 3203 3280 3264 et
3295 3219 3404 3265 ve-

1861 3324 1967 3370 ros
1989 3306 2284 3370 homines
2302 3326 2318 3384 3
2346 3306 2453 3369 sed
2474 3310 2548 3369 ut
2564 3306 2896 3370 ostendant
2920 3325 2987 3370 se
3015 3307 3350 3371 rationales
3381 3324 3398 3369 z

1862 3416 1925 3476 et
1944 3413 2258 3495 quoniam
2282 3413 2392 3476 illa
2406 3431 2673 3496 corpora
2695 3413 2955 3494 signant
2982 3415 3119 3478 illos
3141 3434 3277 3486 esse
3302 3434 3403 3480 ra-

1859 3521 2155 3600 tionaleS,
2200 3524 2265 3585 et
2304 3521 2382 3585 ad
2423 3522 2547 3585 hoc
2590 3522 2863 3585 formata
2903 3526 3054 3586 sunt
3094 3522 3396 3602 finaliter3

1859 3628 2000 3692 ideo
2025 3648 2181 3693 vera
2208 3633 2390 3707 sunt,
2426 3629 2725 3710 quamvis
2754 3647 2885 3692 non
2920 3631 3046 3694 sint
3077 3649 3226 3694 vere
3268 3631 3401 3695 hu-

1860 3753 2051 3798 mana
2069 3784 2086 3813 ,
2122 3735 2283 3799 sicut
2321 3734 2393 3798 in
2433 3736 2640 3816 primo
2667 3735 2828 3800 libro
2852 3737 2876 3772 ⁸
2898 3737 3142 3800 dictum
3168 3737 3290 3800 fuit
3321 3738 3400 3803 de

1859 3842 2015 3922 igne
2041 3846 2105 3905 et
2130 3842 2445 3906 columba.
2611 3903 2619 3912 ,

1939 3953 2001 4012 2.
2039 3948 2137 4012 Ad
2181 3948 2337 4011 illud
2376 3948 2547 4030 quod
2593 3945 2916 4028 objicitur,
2964 3950 3135 4031 quod
3175 3953 3271 4014 est
3305 3951 3398 4014 ibi

1858 4055 2273 4136 organizatio,
2294 4057 2356 4117 et
2368 4054 2634 4137 aequalis
2651 4054 3005 4137 complexio
3022 4077 3038 4133 ;
3059 4054 3400 4121 dicendum

1860 4162 2029 4245 quod
2066 4162 2297 4225 falsum
2324 4166 2419 4224 est
2447 4183 2462 4225 ε
2495 4179 2624 4225 11011
2651 4162 2825 4224 6111111
2867 4167 2962 4225 aet
2986 4162 3073 4225 ibi
3113 4180 3265 4226 vera
3290 4181 3400 4227 or-

1859 4268 2211 4350 ganizatio,
2259 4286 2408 4351 quae
2451 4268 2753 4350 competit
2788 4269 3035 4351 corpori
3071 4268 3395 4347 humane,

1859 4395 2005 4459 quae
2028 4378 2290 4459 quidem
2312 4381 2408 4440 est
2431 4396 2472 4441 a
2491 4376 2730 4440 virtute
2751 4377 3092 4442 formativa
3117 4396 3267 4442 cum
3296 4396 3399 4443 se-

1861 4485 2144 4549 minibus
2187 4484 2394 4549 delata
2411 4532 2429 4564 ,
2465 4484 2574 4548 sed
2611 4483 2822 4565 potius
2862 4485 3160 4566 quaedam
3194 4485 3398 4549 linea-

1859 4597 2228 4656 mentorum
2256 4592 2599 4675 protractio
2639 4591 2989 4656 secundum
3025 4593 3197 4657 illius
3236 4612 3396 4657 con-

1859 4699 2245 4764 formitatem
2276 4719 2292 4762 :
2324 4701 2388 4762 et
2412 4698 2554 4761 haec
2580 4715 2711 4762 non
2742 4699 3044 4780 supponit
3067 4699 3398 4781 aequalita-

1860 4811 1991 4870 tem
2011 4804 2493 4887 complexioniS,
2511 4802 2663 4885 quia
2678 4802 2820 4866 talis
2836 4805 3175 4884 protractio
3194 4808 3399 4887 potest

1864 4913 2003 4977 fieri
2034 4912 2114 4976 ab
2139 4911 2382 4975 artifice
2409 4911 2480 4973 in
2504 4909 2687 4989 ligno
2716 4911 2781 4972 et
2804 4907 3042 4990 lapide;
3077 4929 3197 4975 nec
3224 4930 3397 4994 quae-

1864 5038 2143 5101 cumque
2171 5019 2446 5101 qualitas
2474 5015 2800 5079 mixtionis
2829 5020 2922 5078 est
2955 5016 3063 5080 illa
3080 5066 3097 5097 ,
3127 5037 3276 5101 quae
3300 5021 3397 5083 fa-

1863 5127 1949 5191 cit
1985 5127 2068 5191 ad
2104 5126 2434 5218 veritatem
2473 5123 2746 5188 humani
2788 5122 3102 5210 corporis;
3148 5124 3258 5189 sed
3289 5125 3397 5191 illa

1864 5245 2012 5316 quae
2049 5232 2242 5295 habet
2277 5231 2610 5295 veritatem
2654 5229 3079 5310 specificatam
3111 5230 3393 5298 hominis

1866 5341 2312 5426 completivam
2338 5343 2402 5405 et
2425 5338 2875 5408 distinctivam.
