4125 6225
772 386 888 447 160
1904 379 2525 447 SENTENTIARUM
2561 379 2714 447 LIB.
2761 383 2812 447 Ι.

768 517 938 598 quod
973 538 1004 576 α
1034 517 1327 581 meliores
1355 516 1669 600 judicavit
1696 517 1860 582 Deus
1886 518 2210 598 homines,
2245 517 2304 581 si

767 623 826 686 ei
850 622 1192 688 liberaliter
1209 623 1617 688 deservirent.
1641 646 1673 683 ι)
1699 625 1778 690 Εῖ
1800 626 2032 689 iterum
2051 626 2119 689 in
2137 625 2300 688 libro

767 729 846 795 de
868 730 1142 798 civitate
1161 734 1284 797 Dei
1301 731 1480 807 dicit,
1501 733 1672 815 quod
1709 755 1739 793 α
1758 734 1980 798 melior
2000 737 2096 797 est
2121 731 2304 796 subs-

765 839 963 902 tantia
997 857 1146 922 quae
1184 858 1443 923 peccare
1476 827 1710 923 potest',
1751 860 1948 924 quam
1990 860 2139 925 quae
2168 864 2300 911 non

764 950 991 1028 potest.
1013 968 1044 1007 u

843 1052 1027 1136 Resp.
1064 1053 1414 1117 Dicendum
1442 1055 1615 1136 quod
1643 1056 1869 1121 melius
1895 1056 2133 1123 dicitur
2172 1059 2298 1125 du-

762 1163 1006 1247 pliciter
1047 1186 1061 1227 :
1093 1167 1207 1227 aut
1247 1163 1635 1247 simpliciter,
1676 1171 1789 1229 aut
1828 1167 1899 1230 in
1944 1168 2166 1233 ordine
2216 1172 2300 1236 ad

761 1273 980 1334 finem.
1013 1269 1080 1333 Si
1120 1270 1493 1353 simpliciter
1530 1272 1893 1353 loquamur,
1940 1275 2171 1340 melior
2205 1282 2301 1342 est

761 1377 955 1441 homo
995 1379 1409 1441 confirmatus
1448 1378 1515 1441 in
1558 1379 1801 1459 gratia,
1844 1398 2042 1462 quam
2077 1389 2300 1466 potens

760 1482 886 1547 labi
906 1507 922 1562 ;
945 1484 1000 1548 si
1019 1485 1087 1547 in
1101 1484 1497 1549 ordinatione
1520 1486 1599 1549 ad
1627 1487 1847 1565 finem,
1870 1506 2019 1570 quae
2038 1492 2297 1572 quidem

760 1586 1043 1650 consistit
1080 1587 1148 1649 in
1176 1588 1604 1669 perveniendo
1621 1636 1641 1666 ‚
1671 1589 1762 1651 sic
1789 1590 2020 1657 melius
2046 1592 2170 1658 fuit
2193 1595 2295 1658 fa-

760 1712 901 1757 cere
923 1694 1256 1758 hominem
1283 1694 1352 1756 in
1373 1694 1660 1759 libertate
1687 1697 1985 1778 peccandi
2019 1702 2168 1765 :sed
2197 1706 2293 1767 ta-

758 1819 908 1865 men
926 1801 1210 1883 primum
1230 1801 1461 1865 melius
1487 1805 1580 1866 est
1607 1802 1995 1886 simpliciter,
2023 1808 2147 1872 hoc
2172 1828 2292 1874 au-

758 1912 890 1973 tem
915 1914 1010 1973 est
1039 1909 1270 1974 melius
1294 1910 1648 1975 secundum
1666 1911 1841 1994 quid.
1873 1912 1951 1975 Et
1977 1913 2119 1980 ideo
2146 1935 2292 1981 ver-

755 2016 917 2080 bum
943 2016 1312 2097 Augustini,
1341 2016 1711 2099 simpliciter
1732 2018 2075 2100 loquendo,
2104 2022 2296 2087 habet

755 2124 1110 2189 veritatem.
1132 2123 1311 2201 Quod
1330 2129 1545 2188 autem
1573 2125 1807 2190 dicitur
1833 2126 1910 2190 de
1934 2128 2079 2192 viro
2091 2131 2291 2212 just0‚

755 2230 898 2294 laus
923 2231 1326 2297 accidentalis
1353 2236 1481 2311 est,
1527 2232 1663 2297 sive
1689 2238 2002 2315 quantum
2030 2236 2109 2300 ad
2144 2237 2295 2319 glo-

755 2338 920 2401 riam
947 2338 1394 2403 accidentalem
1429 2357 1445 2400 :
1476 2344 1720 2404 constat
1757 2341 1931 2404 enim
1969 2343 2291 2410 Christum

755 2465 886 2511 non
914 2447 1190 2531 potuisse
1225 2467 1516 2530 peccare,
1546 2454 1610 2512 et
1637 2453 1851 2513 tamen
1881 2456 2017 2515 erat
2046 2453 2292 2533 glorio-

754 2553 1060 2617 sissimus
1080 2553 1382 2618 Similiter
1400 2554 1892 2637 intelligendum
1912 2561 2006 2621 est
2020 2560 2292 2624 verbum

752 2660 911 2726 illud
954 2662 1302 2744 Augustini
1346 2679 1536 2744 super
1588 2666 1901 2732 Genesim.
1945 2665 2069 2732 Sed
2119 2671 2293 2751 quod

753 2768 983 2833 dicitur
1019 2770 1192 2852 quod
1233 2770 1459 2833 melior
1498 2774 1593 2834 est
1629 2777 1866 2836 natura
1902 2792 2050 2856 quae
2090 2780 2294 2857 potest

751 2892 1042 2957 peccare,
1082 2894 1277 2957 quam
1305 2895 1454 2959 quae
1491 2896 1624 2941 non
1664 2884 1903 2961 potest,
1948 2880 2293 2946 dicendum

751 2982 923 3065 quod
945 2999 1078 3045 non
1095 3000 1276 3065 posse
1303 3002 1562 3066 peccare
1579 2990 1674 3048 est
1698 2986 1936 3069 duplici
1952 2988 2028 3051 de
2056 3006 2286 3054 causa:

750 3094 864 3155 aut
882 3091 1035 3173 quia
1055 3096 1225 3157 caret
1241 3092 1590 3175 voluntate,
1617 3099 1731 3159 aut
1748 3096 2158 3163 vertibilitate
2180 3116 2290 3164 vo·

748 3197 1042 3280 luntatis;
1087 3204 1150 3263 et
1178 3200 1387 3283 primo
1415 3201 1608 3265 modo
1648 3200 1946 3285 intelligit
1977 3204 2290 3287 Augusti-

749 3324 876 3372 nus
892 3355 913 3388 ‚
936 3324 1070 3372 non
1091 3307 1392 3374 secundo.

1379 3496 1519 3543 DUB.
1559 3495 1654 3542 111.

1182 3609 1356 3661 Potest
1381 3610 1519 3660 Deus
1541 3613 1594 3661 et
1614 3608 1732 3675 alia,
1752 3612 1850 3664 etc.

829 3729 1045 3794 Innuit
1103 3730 1402 3815 Magister
1449 3736 1621 3817 quod
1677 3735 2011 3801 bominem
2079 3737 2288 3819 potuit

747 3836 912 3902 Deus
947 3839 1279 3904 meliorem
1312 3842 1515 3906 facere
1551 3861 1748 3926 quam
1786 3843 1953 3906 fecit.
2007 3842 2237 3908 Contra
2266 3865 2283 3910 ε

744 3942 1007 4009 Videtur
1030 3947 1200 4010 istud
1234 3965 1370 4011 non
1396 3947 1634 4013 habere
1659 3951 1991 4015 veritatem
2032 3951 2103 4013 in
2145 3970 2286 4015 om-

744 4051 937 4115 nibus
958 4101 976 4131 ‚
1003 4057 1068 4117 et
1103 4054 1454 4136 specialiter
1491 4056 1559 4119 in
1589 4056 1854 4138 Christo,
1885 4076 2080 4141 quem
2107 4058 2289 4123 vide-

744 4163 852 4223 tur
877 4161 1059 4226 nullo
1087 4163 1276 4226 modo
1318 4181 1502 4245 posse
1540 4164 1743 4229 facere
1770 4164 2104 4231 meliorem
2125 4214 2142 4245 ,
2172 4184 2288 4249 per

743 4266 904 4330 illud
946 4268 1121 4349 quod
1146 4269 1382 4333 dicitur
1403 4270 1422 4305 ¹
1456 4291 1471 4334 ε
1504 4271 1700 4337 Dedit
1734 4272 1839 4339 illi
1863 4289 2092 4339 nomen
2120 4273 2287 4355 quod

743 4382 1052 4459 estsuper
1077 4394 1257 4444 omne
1292 4395 1517 4446 nomen
1530 4399 1552 4462 3
1585 4381 1740 4445 item
1765 4383 1787 4416 ²
1820 4404 1836 4446 z
1867 4383 2071 4448 Datus
2100 4388 2193 4448 est
2224 4385 2288 4449 ei

742 4486 1010 4566 spiritus
1029 4503 1160 4552 non
1185 4486 1277 4553 ad
1300 4504 1686 4555 mensuram.
1704 4490 1899 4573 Ergo,
1927 4492 2082 4574 quia
2104 4493 2284 4559 nullo

743 4593 932 4657 modo
970 4595 1181 4676 potuit
1205 4594 1371 4659 Deus
1406 4595 1558 4661 dare
1596 4596 1839 4662 Christo
1873 4599 2021 4682 plus
2048 4600 2127 4665 de
2154 4602 2286 4683 spi-

741 4699 874 4765 ritu
895 4749 913 4782 ‚
940 4720 1099 4785 ergo
1122 4721 1254 4767 non
1281 4704 1488 4787 potuit
1519 4724 1669 4770 eum
1697 4707 1901 4772 facere
1926 4708 2279 4774 meliorem.

820 4808 1006 4894 Resp.
1053 4810 1401 4876 Dicendum
1439 4814 1611 4896 quod
1655 4813 1960 4897 Magister
1998 4816 2284 4899 loquitur

739 4914 817 4979 de
844 4918 1150 4983 universo
1174 4969 1190 4993 ‚
1236 4923 1298 4983 et
1340 4922 1480 5002 ejus
1519 4922 1810 5004 partibus
1839 4944 1853 4986 ε
1886 4927 1949 4986 θῖ
1975 4923 2283 5005 quoniam

740 5022 1029 5090 Christus
1069 5045 1191 5092 nec
1228 5030 1323 5093 est
1351 5029 1428 5093 de
1469 5029 1772 5093 universo
1791 5078 1810 5109 ‚
1848 5048 1968 5094 nec
2008 5034 2104 5094 est
2144 5032 2283 5112 ejus

737 5149 916 5214 pam,
947 5131 1090 5200 ideo
1131 5154 1264 5199 non
1296 5135 1490 5200 habet
1514 5136 1729 5200 locum
1754 5136 1824 5200 in
1849 5135 2009 5219 ipso.
2039 5135 2281 5227 Verum

736 5240 931 5304 etiam
957 5242 1168 5309 adhuc
1192 5243 1263 5308 in
1290 5242 1534 5308 Christo
1559 5243 1755 5308 habet
1778 5243 2274 5309 dubitationem:

801 5362 1048 5429 ¹Plnilt‘p„
1077 5378 1146 5431 ιι,
1179 5370 1229 5420 9.
1247 5393 1311 5407 -
1332 5367 1537 5433 Uvam,
1567 5375 1665 5434 m,
1695 5370 1776 5420 34.
1809 5393 1862 5406 -
1892 5367 2050 5419 ⁸V1d.
2079 5379 2270 5435 supra,

2413 519 2466 581 si
2494 519 2669 582 enim
2709 516 3019 601 quidquid
3065 516 3259 581 habet
3283 516 3642 583 humanitas
3663 519 3912 611 Christi,

2413 627 2670 690 finitum
2715 632 2846 707 est,
2895 645 3052 708 ergo
3099 644 3248 689 cum
3301 625 3468 689 Deus
3510 627 3697 708 possit
3741 649 3921 713 supra

2412 751 2602 797 omne
2659 733 2916 797 finitum
2945 780 2959 808 ,
3008 731 3214 814 potuit
3267 732 3497 814 majus
3548 730 3623 796 Et
3667 735 3914 816 iterum,

2411 838 2694 905 Christus
2718 840 2921 903 factus
2946 839 3069 902 fuit
3098 838 3409 919 passibilis
3447 841 3510 901 et
3534 841 3805 903 mortalis
3823 889 3840 920 ,
3864 846 3921 905 et

2410 949 2616 1031 potuit
2658 949 2801 1013 fieri
2840 946 3239 1011 immortalis.
3290 946 3368 1011 Et
3396 950 3644 1030 propter
3684 948 3799 1012 hoc
3837 950 3921 1012 di-

2411 1057 2707 1135 cendum,
2724 1056 2898 1138 quod
2915 1054 3245 1137 tripliciter
3259 1057 3352 1117 eet
3362 1052 3539 1135 loqui
3561 1054 3635 1118 de
3657 1053 3917 1120 Christo:

2409 1167 2523 1227 aut
2554 1168 2869 1247 quantum
2907 1162 2984 1226 ad
3022 1161 3362 1241 unionem;
3394 1166 3508 1226 aut
3531 1166 3830 1244 quantum
3850 1163 3925 1226 ad

2409 1272 2683 1352 gratiam
2720 1268 3065 1352 singularis
3103 1286 3390 1351 personae
3423 1288 3441 1347 3
3479 1272 3593 1332 aut
3631 1274 3925 1350 quantum

2408 1377 2487 1441 ad
2559 1378 2970 1461 proprietates
3022 1380 3294 1440 naturae.
3363 1375 3431 1440 Si
3498 1380 3804 1458 quantum
3852 1378 3927 1441 ad

2407 1484 2711 1549 unionem
2733 1534 2750 1564 ,
2790 1503 2907 1549 nec
2958 1483 3123 1548 Deus
3165 1487 3371 1567 potest
3418 1484 3564 1565 plus
3611 1482 3779 1564 dare,
3819 1503 3928 1548 nec

2408 1596 2694 1657 creatura
2739 1593 3014 1674 recipere
3035 1640 3053 1672 ‚
3096 1591 3251 1673 quia
3296 1591 3555 1655 unionis
3604 1592 3808 1673 gratia
3854 1610 3932 1656 ex

2406 1703 2583 1780 parte
2609 1699 2866 1763 alterius
2882 1699 3151 1763 extremi
3180 1702 3275 1762 est
3295 1697 3623 1779 dignitatis
3648 1699 3926 1777 infinitae,

2405 1805 2641 1870 scilicet
2673 1807 2843 1889 quod
2886 1808 3080 1871 homo
3131 1805 3217 1870 sit
3270 1805 3436 1869 Deus
3457 1852 3475 1884 ‚
3521 1804 3815 1887 quamvis
3856 1824 3934 1869 ex

2406 1916 2583 1992 parte
2606 1912 3019 1976 humanitatis
3040 1960 3059 1991 ‚
3086 1911 3395 1994 quidquid
3420 1915 3514 1975 est
3544 1912 3632 1975 ibi
3649 1959 3670 1990 ,
3695 1911 3776 1975 sit
3800 1911 3932 1974 ssni-

2406 2022 2546 2083 tum
2584 2042 2598 2084 :
2643 2024 2706 2084 et
2731 2021 2819 2084 ita
2851 2037 2985 2085 non
3026 2020 3287 2103 ponitur
3320 2018 3614 2083 limitatio
3648 2037 3729 2082 ex
3767 2024 3933 2102 parte

2404 2124 2537 2203 Dei,
2569 2144 2686 2189 nec
2712 2145 2793 2190 ex
2817 2130 2995 2208 parte
3021 2131 3333 2190 creaturae
3358 2125 3670 2208 capacitas
3694 2126 3933 2189 infinita

2402 2230 2525 2294 nisi
2574 2251 2688 2315 per
2736 2233 3042 2297 unionem
3062 2280 3079 2310 ‚
3128 2232 3417 2297 videlicet
3439 2280 3457 2311 ,
3517 2232 3673 2315 quia
3721 2232 3936 2297 unitur

2401 2338 2598 2403 homo
2622 2340 2790 2405 bono
2810 2341 3082 2417 infinito,
3105 2340 3190 2403 ita
3216 2340 3387 2422 quod
3414 2340 3613 2404 homo
3636 2344 3731 2404 est
3753 2339 3933 2419 Deus,

2401 2447 2513 2529 qui
2553 2452 2646 2511 est
2684 2447 2984 2511 bonitatis
3027 2447 3320 2510 infinitae.
3371 2444 3439 2509 Si
3473 2449 3693 2510 autem
3728 2447 3934 2529 loqua-

2401 2572 2552 2618 mur
2594 2559 2909 2637 quantum
2956 2554 3037 2619 ad
3085 2553 3361 2636 gratiam
3400 2554 3752 2636 singularis
3804 2572 3938 2636 per-

2401 2679 2575 2725 sonae
2598 2711 2617 2741 ‚
2665 2662 2754 2726 sic
2792 2661 3268 2726 concedendum
3301 2661 3473 2743 quod
3524 2661 3694 2725 Deus
3740 2662 3940 2743 potuit

2399 2768 2543 2850 plus
2569 2766 2718 2833 dare
2740 2792 2756 2847 ;
2787 2769 2896 2833 sed
2914 2768 3237 2833 rationalis
3258 2774 3554 2833 creatura
3578 2756 3717 2832 non
3744 2768 3940 2850 potuit

2401 2875 2678 2958 amplius
2722 2877 3001 2958 recipere
3032 2894 3050 2939 ε
3082 2893 3213 2939 non
3254 2875 3406 2958 quia
3450 2876 3767 2959 capacitas
3807 2875 3942 2938 ani-

2400 2999 2526 3045 mae
2562 2982 2643 3046 ad
2684 2984 2958 3064 gratiam
3002 3001 3116 3066 per
3142 2982 3544 3047 collationem
3572 2983 3805 3064 gratiae
3832 2980 3945 3044 mi-

2397 3093 2671 3172 nuatur,
2705 3090 2858 3174 quia
2894 3108 3015 3155 nec
3058 3091 3375 3156 minuitur
3395 3140 3414 3170 ‚
3452 3108 3578 3156 nec
3621 3095 3898 3174 augetur
3921 3138 3938 3168 ‚

2399 3197 2508 3261 sed
2533 3202 3017 3263 consummatur
3036 3202 3099 3263 et
3115 3198 3468 3282 completur
3503 3221 3520 3264 z
3556 3202 3624 3263 et
3651 3199 3795 3263 ideo
3818 3215 3945 3262 non

2399 3307 2494 3368 est
2519 3304 2835 3387 possibilis
2861 3305 2942 3370 ad
2986 3305 3263 3389 amplius
3294 3311 3341 3371 ⁸.
3369 3305 3440 3370 Si
3473 3312 3696 3372 autem
3723 3306 3941 3384 loqua-

2398 3429 2550 3475 mur
2596 3419 2912 3494 quantum
2955 3414 3036 3478 ad
3078 3414 3495 3497 proprietates
3539 3418 3827 3494 naturae,
3858 3412 3945 3475 sic

2396 3516 2563 3583 Deus
2587 3520 2733 3601 plus
2761 3521 2970 3603 potuit
3005 3521 3082 3585 de
3121 3522 3402 3586 bonitate
3435 3521 3593 3586 dare
3610 3571 3629 3603 ‚
3658 3526 3724 3585 et
3749 3519 3944 3584 ratio-

2394 3625 2559 3690 nalis
2582 3632 2875 3693 creatura
2900 3628 3203 3712 recipere,
3224 3633 3550 3713 quantum
3573 3629 3658 3694 ad
3681 3647 3760 3694 ea
3780 3628 3945 3692 scili-

2397 3738 2495 3798 cet
2514 3753 2661 3817 quae
2687 3740 2838 3798 sunt
2870 3736 3171 3818 corporiS,
3201 3735 3357 3818 quia
3394 3754 3572 3801 nunc
3599 3738 3788 3820 plura
3824 3734 3946 3799 ha-

2395 3840 2501 3904 bet
2527 3860 2725 3923 quam
2747 3843 3007 3925 quando
3030 3843 3234 3906 factus
3260 3847 3355 3907 est
3384 3864 3400 3906 ι
3426 3844 3537 3907 sed
3563 3862 3704 3909 non
3730 3849 3947 3927 potue-

2395 3952 2552 4011 runt
2591 3949 2708 4011 fini
2740 3953 2803 4012 et
2841 3949 3029 4014 saluti
3068 3953 3318 4014 naturae
3366 3950 3532 4014 effici
3582 3968 3949 4034 congruen-

2394 4054 2629 4119 tiores:
2663 4074 3001 4138 nunquam
3028 4057 3201 4120 enim
3229 4056 3399 4120 salus
3436 4061 3663 4121 nostra
3702 4058 3947 4141 potuis-

2395 4165 2490 4224 set
2530 4179 2644 4244 per
2676 4161 3096 4226 substantiam
3132 4163 3691 4246 incorruptibilem
3732 4170 3798 4230 et
3822 4165 3948 4228 im-

2395 4269 2729 4333 mortalem
2763 4270 2851 4333 ita
2878 4271 3161 4353 reparari
3178 4319 3197 4351 ,
3228 4272 3391 4336 sicut
3432 4290 3547 4355 per
3585 4279 3867 4338 mortem
3886 4285 3949 4337 et

2394 4378 2752 4460 passionem
2804 4380 2943 4459 ejus
2994 4381 3285 4461 reparata
3332 4384 3427 4443 est
3476 4402 3489 4443 :
3554 4384 3738 4463 patet
3789 4398 3948 4461 ergo

2394 4504 2524 4567 quo
2544 4485 2732 4550 modo
2750 4480 2977 4549 melior
3004 4486 3212 4568 potuit
3228 4504 3365 4551 esse
3384 4485 3703 4567 ChristuS‚
3725 4493 3792 4552 et
3817 4504 3947 4571 quo

2394 4592 2585 4656 modo
2611 4610 2767 4655 non.

2471 4700 2630 4764 Item
2649 4701 2944 4782 objicitur
2971 4699 3048 4763 de
3070 4697 3144 4764 B.
3171 4695 3458 4782 Virgine.
3478 4698 3758 4767 Videtur
3775 4702 3950 4766 enim

2391 4808 2563 4892 quod
2590 4826 2723 4873 non
2747 4807 3023 4890 potuerit
3065 4808 3205 4872 fleri
3236 4808 3462 4873 melior
3478 4858 3496 4890 ,
3527 4811 3694 4893 quia
3718 4809 3951 4876 Ansel-

2389 4935 2558 4994 mus,
2579 4915 2657 4982 de
2676 4915 2990 4999 conceptu
3013 4914 3361 4999 Virqinalz',
3378 4917 3529 4982 dicit
3546 4923 3570 4958 ⁴
3594 4917 3952 4983 :aneoehat

2388 5023 2559 5107 quod
2577 5024 2746 5087 illius
2770 5024 3051 5089 hominis
3067 5025 3398 5107 conceptio
3420 5025 3607 5090 fleret
3624 5027 3709 5092 de
3738 5030 3946 5090 matre

2387 5130 2733 5215 purissima
2748 5180 2765 5210 ,
2809 5151 2940 5215 qua
2979 5133 3255 5215 puritate
3300 5137 3507 5217 major
3546 5133 3789 5218 nequit
3823 5132 3947 5199 suh

2386 5291 2505 5345 dist.
2524 5306 2656 5358 xvn,
2675 5298 2770 5347 art.
2790 5298 2838 5360 2,
2864 5307 2917 5358 q.
2939 5306 3010 5359 w,
3036 5298 3087 5346 et
3106 5293 3196 5346 lib.
3222 5295 3307 5362 ΙΙΙ,
3326 5295 3443 5347 dist.
3460 5307 3578 5362 1111,
3599 5300 3704 5350 art.
3729 5299 3781 5362 1,
3799 5309 3856 5362 q.
3880 5303 3941 5346 u.

2383 5368 2487 5407 -δ
2505 5367 2757 5431 Anselm„
2794 5365 2857 5418 de
2883 5366 3113 5432 concept.
3150 5366 3314 5433 Vir-9„
3350 5382 3397 5420 c.
3420 5377 3574 5420 xvm·
