<?xml version="1.0" encoding="UTF-8"?>
<!DOCTYPE html PUBLIC "-//W3C//DTD XHTML 1.0 Transitional//EN"
    "http://www.w3.org/TR/xhtml1/DTD/xhtml1-transitional.dtd">
<html xmlns="http://www.w3.org/1999/xhtml" xml:lang="en" lang="en">
 <head>
  <title>
</title>
<meta http-equiv="Content-Type" content="text/html;charset=utf-8" />
  <meta name='ocr-system' content='tesseract 3.04.00' />
  <meta name='ocr-capabilities' content='ocr_page ocr_carea ocr_par ocr_line ocrx_word'/>
</head>
<body>
  <div class='ocr_page' id='page_1' title='image "./srecardinalissb01peltgoog_0662.png"; bbox 0 0 4125 6225; ppageno 0'>
   <div class='ocr_carea' id='block_1_1' title="bbox 680 459 798 520">
    <p class='ocr_par' dir='ltr' id='par_1_1' title="bbox 680 459 798 520">
     <span class='ocr_line' id='line_1_1' title="bbox 680 459 798 520; baseline 0 0"><span class='ocrx_word' id='word_1_1' title='bbox 680 459 798 520; x_wconf 73' lang='lat'>586</span> 
     </span>
    </p>
   </div>
   <div class='ocr_carea' id='block_1_2' title="bbox 679 590 2230 1859">
    <p class='ocr_par' dir='ltr' id='par_1_2' title="bbox 679 590 2230 1859">
     <span class='ocr_line' id='line_1_2' title="bbox 680 590 2225 674; baseline 0.002 -17"><span class='ocrx_word' id='word_1_2' title='bbox 680 590 1005 674; x_wconf 85' lang='lat' dir='ltr'>Scriptura</span> <span class='ocrx_word' id='word_1_3' title='bbox 1037 611 1052 656; x_wconf 75' lang='grc' dir='ltr'><strong>ε</strong></span> <span class='ocrx_word' id='word_1_4' title='bbox 1084 592 1450 660; x_wconf 72' lang='lat' dir='ltr'>FecitDeus</span> <span class='ocrx_word' id='word_1_5' title='bbox 1486 592 1614 660; x_wconf 79' lang='lat' dir='ltr'>duo</span> <span class='ocrx_word' id='word_1_6' title='bbox 1691 593 2051 660; x_wconf 78' lang='lat' dir='ltr'>luminaria</span> <span class='ocrx_word' id='word_1_7' title='bbox 2091 611 2225 660; x_wconf 80' lang='lat' dir='ltr'>ma·</span> 
     </span>
     <span class='ocr_line' id='line_1_3' title="bbox 680 697 2224 783; baseline 0.003 -21"><span class='ocrx_word' id='word_1_8' title='bbox 680 714 846 782; x_wconf 71' lang='lat' dir='ltr'>qna,</span> <span class='ocrx_word' id='word_1_9' title='bbox 902 701 1021 764; x_wconf 89' lang='lat' dir='ltr'>etc.</span> <span class='ocrx_word' id='word_1_10' title='bbox 1063 697 1242 776; x_wconf 87' lang='lat' dir='ltr'>Quod</span> <span class='ocrx_word' id='word_1_11' title='bbox 1290 718 1445 764; x_wconf 90' lang='lat' dir='ltr'>vero</span> <span class='ocrx_word' id='word_1_12' title='bbox 1497 699 1793 782; x_wconf 84' lang='lat' dir='ltr'>objicitur</span> <span class='ocrx_word' id='word_1_13' title='bbox 1811 747 1828 776; x_wconf 87' lang='lat'>,</span> <span class='ocrx_word' id='word_1_14' title='bbox 1873 701 2046 783; x_wconf 89' lang='lat' dir='ltr'>quod</span> <span class='ocrx_word' id='word_1_15' title='bbox 2088 719 2224 766; x_wconf 89' lang='lat' dir='ltr'>non</span> 
     </span>
     <span class='ocr_line' id='line_1_4' title="bbox 680 805 2222 889; baseline 0.001 -19"><span class='ocrx_word' id='word_1_16' title='bbox 680 809 830 870; x_wconf 89' lang='lat' dir='ltr'>sunt</span> <span class='ocrx_word' id='word_1_17' title='bbox 855 806 1057 889; x_wconf 82' lang='lat' dir='ltr'>posita</span> <span class='ocrx_word' id='word_1_18' title='bbox 1098 805 1166 869; x_wconf 91' lang='lat' dir='ltr'>in</span> <span class='ocrx_word' id='word_1_19' title='bbox 1201 808 1630 885; x_wconf 85' lang='lat' dir='ltr'>firmamento,</span> <span class='ocrx_word' id='word_1_20' title='bbox 1681 811 1840 886; x_wconf 90' lang='lat' dir='ltr'>etc.;</span> <span class='ocrx_word' id='word_1_21' title='bbox 1880 808 2222 874; x_wconf 90' lang='lat' dir='ltr'>dicendum</span> 
     </span>
     <span class='ocr_line' id='line_1_5' title="bbox 681 913 2224 999; baseline 0.003 -22"><span class='ocrx_word' id='word_1_22' title='bbox 681 914 854 997; x_wconf 88' lang='lat' dir='ltr'>quod</span> <span class='ocrx_word' id='word_1_23' title='bbox 882 914 1394 981; x_wconf 79' lang='lat' dir='ltr'><strong><em>Firmamentum</em></strong></span> <span class='ocrx_word' id='word_1_24' title='bbox 1413 915 1483 978; x_wconf 88' lang='lat' dir='ltr'>in</span> <span class='ocrx_word' id='word_1_25' title='bbox 1506 913 1855 997; x_wconf 86' lang='lat' dir='ltr'>Scripturis</span> <span class='ocrx_word' id='word_1_26' title='bbox 1883 916 2224 999; x_wconf 83' lang='lat' dir='ltr'>aliquando</span> 
     </span>
     <span class='ocr_line' id='line_1_6' title="bbox 680 1021 2224 1106; baseline 0.002 -20"><span class='ocrx_word' id='word_1_27' title='bbox 680 1021 988 1103; x_wconf 81' lang='lat' dir='ltr'>accipitur</span> <span class='ocrx_word' id='word_1_28' title='bbox 1010 1021 1211 1101; x_wconf 85' lang='lat' dir='ltr'>large,</span> <span class='ocrx_word' id='word_1_29' title='bbox 1235 1022 1577 1105; x_wconf 85' lang='lat' dir='ltr'>aliquando</span> <span class='ocrx_word' id='word_1_30' title='bbox 1599 1023 1812 1087; x_wconf 86' lang='lat' dir='ltr'>stricte</span> <span class='ocrx_word' id='word_1_31' title='bbox 1837 1045 1851 1087; x_wconf 90' lang='lat'>:</span> <span class='ocrx_word' id='word_1_32' title='bbox 1882 1024 2224 1106; x_wconf 86' lang='lat' dir='ltr'>aliquando</span> 
     </span>
     <span class='ocr_line' id='line_1_7' title="bbox 681 1128 2225 1214; baseline 0.003 -22"><span class='ocrx_word' id='word_1_33' title='bbox 681 1128 854 1192; x_wconf 89' lang='lat' dir='ltr'>enim</span> <span class='ocrx_word' id='word_1_34' title='bbox 880 1133 1149 1193; x_wconf 88' lang='lat' dir='ltr'>vocatur</span> <span class='ocrx_word' id='word_1_35' title='bbox 1186 1133 1410 1193; x_wconf 82' lang='lat' dir='ltr'>octava</span> <span class='ocrx_word' id='word_1_36' title='bbox 1453 1128 1707 1212; x_wconf 81' lang='lat' dir='ltr'>sphaera</span> <span class='ocrx_word' id='word_1_37' title='bbox 1733 1130 1802 1193; x_wconf 90' lang='lat' dir='ltr'>in</span> <span class='ocrx_word' id='word_1_38' title='bbox 1839 1148 1969 1213; x_wconf 89' lang='lat' dir='ltr'>qua</span> <span class='ocrx_word' id='word_1_39' title='bbox 2003 1132 2225 1214; x_wconf 83' lang='lat' dir='ltr'>positae</span> 
     </span>
     <span class='ocr_line' id='line_1_8' title="bbox 681 1234 2229 1319; baseline 0.004 -19"><span class='ocrx_word' id='word_1_40' title='bbox 681 1240 835 1300; x_wconf 89' lang='lat' dir='ltr'>sunt</span> <span class='ocrx_word' id='word_1_41' title='bbox 860 1234 1087 1312; x_wconf 61' lang='lat' dir='ltr'>stellae,</span> <span class='ocrx_word' id='word_1_42' title='bbox 1112 1239 1178 1301; x_wconf 89' lang='lat' dir='ltr'>et</span> <span class='ocrx_word' id='word_1_43' title='bbox 1211 1237 1304 1299; x_wconf 90' lang='lat' dir='ltr'>sic</span> <span class='ocrx_word' id='word_1_44' title='bbox 1331 1236 1585 1319; x_wconf 84' lang='lat' dir='ltr'>proprie</span> <span class='ocrx_word' id='word_1_45' title='bbox 1611 1238 1921 1319; x_wconf 82' lang='lat' dir='ltr'>accipitur</span> <span class='ocrx_word' id='word_1_46' title='bbox 1948 1238 2037 1302; x_wconf 90' lang='lat' dir='ltr'>ibi</span> <span class='ocrx_word' id='word_1_47' title='bbox 2076 1261 2090 1302; x_wconf 91' lang='lat'><strong>:</strong></span> <span class='ocrx_word' id='word_1_48' title='bbox 2138 1244 2229 1307; x_wconf 79' lang='lat' dir='ltr'>Et</span> 
     </span>
     <span class='ocr_line' id='line_1_9' title="bbox 679 1344 2228 1430; baseline 0.001 -19"><span class='ocrx_word' id='word_1_49' title='bbox 679 1347 897 1428; x_wconf 77' lang='lat' dir='ltr'>posuit</span> <span class='ocrx_word' id='word_1_50' title='bbox 921 1344 1136 1412; x_wconf 77' lang='lat' dir='ltr'>stellas</span> <span class='ocrx_word' id='word_1_51' title='bbox 1156 1347 1232 1410; x_wconf 78' lang='lat' dir='ltr'>in</span> <span class='ocrx_word' id='word_1_52' title='bbox 1254 1344 1659 1424; x_wconf 76' lang='lat' dir='ltr'>firmamento</span> <span class='ocrx_word' id='word_1_53' title='bbox 1685 1344 1827 1410; x_wconf 82' lang='lat' dir='ltr'>coeli</span> <span class='ocrx_word' id='word_1_54' title='bbox 1839 1370 1867 1420; x_wconf 89' lang='lat'><em>;</em></span> <span class='ocrx_word' id='word_1_55' title='bbox 1884 1346 2228 1430; x_wconf 83' lang='lat' dir='ltr'>aliquando</span> 
     </span>
     <span class='ocr_line' id='line_1_10' title="bbox 683 1453 2226 1539; baseline 0.001 -21"><span class='ocrx_word' id='word_1_56' title='bbox 683 1453 989 1535; x_wconf 75' lang='lat' dir='ltr'>accipitur</span> <span class='ocrx_word' id='word_1_57' title='bbox 1030 1454 1211 1535; x_wconf 82' lang='lat' dir='ltr'>large</span> <span class='ocrx_word' id='word_1_58' title='bbox 1248 1470 1367 1535; x_wconf 89' lang='lat' dir='ltr'>pro</span> <span class='ocrx_word' id='word_1_59' title='bbox 1395 1457 1628 1517; x_wconf 88' lang='lat' dir='ltr'>natura</span> <span class='ocrx_word' id='word_1_60' title='bbox 1677 1455 1890 1536; x_wconf 79' lang='lat' dir='ltr'>quinti</span> <span class='ocrx_word' id='word_1_61' title='bbox 1919 1456 2226 1539; x_wconf 84' lang='lat' dir='ltr'>corporis,</span> 
     </span>
     <span class='ocr_line' id='line_1_11' title="bbox 685 1560 2230 1645; baseline 0.002 -21"><span class='ocrx_word' id='word_1_62' title='bbox 685 1578 835 1643; x_wconf 83' lang='lat' dir='ltr'>quae</span> <span class='ocrx_word' id='word_1_63' title='bbox 862 1560 1079 1624; x_wconf 89' lang='lat' dir='ltr'>divisit</span> <span class='ocrx_word' id='word_1_64' title='bbox 1109 1580 1310 1643; x_wconf 87' lang='lat' dir='ltr'>aquas</span> <span class='ocrx_word' id='word_1_65' title='bbox 1334 1561 1415 1624; x_wconf 90' lang='lat' dir='ltr'>ab</span> <span class='ocrx_word' id='word_1_66' title='bbox 1453 1561 1660 1643; x_wconf 77' lang='lat' dir='ltr'>aquiS,</span> <span class='ocrx_word' id='word_1_67' title='bbox 1690 1566 1752 1624; x_wconf 89' lang='lat' dir='ltr'>et</span> <span class='ocrx_word' id='word_1_68' title='bbox 1792 1561 1882 1625; x_wconf 91' lang='lat' dir='ltr'>sic</span> <span class='ocrx_word' id='word_1_69' title='bbox 1922 1563 2230 1645; x_wconf 83' lang='lat' dir='ltr'>accipitur</span> 
     </span>
     <span class='ocr_line' id='line_1_12' title="bbox 685 1667 2229 1752; baseline 0.003 -21"><span class='ocrx_word' id='word_1_70' title='bbox 685 1669 772 1732; x_wconf 89' lang='lat' dir='ltr'>ibi</span> <span class='ocrx_word' id='word_1_71' title='bbox 806 1688 822 1732; x_wconf 71' lang='grc' dir='ltr'>ε</span> <span class='ocrx_word' id='word_1_72' title='bbox 859 1669 1009 1734; x_wconf 73' lang='lat' dir='ltr'>Fiat</span> <span class='ocrx_word' id='word_1_73' title='bbox 1044 1670 1516 1750; x_wconf 75' lang='lat' dir='ltr'>firmamentum</span> <span class='ocrx_word' id='word_1_74' title='bbox 1551 1670 1627 1733; x_wconf 78' lang='lat' dir='ltr'>in</span> <span class='ocrx_word' id='word_1_75' title='bbox 1660 1667 1874 1735; x_wconf 81' lang='lat' dir='ltr'>medio</span> <span class='ocrx_word' id='word_1_76' title='bbox 1908 1686 2229 1752; x_wconf 78' lang='lat' dir='ltr'>aquarum</span> 
     </span>
     <span class='ocr_line' id='line_1_13' title="bbox 687 1776 2227 1859; baseline -0.001 -17"><span class='ocrx_word' id='word_1_77' title='bbox 687 1780 751 1842; x_wconf 86' lang='lat' dir='ltr'>et</span> <span class='ocrx_word' id='word_1_78' title='bbox 774 1778 1098 1859; x_wconf 86' lang='lat' dir='ltr'>posthoc:</span> <span class='ocrx_word' id='word_1_79' title='bbox 1135 1778 1336 1844; x_wconf 80' lang='lat' dir='ltr'>Fiant</span> <span class='ocrx_word' id='word_1_80' title='bbox 1357 1776 1720 1843; x_wconf 79' lang='lat' dir='ltr'>luminaria</span> <span class='ocrx_word' id='word_1_81' title='bbox 1756 1779 1830 1842; x_wconf 83' lang='lat' dir='ltr'>in</span> <span class='ocrx_word' id='word_1_82' title='bbox 1859 1777 2227 1857; x_wconf 75' lang='lat' dir='ltr'>firmamen-</span> 
     </span>
    </p>
   </div>
   <div class='ocr_carea' id='block_1_3' title="bbox 690 1886 1587 2031">
    <p class='ocr_par' dir='ltr' id='par_1_3' title="bbox 690 1886 1587 2031">
     <span class='ocr_line' id='line_1_14' title="bbox 690 1886 946 1951; baseline -0.008 0"><span class='ocrx_word' id='word_1_83' title='bbox 690 1889 751 1951; x_wconf 86' lang='lat' dir='ltr'>to</span> <span class='ocrx_word' id='word_1_84' title='bbox 783 1886 946 1951; x_wconf 80' lang='lat' dir='ltr'>coeli.</span> 
     </span>
     <span class='ocr_line' id='line_1_15' title="bbox 1319 1983 1587 2031; baseline -0.004 -2"><span class='ocrx_word' id='word_1_85' title='bbox 1319 1984 1457 2031; x_wconf 70' lang='grc' dir='ltr'><strong>ΗΠΒ.</strong></span> <span class='ocrx_word' id='word_1_86' title='bbox 1494 1983 1587 2031; x_wconf 75' lang='lat' dir='ltr'>IV.</span> 
     </span>
    </p>
   </div>
   <div class='ocr_carea' id='block_1_4' title="bbox 753 2089 2167 2156">
    <p class='ocr_par' dir='ltr' id='par_1_4' title="bbox 753 2089 2167 2156">
     <span class='ocr_line' id='line_1_16' title="bbox 753 2089 2167 2156; baseline -0.001 -14"><span class='ocrx_word' id='word_1_87' title='bbox 753 2092 813 2142; x_wconf 86' lang='lat' dir='ltr'>Et</span> <span class='ocrx_word' id='word_1_88' title='bbox 834 2090 935 2141; x_wconf 86' lang='lat' dir='ltr'>sint</span> <span class='ocrx_word' id='word_1_89' title='bbox 954 2089 1010 2141; x_wconf 88' lang='lat' dir='ltr'>in</span> <span class='ocrx_word' id='word_1_90' title='bbox 1034 2090 1197 2155; x_wconf 80' lang='lat' dir='ltr'>signa,</span> <span class='ocrx_word' id='word_1_91' title='bbox 1217 2093 1268 2140; x_wconf 87' lang='lat' dir='ltr'>et</span> <span class='ocrx_word' id='word_1_92' title='bbox 1287 2094 1538 2156; x_wconf 87' lang='lat' dir='ltr'>tempora,</span> <span class='ocrx_word' id='word_1_93' title='bbox 1561 2093 1613 2140; x_wconf 91' lang='lat' dir='ltr'>et</span> <span class='ocrx_word' id='word_1_94' title='bbox 1639 2090 1766 2155; x_wconf 80' lang='lat' dir='ltr'>dies,</span> <span class='ocrx_word' id='word_1_95' title='bbox 1790 2093 1842 2141; x_wconf 89' lang='lat' dir='ltr'>et</span> <span class='ocrx_word' id='word_1_96' title='bbox 1862 2102 2043 2156; x_wconf 77' lang='lat' dir='ltr'>annos,</span> <span class='ocrx_word' id='word_1_97' title='bbox 2069 2094 2167 2142; x_wconf 88' lang='lat' dir='ltr'>etc.</span> 
     </span>
    </p>
   </div>
   <div class='ocr_carea' id='block_1_5' title="bbox 687 2204 2236 3581">
    <p class='ocr_par' dir='ltr' id='par_1_5' title="bbox 687 2204 2236 3581">
     <span class='ocr_line' id='line_1_17' title="bbox 770 2204 2233 2288; baseline 0.001 -16"><span class='ocrx_word' id='word_1_98' title='bbox 770 2207 1041 2273; x_wconf 80' lang='lat' dir='ltr'>Contra:</span> <span class='ocrx_word' id='word_1_99' title='bbox 1078 2204 1146 2269; x_wconf 93' lang='lat' dir='ltr'>Si</span> <span class='ocrx_word' id='word_1_100' title='bbox 1192 2211 1343 2270; x_wconf 87' lang='lat' dir='ltr'>sunt</span> <span class='ocrx_word' id='word_1_101' title='bbox 1385 2206 1455 2269; x_wconf 89' lang='lat' dir='ltr'>in</span> <span class='ocrx_word' id='word_1_102' title='bbox 1497 2206 1706 2288; x_wconf 82' lang='lat' dir='ltr'>signa,</span> <span class='ocrx_word' id='word_1_103' title='bbox 1752 2225 1904 2277; x_wconf 70' lang='lat' dir='ltr'>non,</span> <span class='ocrx_word' id='word_1_104' title='bbox 1931 2207 2233 2274; x_wconf 90' lang='lat' dir='ltr'>videntur</span> 
     </span>
     <span class='ocr_line' id='line_1_18' title="bbox 688 2312 2233 2397; baseline 0.001 -20"><span class='ocrx_word' id='word_1_105' title='bbox 688 2332 969 2397; x_wconf 88' lang='lat' dir='ltr'>peccare,</span> <span class='ocrx_word' id='word_1_106' title='bbox 995 2312 1108 2395; x_wconf 91' lang='lat' dir='ltr'>qui</span> <span class='ocrx_word' id='word_1_107' title='bbox 1133 2330 1248 2395; x_wconf 90' lang='lat' dir='ltr'>per</span> <span class='ocrx_word' id='word_1_108' title='bbox 1281 2312 1389 2376; x_wconf 87' lang='lat' dir='ltr'>illa</span> <span class='ocrx_word' id='word_1_109' title='bbox 1419 2313 1866 2396; x_wconf 82' lang='lat' dir='ltr'>praenosticant</span> <span class='ocrx_word' id='word_1_110' title='bbox 1890 2312 2139 2393; x_wconf 82' lang='lat' dir='ltr'>futura3</span> <span class='ocrx_word' id='word_1_111' title='bbox 2170 2318 2233 2378; x_wconf 90' lang='lat' dir='ltr'>et</span> 
     </span>
     <span class='ocr_line' id='line_1_19' title="bbox 690 2420 2235 2504; baseline -0.001 -18"><span class='ocrx_word' id='word_1_112' title='bbox 690 2423 746 2486; x_wconf 89' lang='lat' dir='ltr'>si</span> <span class='ocrx_word' id='word_1_113' title='bbox 777 2423 845 2485; x_wconf 90' lang='lat' dir='ltr'>in</span> <span class='ocrx_word' id='word_1_114' title='bbox 871 2425 1181 2504; x_wconf 86' lang='lat' dir='ltr'>tempora,</span> <span class='ocrx_word' id='word_1_115' title='bbox 1215 2424 1372 2484; x_wconf 84' lang='lat' dir='ltr'>tunc</span> <span class='ocrx_word' id='word_1_116' title='bbox 1389 2420 1650 2485; x_wconf 89' lang='lat' dir='ltr'>videtur</span> <span class='ocrx_word' id='word_1_117' title='bbox 1668 2420 1839 2502; x_wconf 91' lang='lat' dir='ltr'>quod</span> <span class='ocrx_word' id='word_1_118' title='bbox 1860 2424 2006 2483; x_wconf 90' lang='lat' dir='ltr'>ante</span> <span class='ocrx_word' id='word_1_119' title='bbox 2022 2420 2235 2484; x_wconf 88' lang='lat' dir='ltr'>Solem</span> 
     </span>
     <span class='ocr_line' id='line_1_20' title="bbox 689 2527 2232 2610; baseline -0.001 -17"><span class='ocrx_word' id='word_1_120' title='bbox 689 2533 754 2594; x_wconf 90' lang='lat' dir='ltr'>et</span> <span class='ocrx_word' id='word_1_121' title='bbox 777 2528 1025 2593; x_wconf 87' lang='lat' dir='ltr'>Lunam</span> <span class='ocrx_word' id='word_1_122' title='bbox 1070 2532 1362 2610; x_wconf 89' lang='lat' dir='ltr'>tempora</span> <span class='ocrx_word' id='word_1_123' title='bbox 1386 2545 1519 2592; x_wconf 91' lang='lat' dir='ltr'>non</span> <span class='ocrx_word' id='word_1_124' title='bbox 1557 2528 1858 2607; x_wconf 80' lang='lat' dir='ltr'>fuerunt3</span> <span class='ocrx_word' id='word_1_125' title='bbox 1896 2527 2023 2602; x_wconf 91' lang='lat' dir='ltr'>vel,</span> <span class='ocrx_word' id='word_1_126' title='bbox 2071 2527 2126 2590; x_wconf 90' lang='lat' dir='ltr'>si</span> <span class='ocrx_word' id='word_1_127' title='bbox 2162 2528 2232 2591; x_wconf 89' lang='lat' dir='ltr'>in</span> 
     </span>
     <span class='ocr_line' id='line_1_21' title="bbox 687 2636 2235 2722; baseline -0.001 -20"><span class='ocrx_word' id='word_1_128' title='bbox 687 2642 998 2722; x_wconf 89' lang='lat' dir='ltr'>tempora,</span> <span class='ocrx_word' id='word_1_129' title='bbox 1022 2638 1339 2721; x_wconf 61' lang='lat' dir='ltr'>quaeritur</span> <span class='ocrx_word' id='word_1_130' title='bbox 1355 2655 1556 2719; x_wconf 87' lang='lat' dir='ltr'>quare</span> <span class='ocrx_word' id='word_1_131' title='bbox 1574 2637 1906 2721; x_wconf 83' lang='lat' dir='ltr'>pluraliter</span> <span class='ocrx_word' id='word_1_132' title='bbox 1924 2636 2091 2701; x_wconf 87' lang='lat' dir='ltr'>dicta</span> <span class='ocrx_word' id='word_1_133' title='bbox 2109 2637 2235 2701; x_wconf 89' lang='lat' dir='ltr'>sint</span> 
     </span>
     <span class='ocr_line' id='line_1_22' title="bbox 689 2744 2229 2829; baseline -0.001 -19"><span class='ocrx_word' id='word_1_134' title='bbox 689 2750 998 2829; x_wconf 86' lang='lat' dir='ltr'>tempora,</span> <span class='ocrx_word' id='word_1_135' title='bbox 1049 2764 1202 2809; x_wconf 90' lang='lat' dir='ltr'>cum</span> <span class='ocrx_word' id='word_1_136' title='bbox 1246 2763 1378 2810; x_wconf 91' lang='lat' dir='ltr'>non</span> <span class='ocrx_word' id='word_1_137' title='bbox 1414 2744 1495 2808; x_wconf 89' lang='lat' dir='ltr'>sit</span> <span class='ocrx_word' id='word_1_138' title='bbox 1533 2744 1655 2807; x_wconf 88' lang='lat' dir='ltr'>nisi</span> <span class='ocrx_word' id='word_1_139' title='bbox 1698 2762 1908 2807; x_wconf 87' lang='lat' dir='ltr'>unum</span> <span class='ocrx_word' id='word_1_140' title='bbox 1951 2748 2229 2827; x_wconf 78' lang='lat' dir='ltr'>tempuS.</span> 
     </span>
     <span class='ocr_line' id='line_1_23' title="bbox 691 2851 2232 2936; baseline 0 -19"><span class='ocrx_word' id='word_1_141' title='bbox 691 2852 871 2932; x_wconf 77' lang='lat' dir='ltr'>Item,</span> <span class='ocrx_word' id='word_1_142' title='bbox 901 2853 1217 2936; x_wconf 82' lang='lat' dir='ltr'>quaeritur</span> <span class='ocrx_word' id='word_1_143' title='bbox 1238 2853 1316 2918; x_wconf 88' lang='lat' dir='ltr'>de</span> <span class='ocrx_word' id='word_1_144' title='bbox 1350 2851 1729 2918; x_wconf 81' lang='lat' dir='ltr'>sufficientia</span> <span class='ocrx_word' id='word_1_145' title='bbox 1761 2853 2029 2917; x_wconf 89' lang='lat' dir='ltr'>istorum</span> <span class='ocrx_word' id='word_1_146' title='bbox 2067 2872 2232 2935; x_wconf 85' lang='lat' dir='ltr'>qua-</span> 
     </span>
     <span class='ocr_line' id='line_1_24' title="bbox 691 2942 2236 3043; baseline 0.001 -18"><span class='ocrx_word' id='word_1_147' title='bbox 691 2966 838 3026; x_wconf 84' lang='lat' dir='ltr'>tuor</span> <span class='ocrx_word' id='word_1_148' title='bbox 864 2979 1010 3043; x_wconf 83' lang='lat' dir='ltr'>quae</span> <span class='ocrx_word' id='word_1_149' title='bbox 1037 2965 1395 3038; x_wconf 81' lang='lat' dir='ltr'>enumerat,</span> <span class='ocrx_word' id='word_1_150' title='bbox 1425 2963 1499 3026; x_wconf 78' lang='lat' dir='ltr'>in</span> <span class='ocrx_word' id='word_1_151' title='bbox 1516 2942 1733 3042; x_wconf 69' lang='lat' dir='ltr'>siqua,</span> <span class='ocrx_word' id='word_1_152' title='bbox 1754 2967 1812 3026; x_wconf 83' lang='lat' dir='ltr'>et</span> <span class='ocrx_word' id='word_1_153' title='bbox 1837 2966 2144 3042; x_wconf 81' lang='lat' dir='ltr'>tempora,</span> <span class='ocrx_word' id='word_1_154' title='bbox 2174 2966 2236 3027; x_wconf 82' lang='lat' dir='ltr'>et</span> 
     </span>
     <span class='ocr_line' id='line_1_25' title="bbox 691 3068 2236 3151; baseline -0.002 -16"><span class='ocrx_word' id='word_1_155' title='bbox 691 3068 851 3148; x_wconf 71' lang='lat' dir='ltr'>dt’ee,</span> <span class='ocrx_word' id='word_1_156' title='bbox 881 3077 941 3137; x_wconf 83' lang='lat' dir='ltr'>et</span> <span class='ocrx_word' id='word_1_157' title='bbox 968 3084 1196 3147; x_wconf 70' lang='lat' dir='ltr'>annea,</span> <span class='ocrx_word' id='word_1_158' title='bbox 1224 3068 1377 3151; x_wconf 84' lang='lat' dir='ltr'>quia</span> <span class='ocrx_word' id='word_1_159' title='bbox 1404 3069 1691 3132; x_wconf 88' lang='lat' dir='ltr'>similiter</span> <span class='ocrx_word' id='word_1_160' title='bbox 1716 3068 1957 3132; x_wconf 89' lang='lat' dir='ltr'>suntin</span> <span class='ocrx_word' id='word_1_161' title='bbox 1983 3085 2236 3133; x_wconf 87' lang='lat' dir='ltr'>menses</span> 
     </span>
     <span class='ocr_line' id='line_1_26' title="bbox 693 3174 2235 3258; baseline -0.001 -18"><span class='ocrx_word' id='word_1_162' title='bbox 693 3179 756 3240; x_wconf 85' lang='lat' dir='ltr'>et</span> <span class='ocrx_word' id='word_1_163' title='bbox 786 3176 1191 3258; x_wconf 87' lang='lat' dir='ltr'>septimanas.</span> <span class='ocrx_word' id='word_1_164' title='bbox 1224 3175 1293 3241; x_wconf 88' lang='lat' dir='ltr'>Si</span> <span class='ocrx_word' id='word_1_165' title='bbox 1323 3180 1396 3239; x_wconf 89' lang='lat' dir='ltr'>tu</span> <span class='ocrx_word' id='word_1_166' title='bbox 1441 3175 1609 3238; x_wconf 86' lang='lat' dir='ltr'>dicas</span> <span class='ocrx_word' id='word_1_167' title='bbox 1634 3175 1807 3257; x_wconf 86' lang='lat' dir='ltr'>quod</span> <span class='ocrx_word' id='word_1_168' title='bbox 1847 3174 2235 3240; x_wconf 88' lang='lat' dir='ltr'>clauduntur</span> 
     </span>
     <span class='ocr_line' id='line_1_27' title="bbox 693 3283 2236 3362; baseline 0 -16"><span class='ocrx_word' id='word_1_169' title='bbox 693 3284 761 3347; x_wconf 91' lang='lat' dir='ltr'>in</span> <span class='ocrx_word' id='word_1_170' title='bbox 800 3284 901 3347; x_wconf 88' lang='lat' dir='ltr'>his</span> <span class='ocrx_word' id='word_1_171' title='bbox 949 3283 1222 3362; x_wconf 72' lang='lat' dir='ltr'>duohuS,</span> <span class='ocrx_word' id='word_1_172' title='bbox 1273 3283 1506 3347; x_wconf 89' lang='lat' dir='ltr'>scilicet</span> <span class='ocrx_word' id='word_1_173' title='bbox 1546 3283 1684 3348; x_wconf 74' lang='lat' dir='ltr'>dies</span> <span class='ocrx_word' id='word_1_174' title='bbox 1730 3288 1791 3350; x_wconf 79' lang='lat' dir='ltr'>et</span> <span class='ocrx_word' id='word_1_175' title='bbox 1834 3299 2064 3360; x_wconf 76' lang='lat' dir='ltr'>annea,</span> <span class='ocrx_word' id='word_1_176' title='bbox 2112 3284 2236 3347; x_wconf 91' lang='lat' dir='ltr'>hoc</span> 
     </span>
     <span class='ocr_line' id='line_1_28' title="bbox 695 3388 2235 3467; baseline -0.001 -13"><span class='ocrx_word' id='word_1_177' title='bbox 695 3409 825 3455; x_wconf 89' lang='lat' dir='ltr'>non</span> <span class='ocrx_word' id='word_1_178' title='bbox 853 3390 1062 3467; x_wconf 86' lang='lat' dir='ltr'>solvit,</span> <span class='ocrx_word' id='word_1_179' title='bbox 1089 3409 1239 3454; x_wconf 90' lang='lat' dir='ltr'>cum</span> <span class='ocrx_word' id='word_1_180' title='bbox 1266 3389 1557 3453; x_wconf 83' lang='lat' dir='ltr'>similiter</span> <span class='ocrx_word' id='word_1_181' title='bbox 1580 3390 1714 3453; x_wconf 89' lang='lat' dir='ltr'>dies</span> <span class='ocrx_word' id='word_1_182' title='bbox 1740 3393 1802 3453; x_wconf 91' lang='lat' dir='ltr'>et</span> <span class='ocrx_word' id='word_1_183' title='bbox 1829 3390 1983 3452; x_wconf 90' lang='lat' dir='ltr'>anni</span> <span class='ocrx_word' id='word_1_184' title='bbox 2024 3388 2235 3454; x_wconf 86' lang='lat' dir='ltr'>claudi</span> 
     </span>
     <span class='ocr_line' id='line_1_29' title="bbox 695 3497 2230 3581; baseline -0.001 -20"><span class='ocrx_word' id='word_1_185' title='bbox 695 3498 935 3580; x_wconf 87' lang='lat' dir='ltr'>possint</span> <span class='ocrx_word' id='word_1_186' title='bbox 959 3498 1030 3561; x_wconf 89' lang='lat' dir='ltr'>in</span> <span class='ocrx_word' id='word_1_187' title='bbox 1056 3498 1180 3562; x_wconf 90' lang='lat' dir='ltr'>hoc</span> <span class='ocrx_word' id='word_1_188' title='bbox 1204 3497 1374 3581; x_wconf 85' lang='lat' dir='ltr'>quod</span> <span class='ocrx_word' id='word_1_189' title='bbox 1402 3497 1571 3576; x_wconf 89' lang='lat' dir='ltr'>dicit,</span> <span class='ocrx_word' id='word_1_190' title='bbox 1600 3500 1794 3579; x_wconf 73' lang='lat' dir='ltr'>siqua</span> <span class='ocrx_word' id='word_1_191' title='bbox 1829 3505 1888 3563; x_wconf 86' lang='lat' dir='ltr'>et</span> <span class='ocrx_word' id='word_1_192' title='bbox 1927 3502 2230 3578; x_wconf 78' lang='lat' dir='ltr'>tempora..</span> 
     </span>
    </p>
   </div>
   <div class='ocr_carea' id='block_1_6' title="bbox 657 3604 2234 3687">
    <p class='ocr_par' dir='ltr' id='par_1_6' title="bbox 657 3604 2234 3687">
     <span class='ocr_line' id='line_1_30' title="bbox 657 3604 2234 3687; baseline -0.002 -15"><span class='ocrx_word' id='word_1_193' title='bbox 657 3659 670 3673; x_wconf 94' lang='lat'><strong>.</strong></span> <span class='ocrx_word' id='word_1_194' title='bbox 777 3605 962 3687; x_wconf 86' lang='lat' dir='ltr'>Resp.</span> <span class='ocrx_word' id='word_1_195' title='bbox 996 3605 1348 3669; x_wconf 86' lang='lat' dir='ltr'>Dicendum</span> <span class='ocrx_word' id='word_1_196' title='bbox 1387 3605 1559 3687; x_wconf 89' lang='lat' dir='ltr'>quod</span> <span class='ocrx_word' id='word_1_197' title='bbox 1596 3604 1749 3669; x_wconf 91' lang='lat' dir='ltr'>illud</span> <span class='ocrx_word' id='word_1_198' title='bbox 1787 3606 2058 3670; x_wconf 89' lang='lat' dir='ltr'>verbum</span> <span class='ocrx_word' id='word_1_199' title='bbox 2108 3606 2234 3671; x_wconf 91' lang='lat' dir='ltr'>du-</span> 
     </span>
    </p>
   </div>
   <div class='ocr_carea' id='block_1_7' title="bbox 692 3711 2239 4880">
    <p class='ocr_par' dir='ltr' id='par_1_7' title="bbox 692 3711 2239 4880">
     <span class='ocr_line' id='line_1_31' title="bbox 697 3711 2234 3797; baseline 0.001 -21"><span class='ocrx_word' id='word_1_200' title='bbox 697 3713 941 3797; x_wconf 84' lang='lat' dir='ltr'>pliciter</span> <span class='ocrx_word' id='word_1_201' title='bbox 969 3711 1162 3777; x_wconf 87' lang='lat' dir='ltr'>habet</span> <span class='ocrx_word' id='word_1_202' title='bbox 1199 3712 1458 3795; x_wconf 84' lang='lat' dir='ltr'>exponi,</span> <span class='ocrx_word' id='word_1_203' title='bbox 1498 3711 1851 3776; x_wconf 86' lang='lat' dir='ltr'>secundum</span> <span class='ocrx_word' id='word_1_204' title='bbox 1890 3713 2061 3795; x_wconf 90' lang='lat' dir='ltr'>quod</span> <span class='ocrx_word' id='word_1_205' title='bbox 2108 3713 2234 3777; x_wconf 88' lang='lat' dir='ltr'>du-</span> 
     </span>
     <span class='ocr_line' id='line_1_32' title="bbox 696 3819 2237 3904; baseline 0.001 -20"><span class='ocrx_word' id='word_1_206' title='bbox 696 3822 842 3904; x_wconf 87' lang='lat' dir='ltr'>plex</span> <span class='ocrx_word' id='word_1_207' title='bbox 871 3825 962 3885; x_wconf 85' lang='lat' dir='ltr'>est</span> <span class='ocrx_word' id='word_1_208' title='bbox 990 3838 1148 3884; x_wconf 88' lang='lat' dir='ltr'>usus</span> <span class='ocrx_word' id='word_1_209' title='bbox 1172 3821 1343 3900; x_wconf 83' lang='lat' dir='ltr'>signi</span> <span class='ocrx_word' id='word_1_210' title='bbox 1375 3843 1389 3883; x_wconf 92' lang='lat'>:</span> <span class='ocrx_word' id='word_1_211' title='bbox 1426 3819 1689 3901; x_wconf 81' lang='lat' dir='ltr'>signum</span> <span class='ocrx_word' id='word_1_212' title='bbox 1718 3820 1893 3884; x_wconf 89' lang='lat' dir='ltr'>enim</span> <span class='ocrx_word' id='word_1_213' title='bbox 1932 3825 1996 3885; x_wconf 91' lang='lat' dir='ltr'>et</span> <span class='ocrx_word' id='word_1_214' title='bbox 2035 3822 2237 3885; x_wconf 83' lang='lat' dir='ltr'>estad</span> 
     </span>
     <span class='ocr_line' id='line_1_33' title="bbox 696 3926 2239 4010; baseline 0 -19"><span class='ocrx_word' id='word_1_215' title='bbox 696 3929 1108 4009; x_wconf 84' lang='lat' dir='ltr'>signandum,</span> <span class='ocrx_word' id='word_1_216' title='bbox 1138 3933 1203 3992; x_wconf 88' lang='lat' dir='ltr'>et</span> <span class='ocrx_word' id='word_1_217' title='bbox 1227 3931 1321 3992; x_wconf 89' lang='lat' dir='ltr'>est</span> <span class='ocrx_word' id='word_1_218' title='bbox 1338 3928 1418 3992; x_wconf 88' lang='lat' dir='ltr'>ad</span> <span class='ocrx_word' id='word_1_219' title='bbox 1446 3928 1992 4009; x_wconf 84' lang='lat' dir='ltr'>distinguendum.</span> <span class='ocrx_word' id='word_1_220' title='bbox 2019 3926 2086 3993; x_wconf 91' lang='lat' dir='ltr'>Si</span> <span class='ocrx_word' id='word_1_221' title='bbox 2111 3929 2239 4010; x_wconf 89' lang='lat' dir='ltr'>pri-</span> 
     </span>
     <span class='ocr_line' id='line_1_34' title="bbox 694 4036 2237 4118; baseline 0.001 -18"><span class='ocrx_word' id='word_1_222' title='bbox 694 4051 803 4100; x_wconf 92' lang='lat' dir='ltr'>mo</span> <span class='ocrx_word' id='word_1_223' title='bbox 833 4036 1022 4100; x_wconf 92' lang='lat' dir='ltr'>modo</span> <span class='ocrx_word' id='word_1_224' title='bbox 1050 4037 1357 4118; x_wconf 82' lang='lat' dir='ltr'>accipitur</span> <span class='ocrx_word' id='word_1_225' title='bbox 1382 4036 1667 4117; x_wconf 84' lang='lat' dir='ltr'>signum,</span> <span class='ocrx_word' id='word_1_226' title='bbox 1697 4040 1852 4100; x_wconf 91' lang='lat' dir='ltr'>tunc</span> <span class='ocrx_word' id='word_1_227' title='bbox 1876 4039 1970 4100; x_wconf 90' lang='lat' dir='ltr'>est</span> <span class='ocrx_word' id='word_1_228' title='bbox 2011 4055 2237 4101; x_wconf 87' lang='lat' dir='ltr'>sensus</span> 
     </span>
     <span class='ocr_line' id='line_1_35' title="bbox 693 4144 2237 4228; baseline 0 -20"><span class='ocrx_word' id='word_1_229' title='bbox 693 4145 864 4228; x_wconf 85' lang='lat' dir='ltr'>quod</span> <span class='ocrx_word' id='word_1_230' title='bbox 899 4144 1010 4208; x_wconf 90' lang='lat' dir='ltr'>illa</span> <span class='ocrx_word' id='word_1_231' title='bbox 1045 4145 1390 4209; x_wconf 89' lang='lat' dir='ltr'>luminaria</span> <span class='ocrx_word' id='word_1_232' title='bbox 1424 4145 1586 4209; x_wconf 82' lang='lat' dir='ltr'>facta</span> <span class='ocrx_word' id='word_1_233' title='bbox 1622 4148 1775 4208; x_wconf 90' lang='lat' dir='ltr'>sunt</span> <span class='ocrx_word' id='word_1_234' title='bbox 1810 4145 1879 4208; x_wconf 91' lang='lat' dir='ltr'>in</span> <span class='ocrx_word' id='word_1_235' title='bbox 1925 4144 2136 4226; x_wconf 83' lang='lat' dir='ltr'>signa,</span> <span class='ocrx_word' id='word_1_236' title='bbox 2171 4145 2237 4208; x_wconf 95' lang='lat' dir='ltr'>id</span> 
     </span>
     <span class='ocr_line' id='line_1_36' title="bbox 693 4252 2233 4334; baseline 0 -18"><span class='ocrx_word' id='word_1_237' title='bbox 693 4255 809 4327; x_wconf 82' lang='lat' dir='ltr'>est,</span> <span class='ocrx_word' id='word_1_238' title='bbox 842 4252 912 4315; x_wconf 91' lang='lat' dir='ltr'>in</span> <span class='ocrx_word' id='word_1_239' title='bbox 938 4252 1469 4334; x_wconf 81' lang='lat' dir='ltr'>significationem</span> <span class='ocrx_word' id='word_1_240' title='bbox 1504 4255 1892 4331; x_wconf 81' lang='lat' dir='ltr'>futurorum,</span> <span class='ocrx_word' id='word_1_241' title='bbox 1928 4256 1992 4316; x_wconf 88' lang='lat' dir='ltr'>et</span> <span class='ocrx_word' id='word_1_242' title='bbox 2021 4252 2233 4317; x_wconf 90' lang='lat' dir='ltr'>varia-</span> 
     </span>
     <span class='ocr_line' id='line_1_37' title="bbox 694 4364 2232 4447; baseline 0 -20"><span class='ocrx_word' id='word_1_243' title='bbox 694 4364 935 4428; x_wconf 85' lang='lat' dir='ltr'>tionem</span> <span class='ocrx_word' id='word_1_244' title='bbox 964 4370 1350 4447; x_wconf 85' lang='lat' dir='ltr'>temporum,</span> <span class='ocrx_word' id='word_1_245' title='bbox 1396 4369 1461 4428; x_wconf 90' lang='lat' dir='ltr'>et</span> <span class='ocrx_word' id='word_1_246' title='bbox 1484 4365 1759 4443; x_wconf 89' lang='lat' dir='ltr'>dierum,</span> <span class='ocrx_word' id='word_1_247' title='bbox 1793 4368 1857 4429; x_wconf 88' lang='lat' dir='ltr'>et</span> <span class='ocrx_word' id='word_1_248' title='bbox 1887 4383 2232 4443; x_wconf 91' lang='lat' dir='ltr'>annorum,</span> 
     </span>
     <span class='ocr_line' id='line_1_38' title="bbox 693 4472 2238 4555; baseline -0.001 -18"><span class='ocrx_word' id='word_1_249' title='bbox 693 4478 770 4537; x_wconf 92' lang='lat' dir='ltr'>ut</span> <span class='ocrx_word' id='word_1_250' title='bbox 813 4473 1081 4538; x_wconf 84' lang='lat' dir='ltr'>variatio</span> <span class='ocrx_word' id='word_1_251' title='bbox 1107 4477 1472 4555; x_wconf 86' lang='lat' dir='ltr'>temporum</span> <span class='ocrx_word' id='word_1_252' title='bbox 1519 4472 1880 4537; x_wconf 88' lang='lat' dir='ltr'>attendatur</span> <span class='ocrx_word' id='word_1_253' title='bbox 1924 4473 1996 4536; x_wconf 90' lang='lat' dir='ltr'>in</span> <span class='ocrx_word' id='word_1_254' title='bbox 2024 4476 2238 4536; x_wconf 87' lang='lat' dir='ltr'>muta-</span> 
     </span>
     <span class='ocr_line' id='line_1_39' title="bbox 692 4581 2232 4663; baseline -0.001 -17"><span class='ocrx_word' id='word_1_255' title='bbox 692 4582 862 4646; x_wconf 85' lang='lat' dir='ltr'>tione</span> <span class='ocrx_word' id='word_1_256' title='bbox 903 4584 1221 4663; x_wconf 80' lang='lat' dir='ltr'>quantum</span> <span class='ocrx_word' id='word_1_257' title='bbox 1265 4582 1346 4645; x_wconf 92' lang='lat' dir='ltr'>ad</span> <span class='ocrx_word' id='word_1_258' title='bbox 1373 4581 1648 4645; x_wconf 89' lang='lat' dir='ltr'>calorem</span> <span class='ocrx_word' id='word_1_259' title='bbox 1694 4581 1862 4646; x_wconf 87' lang='lat' dir='ltr'>aeris</span> <span class='ocrx_word' id='word_1_260' title='bbox 1900 4586 1961 4645; x_wconf 89' lang='lat' dir='ltr'>et</span> <span class='ocrx_word' id='word_1_261' title='bbox 1989 4581 2232 4663; x_wconf 84' lang='lat' dir='ltr'>frigus;</span> 
     </span>
     <span class='ocr_line' id='line_1_40' title="bbox 693 4689 2235 4772; baseline -0.001 -18"><span class='ocrx_word' id='word_1_262' title='bbox 693 4690 964 4755; x_wconf 86' lang='lat' dir='ltr'>variatio</span> <span class='ocrx_word' id='word_1_263' title='bbox 1001 4690 1274 4770; x_wconf 89' lang='lat' dir='ltr'>dierum,</span> <span class='ocrx_word' id='word_1_264' title='bbox 1305 4693 1625 4772; x_wconf 88' lang='lat' dir='ltr'>quantum</span> <span class='ocrx_word' id='word_1_265' title='bbox 1653 4689 1732 4753; x_wconf 88' lang='lat' dir='ltr'>ad</span> <span class='ocrx_word' id='word_1_266' title='bbox 1772 4689 1993 4753; x_wconf 91' lang='lat' dir='ltr'>lumen</span> <span class='ocrx_word' id='word_1_267' title='bbox 2034 4693 2098 4753; x_wconf 87' lang='lat' dir='ltr'>et</span> <span class='ocrx_word' id='word_1_268' title='bbox 2135 4695 2235 4753; x_wconf 89' lang='lat' dir='ltr'>te-</span> 
     </span>
     <span class='ocr_line' id='line_1_41' title="bbox 692 4797 2237 4880; baseline 0 -19"><span class='ocrx_word' id='word_1_269' title='bbox 692 4798 958 4878; x_wconf 83' lang='lat' dir='ltr'>nebras;</span> <span class='ocrx_word' id='word_1_270' title='bbox 989 4798 1256 4862; x_wconf 87' lang='lat' dir='ltr'>variatio</span> <span class='ocrx_word' id='word_1_271' title='bbox 1283 4815 1626 4876; x_wconf 88' lang='lat' dir='ltr'>annorum,</span> <span class='ocrx_word' id='word_1_272' title='bbox 1671 4802 1989 4880; x_wconf 88' lang='lat' dir='ltr'>quantum</span> <span class='ocrx_word' id='word_1_273' title='bbox 2016 4797 2097 4861; x_wconf 90' lang='lat' dir='ltr'>ad</span> <span class='ocrx_word' id='word_1_274' title='bbox 2131 4815 2237 4861; x_wconf 89' lang='lat' dir='ltr'>re-</span> 
     </span>
    </p>
   </div>
   <div class='ocr_carea' id='block_1_8' title="bbox 693 4905 2247 4972">
    <p class='ocr_par' dir='ltr' id='par_1_8' title="bbox 693 4905 2247 4972">
     <span class='ocr_line' id='line_1_42' title="bbox 693 4905 2247 4972; baseline -0.002 0"><span class='ocrx_word' id='word_1_275' title='bbox 693 4907 1100 4972; x_wconf 87' lang='lat' dir='ltr'>novationem</span> <span class='ocrx_word' id='word_1_276' title='bbox 1123 4907 1362 4971; x_wconf 85' lang='lat' dir='ltr'>horum</span> <span class='ocrx_word' id='word_1_277' title='bbox 1389 4906 1669 4970; x_wconf 89' lang='lat' dir='ltr'>duorum</span> <span class='ocrx_word' id='word_1_278' title='bbox 1694 4923 1711 4968; x_wconf 71' lang='grc' dir='ltr'>ε</span> <span class='ocrx_word' id='word_1_279' title='bbox 1737 4909 1800 4970; x_wconf 90' lang='lat' dir='ltr'>et</span> <span class='ocrx_word' id='word_1_280' title='bbox 1826 4905 1916 4969; x_wconf 88' lang='lat' dir='ltr'>sic</span> <span class='ocrx_word' id='word_1_281' title='bbox 1938 4905 2247 4970; x_wconf 87' lang='lat' dir='ltr'>dicuntur</span> 
     </span>
    </p>
   </div>
   <div class='ocr_carea' id='block_1_9' title="bbox 694 5012 2233 5097">
    <p class='ocr_par' dir='ltr' id='par_1_9' title="bbox 694 5012 2233 5097">
     <span class='ocr_line' id='line_1_43' title="bbox 694 5012 2233 5097; baseline -0.003 -18"><span class='ocrx_word' id='word_1_282' title='bbox 694 5033 961 5097; x_wconf 89' lang='lat' dir='ltr'>corpora</span> <span class='ocrx_word' id='word_1_283' title='bbox 986 5012 1266 5078; x_wconf 83' lang='lat' dir='ltr'>coelestia</span> <span class='ocrx_word' id='word_1_284' title='bbox 1291 5031 1425 5078; x_wconf 81' lang='lat' dir='ltr'>esse</span> <span class='ocrx_word' id='word_1_285' title='bbox 1451 5014 1519 5077; x_wconf 89' lang='lat' dir='ltr'>in</span> <span class='ocrx_word' id='word_1_286' title='bbox 1547 5013 1735 5095; x_wconf 84' lang='lat' dir='ltr'>signa</span> <span class='ocrx_word' id='word_1_287' title='bbox 1764 5029 1898 5075; x_wconf 89' lang='lat' dir='ltr'>non</span> <span class='ocrx_word' id='word_1_288' title='bbox 1920 5030 2233 5094; x_wconf 88' lang='lat' dir='ltr'>quorum-</span> 
     </span>
    </p>
   </div>
   <div class='ocr_carea' id='block_1_10' title="bbox 693 5121 2297 5204">
    <p class='ocr_par' dir='ltr' id='par_1_10' title="bbox 693 5121 2297 5204">
     <span class='ocr_line' id='line_1_44' title="bbox 693 5121 2297 5204; baseline -0.001 -19"><span class='ocrx_word' id='word_1_289' title='bbox 693 5121 848 5185; x_wconf 89' lang='lat' dir='ltr'>libet</span> <span class='ocrx_word' id='word_1_290' title='bbox 898 5122 1287 5199; x_wconf 79' lang='lat' dir='ltr'>futurorum,</span> <span class='ocrx_word' id='word_1_291' title='bbox 1342 5122 1450 5186; x_wconf 87' lang='lat' dir='ltr'>sed</span> <span class='ocrx_word' id='word_1_292' title='bbox 1496 5138 1723 5185; x_wconf 89' lang='lat' dir='ltr'>eorum</span> <span class='ocrx_word' id='word_1_293' title='bbox 1776 5139 2057 5203; x_wconf 89' lang='lat' dir='ltr'>quorum</span> <span class='ocrx_word' id='word_1_294' title='bbox 2100 5121 2239 5204; x_wconf 85' lang='lat' dir='ltr'>ipsa</span> <span class='ocrx_word' id='word_1_295' title='bbox 2286 5155 2297 5166; x_wconf 92' lang='lat'><strong>·</strong></span> 
     </span>
    </p>
   </div>
   <div class='ocr_carea' id='block_1_11' title="bbox 695 5229 2239 5419">
    <p class='ocr_par' dir='ltr' id='par_1_11' title="bbox 695 5229 2239 5419">
     <span class='ocr_line' id='line_1_45' title="bbox 695 5229 2239 5312; baseline 0.001 -21"><span class='ocrx_word' id='word_1_296' title='bbox 695 5233 847 5293; x_wconf 88' lang='lat' dir='ltr'>sunt</span> <span class='ocrx_word' id='word_1_297' title='bbox 887 5229 1166 5312; x_wconf 87' lang='lat' dir='ltr'>quodam</span> <span class='ocrx_word' id='word_1_298' title='bbox 1206 5229 1395 5294; x_wconf 91' lang='lat' dir='ltr'>modo</span> <span class='ocrx_word' id='word_1_299' title='bbox 1439 5248 1666 5306; x_wconf 87' lang='lat' dir='ltr'>causa,</span> <span class='ocrx_word' id='word_1_300' title='bbox 1719 5229 1885 5293; x_wconf 91' lang='lat' dir='ltr'>sicut</span> <span class='ocrx_word' id='word_1_301' title='bbox 1928 5229 2239 5293; x_wconf 89' lang='lat' dir='ltr'>imbrium</span> 
     </span>
     <span class='ocr_line' id='line_1_46' title="bbox 697 5334 2239 5419; baseline 0.001 -20"><span class='ocrx_word' id='word_1_302' title='bbox 697 5339 761 5399; x_wconf 87' lang='lat' dir='ltr'>et</span> <span class='ocrx_word' id='word_1_303' title='bbox 779 5341 1148 5414; x_wconf 85' lang='lat' dir='ltr'>ventorum,</span> <span class='ocrx_word' id='word_1_304' title='bbox 1174 5339 1238 5400; x_wconf 87' lang='lat' dir='ltr'>et</span> <span class='ocrx_word' id='word_1_305' title='bbox 1257 5335 1348 5400; x_wconf 84' lang='lat' dir='ltr'>sic</span> <span class='ocrx_word' id='word_1_306' title='bbox 1365 5335 1626 5419; x_wconf 73' lang='lat' dir='ltr'>exponit</span> <span class='ocrx_word' id='word_1_307' title='bbox 1643 5334 2106 5416; x_wconf 86' lang='lat' dir='ltr'>Damascenus;</span> <span class='ocrx_word' id='word_1_308' title='bbox 2134 5335 2239 5401; x_wconf 87' lang='lat' dir='ltr'>vel</span> 
     </span>
    </p>
   </div>
   <div class='ocr_carea' id='block_1_12' title="bbox 762 5458 1740 5525">
    <p class='ocr_par' dir='ltr' id='par_1_12' title="bbox 762 5458 1740 5525">
     <span class='ocr_line' id='line_1_47' title="bbox 762 5458 1740 5525; baseline 0.001 -13"><span class='ocrx_word' id='word_1_309' title='bbox 762 5458 934 5520; x_wconf 67' lang='lat' dir='ltr'>¹Luc„</span> <span class='ocrx_word' id='word_1_310' title='bbox 955 5471 1067 5525; x_wconf 72' lang='lat' dir='ltr'>xxi,</span> <span class='ocrx_word' id='word_1_311' title='bbox 1087 5462 1168 5512; x_wconf 77' lang='lat'>25.</span> <span class='ocrx_word' id='word_1_312' title='bbox 1185 5485 1247 5499; x_wconf 92' lang='lat'><em>-</em></span> <span class='ocrx_word' id='word_1_313' title='bbox 1266 5461 1289 5496; x_wconf 80' lang='lat'>²</span> <span class='ocrx_word' id='word_1_314' title='bbox 1305 5461 1389 5512; x_wconf 74' lang='lat' dir='ltr'>Ps.</span> <span class='ocrx_word' id='word_1_315' title='bbox 1411 5471 1601 5525; x_wconf 78' lang='lat' dir='ltr'>cxxxv,</span> <span class='ocrx_word' id='word_1_316' title='bbox 1623 5464 1673 5524; x_wconf 82' lang='lat'>8,</span> <span class='ocrx_word' id='word_1_317' title='bbox 1692 5464 1740 5513; x_wconf 81' lang='grc'>9.</span> 
     </span>
    </p>
   </div>
   <div class='ocr_carea' id='block_1_13' title="bbox 1794 453 2736 523">
    <p class='ocr_par' dir='ltr' id='par_1_13' title="bbox 1794 453 2736 523">
     <span class='ocr_line' id='line_1_48' title="bbox 1794 453 2736 523; baseline -0.003 -1"><span class='ocrx_word' id='word_1_318' title='bbox 1794 454 2424 523; x_wconf 82' lang='lat' dir='ltr'>SENTENTIARUM</span> <span class='ocrx_word' id='word_1_319' title='bbox 2463 453 2612 520; x_wconf 85' lang='lat' dir='ltr'><strong>LIB.</strong></span> <span class='ocrx_word' id='word_1_320' title='bbox 2658 454 2736 520; x_wconf 89' lang='lat'>11.</span> 
     </span>
    </p>
   </div>
   <div class='ocr_carea' id='block_1_14' title="bbox 2328 585 3875 1315">
    <p class='ocr_par' dir='ltr' id='par_1_14' title="bbox 2328 585 3875 1315">
     <span class='ocr_line' id='line_1_49' title="bbox 2328 585 3875 675; baseline -0.006 -17"><span class='ocrx_word' id='word_1_321' title='bbox 2328 594 2522 658; x_wconf 87' lang='lat' dir='ltr'>etiam</span> <span class='ocrx_word' id='word_1_322' title='bbox 2546 609 2775 658; x_wconf 85' lang='lat' dir='ltr'>eorum</span> <span class='ocrx_word' id='word_1_323' title='bbox 2803 607 2919 675; x_wconf 88' lang='lat' dir='ltr'>per</span> <span class='ocrx_word' id='word_1_324' title='bbox 2941 604 3089 673; x_wconf 82' lang='lat' dir='ltr'>qnae</span> <span class='ocrx_word' id='word_1_325' title='bbox 3115 587 3467 672; x_wconf 70' lang='lat' dir='ltr'>praesignat</span> <span class='ocrx_word' id='word_1_326' title='bbox 3482 585 3711 651; x_wconf 84' lang='lat' dir='ltr'>divina</span> <span class='ocrx_word' id='word_1_327' title='bbox 3736 600 3875 669; x_wconf 87' lang='lat' dir='ltr'>pro·</span> 
     </span>
     <span class='ocr_line' id='line_1_50' title="bbox 2328 694 3871 780; baseline -0.006 -14"><span class='ocrx_word' id='word_1_328' title='bbox 2328 701 2633 779; x_wconf 87' lang='lat' dir='ltr'>videntia,</span> <span class='ocrx_word' id='word_1_329' title='bbox 2664 700 2828 764; x_wconf 84' lang='lat' dir='ltr'>sicut</span> <span class='ocrx_word' id='word_1_330' title='bbox 2856 715 3082 763; x_wconf 87' lang='lat' dir='ltr'>eorum</span> <span class='ocrx_word' id='word_1_331' title='bbox 3109 713 3257 780; x_wconf 79' lang='lat' dir='ltr'>quae</span> <span class='ocrx_word' id='word_1_332' title='bbox 3284 695 3628 760; x_wconf 86' lang='lat' dir='ltr'>advenient</span> <span class='ocrx_word' id='word_1_333' title='bbox 3651 694 3725 757; x_wconf 89' lang='lat' dir='ltr'>in</span> <span class='ocrx_word' id='word_1_334' title='bbox 3762 697 3871 775; x_wconf 89' lang='lat' dir='ltr'>ju-</span> 
     </span>
     <span class='ocr_line' id='line_1_51' title="bbox 2329 802 3875 886; baseline -0.005 -13"><span class='ocrx_word' id='word_1_335' title='bbox 2329 809 2515 886; x_wconf 91' lang='lat' dir='ltr'>dicio,</span> <span class='ocrx_word' id='word_1_336' title='bbox 2542 808 2898 873; x_wconf 86' lang='lat' dir='ltr'>secundum</span> <span class='ocrx_word' id='word_1_337' title='bbox 2916 805 3073 870; x_wconf 92' lang='lat' dir='ltr'>illud</span> <span class='ocrx_word' id='word_1_338' title='bbox 3109 804 3338 869; x_wconf 81' lang='lat' dir='ltr'>Lucae¹</span> <span class='ocrx_word' id='word_1_339' title='bbox 3382 826 3398 868; x_wconf 90' lang='lat'>:</span> <span class='ocrx_word' id='word_1_340' title='bbox 3442 804 3663 868; x_wconf 81' lang='lat' dir='ltr'>Erunt</span> <span class='ocrx_word' id='word_1_341' title='bbox 3684 802 3875 885; x_wconf 70' lang='lat' dir='ltr'>siqua</span> 
     </span>
     <span class='ocr_line' id='line_1_52' title="bbox 2329 910 3873 995; baseline -0.008 -11"><span class='ocrx_word' id='word_1_342' title='bbox 2329 920 2405 984; x_wconf 82' lang='lat' dir='ltr'>in</span> <span class='ocrx_word' id='word_1_343' title='bbox 2439 917 2563 983; x_wconf 75' lang='lat' dir='ltr'>sole</span> <span class='ocrx_word' id='word_1_344' title='bbox 2582 965 2604 995; x_wconf 89' lang='lat'>,</span> <span class='ocrx_word' id='word_1_345' title='bbox 2649 922 2709 982; x_wconf 84' lang='lat' dir='ltr'>et</span> <span class='ocrx_word' id='word_1_346' title='bbox 2759 915 2951 994; x_wconf 80' lang='lat' dir='ltr'>luna,</span> <span class='ocrx_word' id='word_1_347' title='bbox 2998 918 3060 979; x_wconf 85' lang='lat' dir='ltr'>et</span> <span class='ocrx_word' id='word_1_348' title='bbox 3095 912 3316 980; x_wconf 72' lang='lat' dir='ltr'>stellis.</span> <span class='ocrx_word' id='word_1_349' title='bbox 3380 910 3681 976; x_wconf 78' lang='lat' dir='ltr'>Aliorum</span> <span class='ocrx_word' id='word_1_350' title='bbox 3726 927 3873 974; x_wconf 84' lang='lat' dir='ltr'>vero</span> 
     </span>
     <span class='ocr_line' id='line_1_53' title="bbox 2331 1017 3875 1109; baseline -0.006 -20"><span class='ocrx_word' id='word_1_351' title='bbox 2331 1044 2478 1109; x_wconf 86' lang='lat' dir='ltr'>quae</span> <span class='ocrx_word' id='word_1_352' title='bbox 2506 1027 2660 1088; x_wconf 88' lang='lat' dir='ltr'>sunt</span> <span class='ocrx_word' id='word_1_353' title='bbox 2694 1043 2734 1087; x_wconf 90' lang='lat' dir='ltr'>a</span> <span class='ocrx_word' id='word_1_354' title='bbox 2775 1022 2975 1086; x_wconf 87' lang='lat' dir='ltr'>libero</span> <span class='ocrx_word' id='word_1_355' title='bbox 3011 1020 3275 1085; x_wconf 88' lang='lat' dir='ltr'>arbitrio</span> <span class='ocrx_word' id='word_1_356' title='bbox 3310 1037 3443 1084; x_wconf 90' lang='lat' dir='ltr'>non</span> <span class='ocrx_word' id='word_1_357' title='bbox 3487 1021 3646 1082; x_wconf 87' lang='lat' dir='ltr'>sunt</span> <span class='ocrx_word' id='word_1_358' title='bbox 3692 1017 3875 1099; x_wconf 79' lang='lat' dir='ltr'>signa</span> 
     </span>
     <span class='ocr_line' id='line_1_54' title="bbox 2330 1125 3875 1211; baseline -0.006 -15"><span class='ocrx_word' id='word_1_359' title='bbox 2330 1132 2722 1196; x_wconf 86' lang='lat' dir='ltr'>institutione</span> <span class='ocrx_word' id='word_1_360' title='bbox 2749 1129 2994 1207; x_wconf 86' lang='lat' dir='ltr'>divina;</span> <span class='ocrx_word' id='word_1_361' title='bbox 3026 1126 3134 1192; x_wconf 83' lang='lat' dir='ltr'>sed</span> <span class='ocrx_word' id='word_1_362' title='bbox 3152 1127 3368 1211; x_wconf 86' lang='lat' dir='ltr'>potius</span> <span class='ocrx_word' id='word_1_363' title='bbox 3384 1126 3468 1191; x_wconf 89' lang='lat' dir='ltr'>ad</span> <span class='ocrx_word' id='word_1_364' title='bbox 3484 1126 3597 1189; x_wconf 89' lang='lat' dir='ltr'>illa</span> <span class='ocrx_word' id='word_1_365' title='bbox 3610 1125 3666 1188; x_wconf 88' lang='lat' dir='ltr'>si</span> <span class='ocrx_word' id='word_1_366' title='bbox 3673 1142 3875 1206; x_wconf 83' lang='lat' dir='ltr'>gnan-</span> 
     </span>
     <span class='ocr_line' id='line_1_55' title="bbox 2332 1233 3871 1315; baseline -0.006 -10"><span class='ocrx_word' id='word_1_367' title='bbox 2332 1241 2415 1305; x_wconf 91' lang='lat' dir='ltr'>da</span> <span class='ocrx_word' id='word_1_368' title='bbox 2430 1241 2626 1305; x_wconf 84' lang='lat' dir='ltr'>traxit</span> <span class='ocrx_word' id='word_1_369' title='bbox 2651 1240 2941 1304; x_wconf 89' lang='lat' dir='ltr'>humana</span> <span class='ocrx_word' id='word_1_370' title='bbox 2961 1237 3155 1315; x_wconf 85' lang='lat' dir='ltr'>fictio,</span> <span class='ocrx_word' id='word_1_371' title='bbox 3185 1241 3247 1300; x_wconf 88' lang='lat' dir='ltr'>et</span> <span class='ocrx_word' id='word_1_372' title='bbox 3266 1235 3514 1302; x_wconf 83' lang='lat' dir='ltr'>fallacia</span> <span class='ocrx_word' id='word_1_373' title='bbox 3537 1233 3871 1299; x_wconf 83' lang='lat' dir='ltr'>diabolica.</span> 
     </span>
    </p>
   </div>
   <div class='ocr_carea' id='block_1_15' title="bbox 2334 1340 4042 1425">
    <p class='ocr_par' dir='ltr' id='par_1_15' title="bbox 2334 1340 4042 1425">
     <span class='ocr_line' id='line_1_56' title="bbox 2334 1340 4042 1425; baseline -0.005 -12"><span class='ocrx_word' id='word_1_374' title='bbox 2334 1348 2401 1413; x_wconf 89' lang='lat' dir='ltr'>Si</span> <span class='ocrx_word' id='word_1_375' title='bbox 2424 1351 2641 1412; x_wconf 91' lang='lat' dir='ltr'>autem</span> <span class='ocrx_word' id='word_1_376' title='bbox 2672 1345 2952 1411; x_wconf 87' lang='lat' dir='ltr'>secundo</span> <span class='ocrx_word' id='word_1_377' title='bbox 2990 1340 3181 1408; x_wconf 90' lang='lat' dir='ltr'>modo</span> <span class='ocrx_word' id='word_1_378' title='bbox 3220 1343 3546 1425; x_wconf 86' lang='lat' dir='ltr'>accipitur,</span> <span class='ocrx_word' id='word_1_379' title='bbox 3581 1340 3877 1405; x_wconf 86' lang='lat' dir='ltr'>videlicet</span> <span class='ocrx_word' id='word_1_380' title='bbox 3900 1363 4042 1419; x_wconf 63' lang='grc' dir='ltr'>ειμι</span> 
     </span>
    </p>
   </div>
   <div class='ocr_carea' id='block_1_16' title="bbox 2334 1449 3881 5523">
    <p class='ocr_par' dir='ltr' id='par_1_16' title="bbox 2334 1449 3881 5523">
     <span class='ocr_line' id='line_1_57' title="bbox 2334 1449 3878 1533; baseline -0.005 -13"><span class='ocrx_word' id='word_1_381' title='bbox 2334 1455 2415 1520; x_wconf 83' lang='lat' dir='ltr'>ab</span> <span class='ocrx_word' id='word_1_382' title='bbox 2455 1457 2604 1518; x_wconf 86' lang='lat' dir='ltr'>actu</span> <span class='ocrx_word' id='word_1_383' title='bbox 2630 1452 3086 1533; x_wconf 83' lang='lat' dir='ltr'>distinguendi,</span> <span class='ocrx_word' id='word_1_384' title='bbox 3116 1455 3273 1515; x_wconf 91' lang='lat' dir='ltr'>tunc</span> <span class='ocrx_word' id='word_1_385' title='bbox 3314 1454 3410 1515; x_wconf 89' lang='lat' dir='ltr'>est</span> <span class='ocrx_word' id='word_1_386' title='bbox 3446 1467 3677 1515; x_wconf 85' lang='lat' dir='ltr'>sensus</span> <span class='ocrx_word' id='word_1_387' title='bbox 3702 1472 3719 1514; x_wconf 68' lang='grc' dir='ltr'><strong>ε</strong></span> <span class='ocrx_word' id='word_1_388' title='bbox 3747 1449 3878 1515; x_wconf 85' lang='lat' dir='ltr'>Sint</span> 
     </span>
     <span class='ocr_line' id='line_1_58' title="bbox 2334 1557 3881 1641; baseline -0.003 -16"><span class='ocrx_word' id='word_1_389' title='bbox 2334 1563 2402 1625; x_wconf 90' lang='lat' dir='ltr'>in</span> <span class='ocrx_word' id='word_1_390' title='bbox 2449 1561 2658 1641; x_wconf 81' lang='lat' dir='ltr'>signa,</span> <span class='ocrx_word' id='word_1_391' title='bbox 2696 1558 2879 1641; x_wconf 86' lang='lat' dir='ltr'>quasi</span> <span class='ocrx_word' id='word_1_392' title='bbox 2915 1557 3347 1623; x_wconf 80' lang='lat' dir='ltr'>distinctiones</span> <span class='ocrx_word' id='word_1_393' title='bbox 3384 1560 3781 1640; x_wconf 89' lang='lat' dir='ltr'>temporum,</span> <span class='ocrx_word' id='word_1_394' title='bbox 3822 1563 3881 1621; x_wconf 87' lang='lat' dir='ltr'>et</span> 
     </span>
     <span class='ocr_line' id='line_1_59' title="bbox 2335 1664 3879 1750; baseline -0.001 -17"><span class='ocrx_word' id='word_1_395' title='bbox 2335 1669 2610 1743; x_wconf 89' lang='lat' dir='ltr'>dierum,</span> <span class='ocrx_word' id='word_1_396' title='bbox 2642 1672 2706 1731; x_wconf 94' lang='lat' dir='ltr'>et</span> <span class='ocrx_word' id='word_1_397' title='bbox 2742 1683 3083 1730; x_wconf 90' lang='lat' dir='ltr'>annorum.</span> <span class='ocrx_word' id='word_1_398' title='bbox 3133 1664 3284 1729; x_wconf 82' lang='lat' dir='ltr'>Haec</span> <span class='ocrx_word' id='word_1_399' title='bbox 3311 1670 3526 1730; x_wconf 90' lang='lat' dir='ltr'>autem</span> <span class='ocrx_word' id='word_1_400' title='bbox 3564 1668 3879 1750; x_wconf 82' lang='lat' dir='ltr'>expositio</span> 
     </span>
     <span class='ocr_line' id='line_1_60' title="bbox 2335 1774 3876 1858; baseline -0.003 -16"><span class='ocrx_word' id='word_1_401' title='bbox 2335 1776 2571 1842; x_wconf 82' lang='lat' dir='ltr'>divinae</span> <span class='ocrx_word' id='word_1_402' title='bbox 2594 1774 2938 1858; x_wconf 84' lang='lat' dir='ltr'>Scripturae</span> <span class='ocrx_word' id='word_1_403' title='bbox 2963 1774 3219 1839; x_wconf 86' lang='lat' dir='ltr'>videtur</span> <span class='ocrx_word' id='word_1_404' title='bbox 3246 1790 3383 1838; x_wconf 84' lang='lat' dir='ltr'>esse</span> <span class='ocrx_word' id='word_1_405' title='bbox 3404 1774 3614 1855; x_wconf 86' lang='lat' dir='ltr'>magis</span> <span class='ocrx_word' id='word_1_406' title='bbox 3653 1793 3876 1839; x_wconf 88' lang='lat' dir='ltr'>conso-</span> 
     </span>
     <span class='ocr_line' id='line_1_61' title="bbox 2336 1881 3875 1965; baseline -0.001 -18"><span class='ocrx_word' id='word_1_407' title='bbox 2336 1902 2423 1947; x_wconf 88' lang='lat' dir='ltr'>na</span> <span class='ocrx_word' id='word_1_408' title='bbox 2453 1905 2467 1947; x_wconf 90' lang='lat'><strong>:</strong></span> <span class='ocrx_word' id='word_1_409' title='bbox 2503 1882 2675 1965; x_wconf 83' lang='lat' dir='ltr'>quod</span> <span class='ocrx_word' id='word_1_410' title='bbox 2718 1886 2891 1965; x_wconf 90' lang='lat' dir='ltr'>patet</span> <span class='ocrx_word' id='word_1_411' title='bbox 2935 1898 3050 1963; x_wconf 86' lang='lat' dir='ltr'>per</span> <span class='ocrx_word' id='word_1_412' title='bbox 3087 1881 3560 1946; x_wconf 84' lang='lat' dir='ltr'>antecedentem</span> <span class='ocrx_word' id='word_1_413' title='bbox 3599 1881 3875 1959; x_wconf 86' lang='lat' dir='ltr'>literam,</span> 
     </span>
     <span class='ocr_line' id='line_1_62' title="bbox 2337 1988 3879 2070; baseline 0.003 -16"><span class='ocrx_word' id='word_1_414' title='bbox 2337 1989 2705 2055; x_wconf 88' lang='lat' dir='ltr'>ubidicitur</span> <span class='ocrx_word' id='word_1_415' title='bbox 2728 2009 2744 2052; x_wconf 73' lang='grc' dir='ltr'><strong>ε</strong></span> <span class='ocrx_word' id='word_1_416' title='bbox 2778 1990 2977 2055; x_wconf 72' lang='lat' dir='ltr'>Fiant</span> <span class='ocrx_word' id='word_1_417' title='bbox 3000 1988 3358 2056; x_wconf 74' lang='lat' dir='ltr'>luminaria</span> <span class='ocrx_word' id='word_1_418' title='bbox 3388 1992 3463 2056; x_wconf 82' lang='lat' dir='ltr'>in</span> <span class='ocrx_word' id='word_1_419' title='bbox 3482 1991 3879 2070; x_wconf 77' lang='lat' dir='ltr'>firmamento</span> 
     </span>
     <span class='ocr_line' id='line_1_63' title="bbox 2338 2096 3878 2180; baseline -0.001 -16"><span class='ocrx_word' id='word_1_420' title='bbox 2338 2098 2498 2178; x_wconf 78' lang='lat' dir='ltr'>coeli,</span> <span class='ocrx_word' id='word_1_421' title='bbox 2526 2102 2589 2163; x_wconf 83' lang='lat' dir='ltr'>et</span> <span class='ocrx_word' id='word_1_422' title='bbox 2614 2096 2928 2164; x_wconf 79' lang='lat' dir='ltr'>dividant</span> <span class='ocrx_word' id='word_1_423' title='bbox 2956 2097 3129 2163; x_wconf 82' lang='lat' dir='ltr'>diem</span> <span class='ocrx_word' id='word_1_424' title='bbox 3154 2114 3196 2163; x_wconf 88' lang='lat' dir='ltr'>a</span> <span class='ocrx_word' id='word_1_425' title='bbox 3214 2106 3413 2163; x_wconf 81' lang='lat' dir='ltr'>nocte.</span> <span class='ocrx_word' id='word_1_426' title='bbox 3436 2096 3689 2180; x_wconf 80' lang='lat' dir='ltr'>Duplex</span> <span class='ocrx_word' id='word_1_427' title='bbox 3708 2099 3878 2162; x_wconf 83' lang='lat' dir='ltr'>enim</span> 
     </span>
     <span class='ocr_line' id='line_1_64' title="bbox 2337 2205 3880 2289; baseline 0.001 -19"><span class='ocrx_word' id='word_1_428' title='bbox 2337 2208 2431 2271; x_wconf 86' lang='lat' dir='ltr'>est</span> <span class='ocrx_word' id='word_1_429' title='bbox 2447 2210 2662 2270; x_wconf 89' lang='lat' dir='ltr'>motus</span> <span class='ocrx_word' id='word_1_430' title='bbox 2684 2205 3104 2269; x_wconf 89' lang='lat' dir='ltr'>luminarium</span> <span class='ocrx_word' id='word_1_431' title='bbox 3130 2228 3146 2269; x_wconf 90' lang='lat'><strong>:</strong></span> <span class='ocrx_word' id='word_1_432' title='bbox 3168 2223 3360 2283; x_wconf 74' lang='lat' dir='ltr'>unuS,</span> <span class='ocrx_word' id='word_1_433' title='bbox 3392 2205 3507 2289; x_wconf 86' lang='lat' dir='ltr'>qui</span> <span class='ocrx_word' id='word_1_434' title='bbox 3523 2211 3619 2270; x_wconf 90' lang='lat' dir='ltr'>est</span> <span class='ocrx_word' id='word_1_435' title='bbox 3637 2207 3727 2270; x_wconf 90' lang='lat' dir='ltr'>ad</span> <span class='ocrx_word' id='word_1_436' title='bbox 3745 2224 3880 2271; x_wconf 91' lang='lat' dir='ltr'>mo-</span> 
     </span>
     <span class='ocr_line' id='line_1_65' title="bbox 2338 2313 3880 2396; baseline -0.001 -18"><span class='ocrx_word' id='word_1_437' title='bbox 2338 2318 2479 2379; x_wconf 84' lang='lat' dir='ltr'>tum</span> <span class='ocrx_word' id='word_1_438' title='bbox 2507 2314 2751 2378; x_wconf 83' lang='lat' dir='ltr'>ultimae</span> <span class='ocrx_word' id='word_1_439' title='bbox 2781 2313 3053 2396; x_wconf 83' lang='lat' dir='ltr'>sphaerae</span> <span class='ocrx_word' id='word_1_440' title='bbox 3086 2331 3280 2395; x_wconf 86' lang='lat' dir='ltr'>super</span> <span class='ocrx_word' id='word_1_441' title='bbox 3304 2313 3483 2396; x_wconf 89' lang='lat' dir='ltr'>polos</span> <span class='ocrx_word' id='word_1_442' title='bbox 3502 2313 3880 2396; x_wconf 80' lang='lat' dir='ltr'>principales</span> 
     </span>
     <span class='ocr_line' id='line_1_66' title="bbox 2338 2420 3874 2503; baseline -0.001 -18"><span class='ocrx_word' id='word_1_443' title='bbox 2338 2422 2419 2486; x_wconf 87' lang='lat' dir='ltr'>ab</span> <span class='ocrx_word' id='word_1_444' title='bbox 2469 2422 2711 2486; x_wconf 90' lang='lat' dir='ltr'>oriente</span> <span class='ocrx_word' id='word_1_445' title='bbox 2772 2421 2844 2485; x_wconf 89' lang='lat' dir='ltr'>in</span> <span class='ocrx_word' id='word_1_446' title='bbox 2891 2420 3204 2485; x_wconf 88' lang='lat' dir='ltr'>orientem</span> <span class='ocrx_word' id='word_1_447' title='bbox 3256 2439 3370 2503; x_wconf 90' lang='lat' dir='ltr'>per</span> <span class='ocrx_word' id='word_1_448' title='bbox 3423 2420 3823 2485; x_wconf 88' lang='lat' dir='ltr'>occidentem</span> <span class='ocrx_word' id='word_1_449' title='bbox 3859 2470 3874 2497; x_wconf 93' lang='lat'>,</span> 
     </span>
     <span class='ocr_line' id='line_1_67' title="bbox 2338 2527 3878 2612; baseline 0 -19"><span class='ocrx_word' id='word_1_450' title='bbox 2338 2547 2468 2612; x_wconf 90' lang='lat' dir='ltr'>quo</span> <span class='ocrx_word' id='word_1_451' title='bbox 2494 2534 2677 2593; x_wconf 91' lang='lat' dir='ltr'>motu</span> <span class='ocrx_word' id='word_1_452' title='bbox 2702 2528 3129 2593; x_wconf 89' lang='lat' dir='ltr'>revolvuntur</span> <span class='ocrx_word' id='word_1_453' title='bbox 3154 2527 3350 2592; x_wconf 83' lang='lat' dir='ltr'>semel</span> <span class='ocrx_word' id='word_1_454' title='bbox 3373 2528 3658 2610; x_wconf 90' lang='lat' dir='ltr'>quolibet</span> <span class='ocrx_word' id='word_1_455' title='bbox 3685 2532 3878 2594; x_wconf 85' lang='lat' dir='ltr'>natu-</span> 
     </span>
     <span class='ocr_line' id='line_1_68' title="bbox 2337 2635 3879 2714; baseline 0.001 -15"><span class='ocrx_word' id='word_1_456' title='bbox 2337 2636 2455 2700; x_wconf 89' lang='lat' dir='ltr'>rali</span> <span class='ocrx_word' id='word_1_457' title='bbox 2477 2637 2599 2714; x_wconf 89' lang='lat' dir='ltr'>die,</span> <span class='ocrx_word' id='word_1_458' title='bbox 2638 2640 2701 2701; x_wconf 91' lang='lat' dir='ltr'>et</span> <span class='ocrx_word' id='word_1_459' title='bbox 2723 2637 3079 2701; x_wconf 82' lang='lat' dir='ltr'>secundum</span> <span class='ocrx_word' id='word_1_460' title='bbox 3106 2635 3282 2699; x_wconf 88' lang='lat' dir='ltr'>hunc</span> <span class='ocrx_word' id='word_1_461' title='bbox 3307 2640 3554 2700; x_wconf 91' lang='lat' dir='ltr'>motum</span> <span class='ocrx_word' id='word_1_462' title='bbox 3588 2636 3879 2701; x_wconf 86' lang='lat' dir='ltr'>dividunt</span> 
     </span>
     <span class='ocr_line' id='line_1_69' title="bbox 2337 2743 3879 2821; baseline 0.003 -14"><span class='ocrx_word' id='word_1_463' title='bbox 2337 2744 2504 2807; x_wconf 90' lang='lat' dir='ltr'>diem</span> <span class='ocrx_word' id='word_1_464' title='bbox 2550 2746 2614 2808; x_wconf 89' lang='lat' dir='ltr'>et</span> <span class='ocrx_word' id='word_1_465' title='bbox 2653 2747 2925 2821; x_wconf 90' lang='lat' dir='ltr'>noctem,</span> <span class='ocrx_word' id='word_1_466' title='bbox 2962 2744 3127 2807; x_wconf 85' lang='lat' dir='ltr'>sicut</span> <span class='ocrx_word' id='word_1_467' title='bbox 3160 2743 3390 2807; x_wconf 81' lang='lat' dir='ltr'>dicitur</span> <span class='ocrx_word' id='word_1_468' title='bbox 3428 2743 3498 2806; x_wconf 90' lang='lat' dir='ltr'>in</span> <span class='ocrx_word' id='word_1_469' title='bbox 3541 2744 3879 2811; x_wconf 75' lang='lat' dir='ltr'>Psalmo¹t</span> 
     </span>
     <span class='ocr_line' id='line_1_70' title="bbox 2338 2850 3878 2932; baseline 0.002 -17"><span class='ocrx_word' id='word_1_470' title='bbox 2338 2851 2516 2917; x_wconf 81' lang='lat' dir='ltr'>Fecit</span> <span class='ocrx_word' id='word_1_471' title='bbox 2542 2851 2749 2917; x_wconf 79' lang='lat' dir='ltr'>Solem</span> <span class='ocrx_word' id='word_1_472' title='bbox 2793 2852 2868 2917; x_wconf 76' lang='lat' dir='ltr'>in</span> <span class='ocrx_word' id='word_1_473' title='bbox 2908 2855 3277 2932; x_wconf 78' lang='lat' dir='ltr'>potestatem</span> <span class='ocrx_word' id='word_1_474' title='bbox 3305 2850 3444 2917; x_wconf 81' lang='lat' dir='ltr'>diei</span> <span class='ocrx_word' id='word_1_475' title='bbox 3462 2899 3481 2929; x_wconf 94' lang='lat'>,</span> <span class='ocrx_word' id='word_1_476' title='bbox 3524 2852 3780 2918; x_wconf 80' lang='lat' dir='ltr'>Lunam</span> <span class='ocrx_word' id='word_1_477' title='bbox 3823 2856 3878 2918; x_wconf 82' lang='lat' dir='ltr'>et</span> 
     </span>
     <span class='ocr_line' id='line_1_71' title="bbox 2338 2959 3878 3043; baseline -0.001 -17"><span class='ocrx_word' id='word_1_478' title='bbox 2338 2959 2553 3026; x_wconf 75' lang='lat' dir='ltr'>stellas</span> <span class='ocrx_word' id='word_1_479' title='bbox 2582 2963 2658 3027; x_wconf 77' lang='lat' dir='ltr'>in</span> <span class='ocrx_word' id='word_1_480' title='bbox 2696 2964 3065 3043; x_wconf 76' lang='lat' dir='ltr'>potestatem</span> <span class='ocrx_word' id='word_1_481' title='bbox 3112 2961 3364 3039; x_wconf 79' lang='lat' dir='ltr'>noctis;</span> <span class='ocrx_word' id='word_1_482' title='bbox 3408 2959 3571 3023; x_wconf 82' lang='lat' dir='ltr'>alius</span> <span class='ocrx_word' id='word_1_483' title='bbox 3608 2966 3705 3024; x_wconf 85' lang='lat' dir='ltr'>est</span> <span class='ocrx_word' id='word_1_484' title='bbox 3746 2978 3878 3024; x_wconf 87' lang='lat' dir='ltr'>mo-</span> 
     </span>
     <span class='ocr_line' id='line_1_72' title="bbox 2340 3068 3879 3153; baseline 0 -19"><span class='ocrx_word' id='word_1_485' title='bbox 2340 3074 2443 3134; x_wconf 84' lang='lat' dir='ltr'>tus</span> <span class='ocrx_word' id='word_1_486' title='bbox 2465 3069 2762 3153; x_wconf 90' lang='lat' dir='ltr'>proprius</span> <span class='ocrx_word' id='word_1_487' title='bbox 2786 3087 2979 3152; x_wconf 84' lang='lat' dir='ltr'>quem</span> <span class='ocrx_word' id='word_1_488' title='bbox 3003 3068 3242 3133; x_wconf 89' lang='lat' dir='ltr'>habent</span> <span class='ocrx_word' id='word_1_489' title='bbox 3267 3070 3643 3134; x_wconf 78' lang='lat' dir='ltr'>naturaliter</span> <span class='ocrx_word' id='word_1_490' title='bbox 3668 3069 3741 3133; x_wconf 89' lang='lat' dir='ltr'>in</span> <span class='ocrx_word' id='word_1_491' title='bbox 3768 3070 3879 3134; x_wconf 86' lang='lat' dir='ltr'>cir·</span> 
     </span>
     <span class='ocr_line' id='line_1_73' title="bbox 2339 3174 3880 3260; baseline 0 -18"><span class='ocrx_word' id='word_1_492' title='bbox 2339 3178 2485 3242; x_wconf 90' lang='lat' dir='ltr'>culo</span> <span class='ocrx_word' id='word_1_493' title='bbox 2514 3178 2798 3260; x_wconf 88' lang='lat' dir='ltr'>obliquo,</span> <span class='ocrx_word' id='word_1_494' title='bbox 2831 3176 3062 3241; x_wconf 83' lang='lat' dir='ltr'>scilicet</span> <span class='ocrx_word' id='word_1_495' title='bbox 3086 3177 3156 3240; x_wconf 90' lang='lat' dir='ltr'>in</span> <span class='ocrx_word' id='word_1_496' title='bbox 3172 3174 3454 3256; x_wconf 82' lang='lat' dir='ltr'>zodiaco,</span> <span class='ocrx_word' id='word_1_497' title='bbox 3476 3177 3547 3240; x_wconf 90' lang='lat' dir='ltr'>in</span> <span class='ocrx_word' id='word_1_498' title='bbox 3573 3196 3708 3260; x_wconf 85' lang='lat' dir='ltr'>quo</span> <span class='ocrx_word' id='word_1_499' title='bbox 3730 3178 3880 3242; x_wconf 86' lang='lat' dir='ltr'>duo·</span> 
     </span>
     <span class='ocr_line' id='line_1_74' title="bbox 2340 3284 3877 3365; baseline 0.001 -17"><span class='ocrx_word' id='word_1_500' title='bbox 2340 3284 2543 3348; x_wconf 90' lang='lat' dir='ltr'>decim</span> <span class='ocrx_word' id='word_1_501' title='bbox 2599 3284 2788 3365; x_wconf 85' lang='lat' dir='ltr'>signa</span> <span class='ocrx_word' id='word_1_502' title='bbox 2836 3284 3284 3349; x_wconf 88' lang='lat' dir='ltr'>describuntur</span> <span class='ocrx_word' id='word_1_503' title='bbox 3325 3305 3340 3347; x_wconf 74' lang='grc' dir='ltr'>ε</span> <span class='ocrx_word' id='word_1_504' title='bbox 3407 3287 3473 3347; x_wconf 87' lang='lat' dir='ltr'>et</span> <span class='ocrx_word' id='word_1_505' title='bbox 3525 3286 3877 3350; x_wconf 86' lang='lat' dir='ltr'>secundum</span> 
     </span>
     <span class='ocr_line' id='line_1_75' title="bbox 2342 3389 3877 3473; baseline 0.002 -20"><span class='ocrx_word' id='word_1_506' title='bbox 2342 3395 2590 3454; x_wconf 90' lang='lat' dir='ltr'>motum</span> <span class='ocrx_word' id='word_1_507' title='bbox 2611 3389 3010 3473; x_wconf 85' lang='lat' dir='ltr'>planetarum</span> <span class='ocrx_word' id='word_1_508' title='bbox 3028 3390 3097 3453; x_wconf 91' lang='lat' dir='ltr'>in</span> <span class='ocrx_word' id='word_1_509' title='bbox 3117 3390 3239 3453; x_wconf 88' lang='lat' dir='ltr'>illis</span> <span class='ocrx_word' id='word_1_510' title='bbox 3260 3390 3490 3471; x_wconf 79' lang='lat' dir='ltr'>signiS,</span> <span class='ocrx_word' id='word_1_511' title='bbox 3510 3393 3576 3454; x_wconf 85' lang='lat' dir='ltr'>et</span> <span class='ocrx_word' id='word_1_512' title='bbox 3600 3391 3877 3456; x_wconf 81' lang='lat' dir='ltr'>maxime</span> 
     </span>
     <span class='ocr_line' id='line_1_76' title="bbox 2341 3496 3878 3581; baseline -0.001 -17"><span class='ocrx_word' id='word_1_513' title='bbox 2341 3496 2524 3578; x_wconf 88' lang='lat' dir='ltr'>Solis,</span> <span class='ocrx_word' id='word_1_514' title='bbox 2556 3499 2629 3562; x_wconf 89' lang='lat' dir='ltr'>fit</span> <span class='ocrx_word' id='word_1_515' title='bbox 2653 3498 2928 3579; x_wconf 83' lang='lat' dir='ltr'>signatio</span> <span class='ocrx_word' id='word_1_516' title='bbox 2954 3502 3021 3561; x_wconf 91' lang='lat' dir='ltr'>et</span> <span class='ocrx_word' id='word_1_517' title='bbox 3061 3498 3374 3562; x_wconf 85' lang='lat' dir='ltr'>distinctio</span> <span class='ocrx_word' id='word_1_518' title='bbox 3403 3502 3788 3581; x_wconf 84' lang='lat' dir='ltr'>temporum,</span> <span class='ocrx_word' id='word_1_519' title='bbox 3818 3501 3878 3563; x_wconf 89' lang='lat' dir='ltr'>et</span> 
     </span>
     <span class='ocr_line' id='line_1_77' title="bbox 2341 3604 3876 3689; baseline 0.001 -20"><span class='ocrx_word' id='word_1_520' title='bbox 2341 3606 2617 3685; x_wconf 90' lang='lat' dir='ltr'>dierum,</span> <span class='ocrx_word' id='word_1_521' title='bbox 2658 3609 2722 3669; x_wconf 86' lang='lat' dir='ltr'>et</span> <span class='ocrx_word' id='word_1_522' title='bbox 2762 3621 3107 3670; x_wconf 89' lang='lat' dir='ltr'>annorum.</span> <span class='ocrx_word' id='word_1_523' title='bbox 3138 3604 3466 3670; x_wconf 84' lang='lat' dir='ltr'>Distinctio</span> <span class='ocrx_word' id='word_1_524' title='bbox 3509 3609 3876 3689; x_wconf 86' lang='lat' dir='ltr'>temporum</span> 
     </span>
     <span class='ocr_line' id='line_1_78' title="bbox 2341 3713 3878 3796; baseline 0.002 -20"><span class='ocrx_word' id='word_1_525' title='bbox 2341 3713 2435 3789; x_wconf 82' lang='lat' dir='ltr'>fit,</span> <span class='ocrx_word' id='word_1_526' title='bbox 2472 3713 2622 3795; x_wconf 85' lang='lat' dir='ltr'>qnia</span> <span class='ocrx_word' id='word_1_527' title='bbox 2650 3718 2927 3796; x_wconf 88' lang='lat' dir='ltr'>quatuor</span> <span class='ocrx_word' id='word_1_528' title='bbox 2959 3717 3112 3777; x_wconf 86' lang='lat' dir='ltr'>sunt</span> <span class='ocrx_word' id='word_1_529' title='bbox 3132 3717 3424 3796; x_wconf 86' lang='lat' dir='ltr'>tempora</span> <span class='ocrx_word' id='word_1_530' title='bbox 3444 3715 3619 3790; x_wconf 89' lang='lat' dir='ltr'>anni,</span> <span class='ocrx_word' id='word_1_531' title='bbox 3652 3733 3787 3789; x_wconf 86' lang='lat' dir='ltr'>ver,</span> <span class='ocrx_word' id='word_1_532' title='bbox 3816 3721 3878 3779; x_wconf 92' lang='lat' dir='ltr'>et</span> 
     </span>
     <span class='ocr_line' id='line_1_79' title="bbox 2342 3821 3877 3905; baseline 0.001 -21"><span class='ocrx_word' id='word_1_533' title='bbox 2342 3825 2560 3900; x_wconf 73' lang='lat' dir='ltr'>aestas,</span> <span class='ocrx_word' id='word_1_534' title='bbox 2615 3826 2997 3899; x_wconf 79' lang='lat' dir='ltr'>autumnuS,</span> <span class='ocrx_word' id='word_1_535' title='bbox 3043 3827 3108 3884; x_wconf 91' lang='lat' dir='ltr'>et</span> <span class='ocrx_word' id='word_1_536' title='bbox 3150 3821 3377 3905; x_wconf 85' lang='lat' dir='ltr'>hyems</span> <span class='ocrx_word' id='word_1_537' title='bbox 3398 3871 3415 3898; x_wconf 96' lang='lat'>,</span> <span class='ocrx_word' id='word_1_538' title='bbox 3463 3839 3612 3903; x_wconf 71' lang='lat' dir='ltr'>quae</span> <span class='ocrx_word' id='word_1_539' title='bbox 3655 3822 3877 3886; x_wconf 87' lang='lat' dir='ltr'>distin-</span> 
     </span>
     <span class='ocr_line' id='line_1_80' title="bbox 2343 3926 3877 4012; baseline 0.003 -22"><span class='ocrx_word' id='word_1_540' title='bbox 2343 3932 2639 4009; x_wconf 81' lang='lat' dir='ltr'>guuntur</span> <span class='ocrx_word' id='word_1_541' title='bbox 2664 3947 2779 4011; x_wconf 90' lang='lat' dir='ltr'>per</span> <span class='ocrx_word' id='word_1_542' title='bbox 2805 3934 3055 3993; x_wconf 90' lang='lat' dir='ltr'>motum</span> <span class='ocrx_word' id='word_1_543' title='bbox 3085 3928 3245 3993; x_wconf 92' lang='lat' dir='ltr'>Solis</span> <span class='ocrx_word' id='word_1_544' title='bbox 3275 3929 3343 3992; x_wconf 89' lang='lat' dir='ltr'>in</span> <span class='ocrx_word' id='word_1_545' title='bbox 3372 3926 3656 4010; x_wconf 87' lang='lat' dir='ltr'>Zodiaco,</span> <span class='ocrx_word' id='word_1_546' title='bbox 3691 3934 3877 4012; x_wconf 90' lang='lat' dir='ltr'>prout</span> 
     </span>
     <span class='ocr_line' id='line_1_81' title="bbox 2342 4035 3874 4119; baseline 0.003 -21"><span class='ocrx_word' id='word_1_547' title='bbox 2342 4035 2424 4099; x_wconf 89' lang='lat' dir='ltr'>ad</span> <span class='ocrx_word' id='word_1_548' title='bbox 2444 4054 2561 4099; x_wconf 90' lang='lat' dir='ltr'>nos</span> <span class='ocrx_word' id='word_1_549' title='bbox 2585 4037 2842 4116; x_wconf 86' lang='lat' dir='ltr'>accedit,</span> <span class='ocrx_word' id='word_1_550' title='bbox 2875 4040 2937 4101; x_wconf 92' lang='lat' dir='ltr'>et</span> <span class='ocrx_word' id='word_1_551' title='bbox 2956 4056 2995 4101; x_wconf 91' lang='lat' dir='ltr'>a</span> <span class='ocrx_word' id='word_1_552' title='bbox 3011 4038 3195 4100; x_wconf 88' lang='lat' dir='ltr'>nohis</span> <span class='ocrx_word' id='word_1_553' title='bbox 3218 4037 3579 4119; x_wconf 84' lang='lat' dir='ltr'>elongatur.</span> <span class='ocrx_word' id='word_1_554' title='bbox 3613 4037 3874 4102; x_wconf 86' lang='lat' dir='ltr'>Distine-</span> 
     </span>
     <span class='ocr_line' id='line_1_82' title="bbox 2343 4143 3876 4227; baseline 0.002 -20"><span class='ocrx_word' id='word_1_555' title='bbox 2343 4143 2432 4207; x_wconf 89' lang='lat' dir='ltr'>tio</span> <span class='ocrx_word' id='word_1_556' title='bbox 2449 4157 2604 4209; x_wconf 90' lang='lat' dir='ltr'>vero</span> <span class='ocrx_word' id='word_1_557' title='bbox 2623 4145 2868 4208; x_wconf 86' lang='lat' dir='ltr'>dierum</span> <span class='ocrx_word' id='word_1_558' title='bbox 2892 4146 2964 4208; x_wconf 88' lang='lat' dir='ltr'>flt</span> <span class='ocrx_word' id='word_1_559' title='bbox 2979 4145 3273 4208; x_wconf 87' lang='lat' dir='ltr'>similiter</span> <span class='ocrx_word' id='word_1_560' title='bbox 3292 4164 3405 4227; x_wconf 88' lang='lat' dir='ltr'>per</span> <span class='ocrx_word' id='word_1_561' title='bbox 3424 4145 3724 4210; x_wconf 88' lang='lat' dir='ltr'>eumdem</span> <span class='ocrx_word' id='word_1_562' title='bbox 3749 4164 3876 4210; x_wconf 88' lang='lat' dir='ltr'>mo-</span> 
     </span>
     <span class='ocr_line' id='line_1_83' title="bbox 2343 4251 3875 4334; baseline 0.003 -20"><span class='ocrx_word' id='word_1_563' title='bbox 2343 4253 2506 4330; x_wconf 87' lang='lat' dir='ltr'>tum,</span> <span class='ocrx_word' id='word_1_564' title='bbox 2542 4251 2694 4334; x_wconf 88' lang='lat' dir='ltr'>quia</span> <span class='ocrx_word' id='word_1_565' title='bbox 2716 4253 2905 4316; x_wconf 92' lang='lat' dir='ltr'>modo</span> <span class='ocrx_word' id='word_1_566' title='bbox 2933 4252 3065 4316; x_wconf 86' lang='lat' dir='ltr'>dies</span> <span class='ocrx_word' id='word_1_567' title='bbox 3091 4255 3400 4332; x_wconf 89' lang='lat' dir='ltr'>crescunt,</span> <span class='ocrx_word' id='word_1_568' title='bbox 3424 4253 3617 4317; x_wconf 92' lang='lat' dir='ltr'>modo</span> <span class='ocrx_word' id='word_1_569' title='bbox 3640 4254 3875 4318; x_wconf 59' lang='lat' dir='ltr'>decros-</span> 
     </span>
     <span class='ocr_line' id='line_1_84' title="bbox 2344 4359 3871 4443; baseline 0.002 -21"><span class='ocrx_word' id='word_1_570' title='bbox 2344 4364 2517 4423; x_wconf 90' lang='lat' dir='ltr'>cunt.</span> <span class='ocrx_word' id='word_1_571' title='bbox 2548 4359 2906 4442; x_wconf 86' lang='lat' dir='ltr'>Aliquando</span> <span class='ocrx_word' id='word_1_572' title='bbox 2930 4360 3063 4425; x_wconf 88' lang='lat' dir='ltr'>dies</span> <span class='ocrx_word' id='word_1_573' title='bbox 3089 4363 3242 4424; x_wconf 90' lang='lat' dir='ltr'>sunt</span> <span class='ocrx_word' id='word_1_574' title='bbox 3269 4363 3542 4443; x_wconf 87' lang='lat' dir='ltr'>majores</span> <span class='ocrx_word' id='word_1_575' title='bbox 3565 4362 3871 4440; x_wconf 44' lang='lat' dir='ltr'>noctibus</span> 
     </span>
     <span class='ocr_line' id='line_1_85' title="bbox 2343 4465 3875 4553; baseline 0.003 -24"><span class='ocrx_word' id='word_1_576' title='bbox 2343 4465 2686 4550; x_wconf 89' lang='lat' dir='ltr'>aliquando</span> <span class='ocrx_word' id='word_1_577' title='bbox 2726 4469 3031 4545; x_wconf 60' lang='lat' dir='ltr'>minores),</span> <span class='ocrx_word' id='word_1_578' title='bbox 3074 4469 3429 4533; x_wconf 86' lang='lat' dir='ltr'>secundum</span> <span class='ocrx_word' id='word_1_579' title='bbox 3453 4469 3630 4552; x_wconf 85' lang='lat' dir='ltr'>quod</span> <span class='ocrx_word' id='word_1_580' title='bbox 3657 4488 3773 4553; x_wconf 84' lang='lat' dir='ltr'>per</span> <span class='ocrx_word' id='word_1_581' title='bbox 3798 4470 3875 4533; x_wconf 90' lang='lat' dir='ltr'>il-</span> 
     </span>
     <span class='ocr_line' id='line_1_86' title="bbox 2342 4573 3874 4659; baseline 0.003 -22"><span class='ocrx_word' id='word_1_582' title='bbox 2342 4573 2479 4638; x_wconf 91' lang='lat' dir='ltr'>lum</span> <span class='ocrx_word' id='word_1_583' title='bbox 2522 4579 2771 4639; x_wconf 90' lang='lat' dir='ltr'>motum</span> <span class='ocrx_word' id='word_1_584' title='bbox 2809 4575 3145 4659; x_wconf 87' lang='lat' dir='ltr'>dupliciter</span> <span class='ocrx_word' id='word_1_585' title='bbox 3188 4575 3494 4659; x_wconf 87' lang='lat' dir='ltr'>accipitur</span> <span class='ocrx_word' id='word_1_586' title='bbox 3518 4577 3874 4656; x_wconf 89' lang='lat' dir='ltr'>solstitium,</span> 
     </span>
     <span class='ocr_line' id='line_1_87' title="bbox 2343 4682 3876 4768; baseline 0.003 -22"><span class='ocrx_word' id='word_1_587' title='bbox 2343 4682 2576 4747; x_wconf 84' lang='lat' dir='ltr'>scilicet</span> <span class='ocrx_word' id='word_1_588' title='bbox 2598 4683 2900 4763; x_wconf 61' lang='lat' dir='ltr'>aestivale,</span> <span class='ocrx_word' id='word_1_589' title='bbox 2927 4688 2990 4748; x_wconf 88' lang='lat' dir='ltr'>et</span> <span class='ocrx_word' id='word_1_590' title='bbox 3005 4684 3321 4767; x_wconf 82' lang='lat' dir='ltr'>hyemale3</span> <span class='ocrx_word' id='word_1_591' title='bbox 3345 4688 3408 4748; x_wconf 92' lang='lat' dir='ltr'>et</span> <span class='ocrx_word' id='word_1_592' title='bbox 3420 4683 3663 4768; x_wconf 83' lang='lat' dir='ltr'>duplex</span> <span class='ocrx_word' id='word_1_593' title='bbox 3681 4687 3876 4768; x_wconf 86' lang='lat' dir='ltr'>aequi-</span> 
     </span>
     <span class='ocr_line' id='line_1_88' title="bbox 2344 4791 3877 4870; baseline 0.001 -16"><span class='ocrx_word' id='word_1_594' title='bbox 2344 4791 2652 4868; x_wconf 89' lang='lat' dir='ltr'>noctium,</span> <span class='ocrx_word' id='word_1_595' title='bbox 2682 4791 2918 4855; x_wconf 87' lang='lat' dir='ltr'>scilicet</span> <span class='ocrx_word' id='word_1_596' title='bbox 2932 4792 3212 4870; x_wconf 89' lang='lat' dir='ltr'>vernale,</span> <span class='ocrx_word' id='word_1_597' title='bbox 3228 4793 3291 4854; x_wconf 91' lang='lat' dir='ltr'>et</span> <span class='ocrx_word' id='word_1_598' title='bbox 3307 4792 3700 4857; x_wconf 85' lang='lat' dir='ltr'>autumnale.</span> <span class='ocrx_word' id='word_1_599' title='bbox 3720 4791 3877 4857; x_wconf 87' lang='lat' dir='ltr'>Sunt</span> 
     </span>
     <span class='ocr_line' id='line_1_89' title="bbox 2345 4899 3876 4967; baseline 0.003 -5"><span class='ocrx_word' id='word_1_600' title='bbox 2345 4899 2536 4963; x_wconf 84' lang='lat' dir='ltr'>etiam</span> <span class='ocrx_word' id='word_1_601' title='bbox 2561 4904 2774 4964; x_wconf 89' lang='lat' dir='ltr'>motus</span> <span class='ocrx_word' id='word_1_602' title='bbox 2795 4901 2863 4962; x_wconf 90' lang='lat' dir='ltr'>in</span> <span class='ocrx_word' id='word_1_603' title='bbox 2884 4900 3028 4964; x_wconf 86' lang='lat' dir='ltr'>disti</span> <span class='ocrx_word' id='word_1_604' title='bbox 3037 4900 3285 4965; x_wconf 80' lang='lat' dir='ltr'>actione</span> <span class='ocrx_word' id='word_1_605' title='bbox 3303 4918 3626 4965; x_wconf 88' lang='lat' dir='ltr'>annorum</span> <span class='ocrx_word' id='word_1_606' title='bbox 3652 4919 3876 4967; x_wconf 87' lang='lat' dir='ltr'>secun-</span> 
     </span>
     <span class='ocr_line' id='line_1_90' title="bbox 2344 5006 3876 5076; baseline 0.001 -4"><span class='ocrx_word' id='word_1_607' title='bbox 2344 5007 2500 5072; x_wconf 88' lang='lat' dir='ltr'>dum</span> <span class='ocrx_word' id='word_1_608' title='bbox 2527 5009 2951 5072; x_wconf 87' lang='lat' dir='ltr'>servationem</span> <span class='ocrx_word' id='word_1_609' title='bbox 2983 5007 3152 5072; x_wconf 89' lang='lat' dir='ltr'>illius</span> <span class='ocrx_word' id='word_1_610' title='bbox 3190 5012 3405 5072; x_wconf 82' lang='lat' dir='ltr'>motus</span> <span class='ocrx_word' id='word_1_611' title='bbox 3433 5006 3594 5073; x_wconf 90' lang='lat' dir='ltr'>Solis</span> <span class='ocrx_word' id='word_1_612' title='bbox 3620 5010 3694 5074; x_wconf 91' lang='lat' dir='ltr'>in</span> <span class='ocrx_word' id='word_1_613' title='bbox 3717 5011 3876 5076; x_wconf 90' lang='lat' dir='ltr'>ohli-</span> 
     </span>
     <span class='ocr_line' id='line_1_91' title="bbox 2345 5114 3876 5197; baseline 0.002 -18"><span class='ocrx_word' id='word_1_614' title='bbox 2345 5133 2474 5197; x_wconf 87' lang='lat' dir='ltr'>quo</span> <span class='ocrx_word' id='word_1_615' title='bbox 2502 5114 2758 5179; x_wconf 89' lang='lat' dir='ltr'>circulo.</span> <span class='ocrx_word' id='word_1_616' title='bbox 2792 5115 3092 5180; x_wconf 88' lang='lat' dir='ltr'>Similiter</span> <span class='ocrx_word' id='word_1_617' title='bbox 3117 5134 3236 5180; x_wconf 87' lang='lat' dir='ltr'>suo</span> <span class='ocrx_word' id='word_1_618' title='bbox 3269 5115 3461 5180; x_wconf 89' lang='lat' dir='ltr'>modo</span> <span class='ocrx_word' id='word_1_619' title='bbox 3487 5115 3672 5182; x_wconf 87' lang='lat' dir='ltr'>Luna</span> <span class='ocrx_word' id='word_1_620' title='bbox 3696 5120 3876 5182; x_wconf 88' lang='lat' dir='ltr'>estin</span> 
     </span>
     <span class='ocr_line' id='line_1_92' title="bbox 2344 5221 3874 5307; baseline 0.003 -22"><span class='ocrx_word' id='word_1_621' title='bbox 2344 5221 2877 5302; x_wconf 79' lang='lat' dir='ltr'>significationem</span> <span class='ocrx_word' id='word_1_622' title='bbox 2903 5228 3289 5307; x_wconf 87' lang='lat' dir='ltr'>temporum,</span> <span class='ocrx_word' id='word_1_623' title='bbox 3336 5227 3401 5288; x_wconf 89' lang='lat' dir='ltr'>et</span> <span class='ocrx_word' id='word_1_624' title='bbox 3442 5242 3786 5306; x_wconf 89' lang='lat' dir='ltr'>annorum,</span> <span class='ocrx_word' id='word_1_625' title='bbox 3818 5229 3874 5290; x_wconf 88' lang='lat' dir='ltr'>et</span> 
     </span>
     <span class='ocr_line' id='line_1_93' title="bbox 2345 5330 3874 5415; baseline 0.003 -21"><span class='ocrx_word' id='word_1_626' title='bbox 2345 5331 2618 5410; x_wconf 89' lang='lat' dir='ltr'>dierum,</span> <span class='ocrx_word' id='word_1_627' title='bbox 2651 5331 2824 5414; x_wconf 87' lang='lat' dir='ltr'>apud</span> <span class='ocrx_word' id='word_1_628' title='bbox 2844 5330 2876 5396; x_wconf 89' lang='lat' dir='ltr'>J</span> <span class='ocrx_word' id='word_1_629' title='bbox 2881 5332 3097 5397; x_wconf 81' lang='lat' dir='ltr'>udaeos</span> <span class='ocrx_word' id='word_1_630' title='bbox 3132 5331 3414 5397; x_wconf 83' lang='lat' dir='ltr'>maxime</span> <span class='ocrx_word' id='word_1_631' title='bbox 3458 5338 3777 5415; x_wconf 81' lang='lat' dir='ltr'>quantum</span> <span class='ocrx_word' id='word_1_632' title='bbox 3800 5332 3874 5398; x_wconf 86' lang='lat' dir='ltr'>ad</span> 
     </span>
     <span class='ocr_line' id='line_1_94' title="bbox 2346 5439 3868 5523; baseline -0.001 -17"><span class='ocrx_word' id='word_1_633' title='bbox 2346 5440 2797 5521; x_wconf 76' lang='lat' dir='ltr'>solemnitates»,</span> <span class='ocrx_word' id='word_1_634' title='bbox 2827 5440 2994 5507; x_wconf 88' lang='lat' dir='ltr'>sicut</span> <span class='ocrx_word' id='word_1_635' title='bbox 3016 5440 3189 5523; x_wconf 86' lang='lat' dir='ltr'>apud</span> <span class='ocrx_word' id='word_1_636' title='bbox 3214 5439 3602 5506; x_wconf 81' lang='lat' dir='ltr'>Christianos</span> <span class='ocrx_word' id='word_1_637' title='bbox 3626 5446 3723 5507; x_wconf 54' lang='lat' dir='ltr'>aa</span> <span class='ocrx_word' id='word_1_638' title='bbox 3748 5441 3868 5515; x_wconf 88' lang='lat' dir='ltr'>Sol,</span> 
     </span>
    </p>
   </div>
   <div class='ocr_carea' id='block_1_17' title="bbox 4118 0 4123 668">
    <p class='ocr_par' dir='ltr' id='par_1_17' title="bbox 4118 0 4123 668">
     <span class='ocr_line' id='line_1_95' title="bbox 4118 0 4123 668; baseline 0 0"><span class='ocrx_word' id='word_1_639' title='bbox 4118 0 4123 668; x_wconf 95' lang='lat' dir='ltr'> </span> 
     </span>
    </p>
   </div>
   <div class='ocr_carea' id='block_1_18' title="bbox 4119 2439 4123 2994">
    <p class='ocr_par' dir='ltr' id='par_1_18' title="bbox 4119 2439 4123 2994">
     <span class='ocr_line' id='line_1_96' title="bbox 4119 2439 4123 2994; baseline 0 0"><span class='ocrx_word' id='word_1_640' title='bbox 4119 2439 4123 2994; x_wconf 95' lang='lat' dir='ltr'> </span> 
     </span>
    </p>
   </div>
   <div class='ocr_carea' id='block_1_19' title="bbox 4116 4812 4124 6155">
    <p class='ocr_par' dir='ltr' id='par_1_19' title="bbox 4116 4812 4124 6155">
     <span class='ocr_line' id='line_1_97' title="bbox 4116 4812 4124 6155; baseline 0 0"><span class='ocrx_word' id='word_1_641' title='bbox 4116 4812 4124 6155; x_wconf 95' lang='lat' dir='ltr'> </span> 
     </span>
    </p>
   </div>
  </div>
 </body>
</html>
