4125 6225
739 493 856 553 340

1857 477 2480 547 SENTENTIARUM
2513 478 2662 543 LlB.
2707 478 2762 543 11
2770 527 2788 544 .

817 622 975 688 Item
1003 622 1212 686 adhuc
1236 618 1552 684 naturalia
1589 618 1766 683 salva
1798 618 2044 682 suntin
2071 634 2274 697 ange·
2383 614 2657 678 naturali
2693 612 3058 694 cognitione
3088 611 3374 676 divinam
3407 612 3742 676 essentiam
3769 629 3887 675 non

734 729 814 794 lis
843 729 950 812 (a),
971 727 1251 792 maxime
1273 745 1420 809 quae
1439 730 1719 807 spectant
1745 725 1826 789 ad
1849 724 2266 788 intellectum:

735 839 790 901 si
812 855 968 919 ergo
998 854 1110 919 per
1124 839 1429 900 naturam
1447 837 1736 917 poterant
1752 832 2039 895 divinam
2057 831 2267 895 lucem

736 945 1094 1027 conspicere
1118 944 1188 1006 in
1212 960 1301 1022 se,
1331 960 1488 1023 ergo
1507 945 1570 1006 et
1594 958 1767 1004 nunc
1793 943 2056 1023 possunt
2076 957 2267 1020 :ergo

734 1069 864 1116 non
913 1054 1063 1115 sunt
1116 1050 1187 1114 in
1238 1046 1513 1114 tenebris
1576 1027 2033 1124 damnationis3
2096 1045 2266 1128 quod

733 1162 948 1242 aperte
967 1158 1197 1222 falsum
1223 1161 1337 1222 est.

813 1268 970 1332 Item
998 1266 1350 1350 proximior
1367 1269 1461 1330 est
1477 1264 1603 1329 Deo
1620 1264 1836 1328 anima
1858 1263 2103 1327 habens
2120 1280 2267 1343 gra-

731 1376 912 1455 tiam,
933 1392 1129 1458 quam
1144 1374 1223 1438 sit
1235 1372 1504 1454 angelus
1519 1371 1760 1435 habens
1769 1371 1904 1434 sola
1914 1369 2229 1434 naturalia
2245 1391 2260 1433 z

734 1484 844 1548 sed
860 1483 1080 1547 anima
1103 1486 1298 1546 exuta
1322 1498 1472 1544 cum
1495 1479 1704 1560 gratia
1717 1496 1851 1572 non
1877 1481 2082 1560 potest
2098 1477 2267 1559 aspi-

734 1606 876 1654 cere
920 1590 1132 1655 lucem
1175 1605 1497 1653 summam
1517 1635 1535 1666 ,
1588 1587 1713 1649 nisi
1755 1585 2097 1667 adiuvetur
2152 1602 2265 1667 per

732 1696 1027 1779 gloriam,
1062 1697 1223 1760 sicut
1254 1699 1425 1779 patet
1446 1695 1523 1759 de
1551 1693 1654 1756 his
1679 1693 1793 1775 qui
1819 1693 2066 1756 suntin
2102 1711 2264 1775 pur-

730 1805 1002 1885 gatorio,
1037 1808 1100 1868 et
1126 1804 1389 1867 fuerunt
1420 1802 1490 1865 in
1528 1801 1787 1883 lymbo:
1821 1818 1979 1881 ergo
2011 1800 2264 1866 videtur

729 1912 900 1992 quod
929 1929 1048 1976 nec
1074 1910 1345 1992 angelus
1368 1927 1483 1992 per
1506 1912 1828 1998 naturam.

811 2017 969 2082 ltem
983 2018 1102 2082 lux
1118 2019 1354 2083 divinae
1373 2017 1661 2082 essentiae
1678 2020 1773 2080 est
1791 2033 1985 2098 supra
2001 2033 2262 2080 omnem

728 2125 1119 2190 intellectum
1163 2129 1470 2204 creatum,
1517 2126 2107 2206 quantumcumque
2154 2124 2263 2187 ille

728 2231 1084 2298 intellectus
1112 2233 1194 2296 sit
1220 2232 1530 2297 excellens
1550 2232 1620 2295 in
1641 2232 2070 2296 naturalibus:
2105 2249 2261 2313 ergo

730 2357 1068 2422 nunquam
1111 2340 1461 2404 intellectus
1511 2341 1760 2403 creatus
1808 2339 1877 2402 in
1924 2338 2100 2402 illam
2151 2339 2260 2403 in-

728 2447 1032 2511 tuendam
1083 2448 1374 2513 ascendet
1427 2447 1661 2513 virtute
1711 2465 1828 2511 sua
1848 2495 1867 2525 ,
1920 2447 2043 2511 nisi
2095 2446 2261 2512 Deus

729 2553 1184 2619 condescendat
1204 2572 1316 2637 per
1346 2553 1655 2636 gratiam:
1684 2572 1842 2635 ergo
1870 2553 2259 2635 impossibile

728 2663 823 2723 est
835 2660 1005 2742 quod
1028 2660 1301 2742 angelus
1316 2660 1593 2727 naturali
1615 2661 1978 2743 cognitione
1997 2679 2262 2742 cognos-

728 2770 831 2831 cat
852 2767 1140 2832 divinam
1165 2768 1524 2833 essentiam.

808 2872 967 2939 Item
985 2876 1188 2941 multo
1205 2877 1350 2960 plus
1367 2881 1463 2940 est
1479 2876 1645 2941 Deus
1661 2895 1855 2958 supra
1871 2876 2259 2941 intellectum

727 2983 1091 3064 angelicum
1104 3032 1123 3062 ‚
1159 3003 1356 3066 quam
1397 2985 1479 3048 sit
1521 2984 1789 3066 angelus
1826 3003 2022 3068 supra
2066 2984 2261 3049 intel-

725 3089 963 3155 lectum
1010 3091 1374 3159 humanum
1406 3111 1424 3156 :
1485 3092 1594 3157 sed
1636 3092 1832 3158 homo
1884 3111 2015 3158 non
2059 3096 2264 3176 potest

726 3216 913 3264 nosse
947 3202 1249 3281 angelum
1264 3247 1282 3278 ,
1325 3200 1452 3263 nisi
1498 3200 1767 3281 angelus
1809 3200 2265 3265 condescendat

727 3306 828 3371 ei:
857 3324 1016 3388 ergo
1049 3325 1168 3372 nec
1204 3307 1474 3388 angelus
1502 3307 1706 3390 ipsam
1736 3306 2020 3374 divinam
2047 3307 2260 3372 lucem

724 3414 797 3478 in
817 3414 1044 3497 seipsa.
2158 3478 2164 3483 .

805 3515 964 3582 Item
998 3517 1383 3601 impossibile
1425 3520 1521 3583 est
1553 3518 1729 3600 quod
1767 3518 1998 3601 aliquis
2037 3518 2261 3583 oculus

724 3624 1056 3708 perveniat
1097 3626 1178 3690 ad
1221 3626 1653 3708 cognitionem
1696 3627 1957 3691 luminis
2003 3627 2257 3708 solariS,

724 3732 850 3797 nisi
878 3752 992 3817 per
1011 3732 1470 3799 immissionem
1495 3733 1824 3798 radiorum
1853 3736 2021 3815 soHS,
2053 3755 2259 3818 quan-

723 3844 1143 3923 tumcumque
1183 3841 1415 3907 habeat
1454 3841 1576 3906 alia
1612 3841 1895 3907 lumina:
1930 3861 2088 3925 ergo
2134 3844 2261 3906 im-

722 3947 1015 4031 possibile
1055 3952 1152 4013 est
1195 3949 1366 4032 quod
1415 3949 1645 4037 aliquis
1696 3950 1777 4014 ad
1823 3950 2257 4031 cognitionem

723 4073 1017 4139 supernae
1042 4056 1203 4121 lucis
1227 4058 1558 4140 perveniat
1588 4077 1701 4141 per
1725 4058 2255 4124 illuminationem

724 4163 1006 4248 aliquam
1026 4166 1390 4231 naturalem
1406 4166 1512 4232 vel
1531 4167 1926 4249 acquisitam,
1948 4167 2074 4231 nisi
2092 4167 2260 4232 Deus

722 4290 859 4336 suae
928 4273 1376 4339 luminositatis
1434 4275 1688 4340 radium
1734 4274 2038 4339 immittat
2069 4298 2084 4339 t
2151 4277 2258 4340 sed

719 4378 940 4444 missio
984 4380 1122 4444 haec
1160 4398 1293 4445 non
1322 4385 1418 4445 est
1443 4381 1567 4468 nisi
1596 4401 1709 4466 per
1748 4382 2062 4465 gratiam:
2100 4400 2257 4464 ergo

720 4485 1110 4570 impossibile
1134 4492 1229 4552 est
1268 4488 1440 4570 quod
1467 4489 1679 4572 aliqua
1704 4495 2020 4571 creatura,
2048 4508 2259 4572 quan-

719 4598 1140 4677 tumcumque
1158 4594 1408 4675 nobilis,
1428 4595 1714 4663 divinam
1731 4597 1937 4665 lucem
1959 4597 2030 4662 in
2048 4597 2255 4681 seipsa

718 4719 835 4784 per
859 4709 1159 4769 naturam
1191 4708 1553 4786 cognoscat.

1257 4916 1706 4984 CONCLUSIO.

718 5045 959 5118 Anqelus
991 5047 1240 5104 naturali
1264 5049 1565 5117 counitione
1593 5046 1839 5103 divinam
1873 5054 2154 5108 essentiam
2187 5054 2250 5108 in

789 5138 1044 5192 claritate
1075 5138 1311 5193 essentie
1346 5152 1453 5192 non
1481 5140 1700 5209 poterat
1734 5138 1945 5206 videre,
1986 5158 2102 5197 cum
2136 5141 2246 5212 ejus

787 5225 1037 5298 splendor
1059 5226 1420 5299 nauseamque
1439 5228 1665 5283 virtutis
1692 5232 1881 5285 creatoe
1902 5233 2043 5288 vires
2072 5237 2250 5288 trans-

791 5316 1000 5374 emetat.

799 5450 986 5536 Resp.
1010 5455 1093 5519 ad
1107 5454 1384 5537 Argum.
1411 5454 1756 5522 Dicendum
1780 5458 1955 5540 quod
1977 5460 2245 5542 angelus

2380 727 2623 805 poterat
2647 722 2867 785 videre
2890 721 2959 783 in
2981 720 3268 799 essentia,
3289 720 3422 785 sive
3446 721 3724 784 claritate
3746 739 3884 799 sua3

2378 835 2440 895 et
2470 830 2591 894 hoc
2618 833 2807 913 patet,
2840 829 2991 911 quia
3026 830 3164 892 haec
3193 829 3469 909 cognitio
3499 832 3592 891 est
3621 828 3889 910 primum

2376 923 2752 1019 praemium,'
2771 955 2899 1020 quo
2929 935 3166 1012 habito,
3198 954 3377 999 mens
3404 940 3611 999 creata
3640 934 3891 1016 quiescit

2374 1051 2682 1128 tanquam
2708 1045 2893 1108 beata
2918 1049 2980 1108 et
3005 1044 3313 1126 perfecta:
3347 1043 3468 1107 hoc
3494 1046 3710 1107 autem
3736 1060 3891 1124 prae-

2375 1154 2581 1218 mium
2628 1172 2820 1217 nemo
2869 1152 3110 1218 obtinet
3157 1151 3283 1215 nisi
3333 1152 3612 1232 gratuita
3653 1150 3761 1215 Dei
3798 1150 3887 1212 in-

2374 1260 2658 1324 fluentia.
2707 1259 2775 1323 Si
2827 1263 3043 1323 autem
3086 1262 3413 1341 quaeratur
3454 1258 3616 1322 ratio
3665 1257 3854 1339 hujus
3871 1305 3887 1335 ,

2373 1389 2526 1454 sane
2546 1371 2667 1435 dici
2693 1374 2915 1453 potest,
2946 1370 3116 1452 quod
3143 1369 3361 1434 divina
3379 1369 3498 1434 lux
3523 1372 3778 1452 propter
3801 1369 3891 1433 sui

2373 1479 2788 1544 eminentiam
2821 1482 2917 1542 est
2942 1476 3388 1541 inaccessibilis
3422 1476 3670 1540 viribus
3698 1477 3893 1541 omnis

2373 1592 2624 1650 naturae
2648 1589 2908 1650 creatae:
2946 1587 3009 1648 et
3032 1584 3173 1649 ideo
3199 1602 3312 1667 per
3344 1583 3694 1666 quamdam
3721 1582 3889 1646 beni-

2371 1694 2635 1776 gnitatis
2665 1692 3252 1757 condescensionem
3287 1692 3432 1756 facit
3471 1710 3538 1754 se
3579 1690 3889 1772 cognosci,

2370 1803 2460 1867 ita
2480 1802 2651 1884 quod
2672 1802 2741 1865 in
2767 1802 2876 1865 illa
2905 1802 3268 1881 cognitione
3295 1819 3686 1882 cognoscens
3703 1799 3892 1864 multo

2371 1909 2514 1992 plus
2538 1913 2790 1991 agatur,
2821 1927 3017 1990 quam
3044 1913 3233 1989 agat:
3260 1909 3367 1972 illa
3396 1911 3611 1972 autem
3645 1909 3894 1972 condes-

2370 2017 2582 2081 censio
2625 2017 2922 2081 bonitatis
2966 2016 3119 2098 quid
3154 2016 3510 2097 gratuitum
3545 2015 3700 2080 dicit
3733 2039 3750 2079 z
3796 2015 3894 2079 sed

2370 2129 2631 2204 constat,
2662 2125 2832 2206 quod
2857 2142 2987 2188 non
3014 2124 3158 2188 dicit
3189 2123 3423 2187 divinae
3450 2124 3743 2187 essentiae
3772 2122 3894 2186 hu-

2371 2231 2803 2316 miliationem,
2834 2231 2991 2312 quia
3013 2250 3145 2294 non
3177 2234 3378 2313 potest
3410 2230 3720 2293 minorari
3746 2253 3762 2307 ;
3795 2230 3894 2293 sed

2368 2338 2518 2402 dicit
2544 2338 2817 2421 alicujus
2842 2338 3001 2402 radii
3040 2338 3386 2419 gratuitam
3412 2338 3891 2415 immissionem,

2368 2464 2482 2528 per
2520 2464 2714 2527 quam
2766 2445 2981 2509 anima
3014 2444 3179 2508 clare
3217 2445 3568 2526 cognoscit,
3613 2463 3768 2509 cum
3809 2448 3896 2508 est

2367 2554 2677 2619 immissio
2724 2555 2800 2636 (b)
2861 2554 2931 2617 in
2975 2553 3368 2644 abundantia
3381 2601 3400 2633 ,
3448 2553 3611 2617 sicut
3670 2554 3789 2619 erit
3833 2555 3895 2617 in

2368 2662 2611 2743 gloria:
2657 2664 2723 2726 et
2778 2662 2866 2725 ita
2908 2661 3177 2743 augelus
3227 2660 3512 2725 divinam
3560 2662 3894 2725 essentiam

2367 2787 2500 2834 non
2521 2773 2725 2851 potest
2742 2786 2855 2851 per
2877 2772 3175 2832 naturam
3193 2786 3574 2849 cognoscere
3586 2768 3660 2832 in
3675 2769 3894 2851 seipsa,

2367 2877 2528 2941 sicut
2568 2879 2909 2941 ostendunt
2947 2876 3222 2940 rationes
3262 2876 3539 2940 inductae
3562 2925 3582 2957 ,
3631 2884 3698 2942 et
3749 2877 3901 2940 sicut

2368 2985 2688 3067 colligitur
2730 3003 2771 3048 a
2812 2982 3105 3065 Dionysio
3147 2984 3215 3046 in
3244 2983 3561 3066 principio
3606 2986 3900 3068 Mysticoe

2374 3091 2742 3175 Theoloqioe.
2802 3141 2816 3156 .

2451 3208 2510 3265 1.
2539 3200 2638 3266 Ad
2662 3199 2821 3264 illud
2846 3216 3003 3282 ergo
3029 3199 3202 3281 quod
3235 3198 3555 3281 objicitur,
3590 3201 3768 3282 quod
3808 3202 3896 3263 est

2368 3308 2688 3373 deiformis
2708 3325 2821 3390 per
2843 3309 3173 3385 naturam;
3204 3306 3542 3403 dicendum
3567 3309 3745 3389 quod
3777 3308 3891 3372 hoc

2369 3434 2500 3480 non
2559 3415 2810 3495 dicitur,
2869 3414 3020 3498 quia
3085 3415 3319 3479 habeat
3372 3414 3859 3480 deiformitatem
3875 3463 3892 3494 ,

2369 3541 2566 3605 quam
2589 3523 2784 3587 habet
2804 3521 3158 3586 intellectus
3183 3521 3501 3603 gloriosus
3518 3541 3632 3605 per
3655 3524 3897 3588 assimi-

2367 3630 2669 3695 lationem
2687 3677 2705 3707 ,
2732 3647 2881 3713 quae
2904 3629 3083 3693 estin
3105 3632 3275 3693 statu
3296 3630 3605 3711 perfect03
3637 3632 3750 3696 sed
3771 3630 3898 3695 dei-

2369 3738 2590 3802 formis
2622 3737 2873 3817 dicitur,
2906 3736 3059 3819 quia
3083 3737 3220 3801 sine
3245 3737 3641 3820 susceptione
3666 3738 3899 3821 specie-

2369 3863 2553 3926 rum,
2587 3864 2700 3928 per
2726 3844 2791 3909 id
2817 3844 2989 3927 quod
3013 3845 3203 3910 habet
3223 3845 3295 3909 in
3319 3862 3389 3909 se
3406 3892 3424 3923 ,
3455 3848 3603 3911 actu
3626 3862 3899 3927 cognos-

2370 3954 2477 4018 cit.

2451 4065 2513 4124 2.
2545 4061 2645 4127 Ad
2681 4061 2834 4125 illud
2872 4059 3046 4143 quod
3073 4059 3392 4143 objicitur,
3423 4060 3593 4141 quod
3629 4064 3725 4125 est
3753 4079 3897 4143 spe·

2370 4168 2592 4233 culum
2617 4168 2866 4231 clarum
2891 4189 2908 4245 ;
2939 4167 3275 4231 dicendum
3300 4168 3471 4250 quod
3506 4168 3674 4232 Deus
3698 4168 3896 4233 reful-

2370 4282 2481 4359 get
2505 4277 2575 4341 in
2611 4277 2793 4342 omni
2836 4279 3128 4340 creatura
3157 4279 3464 4359 tanquam
3489 4294 3682 4340 causa
3705 4277 3777 4341 in
3802 4276 3897 4340 ef-

2367 4384 2537 4449 fectu
2556 4402 2674 4449 suo
2689 4432 2705 4461 ‚
2736 4386 2800 4448 et
2823 4401 2906 4447 ex
2927 4383 3224 4448 omnibus
3251 4385 3455 4465 potest
3477 4385 3812 4465 cognosci,
3837 4387 3896 4447 et

2367 4492 2648 4556 maxime
2672 4491 2742 4555 in
2770 4495 3088 4567 creatura,
3117 4508 3263 4573 quae
3291 4491 3491 4574 ipsius
3529 4490 3640 4555 Dei
3671 4496 3768 4557 est
3788 4491 3893 4554 in-

2366 4600 2603 4681 signita
2641 4600 2924 4681 imagine
2960 4618 2978 4662 :
3008 4598 3116 4663 sed
3151 4598 3258 4663 illa
3286 4599 3672 4681 refulgentia
3697 4598 3887 4663 lumi-

2364 4709 2465 4772 nis
2483 4756 2502 4788 ,
2534 4726 2649 4791 per
2671 4725 2870 4789 quam
2897 4706 3151 4771 videtur
3175 4706 3342 4771 Deus
3367 4706 3524 4770 facie
3543 4706 3890 4785 adfaciem,

2363 4835 2496 4881 non
2521 4819 2615 4880 est
2632 4819 2882 4879 naturae
2907 4863 2925 4895 ‚
2954 4816 3064 4878 sed
3088 4814 3637 4880 condescensionis
3662 4819 3725 4880 et
3753 4834 3894 4897 gra·

2363 4922 2491 4987 tiae.
2518 4921 2646 4987 Nec
2668 4926 2763 4987 est
2782 4922 2989 4987 simile
3004 4922 3080 4986 de
3099 4922 3242 4987 luce
3259 4922 3594 5006 corporali,
3617 4941 3764 5005 quae
3779 4940 3891 4986 na-

2359 5030 2646 5094 turaliter
2660 5030 2875 5095 influit
2893 5030 3114 5094 lumen
3133 5031 3203 5094 in
3221 5030 3362 5094 haec
3382 5031 3447 5093 in
3454 5030 3689 5095 teriora
3720 5052 3735 5095 ε
3762 5047 3890 5094 11011

2361 5137 2452 5201 sic
2476 5137 2662 5202 debet
2680 5136 2950 5220 intelligi
2975 5139 3057 5204 de
3082 5139 3222 5202 luce
3247 5142 3511 5203 aeterna.

2441 5249 2500 5308 3.
2526 5245 2624 5310 Ad
2637 5245 2793 5309 illud
2813 5246 2985 5328 quod
3012 5246 3329 5329 oincitur,
3351 5247 3520 5330 quod
3540 5246 3702 5312 Deus
3726 5263 3887 5330 prae-

2359 5351 2706 5417 sentialiter
2759 5356 2855 5416 est
2900 5351 2970 5416 in
3027 5353 3244 5417 anima
3259 5401 3277 5431 ,
3334 5358 3487 5433 etc.;
3547 5353 3883 5418 dicendum

2421 5478 2491 5544 (a)
2518 5476 2697 5544 suppl.
2722 5477 2973 5541 reprobis.
3000 5502 3061 5516 —
3081 5476 3151 5542 (ὁ)
3175 5476 3300 5529 Goet.
3318 5478 3442 5530 edit.
3474 5478 3672 5532 missio.
