4125 6225
1250 404 1445 473 DIST.
1487 401 1616 469 XV.
1658 397 1843 470 ART.
1885 399 1938 466 1.
1980 397 2282 478 QUAEST.
2327 396 2379 462 1.

217 561 343 610 non
368 543 557 610 debet
582 544 763 628 sequi
784 544 919 610 dies
946 544 1165 611 Martis
1190 547 1332 627 post
1347 541 1519 606 diem
1531 537 1749 604 Lunae.

3287 397 3406 462 609

1865 535 2207 613 sensibilia,
2229 532 2365 597 sive
2392 527 2715 608 animalia,
2739 527 2904 593 facta
2929 527 3085 610 sint;
3125 531 3406 597 secundo

293 652 484 736 Resp.
532 651 881 718 Dicendum
934 652 1108 736 quod
1153 667 1464 716 numerus
1505 647 1756 713 dierum
1864 642 2181 727 quaeritur
2218 657 2347 724 quo
2390 637 2611 702 ordine
2648 637 2810 702 facta
2853 635 3003 700 sint.
3056 635 3233 702 Circa
3278 638 3413 721 pri-

217 761 581 844 praessgitur
618 761 974 826 secundum
1022 759 1452 825 diversitatem
1493 772 1756 820 mensu-

216 871 526 948 ratorum,
568 868 808 951 quibus
852 869 989 950 ipsa
1032 884 1341 932 mensura
1385 862 1756 947 appropria-

215 976 343 1039 tur.
376 972 692 1052 Quoniam
727 974 929 1057 igitur
966 993 1142 1040 nunc
1177 974 1311 1038 dies
1345 991 1477 1038 non
1519 986 1758 1054 appro-

216 1081 464 1164 priatur
489 1082 570 1147 ad
600 1082 881 1166 aliquem
909 1081 1245 1166 specialem
1269 1080 1568 1145 effectum
1587 1125 1607 1158 ,
1649 1075 1758 1140 sed

216 1186 424 1252 solum
451 1187 524 1252 in
550 1188 856 1272 primaria
881 1207 1100 1254 rerum
1119 1188 1502 1267 conditione,
1532 1186 1603 1249 in
1630 1201 1761 1267 qua

217 1294 535 1377 reperitur
562 1295 880 1361 distinctio
910 1296 1266 1361 secundum
1303 1299 1587 1379 septem:
1617 1293 1761 1358 ideo

217 1418 530 1467 numerus
548 1403 800 1468 dierum
825 1405 1180 1471 secundum
1207 1403 1394 1467 illum
1413 1417 1760 1466 numerum

221 1526 472 1592 semper
510 1510 915 1589 terminatur,
961 1531 1093 1576 non
1138 1515 1394 1595 propter
1432 1507 1756 1593 perfectio-

221 1637 373 1685 nem
396 1622 676 1703 numeri,
703 1622 808 1687 vel
834 1623 1137 1705 temporis
1164 1621 1334 1707 quod
1355 1619 1671 1686 clauditur
1690 1619 1763 1683 in

223 1730 576 1813 septenario
599 1753 617 1809 ;
665 1730 773 1795 sed
800 1733 1059 1814 propter
1084 1730 1533 1814 perfectionem
1559 1728 1763 1794 divini

224 1839 434 1920 operis
481 1843 544 1904 et
592 1839 828 1922 quietis
845 1888 864 1919 ,
920 1838 1228 1921 accipitur
1277 1837 1366 1902 sic
1420 1853 1757 1901 numerus.

229 1944 502 2011 Gentiles
530 1951 748 2011 autem
773 1963 1122 2011 numerum
1163 1944 1417 2009 dierum
1447 1942 1771 2026 accipiunt

229 2070 426 2135 penes
448 2053 806 2118 dominium
825 2057 1067 2136 septem
1094 2052 1518 2135 planetarum,
1545 2068 1768 2116 secun·

231 2160 388 2225 dum
432 2179 596 2244 quos
635 2163 779 2244 regi
817 2162 1009 2228 habet
1053 2166 1117 2225 et
1165 2159 1416 2244 disponi
1453 2163 1709 2243 tempus
1748 2177 1767 2223 ε

197 2291 203 2300 ·
232 2273 294 2331 et
316 2269 471 2351 quia
497 2268 814 2334 Saturnus
840 2274 935 2333 est
958 2270 1206 2352 primus
1246 2268 1412 2333 inter
1452 2267 1764 2351 planetas,

232 2377 452 2442 dicunt
486 2378 659 2460 quod
693 2379 1060 2443 dominatur
1097 2379 1168 2442 in
1208 2378 1418 2461 prima
1459 2377 1621 2441 hora
1647 2375 1770 2439 diei

233 2484 496 2564 sabbati,
538 2489 601 2549 et
640 2503 914 2567 sequens
961 2487 1220 2568 plancta
1261 2485 1332 2548 in
1372 2483 1670 2562 secunda,
1708 2485 1771 2545 et

234 2594 324 2658 sic
359 2612 565 2677 usque
595 2593 677 2658 ad
702 2597 942 2678 septem
986 2593 1216 2673 horas;
1248 2591 1654 2677 postmodum
1700 2590 1773 2653 fit

234 2717 564 2783 regressus
584 2702 665 2766 ad
687 2702 1098 2785 principium,
1116 2706 1179 2767 et
1202 2702 1292 2765 sic
1313 2706 1408 2767 est
1430 2700 1772 2784 proceden-

235 2807 390 2872 dum
417 2830 434 2888 ;
464 2812 529 2873 et
553 2808 959 2891 postmodum
986 2809 1093 2873 ille
1124 2808 1398 2891 planeta,
1431 2806 1545 2889 qui
1572 2805 1772 2870 domi·

237 2919 429 2980 natur
454 2917 524 2980 in
546 2916 861 2998 vigesima
891 2916 1115 2998 quinta
1141 2915 1324 2993 hora,
1343 2913 1452 2977 illc
1481 2915 1576 2976 est
1600 2910 1774 2994 prin·

237 3022 476 3105 cipium
501 3023 823 3107 sequentis
848 3023 971 3087 diei
994 3069 1012 3100 ,
1046 3026 1110 3087 et
1139 3021 1220 3085 ab
1247 3020 1355 3085 illo
1394 3016 1771 3083 denomina-

238 3134 344 3195 tur
374 3132 508 3197 dies
534 3132 683 3211 illa3
716 3135 780 3196 et
804 3131 894 3196 sic
921 3130 1214 3213 deinceps
1241 3127 1632 3212 procedendo
1662 3124 1771 3189 de-

237 3238 573 3303 nominant
598 3243 838 3323 septem
864 3239 996 3303 dies
1014 3285 1032 3316 ,
1061 3237 1246 3321 quasi
1274 3238 1516 3319 septem
1552 3232 1770 3317 plane·

237 3347 333 3409 tas
391 3363 411 3410 ε
465 3350 529 3410 et
583 3345 707 3410 hoc
763 3349 938 3429 patet
1003 3343 1426 3410 consideranti
1484 3340 1773 3407 ordinem

237 3451 639 3534 planetarum
656 3501 676 3533 ,
704 3471 837 3537 quo
868 3452 1091 3518 ordine
1134 3453 1385 3516 servato
1409 3450 1481 3513 in
1507 3464 1778 3513 enume-

237 3559 461 3639 rando,
478 3560 733 3644 quando
754 3560 1067 3625 Saturnus
1079 3558 1451 3625 dominatur
1469 3556 1542 3621 in
1561 3556 1777 3639 prima

238 3665 398 3731 hora
423 3666 585 3747 diei,
627 3666 735 3732 Sol
767 3667 1130 3732 dominatur
1155 3667 1224 3728 in
1249 3664 1458 3748 prima
1482 3663 1644 3728 hora
1671 3681 1777 3727 se-

239 3775 513 3857 quentis,
544 3779 608 3841 et
633 3774 816 3839 Luna
841 3775 910 3838 in
935 3774 1144 3858 prima
1163 3772 1326 3837 hora
1348 3771 1517 3835 tertii
1546 3792 1564 3835 ε
1592 3774 1656 3835 et
1689 3771 1779 3832 sic

240 3880 637 3964 procedendo
692 3881 979 3946 ulteriuS.
1027 3880 1214 3945 Hunc
1252 3883 1469 3943 autem
1512 3878 1778 3941 modum

243 3989 695 4054 denominandi
720 3990 884 4068 dies,
914 4006 1032 4052 nec
1062 3986 1327 4053 omnino
1351 3990 1665 4062 tenemus,
1695 4003 1780 4050 ne

243 4095 578 4161 videamur
605 4095 924 4161 elementis
952 4094 1183 4159 mundi
1209 4093 1476 4172 servire3
1498 4110 1621 4157 nec
1641 4108 1778 4158 om-

245 4204 400 4269 nino
426 4203 872 4286 relinquimus,
905 4205 1162 4286 propter
1196 4199 1722 4266 consuetudinem
1758 4221 1775 4266 t

246 4313 416 4377 unde
450 4312 842 4393 dominicam,
874 4311 1045 4377 diem
1071 4308 1559 4376 denominamus
1575 4304 1623 4371 'a
1659 4324 1779 4372 no·

246 4421 342 4487 bis
351 4442 374 4503 ;
399 4422 734 4487 sabbatum
758 4420 914 4487 vero
939 4440 979 4487 a
1004 4421 1038 4487 J
1043 4422 1269 4500 udaeis3
1299 4421 1370 4485 in
1393 4419 1534 4485 aliis
1559 4418 1782 4484 diebus

248 4545 578 4594 servamus
624 4534 1002 4596 consuetum
1055 4547 1304 4596 morem
1367 4527 1711 4611 gentilium
1761 4548 1778 4592 t

248 4633 526 4700 Ecclesia
548 4639 785 4717 tamen,
822 4637 962 4702 loco
988 4635 1246 4702 illorum
1272 4634 1637 4713 nominum,
1663 4649 1780 4716 po—

246 4743 341 4808 nit
368 4766 384 4809 :
422 4743 716 4811 Secunda
746 4746 935 4826 seria,
962 4747 1159 4812 tertia
1183 4744 1373 4825 seria,
1400 4745 1464 4807 et
1487 4742 1577 4806 sic
1598 4741 1781 4807 dein-

248 4868 393 4935 ceps
422 4874 438 4917 :
469 4855 533 4917 et
556 4852 648 4917 sic
670 4856 842 4936 patet
861 4850 1187 4935 responsio
1212 4849 1295 4916 ad
1315 4849 1583 4932 obiecta.

714 5110 1201 5189 ARTICULUS
1245 5110 1299 5178 Ι.

330 5302 430 5368 Ad
455 5297 941 5382 intelligentiam
972 5296 1171 5379 thus
1204 5289 1405 5376 partis
1432 5288 1656 5357 incidit
1682 5287 1787 5355 hic

256 5409 526 5493 quaestio
545 5409 710 5474 circa
725 5407 887 5473 duo:
910 5408 975 5470 et
992 5404 1202 5487 primo
1220 5397 1536 5484 quaeritur
1560 5401 1783 5464 utrum

579 5532 726 5581 rou.
772 5532 846 5578 n.

1868 770 2051 816 mum
2112 751 2497 834 quaeruntur
2556 746 2682 810 tria
2744 764 2761 809 t
2822 744 3032 829 primo
3095 745 3409 829 quaeritur

1867 862 2091 923 utrum
2120 855 2458 931 sensibilia,
2490 854 2811 936 quantum
2835 851 2916 916 ad
2941 851 3247 928 animam,
3282 852 3412 915 sint

1869 965 2177 1049 producta
2213 982 2296 1028 ex
2330 962 2543 1045 aliquo
2557 1009 2574 1041 ,
2604 960 2708 1025 vel
2747 979 2831 1025 ex
2856 958 3098 1039 nihilo;
3129 959 3409 1024 secundo
3535 998 3541 1003 -

1869 1074 2209 1157 quaeritur,
2239 1075 2558 1155 quantum
2584 1069 2665 1134 ad
2688 1086 2975 1151 corpora,
3004 1071 3227 1132 utrum
3253 1085 3410 1151 pro-

1870 1181 2059 1247 ducta
2086 1180 2215 1244 sint
2235 1197 2318 1243 ex
2344 1180 2623 1261 quatuor
2650 1175 3000 1252 elementis,
3022 1194 3109 1239 an
3136 1193 3220 1240 ex
3243 1192 3408 1253 uno;

1871 1290 2057 1355 tertio
2087 1288 2402 1372 quaeritur
2434 1290 2647 1352 utrum
2664 1333 2683 1366 ,
2716 1285 2788 1350 in
2830 1301 3056 1348 earum
3098 1281 3414 1366 composi-

1870 1398 2069 1478 tione,
2098 1384 2309 1463 activa
2345 1392 2890 1479 praedominantur
2918 1390 3187 1475 passivis
3202 1438 3222 1473 ,
3252 1409 3339 1456 an
3377 1407 3415 1453 c

1872 1505 2213 1572 contrario.

2393 1742 2803 1823 QUAESTIO
2840 1742 2890 1809 1.

1874 1907 1969 1965 An
2008 1909 2207 1965 animoe
2255 1907 2671 1966 irrationalium
2698 1907 2840 2028 ¹sint
2881 1902 3157 1978 productoe
3194 1917 3263 1959 απ
3314 1901 3419 1961 ali-

2557 2012 2660 2070 quo
2724 2034 2739 2050 .

1959 2158 2142 2237 Quod
2165 2156 2581 2237 sensibilium,
2610 2155 2748 2221 sive
2772 2152 3261 2230 irrationalium,
3282 2150 3421 2217 ani-
3448 2166 3658 2212 ranam.

1878 2289 2006 2337 mae
2060 2272 2387 2355 productae
2440 2270 2568 2334 sint
2626 2287 2712 2334 ex
2764 2267 2982 2350 aliquo
2998 2315 3018 2347 ,
3065 2264 3420 2331 ostenditur

1879 2379 2093 2462 primo
2135 2397 2250 2461 per
2288 2381 2540 2444 textum
2580 2375 2951 2459 Scripturae,
2998 2392 3147 2457 quae
3183 2373 3334 2438 dicit
3352 2373 3420 2437 ¹:

1879 2486 2246 2553 Producant
2262 2502 2448 2570 aquoe
2463 2485 2685 2568 reptile
2711 2487 2951 2550 animoe
2972 2483 3274 2559 viventis,
3298 2483 3419 2545 etc.

1880 2594 1959 2661 Et
1984 2596 2176 2679 paulo
2212 2598 2397 2678 post:
2429 2592 2753 2661 Producat
2787 2598 2960 2660 terra
2985 2592 3275 2681 animam
3314 2589 3425 2655 vi-

1879 2710 2142 2771 ventem.
2174 2702 2245 2768 Si
2280 2702 2455 2767 enim
2495 2702 2667 2785 quod
2709 2705 2991 2778 creatur,
3039 2718 3079 2765 a
3122 2699 3258 2762 solo
3297 2696 3425 2762 Deo

1881 2814 2013 2890 est;
2044 2829 2196 2876 cum
2229 2829 2398 2893 aqua
2430 2809 2743 2894 acceperit
2769 2810 3142 2892 potestatem
3183 2804 3426 2889 produ-

1880 2918 2063 2984 cendi
2100 2917 2323 3001 reptile
2365 2917 2601 2984 animae
2637 2915 2917 2984 viventis
2933 2963 2952 2996 ,
2995 2931 3128 2979 non
3165 2912 3427 2978 videtur

1880 3026 2055 3110 quod
2090 3024 2330 3090 animal
2366 3024 2720 3090 secundum
2754 3022 3012 3106 aliquod
3051 3021 3153 3086 sui
3181 3020 3426 3104 princi-

1880 3132 2064 3216 pium
2089 3133 2170 3198 sit
2198 3151 2282 3198 ex
2308 3132 2535 3197 nihilo.

1961 3240 2122 3305 Item
2146 3258 2261 3325 per
2285 3239 2727 3305 auctoritatem
2758 3236 3130 3320 Philosophi
3156 3235 3225 3300 in
3260 3235 3426 3299 libro

1853 3348 1963 3416 ·de
2009 3348 2420 3415 Animalibus
2446 3349 2469 3385 ⁸
2502 3369 2528 3411 .-
2569 3371 2602 3411 ιι
2623 3346 2812 3412 Solus
2840 3346 3194 3411 intellectus
3231 3345 3429 3409 intrat

1883 3456 1964 3522 ab
1981 3458 2334 3521 extrinseco
2348 3476 2366 3536 3
2382 3476 2414 3517 n
2440 3454 2550 3521 md
2573 3456 2630 3519 si
2651 3454 2887 3519 animae
2910 3453 3252 3518 brutorum
3274 3451 3427 3516 fuis-

1882 3569 2024 3629 sent
2053 3563 2379 3648 productae
2405 3580 2490 3627 ex
2532 3560 2764 3639 nihilo,
2793 3564 2948 3624 tunc
2987 3562 3198 3624 essent
3230 3576 3271 3622 a
3292 3557 3427 3623 solo

1884 3669 2035 3750 Deo,
2063 3674 2127 3735 et
2151 3670 2463 3735 intrarent
2487 3669 2568 3733 ab
2596 3668 2981 3734 extrinseco.

1965 3777 2126 3844 Item
2150 3778 2274 3843 hoc
2299 3778 2518 3861 ipsum
2559 3776 2815 3842 videtur
2850 3777 3118 3855 ratione,
3160 3774 3312 3858 quia
3344 3792 3428 3840 ex

1885 3905 1963 3952 eo
1985 3906 2091 3952 res
2111 3886 2509 3971 producitur,
2538 3886 2607 3949 in
2625 3885 2799 3968 quod
2823 3888 2887 3950 et
2910 3882 3292 3949 resolvitur:
3318 3882 3429 3947 sed

1886 4012 2018 4060 non
2067 3998 2162 4060 oet
2203 3992 2443 4077 aliquid
2496 3993 2671 4076 quod
2717 3990 2996 4057 naturali
3039 3989 3429 4055 resolutione

1885 4102 2244 4167 resolvatur
2273 4100 2523 4165 innihil
2550 4122 2566 4165 :
2593 4098 2800 4181 igitur
2827 4115 2979 4164 cum
3014 4096 3250 4161 animae
3275 4095 3432 4161 bru-

1886 4213 2105 4275 torum
2125 4209 2506 4274 animalium
2522 4224 2659 4273 non
2676 4206 2805 4270 sint
2830 4205 2901 4271 in
2922 4205 3089 4270 nihil
3107 4203 3428 4282 resolutae,

1888 4319 2143 4403 quando
2187 4319 2403 4402 aliqua
2445 4316 2748 4384 animalia
2792 4316 3053 4380 fuerunt
3096 4315 3427 4396 corrupta3

1889 4443 2048 4507 ergo
2072 4444 2206 4492 non
2227 4426 2553 4510 productae
2576 4424 2838 4489 fuerunt
2861 4440 2945 4488 ex
2969 4420 3195 4486 nihilo.

1969 4532 2129 4598 ltem
2178 4551 2262 4599 ex
2314 4531 2538 4597 eodem
2584 4536 2678 4596 est
2731 4530 2951 4595 anima
2997 4529 3184 4593 istius
3236 4524 3433 4605 bruti,

1890 4641 2064 4726 quod
2086 4659 2264 4706 nunc
2288 4645 2403 4721 est,
2428 4643 2492 4706 et
2516 4640 2709 4724 primi
2734 4638 2908 4704 bruti
2945 4655 3062 4720 per
3100 4633 3438 4700 conformi-

1890 4752 2131 4815 tatem:
2173 4749 2284 4814 sed
2326 4749 2545 4813 anima
2575 4747 2750 4812 illius
2788 4745 2967 4810 bruti
2996 4743 3287 4827 generati
3320 4759 3436 4825 per

1893 4859 2190 4922 naturam
2210 4874 2344 4920 non
2380 4858 2581 4921 estex
2614 4853 2844 4931 nihilo,
2873 4852 3026 4935 quia
3057 4854 3215 4916 tunc
3252 4868 3292 4913 a
3327 4866 3442 4913 na-

1892 4970 2041 5031 tura
2076 4983 2210 5031 non
2245 4969 2458 5048 posset
2495 4962 2785 5048 produci,
2831 4966 2897 5027 et
2929 4960 3020 5026 sic
3034 5000 3049 5017 ι
3066 4959 3440 5042 sequeretur

1893 5074 2067 5157 quod
2098 5074 2333 5136 natura
2370 5089 2505 5136 non
2542 5072 2751 5154 posset
2785 5069 2991 5134 facere
3029 5065 3437 5153 periculum:

1957 5200 1978 5236 ¹
1997 5197 2079 5263 Cf.
2103 5198 2249 5251 Alex.
2268 5196 2488 5262 Mensis,
2509 5210 2563 5262 p.
2585 5196 2649 5260 11,
2674 5209 2726 5261 q.
2747 5206 2853 5260 m,
2874 5195 3067 5245 memb.
3088 5196 3145 5259 23
3174 5190 3438 5254 menard„

1897 5270 1942 5322 11
1967 5270 2128 5331 Βοιώ,
2156 5269 2277 5321 dist.
2301 5281 2399 5334 xv,
2426 5273 2523 5320 art.
2546 5271 2604 5334 2,
2634 5281 2685 5332 q.
2716 5278 2768 5332 13
2802 5266 2986 5319 Thom.
3015 5268 3161 5331 ng„
3200 5265 3243 5317 ΙΙ
3278 5264 3441 5326 Sena,

1897 5341 2016 5395 dist.
2033 5353 2121 5407 xv,
2151 5356 2201 5407 q.
2224 5354 2263 5406 1,
2289 5344 2467 5405 art.1;
2500 5339 2677 5404 steph.
2700 5338 2918 5405 Brulel'.,
2951 5338 2996 5390 11
3023 5338 3183 5397 Sem„
3209 5335 3326 5387 dist.
3352 5345 3441 5399 Π,

1897 5427 1951 5479 q.
1968 5415 2110 5465 1.—-¹
2130 5413 2276 5477 Gen„
2302 5426 2342 5476 1,
2371 5416 2450 5474 20,
2474 5415 2559 5463 24.
2592 5437 2657 5449 —
2679 5411 2701 5447 ⁸
2717 5411 2893 5477 Arist„
2914 5410 2975 5461 de
2994 5406 3245 5471 Animal„
3265 5417 3443 5469 cqxvl.

3129 5504 3208 5565 39
