4125 6225
1206 401 1397 468 DIST.
1440 401 1616 469 XLV.
1662 398 1840 465 ΛΒΤ.
1885 401 1963 466 11.
2004 405 2301 481 QUAEST.
2347 407 2396 472 Ι.
3266 415 3384 477 183

756 669 1204 739 CONCLUSIO.

207 831 336 888 Cum
367 838 522 891 ratio
550 839 817 897 causandi
851 854 936 896 φῶ
968 841 1044 896 sit
1069 842 1192 912 ipsa
1223 839 1416 895 divina
1445 839 1658 896 bonitas
1685 842 1748 895 in

267 926 489 980 ratione
511 927 749 997 effectivi
774 933 825 984 et
857 931 918 983 in
939 930 1153 985 ratione
1177 930 1305 997 linis
1322 969 1338 995 ,
1367 930 1618 985 voluntas
1642 945 1745 984 au-

275 1018 381 1068 tem
419 1019 718 1088 conjungat
764 1019 1060 1089 effectivum
1113 1035 1229 1074 cum
1272 1022 1413 1089 tine5
1463 1023 1747 1091 eapropter

274 1101 506 1159 dicim
529 1107 868 1163 voluntatem
893 1108 1138 1164 divinam
1177 1123 1281 1164 esse
1305 1123 1483 1164 rerum
1510 1123 1742 1164 causam.

283 1284 476 1369 Resp.
496 1287 581 1351 ad
604 1288 765 1369 Arg.
792 1288 890 1354 Ad
916 1290 1370 1372 praedictorum
1388 1290 1743 1372 intelligen-

209 1392 361 1456 tiam
382 1398 483 1458 est
503 1396 860 1461 notandum
879 1399 1071 1481 quod,
1094 1399 1391 1480 quamvis
1406 1399 1626 1463 divina
1644 1416 1745 1463 es-

207 1503 404 1566 sentia
419 1504 502 1567 sit
527 1523 740 1569 unum
759 1506 914 1588 quid
937 1506 1498 1588 simplicissimum,
1524 1511 1743 1570 tamen

205 1612 297 1673 est
337 1609 609 1693 pelagus
652 1614 1024 1677 substantiae
1073 1614 1431 1692 infinitum3
1490 1617 1552 1678 et
1601 1614 1740 1678 ideo

205 1717 424 1781 omnia
446 1737 593 1801 quae
615 1719 686 1784 in
709 1721 895 1785 nobis
915 1722 1320 1804 reperiuntur
1337 1738 1452 1803 per
1476 1720 1743 1785 diversi-

205 1828 432 1903 tatem,
463 1828 714 1905 omnia,
745 1829 1041 1910 inquam,
1074 1828 1142 1891 in
1169 1827 1296 1892 Deo
1324 1827 1601 1891 nobilius
1626 1846 1741 1910 per

207 1931 644 1996 omnimodam
672 1934 1078 2017 reperiuntur
1096 1933 1490 1997 identitatem
1509 1954 1527 2011 ;
1559 1933 1737 1997 nihi-

205 2037 484 2103 lominus
511 2046 728 2105 tamen
754 2042 1107 2107 secundum
1125 2040 1556 2105 omnimodam
1587 2059 1738 2123 per-

206 2144 537 2210 fectionem
569 2152 635 2212 et
672 2150 1027 2213 veritatem.
1059 2149 1237 2214 Unde
1262 2135 1428 2213 sicut
1453 2149 1520 2212 in
1551 2149 1739 2213 nobis

207 2252 541 2335 sapientia,
586 2260 651 2318 et
683 2256 1000 2339 potentia,
1029 2260 1092 2320 et
1122 2257 1422 2320 voluntas
1461 2274 1613 2320 vere
1640 2261 1736 2321 est

209 2376 346 2438 ens,
390 2364 455 2424 et
481 2381 671 2426 causa
705 2381 921 2426 rerum
959 2376 1106 2445 'quae
1134 2382 1174 2426 a
1213 2364 1399 2427 nobis
1430 2367 1609 2442 sunt,
1643 2364 1736 2428 sic

210 2468 363 2531 etin
405 2467 530 2534 Deo
563 2478 715 2534 sunt
754 2490 773 2533 ε
813 2471 922 2535 sed
955 2477 1168 2537 tamen
1207 2490 1416 2535 unum
1447 2477 1597 2535 sunt
1624 2494 1642 2534 ε
1674 2475 1738 2535 et

209 2574 355 2655 quia
372 2575 725 2641 intellectus
742 2583 954 2642 noster
976 2597 1109 2642 non
1127 2582 1331 2661 potest
1351 2579 1732 2643 infinitatem

209 2680 373 2744 illius
415 2684 786 2749 substantiae
834 2687 1402 2770 comprehendere,
1456 2705 1575 2750 nec
1621 2704 1735 2767 per

208 2804 412 2851 unum
449 2791 722 2855 verbum
754 2793 1138 2874 exprimere3
1168 2794 1310 2857 ideo
1338 2793 1557 2857 multis
1584 2811 1732 2857 mo-

206 2890 296 2954 dis
335 2893 757 2977 intelligimus
788 2898 1023 2979 Deum,
1056 2905 1119 2964 et
1146 2899 1415 2962 diversis
1442 2900 1731 2963 nomini-

206 2998 318 3063 bus
343 3005 794 3085 exprimimus»,
815 3010 878 3069 et
894 3007 1243 3070 secundum
1263 3006 1432 3089 quod
1452 3024 1565 3088 per
1589 3006 1730 3069 illos

207 3110 420 3175 modos
460 3114 912 3196 intelligimus,
950 3117 1134 3198 plura
1165 3116 1610 3194 enuntiamus,
1645 3115 1733 3178 ita

203 3219 368 3299 quod
423 3220 550 3285 Deo
615 3223 855 3306 aliquid
919 3224 1323 3287 attribuimus
1374 3224 1725 3304 secundum

202 3343 405 3389 unum
429 3328 696 3392 modum
715 3377 732 3406 ,
758 3329 924 3412 quod
950 3349 1078 3394 non
1097 3330 1448 3395 secundum
1475 3329 1674 3395 alium
1709 3352 1725 3394 ε

200 3439 258 3497 et
294 3452 445 3499 vere
487 3436 752 3517 quidem
772 3438 970 3526 ,oquia
1000 3437 1217 3501 omnia
1242 3436 1465 3522 in·Deo
1491 3437 1731 3502 habent

199 3559 412 3605 veram
440 3544 865 3608 existentiam.
899 3544 974 3608 Et
998 3545 1162 3622 ide0,
1194 3564 1344 3610 cum
1382 3546 1508 3610 alio
1539 3547 1730 3611 modo

197 3647 626 3730 intelligamus
691 3650 924 3730 Deum,
997 3670 1144 3714 cum
1198 3652 1468 3716 dicimus
1525 3653 1726 3717 Deum

198 3754 449 3835 bonum,
491 3757 617 3822 alio
653 3776 802 3821 cum
848 3759 1117 3823 dicimus
1161 3760 1355 3824 Deum
1382 3766 1725 3839 oeternum,

197 3865 598 3929 concedimus
636 3884 703 3930 se
758 3867 1109 3932 diffundere
1149 3869 1302 3950 quia
1341 3868 1548 3932 bonus
1596 3873 1724 3949 est,

195 3988 317 4033 non
346 3973 502 4054 quia
527 3978 810 4037 aeternus
838 3993 854 4037 ε
887 3975 1023 4039 haec
1055 3976 1228 4040 enim
1256 3981 1352 4039 est
1378 3977 1726 4059 proprietas

195 4080 508 4158 honitatiS,
533 4103 663 4148 non
682 4071 1053 4150 durationis.
1083 4087 1249 4151 Hinc
1266 4089 1554 4170 estquod
1576 4108 1726 4152 eum

197 4186 616 4270 intelligimus
648 4210 798 4255 vere
822 4194 1214 4258 voluntatem
1240 4214 1374 4258 esse
1394 4196 1460 4257 in
1490 4195 1639 4274 De0,
1665 4202 1728 4260 et

199 4298 543 4378 proprietas
570 4299 915 4363 voluntatis
949 4299 1030 4363 sit
1070 4301 1417 4382 producere
1457 4320 1532 4365 ea
1577 4321 1725 4385 quae

199 4411 428 4469 exeunt
455 4425 571 4487 per
596 4407 864 4470 modum
902 4409 1326 4486 liberalitatis3
1358 4410 1529 4490 quod
1560 4411 1725 4474 dici-

201 4525 338 4571 mus
363 4508 600 4589 Deum‚
641 4511 707 4573 in
749 4515 1065 4591 quantum
1093 4512 1389 4576 voluntas
1425 4517 1551 4592 est,
1594 4533 1728 4581 esse

201 4633 446 4678 musam
472 4634 716 4681 rerum.
748 4617 928 4682 Ratio
954 4624 1166 4682 autem
1193 4638 1390 4702 quare
1415 4620 1730 4686 voluntati

202 4720 565 4785 attribuitur
611 4723 975 4796 causalitas,
1030 4723 1169 4787 haec
1202 4726 1325 4801 est3
1367 4725 1520 4807 quia
1565 4727 1728 4792 ratio

205 4832 493 4895 causandi
531 4834 629 4895 est
662 4832 907 4896 bonitas
938 4836 1002 4897 et
1037 4833 1104 4896 in
1134 4835 1374 4898 ratione
1415 4836 1726 4918 effectivi,

207 4935 346 5000 etin
383 4938 634 5002 ratione
661 4938 830 5002 finis.
870 4938 1032 5004 Nam
1069 4941 1312 5005 bonum
1345 4929 1728 5009 diciturdif-

207 5041 474 5109 susivum
489 5094 507 5122 ,
535 5049 601 5108 et
619 5045 865 5109 bonum
892 5052 987 5110 est
1011 5053 1264 5130 propter
1283 5050 1451 5131 quod
1474 5054 1725 5132 omnia;

204 5149 553 5216 effectivum
583 5158 802 5216 autem
824 5171 957 5217 non
979 5155 1054 5218 fit
1079 5155 1356 5219 efficiens
1378 5157 1444 5220 in
1473 5155 1726 5239 effectu,

200 5258 307 5322 nisi
328 5265 600 5342 propter
614 5259 831 5322 finem.
855 5259 1020 5324 Illud
1040 5278 1197 5341 ergo
1213 5262 1385 5344 quod
1404 5264 1554 5328 dicit
1573 5283 1727 5330 con-

183 5369 592 5449 junctionem
601 5367 897 5451 principii
912 5368 1184 5434 effectivi
1201 5388 1348 5434 cum
1363 5374 1515 5449 fine,
1532 5378 1626 5437 est
1634 5392 1731 5439 ra-

1860 538 1949 602 tio
1966 542 2266 606 causandi
2281 543 2350 605 in
2364 542 2595 608 effectu
2619 564 2636 608 ι
2654 544 2763 609 sed
2779 545 3074 610 voluntas
3095 550 3193 610 est
3206 550 3386 612 actus

1857 647 2212 710 secundum
2267 666 2463 730 quem
2512 649 2756 715 bonum
2800 652 3145 719 reflectitur
3190 674 3388 739 supra

1854 751 2130 831 bonum,
2157 754 2293 821 sive
2318 754 2665 819 bonitatem
2693 778 2709 821 ε
2741 776 2897 839 ergo
2920 759 3216 824 voluntas
3242 762 3387 826 unit

1853 860 2216 926 effectivum
2235 856 2383 926 cetu
2402 864 2550 928 tine.
2574 863 2650 927 Et
2677 864 2825 929 hinc
2844 871 2940 931 est
2960 869 3130 950 quod
3149 870 3384 934 volun-

1855 971 1950 1031 tas
1976 973 2070 1032 est
2109 970 2270 1033 ratio
2311 988 2569 1035 causare
2606 971 2840 1036 faciens
2877 974 2947 1036 in
2987 975 3216 1040 effectu
3263 996 3280 1040 τ
3320 982 3384 1041 et

1854 1073 1996 1139 ideo
2034 1076 2442 1143 attribuimus
2476 1077 2603 1142 Deo
2644 1080 2957 1144 rationem
2999 1082 3386 1147 causalitatis

1853 1182 1974 1246 sub
1997 1184 2243 1247 ratione
2275 1184 2648 1264 voluntatiS‚
2678 1204 2809 1249 non
2835 1186 2925 1250 sic
2951 1189 3074 1251 sub
3105 1189 3245 1254 aliis
3272 1209 3384 1254 ra-

1852 1289 2150 1353 tionibus.
2190 1289 2265 1354 Et
2297 1291 2419 1355 hoc
2446 1291 2770 1372 colligitur
2795 1311 2877 1356 ex
2910 1294 3122 1358 verbis
3147 1294 3383 1380 Diony-

1852 1395 1928 1458 sii
1954 1396 2019 1459 in
2056 1416 2112 1460 c.
2138 1415 2206 1460 lv
2233 1396 2311 1462 de
2336 1398 2594 1463 Divinis
2614 1398 3017 1479 Nominibus,
3056 1402 3162 1465 ubi
3187 1403 3336 1467 dicit
3359 1405 3379 1440 ¹

1851 1504 2020 1583 quod
2056 1527 2087 1564 α
2114 1503 2464 1567 honitatem
2490 1509 2565 1568 ut
2592 1505 3012 1588 principium,
3047 1511 3110 1572 et
3132 1512 3205 1572 ut
3228 1528 3383 1573 con-

1850 1609 2223 1689 tinentiam,
2266 1615 2329 1674 et
2350 1615 2425 1674 ut
2450 1611 2644 1675 flnem
2678 1613 2895 1675 omnia
2929 1619 3237 1697 appetunt
3269 1638 3283 1680 ε
3310 1621 3384 1681 ut

1848 1717 2273 1799 principium,
2313 1736 2353 1780 a
2391 1735 2521 1799 quo
2556 1722 2735 1796 sunt3
2782 1723 2857 1781 ut
2891 1720 3377 1803 continentiam,

1849 1842 1962 1906 per
1988 1843 2183 1907 quam
2208 1824 2569 1904 salvantur3
2598 1830 2670 1888 ut
2690 1826 2908 1903 finem,
2935 1827 3002 1890 in
3030 1848 3223 1912 quem
3245 1836 3381 1896 ten-

1848 1930 2028 1993 dunt.
2047 1952 2079 1989 n
2106 1929 2284 1995 Unde
2308 1930 2566 1995 divinus
2587 1950 2771 1996 amor
2798 1937 2891 1997 est
2918 1934 3177 2015 quidam
3202 1940 3382 2002 actus

1847 2042 2144 2115 aiterum,
2174 2057 2257 2102 ex
2279 2038 2544 2122 optimo,
2572 2058 2686 2121 per
2711 2041 3050 2123 optimum,
3081 2048 3142 2107 et
3169 2044 3238 2107 in
3262 2063 3380 2129 op-

1843 2146 2078 2210 timum
2102 2169 2117 2212 :
2136 2166 2216 2210 ex
2233 2165 2361 2229 quo
2379 2148 2703 2229 colligitur
2719 2151 2890 2230 quod
2905 2151 3052 2215 dicit
3072 2154 3211 2235 conj
3221 2172 3379 2217 unc-

1843 2254 2085 2319 tionem
2129 2255 2425 2339 principii
2461 2274 2612 2321 cum
2647 2258 2807 2334 flue,
2848 2262 2909 2321 et
2942 2258 3084 2323 ideo
3119 2278 3377 2326 causam

1843 2365 1989 2424 actu
2015 2362 2272 2443 quando
2300 2362 2442 2427 vult·
2468 2363 2703 2439 facere,
2733 2364 2822 2427 ita
2846 2365 3020 2446 quod
3048 2367 3378 2432 actualitas

1842 2469 1912 2532 in
1936 2470 2252 2533 causando
2270 2471 2583 2535 referatur
2602 2470 2682 2534 ad
2700 2471 3095 2536 voluntatem
3115 2492 3244 2538 non
3260 2494 3375 2558 pro

1841 2576 2102 2639 instanti
2120 2577 2184 2639 in
2210 2595 2339 2659 quo
2359 2576 2550 2640 habet
2567 2577 2982 2656 voluntatem,
3014 2580 3121 2643 sed
3153 2582 3221 2644 in
3243 2601 3374 2664 quo

1841 2683 2042 2748 facere
2071 2685 2210 2747 vult
2240 2707 2252 2747 ε
2286 2684 2451 2747 sicut
2476 2702 2598 2764 ego
2620 2684 2767 2749 volo
2795 2702 2933 2749 cras
2963 2687 3189 2751 audire
3216 2690 3375 2753 mis-

1841 2808 1974 2854 sam
2000 2839 2017 2869 ,
2049 2794 2112 2854 et
2138 2791 2433 2855 voluntas
2460 2792 2642 2854 saciet
2667 2810 2771 2855 me
2797 2810 2936 2856 eras
2963 2812 3099 2858 esse
3127 2795 3193 2858 in
3223 2801 3373 2862 actu

1842 2901 2130 2980 respectu
2155 2898 2332 2962 voliti
2365 2916 2383 2961 ι
2410 2899 2498 2961 sic
2521 2916 2640 2961 suo
2668 2898 2856 2962 modo
2893 2901 3079 2965 estin
3109 2900 3255 2966 Deo.

1922 3008 1979 3069 1.
2012 3005 2109 3068 Ad
2136 3005 2292 3068 illud
2321 3006 2493 3087 quod
2526 3007 2856 3087 quaeritur,
2887 3012 3109 3072 utrum
3138 3027 3371 3075 conve-

1840 3115 1973 3177 niat
2002 3114 2317 3178 voluntati
2339 3114 2506 3178 ratio
2529 3114 2913 3178 causalitatis
2933 3120 3191 3198 propter
3215 3135 3373 3181 con·-

1841 3226 2131 3286 notatum
2151 3269 2168 3301 ,
2192 3222 2292 3284 vel
2318 3225 2573 3304 propter
2599 3240 2738 3286 rem
2760 3222 3205 3303 significatam,
3233 3225 3373 3290 dico

1841 3328 2009 3410 quod
2036 3348 2153 3392 nee
2179 3333 2435 3411 propter
2462 3348 2601 3394 rem
2633 3330 3059 3410 significatam
3087 3335 3368 3413 tantum,

1839 3454 1956 3498 nec
1970 3441 2225 3518 propter
2247 3440 2656 3501 connotatum
2677 3484 2694 3512 ,
2719 3437 2826 3501 sed
2849 3442 3104 3520 propter
3121 3456 3260 3502 rem
3283 3440 3373 3503 sic

1838 3542 2287 3624 significatam3
2322 3543 2474 3625 quia
2500 3543 2899 3624 significatur
2922 3543 3141 3608 divina
3166 3564 3373 3609 essen-

1837 3653 1929 3716 tia
1958 3657 2032 3716 ut
2060 3651 2391 3725 voluntaS,
2430 3650 2534 3715 cui
2567 3650 2755 3733 modo
2788 3649 3194 3731 significandi
3233 3670 3373 3716 res-

1839 3758 2073 3841 pondet
2099 3758 2353 3821 veritas.
2384 3754 2562 3820 Unde
2589 3756 2752 3819 sicut
2786 3756 3044 3837 quando
3072 3775 3190 3820 nos
3213 3757 3373 3822 dici-

1838 3884 1986 3930 mus
2015 3864 2188 3946 quod
2211 3864 2371 3945 lapis
2399 3863 2788 3926 assimilatur
2812 3862 2938 3926 Deo
2963 3863 3029 3926 in
3057 3869 3374 3945 quantum

1839 3992 1982 4052 enS,
2016 3971 2251 4035 animal
2279 3971 2345 4034 in
2374 3974 2689 4053 quantum
2709 3973 2934 4035 vivens
2952 4019 2969 4050 ,
2999 3976 3064 4034 et
3080 3970 3276 4036 homo
3302 3974 3373 4034 in

1839 4086 2154 4163 quantum
2178 4079 2572 4158 intelligenS,
2602 4097 2827 4142 revera
2854 4079 3125 4142 essentia
3144 4127 3162 4158 ‚
3196 4079 3376 4144 intel-

1838 4190 2103 4270 ligentia
2126 4192 2189 4251 et
2216 4187 2346 4249 vita
2374 4187 2540 4249 idem
2573 4187 2814 4248 suntin
2842 4185 3001 4264 Deo;
3029 4204 3181 4250 cum
3201 4187 3371 4251 idem

1838 4298 2049 4380 ipsum
2068 4294 2191 4358 alio
2221 4294 2408 4357 modo
2432 4293 2616 4357 datur
2636 4292 2932 4374 intelligi,
2957 4311 3087 4356 non
3112 4299 3371 4376 propter

1839 4404 2378 4481 connotationem,
2427 4402 2534 4467 sed
2564 4405 2825 4484 propter
2859 4402 3143 4483 ejusdem
3187 4402 3374 4466 subs-

1836 4514 2054 4578 tantiae
2100 4512 2516 4589 infinitatem,
2559 4510 2629 4572 in
2681 4527 2812 4591 qua
2860 4527 3081 4572 omnes
3130 4510 3375 4573 nobiles

1838 4621 2249 4704 proprietates
2272 4621 2422 4682 sunt
2451 4634 2695 4691 unum,
2713 4632 2845 4679 non
2873 4620 3083 4680 tamen
3111 4619 3375 4699 possunt

1840 4727 2186 4811 significari
2214 4725 2335 4789 nisi
2362 4742 2475 4806 per
2497 4723 2769 4787 diversa.

1921 4839 1979 4898 Ξ.
2005 4832 2103 4897 Ad
2122 4831 2280 4895 illud
2303 4830 2471 4913 quod
2491 4830 2808 4911 objicitur,
2830 4832 3051 4893 utrum
3075 4829 3157 4892 sit
3180 4847 3374 4894 causa

1841 4961 1953 5025 per
1978 4940 2424 5026 proprietatem
2443 4987 2460 5017 ,
2483 4940 2596 5001 aut
2617 4956 2731 5019 per
2756 4937 3368 5019 appropriationem,

1842 5050 1983 5113 dico
2009 5048 2180 5130 quod
2207 5046 2575 5130 simpliciter
2609 5043 2922 5127 loquendo
2941 5043 3378 5126 propriissime

1843 5159 1937 5219 est
1962 5173 2186 5231 oausa3
2226 5152 2652 5235 comparando
2682 5168 2836 5216 vero
2874 5149 3268 5213 voluntatem
3299 5151 3381 5215 ad

1844 5261 2201 5334 scientiam,
2253 5263 2316 5323 et
2348 5258 2693 5341 potentiam
2711 5306 2729 5336 ,
2774 5256 3005 5320 dicitur
3044 5275 3236 5321 causa
3265 5277 3382 5341 per

1912 5388 1929 5421 ¹
1947 5387 2099 5439 Dion.
2127 5389 2337 5451 Areop„
2361 5383 2422 5434 de
2444 5383 2562 5433 Div.
2590 5382 2814 5443 Nomia„
2842 5395 2887 5432 c.
2910 5391 2983 5446 iv,
3005 5382 3037 5446 g
3063 5384 3110 5434 4.
