4125 6225
1504 425 1881 495 DISTINCT.
1926 429 2111 501 XLII.

1854 562 2029 629 aliud
2068 565 2479 631 enuntiabile.
2520 565 2599 631 Et
2633 571 2942 649 praeterea
2980 572 3184 651 patet,
3218 570 3396 659 quod

272 578 320 639 et
342 570 716 653 multiplicato
757 571 1072 654 superiori
1105 586 1357 636 necesse
1396 569 1491 632 est
1524 562 1747 630 multi-

271 678 442 764 plicari
465 676 754 755 inferius;
785 677 839 741 si
866 682 1018 742 sunt
1046 678 1266 742 multae
1285 694 1472 741 voces
1494 674 1542 736 si
1551 672 1747 755 gnifi-

270 786 474 862 cativae,
510 788 652 847 sunt
687 783 765 847 de
796 786 1164 849 necessitate
1196 785 1401 848 multa
1437 780 1745 845 nomina:

271 898 318 956 et
337 893 454 955 ideo
483 894 675 972 patet,
714 893 887 973 quod
926 894 1092 957 male
1119 892 1507 975 accipiebant
1537 886 1749 951 nomi-

269 1001 345 1062 nis
366 998 683 1072 unitatem,
726 1000 1081 1064 secundum
1121 998 1291 1081 quod
1330 993 1631 1076 congruit
1671 991 1748 1056 ad

268 1105 626 1200 proposi-tum.
657 1104 821 1169 Mala
851 1106 1044 1171 etiam
1072 1106 1197 1170 fuit
1222 1103 1568 1185 adaptatio,
1599 1100 1750 1183 quia

268 1211 600 1277 enuntiabile
636 1230 768 1276 non
795 1214 1118 1295 significat
1143 1230 1315 1288 rem,
1351 1211 1461 1274 sed
1485 1209 1750 1273 modum

268 1336 320 1381 se
341 1319 622 1383 habendi:
654 1324 719 1384 et
751 1339 900 1384 cum
927 1340 1042 1404 per
1074 1322 1347 1386 verbum
1385 1317 1711 1402 praesentis
1730 1365 1746 1395 ,

269 1425 556 1507 praeteriti,
612 1430 675 1490 et
729 1428 934 1492 futuri
996 1429 1299 1512 temporis
1356 1426 1752 1508 significetur

273 1550 350 1595 ιω
379 1534 487 1597 alio
520 1534 703 1598 modo
734 1553 803 1598 se
844 1535 1111 1615 hahere3
1149 1539 1321 1618 patet
1360 1535 1437 1598 de
1473 1532 1750 1596 necessi-

275 1643 389 1716 tate,
407 1641 559 1722 quod
581 1641 753 1705 aliud
776 1642 1164 1706 enuntiabile
1193 1647 1284 1705 est
1308 1644 1369 1705 te
1397 1658 1532 1704 esse
1553 1638 1753 1701 nasci-

275 1750 469 1827 turum,
495 1754 552 1812 et
577 1752 636 1813 te
669 1767 805 1813 esse
833 1754 1080 1813 natum.
1114 1749 1357 1813 Rursus
1383 1746 1754 1812 deficiebant

269 1854 319 1917 in
351 1854 581 1933 ultimo,
625 1858 778 1938 quia
819 1856 982 1921 sicut
1025 1857 1205 1924 homo
1252 1874 1384 1920 non
1430 1855 1754 1936 significat

263 1964 420 2029 istum
443 1965 789 2047 hominem,
815 1967 921 2032 vel
943 1967 1150 2043 illum,
1177 1969 1266 2029 sic
1290 1966 1562 2030 verbum
1592 1982 1754 2047 prae-

262 2072 417 2134 sentis
439 2074 735 2156 temporis
756 2092 891 2137 non
919 2073 1236 2155 significat
1255 2073 1435 2151 illud,
1466 2073 1568 2136 vel
1596 2071 1752 2135 illud

259 2196 524 2259 praesens;
579 2181 689 2244 sed
740 2199 1021 2263 praesens
1083 2180 1151 2243 in
1207 2181 1572 2259 communi,
1619 2179 1754 2243 sive

259 2286 499 2367 copulet,
540 2287 675 2352 sive
716 2290 1057 2371 significet.
1099 2288 1180 2353 Et
1221 2289 1368 2352 inde
1406 2291 1534 2367 est,
1582 2287 1752 2369 quod

257 2392 388 2456 sicut
425 2395 615 2459 homo
669 2415 804 2459 non
845 2396 1038 2459 habet
1090 2396 1279 2458 aliam
1336 2394 1754 2476 significatio-

3273 439 3389 499 125

1857 691 2266 756 quocumque
2297 676 2581 757 tempore
2619 676 2973 756 proferatur
2997 680 3059 740 te
3093 695 3227 741 esse
3250 696 3392 742 nas

1859 779 2137 843 citurum
2158 828 2175 856 ,
2210 781 2377 844 idem
2419 786 2513 844 est
2546 783 2965 861 enuntiabile,
3013 786 3181 868 quod
3215 786 3392 867 prius

1858 886 1982 949 fuit
2019 906 2282 965 verum,
2322 888 2510 951 modo
2546 889 2795 953 falsum.
2837 890 3199 955 Secundum
3235 911 3392 973 ergo

1859 993 2028 1075 quod
2073 996 2234 1060 scire
2277 1000 2574 1059 connotat
2611 997 2941 1061 veritatem
2983 999 3147 1062 circa
3186 1018 3395 1063 enun-

1859 1100 2072 1165 tiabile
2101 1103 2365 1179 scitum3
2399 1102 2553 1165 illud
2572 1150 2588 1181 ,
2621 1104 2792 1184 quod
2820 1104 3021 1184 scivit,
3050 1106 3239 1170 modo
3264 1124 3395 1169 non

1861 1209 2006 1284 scit,
2053 1210 2234 1273 nulla
2266 1210 2427 1273 facta
2466 1210 2815 1275 mutatione
2854 1212 2921 1274 in
2958 1211 3069 1275 Dei
3097 1212 3393 1291 scientia,

1861 1316 1970 1379 sed
1988 1316 2195 1381 solum
2220 1318 2287 1380 in
2309 1322 2666 1382 connotat⁰.
2694 1317 3174 1382 Concedendum
3194 1320 3397 1400 igitur

1860 1423 2031 1505 quod
2059 1424 2127 1486 in
2154 1425 2432 1488 secunda
2465 1425 2821 1508 acceptione
2849 1444 2981 1489 non
3007 1444 3199 1490 omne
3225 1427 3395 1509 quod

1861 1530 2006 1609 scit,
2037 1549 2286 1613 semper
2311 1530 2449 1595 scit.

1943 1641 1971 1698 1
1986 1685 2001 1699 .
2028 1637 2126 1701 Ad
2153 1636 2308 1702 illud
2335 1639 2505 1720 quod
2529 1638 2828 1722 objicitur
2851 1639 3021 1722 quod
3045 1641 3279 1704 veritas
3303 1646 3398 1706 est

1861 1719 1996 1806 una
2021 1743 2089 1806 in
2117 1745 2446 1827 praesenti,
2477 1748 2797 1827 praeterito
2824 1753 2887 1812 et
2911 1748 3159 1826 futuro,
3189 1749 3398 1814 dicen-

1862 1850 2022 1915 dum
2062 1853 2231 1933 quod
2259 1853 2555 1934 quamvis
2587 1854 2668 1916 sit
2694 1854 3055 1919 reducibilis
3078 1856 3159 1920 ad
3199 1876 3395 1922 unam

1862 1957 1958 2022 rei
1984 1959 2312 2022 veritatem
2336 2007 2352 2034 ,
2384 1959 2547 2022 sicut
2573 1960 2860 2024 accidens
2887 1963 2965 2025 ad
3002 1963 3355 2044 subjectum
3374 2013 3392 2044 ,

1865 2070 1926 2130 et
1965 2067 2196 2130 modus
2223 2067 2468 2130 essendi
2494 2067 2572 2131 ad
2603 2069 2965 2147 entitatem3
3009 2074 3219 2135 tamen
3249 2091 3399 2136 cum

1865 2175 2093 2238 modus
2110 2175 2352 2238 essendi
2372 2175 2599 2239 habeat
2613 2194 2793 2239 suam
2816 2179 3168 2260 veritatem,
3193 2185 3256 2244 et
3271 2186 3399 2245 tres

1866 2282 1991 2344 sint
2012 2281 2091 2363 (a)
2114 2282 2284 2346 modi
2312 2282 2579 2361 essendi,
2594 2283 2737 2347 ideo
2762 2288 2890 2348 tres
2905 2290 3052 2350 sunt
3078 2289 3392 2352 veritates.

1943 2395 2004 2454 2.
2044 2389 2142 2453 Ad
2183 2390 2340 2453 illud
2380 2390 2550 2472 quod
2590 2391 2889 2472 objicitur
2930 2394 3007 2457 de
3050 2394 3402 2459 indelebili-

1866 2501 2025 2574 tate,
2075 2500 2138 2559 et
2179 2495 2717 2576 immutabilitate,
2766 2501 2830 2561 et
2872 2498 3389 2581 independentIa,

1866 2602 2205 2667 dicendum
2229 2603 2399 2683 quod
2419 2604 2556 2682 jam
2580 2602 2860 2667 solutum
2886 2610 3010 2683 est,
3041 2608 3195 2688 quia
3219 2608 3395 2673 nulla

247 2715 403 2794 rad03
443 2717 529 2780 sic
568 2736 688 2780 nec
726 2717 1004 2781 verbum
1042 2717 1369 2799 praesentis
1412 2713 1753 2795 temporie,
1865 2711 1939 2774 fit
1964 2709 2410 2773 transmutatio
2434 2709 2506 2771 in
2528 2708 2637 2772 Dei
2666 2712 3053 2791 cognitione,
3087 2732 3206 2778 nec
3230 2714 3400 2779 desi-

247 2824 362 2888 sive
399 2826 849 2906 pronuntietur
894 2824 1083 2889 hodie
1107 2873 1125 2904 ,
1166 2825 1301 2887 sive
1350 2840 1518 2900 crae,
1562 2820 1759 2883 babet
1867 2817 1967 2881 nit
1996 2817 2154 2880 scire
2180 2816 2573 2880 enuntiabile
2599 2824 2855 2900 propter
2883 2821 3305 2885 mutationem
3331 2821 3401 2886 in

248 2929 410 2994 aliam
464 2932 997 3014 significationem
1019 2979 1038 3010 ,
1095 2934 1160 2995 et
1216 2929 1358 2994 ideo
1414 2947 1548 2993 non
1605 2928 1755 2992 facit
1867 2945 1965 3004 se,
1995 2925 2104 2990 sed
2129 2925 2199 2989 in
2225 2928 2583 2990 connotat0.

255 2517 395 2575 nem,
421 2519 532 2565 nec
561 2507 656 2566 est
683 2502 861 2566 aliud
887 2520 1146 2581 nomen,
1179 2520 1297 2565 nec
1324 2503 1749 2582 aequivocum,

251 2608 485 2673 simodo
510 2615 828 2694 supponat
856 2628 973 2693 pro
1003 2609 1217 2685 Petr0,
1245 2609 1433 2672 modo
1461 2625 1577 2689 pro
1600 2606 1755 2669 Con-

1256 3197 1987 3295 DISTINCTIO
2084 3198 2354 3292 XLII

729 3431 808 3478 DE
851 3426 1150 3475 POTENTIA
1193 3428 1295 3475 DEI
1337 3427 1404 3474 IN
1447 3427 1917 3474 COMPARATIONE
1960 3427 2041 3473 AD
2086 3426 2411 3474 POSSIBILIA
2459 3424 2594 3481 QUAE
2635 3425 2884 3475 POTEST.

134 3641 246 3688 nm,
329 3602 505 3674 Nunc
528 3604 607 3675 de
635 3603 1107 3697 omnipotentia
1131 3602 1250 3672 Dei
1277 3603 1607 3693 agendum
1644 3613 1780 3685 est;
1831 3604 1949 3672 ubi
1976 3604 2190 3696 prima
2215 3603 2642 3673 consideratio
2681 3604 3008 3673 occurrit:
3035 3601 3180 3683 Quo
3208 3599 3401 3669 modo

121 3705 244 3811 ξ’ῡξζ
268 3740 391 3789 vere
405 3721 569 3790 Deus
587 3721 844 3790 dicatur
863 3719 1310 3812 omnipotens:
1343 3742 1428 3789 an
1456 3720 1615 3812 quia
1641 3719 1864 3789 omnia
1889 3721 2115 3812 possit,
2149 3744 2233 3789 an
2259 3728 2518 3788 tantum
2545 3721 2702 3812 quia
2731 3744 2808 3788 ca
2832 3720 3032 3849 possit
3058 3740 3205 3810 quae
3230 3716 3397 3785 vult.

122 3768 255 3880 mnam
137 3835 430 3934 QQuod
454 3838 684 3906 enimD
703 3860 820 3907 eus
847 3837 1070 3906 omnia
1095 3838 1317 3929 possit,
1349 3837 1656 3928 pluribus
1683 3836 2184 3905 auctoritatibus
2215 3836 2699 3928 comprobatur.
2730 3836 2844 3903 Ait
2870 3835 3046 3904 enim
3085 3832 3406 3923 Augusti-

125 3951 255 4068 Ξῖ
277 3973 378 4020 nus
399 3953 461 4022 in
483 3954 646 4026 libro
683 3954 1133 4039 Quaestionum
1162 3953 1395 4021 veteris
1420 3975 1499 4021 ac
1521 3974 1707 4023 novoe
1730 3952 1973 4045 leqis1.
1965 3978 1981 3992 ·
2013 3979 2048 4020 κ
2081 3951 2320 4021 Omnia
2347 3951 2611 4044 quidem
2642 3960 2849 4043 potest
2874 3951 3100 4019 Deus:
3131 3949 3242 4018 sed
3271 3972 3403 4018 non

120 4079 248 4187 Ἤ
281 4065 403 4136 iacit
421 4069 538 4138 nisi
564 4070 738 4162 quod
763 4070 1068 4139 convenit
1089 4068 1343 4139 veritati
1362 4069 1527 4160 ejuS,
1551 4078 1614 4138 et
1631 4069 1929 4160 justitiae.
1964 4095 1998 4134 »
2033 4068 2258 4137 Idem
2242 4092 2313 4136 m
2341 4068 2618 4137 eodem.
2660 4093 2695 4133 ιι
2720 4068 2945 4137 Potuit
2973 4067 3150 4136 Deus
3175 4075 3407 4135 cuncta

120 4143 454 4318 &Efficere
478 4186 715 4255 simul:
747 4187 860 4255 sed
904 4186 1072 4255 ratio
1117 4184 1478 4278 prohibuit,
1510 4184 1579 4252 id
1607 4193 1725 4272 est,
1761 4186 2088 4254 ιοΙιιιιὶειε.
2123 4209 2158 4250 >³
2192 4184 2538 4253 Rationem
2578 4207 2814 4276 nempe
2852 4183 2947 4252 ibi
2993 4184 3404 4252 voluntatem

129 4271 257 4376 senff*
235 4333 264 4368 ιι
292 4298 386 4368 Dei
407 4304 756 4395 appellavit,
785 4304 948 4397 quia
964 4303 1083 4372 Dei
1100 4304 1408 4373 voluntas
1433 4302 1841 4371 rationabilis
1865 4310 1960 4371 est
1986 4311 2049 4371 et
2066 4302 2463 4395 aequissima.
2494 4301 2860 4372 Fatendum
2888 4308 2987 4369 est
3010 4322 3168 4390 ergo
3192 4297 3404 4367 Deum

113 4391 283 4493 mi
299 4417 473 4486 omnia
494 4443 684 4511 posse.

115 4505 257 4560 ’μ’
369 4531 473 4602 Sed
501 4536 800 4627 quaeritur
847 4558 982 4629 quo
1021 4534 1215 4604 modo
1242 4535 1465 4604 omnia
1490 4557 1673 4627 posse
1709 4535 1988 4622 dicatur,
2033 4557 2184 4603 cum
2213 4557 2334 4603 nos
2377 4533 2679 4626 quaedam
2716 4534 3059 4626 possimne,
3093 4558 3240 4627 quae
3268 4536 3403 4629 ipse

135 4600 289 4650 Qum-

118 4663 409 4773 adanon
430 4659 627 4740 potest.
664 4652 811 4721 Non
846 4659 1056 4744 potest
1098 4651 1275 4720 enim
1322 4650 1701 4739 ambulare,
1740 4652 1952 4744 loqui,
1999 4659 2062 4721 et
2100 4650 2504 4743 hujusmodi,
2535 4674 2687 4744 quae
2714 4675 2755 4720 a
2781 4660 3018 4720 natura
3043 4651 3405 4722 divinitatis

155 4803 266 4837 m.
314 4771 430 4829 sunt
459 4769 690 4857 penitus
730 4767 970 4853 aliena,
1009 4788 1159 4835 cum
1199 4766 1439 4835 horum
1476 4767 1913 4836 instrumenta
1969 4767 2351 4836 nullatenus
2394 4766 2634 4836 habere
2675 4774 2873 4859 queat
2916 4767 3295 4860 incorporea
3341 4779 3405 4837 et

125 4865 532 4968 ffmsimplex
552 4884 921 4952 substantia.
937 4882 1194 4964 Quibus
1220 4883 1292 4952 id
1320 4882 1846 4975 respondendum
1871 4884 2178 4970 arbitror,
2210 4883 2389 4976 quod
2419 4883 2801 4975 hujusmodi
2831 4883 3138 4969 actioneS,
3170 4883 3403 4953 ambu-

127 4979 436 5092 ΙΝξζξζζζηὶιιῑίο
457 4998 660 5067 scilicet
685 5007 748 5068 et
772 5000 1045 5085 locutiO,
1077 5005 1139 5067 et
1165 4997 1573 5090 hujusmodi,
1600 5023 1640 5068 a
1667 4999 1788 5068 Dei
1816 5001 2108 5092 potentia
2132 5000 2360 5071 alienae
2389 5024 2524 5069 non
2550 5008 2730 5087 sunt,
2761 5001 2872 5069 sed
2899 4999 2983 5069 ad
3023 5001 3231 5092 ipsam
3259 5022 3406 5094 per-

129 5105 307 5159 mim
330 5103 556 5184 tinentoe.
583 5115 749 5186 Licet
779 5117 956 5186 enim
999 5114 1379 5206 hujusmodi
1405 5117 1689 5186 actiones
1714 5116 1787 5185 in
1830 5139 1899 5186 se
1933 5116 2110 5187 Deus
2150 5116 2390 5187 habere
2415 5139 2551 5188 non
2576 5115 2800 5209 possit,
2828 5139 2966 5187 non
2992 5117 3171 5186 enim
3197 5125 3408 5209 potest

377 5301 548 5364 ΨΜ.
574 5309 665 5363 Vei.
685 5311 875 5363 etNov.
907 5311 1134 5375 Teum,
1160 5311 1446 5377 Augustino
1466 5312 1596 5420 falso
1623 5312 1910 5378 adscriptoe,
1938 5312 2076 5364 inter
2101 5313 2231 5379 Aug.
2255 5316 2441 5379 Opera,
2470 5316 2508 5365 t.
2533 5313 2629 5377 111,
2659 5325 2710 5377 q.
2732 5323 2835 5364 cvx-

381 5416 434 5481 (⁰)
458 5421 558 5476 (Σοί.
575 5427 688 5488 edit
717 5431 849 5480 sunt.
