4125 6225
710 435 830 499 382

708 610 840 660 non
864 595 1179 677 pepercit¹
1194 613 1217 657 .·
1242 613 1399 675 ergo
1412 613 1635 659 omnes
1659 593 1943 657 labentes
1983 597 2137 658 sunt
2166 594 2246 658 de

708 701 931 765 infimo
955 702 1177 766 ordine
1201 749 1218 778 ,
1265 701 1418 784 quia
1458 701 1724 765 infimus
1760 702 1917 765 ordo
1954 706 2244 765 censetur

707 809 968 872 nomine
988 810 1371 890 angelorum
1395 858 1413 888 ‚
1445 814 1518 874 ut
1544 810 1806 873 inferius
1836 810 2095 892 patebit.

786 919 846 977 2.
879 914 1035 979 Item
1069 918 1409 999 Apostolus
1434 922 1619 981 vocat
1642 918 1665 953 ²
1697 917 2020 982 daemones
2054 918 2244 999 prin-

702 1022 961 1103 cipatus
978 1071 999 1102 ,
1018 1028 1083 1086 et
1095 1030 1435 1105 potestates
1449 1072 1468 1101 ,
1493 1028 1557 1088 et
1575 1024 1827 1088 diversa
1851 1024 2116 1088 nomina
2135 1043 2248 1088 an—

707 1129 1003 1209 gelorum
1049 1131 1347 1195 dicuntur
1385 1133 1463 1195 de
1507 1131 1909 1196 daemonibus
1942 1180 1960 1211 ,
2014 1137 2247 1213 praeter

707 1233 1039 1317 Seraphim
1064 1241 1128 1301 et
1152 1235 1440 1302 Thronos
1465 1260 1481 1302 z
1508 1257 1666 1319 ergo
1688 1239 1943 1304 videtur
1969 1238 2140 1320 quod
2168 1238 2246 1303 de

705 1340 806 1404 his
834 1342 1163 1408 ordinibus
1189 1345 1349 1409 nulli
1375 1346 1769 1423 ceciderunt3
1797 1349 1910 1409 aut
1929 1345 1985 1408 si
2007 1345 2245 1409 cecide-

703 1452 878 1528 runt,
902 1467 1050 1514 cum
1067 1469 1192 1515 non
1208 1452 1402 1534 possit
1416 1453 1675 1535 probari
1690 1470 1804 1535 per
1816 1453 2240 1534 scripturam,

704 1554 882 1619 nullo
911 1557 1100 1621 modo
1121 1563 1216 1621 est
1238 1560 1681 1623 asserendum.

786 1664 845 1724 3.
878 1661 1037 1726 Item
1063 1665 1275 1745 angeli
1304 1666 1591 1748 ejusdem
1614 1667 1857 1731 ordinis
1884 1671 2037 1731 sunt
2062 1667 2244 1731 simi-

704 1766 896 1832 liores
919 1769 987 1832 in
1021 1776 1280 1850 natura;
1322 1773 1430 1836 sed
1461 1774 1571 1856 qui
1617 1778 1770 1837 sunt
1797 1775 2141 1839 similiores
2178 1776 2249 1839 in

702 1882 936 1943 natura
954 1929 973 1957 .,
1013 1881 1350 1947 similiores
1394 1889 1545 1948 sunt
1574 1885 1644 1948 in
1677 1885 2010 1950 effectibus
2035 1936 2050 1966 ,
2096 1887 2248 1969 quia

702 2005 894 2052 omne
907 1988 1146 2052 animal
1159 1990 1237 2054 ad
1252 1990 1374 2053 sibi
1396 1991 1602 2056 simile
1620 1994 2044 2075 copulabitur,
2061 1999 2125 2059 et
2133 1994 2246 2077 qui

703 2095 1037 2161 similiores
1062 2102 1215 2160 sunt
1242 2097 1311 2160 in
1337 2097 1668 2163 affectibus
1690 2150 1707 2178 ,
1733 2100 2067 2164 similiorae
2096 2107 2248 2165 sunt

704 2201 775 2263 in
802 2204 1123 2281 moribus,
1170 2204 1504 2268 similiores
1543 2211 1695 2269 sunt
1737 2206 1807 2269 in
1857 2207 2136 2271 bonitate
2184 2211 2249 2271 et

703 2310 947 2373 malitia
989 2333 1003 2373 z
1036 2328 1191 2392 ergo
1246 2312 1635 2393 probabilius
1701 2314 1952 2377 videtur
2010 2332 2246 2395 ponere

703 2416 875 2497 quod
916 2416 971 2479 si
1011 2417 1090 2481 de
1125 2417 1338 2499 aliquo
1380 2420 1601 2483 ordine
1643 2423 1953 2512 steterunt
1997 2419 2194 2501 aliqui
2224 2467 2241 2496 ‚

702 2523 873 2603 quod
900 2541 1122 2587 omnes
1148 2541 1262 2606 per
1285 2537 1715 2607 consequens3
1769 2531 1832 2590 et
1873 2526 1927 2590 si
1971 2531 2246 2591 ruerunt

702 2628 937 2711 aliqui,
963 2631 1135 2712 quod
1154 2649 1379 2695 omnes
1402 2631 1481 2695 de
1502 2631 1610 2696 illo
1633 2633 1859 2697 ordine
1883 2655 1899 2697 ε
1931 2652 2090 2715 ergo
2112 2652 2245 2698 non

702 2740 795 2799 est
816 2754 1051 2818 ponere
1064 2738 1233 2819 quod
1261 2738 1337 2802 de
1363 2739 1666 2804 omnibus
1684 2739 2014 2805 ordinibus
2040 2740 2244 2823 aliqui

700 2844 981 2924 ruerint,
1009 2844 1206 2927 aliqui
1233 2846 1540 2910 steterint.

1209 3076 1731 3144 CONCLUSIO.

692 3228 1022 3300 Angelorum
1061 3232 1158 3300 qui
1201 3233 1263 3287 in
1283 3235 1502 3304 peccato
1553 3232 1698 3304 lapsi
1721 3233 1976 3301 fuerunt,
2010 3230 2074 3288 de
2102 3247 2238 3303 quo·

765 3319 898 3375 libet
923 3319 1207 3376 coetestium
1233 3323 1527 3393 spirituum
1553 3321 1741 3378 ordine
1766 3321 2022 3378 nonnulli
2049 3337 2241 3395 pecca-

765 3416 990 3480 verunt,
1017 3416 1082 3468 ut
1109 3412 1235 3468 bene
1258 3410 1439 3467 domnii
1473 3412 1648 3482 HuqO.

776 3572 959 3658 Resp.
990 3574 1071 3639 ad
1096 3574 1254 3655 Arg.
1284 3572 1635 3637 Dicendum
1668 3571 1862 3656 quod,
1884 3574 2237 3639 secundum

696 3681 867 3763 quod
881 3680 1093 3745 Sancti
1108 3679 1348 3758 dicunt,
1368 3684 1433 3744 et
1447 3680 1771 3763 accipiunt
1786 3699 1869 3745 ex
1886 3680 2235 3762 Scriptura,

696 3786 772 3851 de
790 3788 1090 3852 omnibus
1107 3788 1307 3871 aliqui
1328 3788 1487 3871 lapsi
1505 3793 1657 3854 sunt
1675 3812 1691 3868 ;
1714 3795 1778 3855 et
1800 3790 1925 3854 hoc
1943 3809 2237 3873 expresse

696 3893 846 3958 dicit
876 3894 1067 3976 Ilugo
1091 3895 1170 3960 de
1194 3901 1412 3961 sancto
1432 3895 1682 3961 Victore
1697 3945 1714 3974 ‚
1740 3897 1811 3960 in
1834 3896 1997 3961 libro
2024 3898 2101 3963 de
2126 3897 2236 3964 Sa-

694 4004 1033 4069 cramentis
1052 4007 1098 4083 ⁸,
1121 4007 1185 4066 et
1209 4004 1371 4067 ratio
1383 4004 1722 4086 persuadet
1745 4025 1762 4068 z
1787 4021 1939 4068 cum
1957 4004 2137 4068 enim
2153 4005 2231 4069 de

695 4128 995 4193 supremo
1022 4110 1243 4176 ordine
1276 4111 1475 4193 aliqui
1502 4111 1712 4177 avulsi
1746 4111 1877 4175 sint
1895 4159 1914 4191 ,
1944 4114 2017 4175 ut
2043 4110 2236 4176 Luci-

692 4218 808 4296 fer,
828 4218 1215 4284 credendum
1232 4218 1512 4301 estquod
1526 4236 1749 4282 omnes
1768 4222 2105 4284 senscrunt
2122 4218 2237 4283 ali·

778 4439 808 4496 1
823 4480 838 4496 .
865 4434 965 4498 Ad
985 4433 1146 4499 illud
1168 4450 1326 4514 ergo
1350 4432 1523 4516 quod
1546 4433 1868 4516 objicitur,
1893 4432 2067 4515 quod
2091 4450 2231 4497 om-

692 4557 809 4605 nes
843 4541 1144 4606 dicuntur
1175 4540 1427 4624 anqeli‚·
1467 4539 1805 4605 dicendum
1831 4541 2002 4624 quod
2036 4557 2233 4624 anye-

693 4648 792 4714 lus
826 4649 1179 4714 secundum
1205 4648 1360 4731 quid
1396 4652 1490 4712 est
1517 4665 1758 4713 nomen
1785 4648 1976 4711 officii
1996 4696 2016 4728 ‚
2054 4648 2229 4731 quod

692 4762 787 4821 est
811 4758 1010 4838 mitti,
1043 4763 1107 4821 et
1146 4774 1494 4821 commuue
1520 4761 1617 4819 est
1642 4755 1937 4820 omnium
1961 4803 1978 4835 ,
2007 4760 2084 4821 ut
2109 4775 2231 4839 pa-

690 4865 850 4929 tebit
890 4865 1056 4928 infra
1086 4869 1108 4904 ⁸
1138 4884 1156 4928 ε
1197 4863 1646 4947 appropriatur
1688 4864 1904 4926 tamen
1944 4863 2232 4927 inferiori

693 4972 924 5052 ordini,
950 4972 1029 5036 de
1047 4990 1178 5055 quo
1199 4971 1596 5054 frequentius
1614 4969 1959 5033 mittuntur
1977 4969 2178 5052 aliqui
2209 4986 2227 5031 z

692 5083 757 5144 et
799 5081 939 5146 ideo
982 5081 1205 5145 beatus
1257 5078 1485 5144 Petrus
1527 5077 1910 5159 generaliter
1959 5077 2231 5162 loquens

693 5188 1168 5270 comprehendit
1197 5205 1440 5252 omnes

756 5350 835 5400 ¹11
864 5351 1021 5413 Patr„
1060 5363 1119 5414 11,
1150 5353 1197 5401 4.
1224 5352 1329 5388 -ἱ
1357 5349 1558 5415 ΕρΙιε3.,
1594 5363 1644 5415 1,
1681 5353 1769 5413 213
1809 5361 1885 5415 11,
1925 5352 1985 5412 23
2020 5360 2114 5413 111,
2152 5352 2229 5400 ¹0.

675 5423 941 5488 .·-⁸Hug.
969 5422 1033 5472 do
1059 5424 1114 5475 S.
1137 5423 1291 5486 vict„
1317 5421 1379 5471 de
1401 5422 1648 5484 Sacram„
1671 5421 1762 5473 lib.
1787 5424 1840 5489 l,
1870 5432 2007 5486 μγ,
2040 5432 2229 5472 c.xxx.

1822 427 2441 497 SENTENTIARUM
2480 433 2630 500 LlB.
2675 435 2753 499 11.

2431 575 2492 636 2.
2522 570 2618 635 Ad
2639 571 2797 636 illud
2814 572 2985 655 quod
3007 573 3331 654 objicitur,
3355 575 3525 657 quod
3553 574 3872 658 Scriptura

2351 695 2482 741 non
2492 679 3008 745 nominatomnIa
3026 682 3309 762 nomina,
3321 682 3662 748 dicendum
3678 685 3862 767 quod,

2355 785 2521 849 sicut
2545 787 2614 849 in
2641 788 2825 852 malis
2852 791 3149 871 quaedam
3180 796 3332 855 sunt
3350 839 3368 867 ‚
3409 810 3557 875 quae
3585 811 3737 857 mox
3767 812 3872 857 no·

2353 894 2594 957 minata
2616 944 2632 973 ,
2677 899 3014 978 conjuncta
3049 905 3200 962 sunt
3227 899 3424 979 malo,
3462 905 3540 962 ut
3573 902 3880 980 fornicari

2353 1008 2408 1065 el
2439 1001 2755 1077 occidere;
2783 1003 2872 1067 ita
2897 1004 2965 1068 in
2993 1005 3176 1069 bonis
3197 1007 3495 1088 quasdam
3520 1013 3676 1070 sunt
3695 1054 3713 1085 ,
3745 1025 3879 1089 quae

2353 1126 2507 1172 mox
2527 1110 2855 1176 nominata
2872 1158 2889 1187 ‚
2916 1116 3255 1194 conjuncta
3280 1118 3437 1177 sunt
3456 1114 3649 1192 bono,
3681 1120 3756 1178 ut
3780 1115 3879 1180 Se·

2352 1215 2618 1296 raphin,
2653 1218 2810 1299 quia
2838 1217 2989 1283 dicit
3014 1219 3336 1284 charitatis
3373 1220 3754 1284 incendium
3777 1269 3796 1299 ,
3826 1226 3882 1284 et

2361 1321 2639 1400 Throni,
2695 1324 2848 1406 quia
2873 1323 3022 1388 dicit
3049 1325 3261 1389 sedem
3302 1325 3416 1390 ubi
3445 1325 3756 1390 Dominus
3782 1345 3881 1390 re-

2352 1427 2615 1509 quiescit
2627 1429 2704 1492 ad
2726 1429 3177 1511 judicandum:
3204 1437 3269 1495 et
3298 1431 3441 1497 ideo
3468 1432 3745 1496 nomina
3771 1432 3877 1496 ho-

2354 1551 2503 1597 rum
2523 1535 2825 1600 ordinum
2844 1537 3245 1604 daemonibus
3269 1556 3403 1603 non
3424 1539 3878 1615 attribuuntur,

2353 1645 2652 1725 quamvis
2694 1645 2814 1728 ipsi
2843 1665 2925 1711 ex
2969 1652 3202 1712 natura
3236 1648 3519 1731 dispositi
3561 1654 3770 1713 essent
3811 1649 3880 1713 ad

2352 1749 2470 1814 bos
2504 1752 2756 1816 ordines
2790 1753 2952 1818 sicut
2992 1755 3073 1820 ad
3114 1755 3311 1834 alios;
3351 1760 3572 1820 tamen
3611 1755 3879 1820 aliorum

2353 1857 2617 1922 nomina
2638 1863 2856 1924 tenent
2874 1909 2892 1939 ‚
2923 1862 3079 1943 quia
3103 1861 3471 1926 communia
3513 1867 3668 1926 sunt
3705 1853 3879 1926 bon'is

2355 1969 2418 2027 et
2442 1965 2658 2045 malis,
2689 1971 2761 2029 ut
2786 1967 3204 2050 principatus
3230 1972 3292 2032 et
3318 1968 3687 2037 Potestates.

2435 2077 2495 2135 3.
2528 2074 2628 2137 Ad
2653 2074 2808 2138 illud
2836 2075 3010 2158 quod
3037 2076 3332 2158 objicitur
3362 2076 3439 2141 de
3462 2095 3686 2142 amore
3708 2076 3884 2140 simi-

2352 2178 2643 2244 litudinis
2659 2228 2677 2258 ,
2707 2182 3050 2247 dicendum
3075 2184 3247 2265 quod
3271 2184 3429 2249 illud
3456 2184 3674 2249 locum
3703 2184 3883 2248 babet

2352 2286 2423 2349 in
2447 2306 2666 2354 amore
2690 2290 2968 2356 naturali
2989 2313 3006 2369 ;
3049 2290 3118 2354 in
3158 2309 3376 2356 amore
3400 2310 3556 2357 vero
3586 2293 3847 2357 elective
3861 2341 3878 2372 ‚

2355 2394 2467 2457 ubi
2492 2395 2637 2477 quis
2659 2396 2861 2461 fertur
2888 2398 3239 2462 secundum
3263 2399 3626 2464 dominium
3654 2399 3879 2465 volun-

2353 2502 2501 2566 tatis
2520 2552 2538 2583 ‚
2575 2522 2706 2568 non
2731 2505 2923 2568 babet
2949 2505 3276 2572 veritatem
3311 2528 3326 2570 ε
3357 2525 3510 2570 nam
3537 2506 3758 2572 Medea
3778 2526 3879 2571 oo-

2353 2608 2502 2672 cidit
2532 2610 2737 2673 filium
2760 2660 2779 2690 ,
2807 2610 2970 2675 libro
2994 2610 3105 2675 vll
3134 2612 3721 2696 Metamorphoseon
3734 2661 3756 2693 ,
3786 2616 3879 2678 fa-

2354 2714 2506 2778 bula
2543 2720 2583 2778 4
2604 2764 2622 2794 ‚
2661 2723 2724 2781 et
2759 2719 2903 2800 plus
2928 2719 3062 2784 odit
3095 2720 3289 2785 homo
3325 2720 3657 2787 hominem
3689 2742 3876 2805 quam

2352 2829 2708 2907 serpentem
2732 2826 3114 2909 frequenter,
3146 2833 3209 2891 et
3234 2832 3440 2910 maJor
3466 2833 3561 2893 est
3577 2830 3876 2896 discordia

2350 2933 2754 2999 voluntatum
2784 2956 2801 3000 z
2835 2935 2945 3000 sed
2980 2935 3134 3018 quia
3165 2935 3385 3018 lapsus
3426 2943 3490 3001 et
3527 2941 3730 3002 status
3766 2937 3879 3001 fuit

2350 3040 2702 3105 secundum
2723 3043 3119 3108 voluntatem
3141 3044 3470 3110 electivam
3486 3091 3504 3122 ‚
3533 3063 3666 3109 non
3693 3050 3877 3110 natu-

2350 3147 2549 3212 ralem
2570 3196 2588 3227 ,
2620 3150 2763 3216 ideo
2789 3169 2920 3216 non
2946 3151 3137 3217 habet
3162 3153 3267 3217 bic
3290 3155 3526 3219 locum.

2804 3348 3284 3466 ARTICULUS
3326 3397 3416 3466 Π.

2427 3582 2890 3666 Consequentcr
2915 3584 3249 3666 quaeritur,
3282 3587 3599 3666 quantum
3628 3585 3710 3650 ad
3734 3585 3873 3669 lap-

2346 3694 2514 3757 sum,
2546 3678 2616 3740 in
2642 3677 2798 3760 quid
2827 3676 3187 3742 ceciderunt
3217 3696 3235 3741 z
3269 3677 3503 3760 primo,
3533 3683 3755 3744 utrum
3781 3698 3874 3743 ce-

2346 3782 2637 3848 ciderunt
2675 3784 2745 3847 in
2787 3784 3109 3849 infernum
3144 3789 3461 3867 quantum
3501 3785 3581 3850 ad
3621 3786 3867 3862 locum3

2345 3890 2643 3970 secund0‚
2672 3894 2897 3954 utrum
2923 3890 2991 3953 in
3017 3891 3322 3957 infernale
3347 3892 3754 3975 supplicium.

2890 4130 3245 4209 QUAESTIO
3275 4133 3328 4197 1.

2576 4284 2671 4340 An
2696 4286 2881 4355 anqeli
2905 4287 2968 4341 in
2991 4286 3266 4355 intentum
3292 4285 3576 4343 ceciderint
3595 4287 3638 4343 ⁸.

2423 4431 2604 4509 Quod
2629 4432 2868 4498 cecider
2877 4436 2992 4497 unt
3013 4432 3082 4495 in
3097 4433 3314 4499 locum
3335 4431 3710 4498 infernalem
3730 4482 3748 4513 ,
3776 4432 3861 4497 vi·
3909 4449 3969 4495 Aa
3982 4459 4062 4505 opp.

2341 4539 2556 4622 detur3
2590 4540 2742 4623 quia
2779 4557 2962 4605 casus
2985 4543 3161 4609 tanto
3187 4538 3584 4621 profundior,
3630 4544 3862 4621 quanto

2339 4648 2581 4730 gradus
2636 4647 2940 4712 excelsior
2992 4668 3006 4710 ε
3064 4664 3222 4728 ergo
3270 4646 3324 4709 si
3370 4646 3732 4711 ceciderunt
3789 4646 3860 4710 de

2340 4754 2479 4821 loco
2509 4754 2839 4835 altissimo,
2869 4758 2944 4819 ut
2969 4753 3047 4819 de
3072 4771 3396 4835 empyreo,
3421 4753 3675 4818 videtur
3700 4753 3859 4835 quod

2341 4863 2579 4929 detrusi
2604 4867 2755 4927 sunt
2784 4861 3085 4926 inlocum
3109 4861 3407 4925 infimum
3429 4908 3447 4940 ‚
3476 4865 3538 4924 et
3560 4860 3650 4925 ita
3675 4860 3745 4925 in
3769 4862 3862 4929 in·

2339 4971 2615 5036 fernum.

2420 5082 2481 5143 2.
2535 5077 2695 5142 Item
2736 5076 2981 5158 angelis
3032 5075 3262 5143 sanctis
3308 5080 3564 5171 propter
3609 5075 3859 5140 mundi·

2340 5203 2363 5239 δ
2380 5203 2507 5253 Dist.
2528 5214 2580 5253 x.
2598 5228 2658 5239 —
2674 5202 2697 5237 ⁸
2718 5201 2800 5267 Cf.
2824 5202 2877 5253 S.
2899 5200 3102 5264 Thom„
3124 5215 3175 5267 p.
3206 5201 3242 5264 l,
3265 5215 3317 5267 q.
3336 5211 3478 5261 mlv,
3496 5206 3593 5253 art.
3611 5205 3668 5265 43
3696 5201 3855 5265 AEgid.

2339 5275 2511 5338 Rom„
2540 5275 2583 5324 ll
2607 5275 2765 5332 Sent„
2787 5272 2907 5324 dist.
2924 5284 2999 5337 VI,
3019 5286 3072 5336 q.
3091 5284 3148 5337 11,
3168 5275 3263 5322 art.
3287 5275 3340 5335 13
3367 5271 3627 5337 Richard.,
3645 5272 3690 5321 ll
3708 5273 3855 5331 Seni„

2341 5346 2478 5397 dist..
2501 5357 2570 5408 vt,
2598 5347 2695 5395 art.
2714 5348 2763 5409 2,
2789 5358 2840 5408 q.
2863 5355 2911 5408 13
2943 5345 3119 5407 steph.
3143 5330 3352 5407 brulef„
3382 5344 3424 5393 ll
3453 5344 3614 5407 Sent„
3640 5344 3756 5394 dist.
3773 5354 3854 5406 vl,

2341 5432 2393 5484 q.
2415 5430 2508 5483 1113
2534 5418 2715 5471 Thom.
2744 5419 2888 5481 Arg„
2921 5416 2964 5467 n
3001 5416 3160 5478 Seni„
3195 5416 3312 5466 dist.
3334 5426 3420 5481 vt,
3448 5429 3501 5480 q.
3529 5427 3583 5482 1,
3617 5418 3781 5468 art.3.
