4125 6225
1108 460 1306 530 DlST.
1347 458 1556 530 XLIV.
1596 456 1779 526 ΛΒΤ.
1823 459 1900 527 ΙΙ.
1945 460 2246 540 QUAEST.
2287 464 2333 530 l.

175 605 298 669 heret
321 605 390 669 de
408 601 775 667 substantia
803 606 867 666 et
896 601 1128 665 virtute
1148 647 1166 679 ,
1191 604 1254 663 et
1280 603 1502 663 tamen
1526 614 1660 661 non

3193 467 3310 530 163

1768 566 2010 663 Primo⁶
2053 601 2244 665 modo
2326 604 2422 664 est
2478 604 2713 665 natura
2777 601 3069 682 angelica
3117 617 3314 683 prope

174 715 284 775 oeset
308 710 458 775 alius
494 728 704 791 quam
732 712 850 773 est.
884 706 1165 772 Concedo
1199 724 1358 788 ergo
1386 706 1663 769 rationes
1765 704 1968 770 Deum
1992 754 2011 785 ,
2058 706 2428 789 simpliciter
2463 707 2820 790 loquend03
2871 708 2982 771 sed
3029 707 3310 771 secundo

174 818 443 899 probantes
461 863 480 896 ,
543 815 725 898 quod
792 813 959 879 Deus
1022 812 1393 895 simpliciter
1449 813 1629 894 potui

173 920 316 984 alium
351 919 676 983 mundum
737 921 1055 1001 quantum
1110 917 1191 981 ad
1243 916 1663 980 substantiam

171 1028 390 1109 partium
427 1027 656 1091 fecisse
701 1026 1037 1090 meliorem
1055 1072 1074 1102 ,
1134 1027 1200 1088 et
1250 1024 1441 1088 etiam
1489 1023 1664 1087 hunc

172 1138 423 1216 quantum
448 1134 530 1200 ad
555 1133 1082 1216 magnitudinem
1123 1134 1408 1216 partium
1433 1137 1497 1196 et
1531 1131 1666 1196 vir-

171 1245 321 1304 tutem
341 1263 358 1319 ;
378 1260 511 1306 non
531 1245 761 1306 tamen
787 1244 1106 1323 quantum
1133 1241 1218 1306 ad
1243 1240 1667 1305 essentiarum

172 1349 502 1413 nobilitatem
538 1351 887 1431 majorem.
918 1346 997 1411 Et
1027 1347 1150 1413 hoc
1184 1348 1328 1412 vult
1364 1345 1669 1428 Augusti·

174 1474 261 1518 nus
277 1455 462 1521 dicere
489 1454 558 1519 in
588 1455 929 1539 praemissa
952 1454 1328 1521 auctoritate
1348 1454 1428 1520 de
1449 1453 1669 1521 Libero

175 1565 424 1644 Arbitrio,
444 1565 625 1646 quod
651 1564 839 1628 nulla
859 1562 1130 1628 essentia
1161 1562 1434 1628 nobilior
1465 1564 1672 1645 potest

174 1673 383 1754 cogitari
425 1691 562 1737 esse
612 1672 690 1736 in
726 1671 850 1735 hoc
891 1670 1136 1735 mundo
1171 1667 1666 1749 rationabiliter,

175 1798 280 1861 quae
292 1799 410 1845 non
422 1780 502 1845 sit
526 1779 620 1843 ibi
643 1802 658 1844 :
692 1797 847 1843 nam
882 1779 936 1842 si
958 1778 1197 1860 cogites
1218 1776 1516 1841 meliores
1533 1793 1672 1841 esse

174 1890 350 1968 partes,
375 1886 496 1951 hoc
511 1891 633 1966 est,
664 1890 782 1951 aut
804 1884 1158 1951 secundum
1185 1886 1416 1960 totum,
1438 1887 1553 1948 aut
1577 1899 1674 1947 se-

175 1994 402 2057 eundum
434 2000 692 2077 partem
728 2015 742 2058 ε
792 1993 846 2057 si
878 1992 1234 2057 secundum
1268 1994 1510 2070 totum,
1531 1991 1670 2072 jam

175 2118 269 2165 non
293 2102 473 2166 istum
513 2100 842 2165 mundum
875 2099 1156 2181 cogitas,
1191 2098 1302 2163 sed
1335 2097 1536 2162 alium
1566 2118 1584 2176 ;
1615 2096 1671 2161 si

175 2210 470 2274 secundum
495 2212 781 2292 partem,
813 2211 972 2272 tunc
1002 2225 1160 2289 ergo
1183 2206 1350 2270 tollis
1383 2204 1673 2271 ordinem

175 2321 218 2378 et
231 2318 657 2399 perfectionem
684 2316 763 2381 de
785 2315 911 2380 hoc
935 2315 1183 2379 mundo
1211 2334 1227 2378 ι
1256 2317 1331 2378 ut
1355 2314 1413 2376 si
1435 2312 1675 2394 cogites

175 2425 302 2504 quod
323 2424 481 2489 Deus
501 2425 758 2490 fecisset
785 2423 1012 2488 lunam
1047 2423 1136 2486 ita
1160 2419 1442 2487 lucidam
1470 2424 1551 2485 ut
1581 2424 1677 2485 est

175 2532 258 2611 sol,
281 2533 370 2598 vel
395 2538 640 2598 terram
668 2533 835 2597 sicut
862 2532 1125 2609 coelum,
1154 2549 1289 2596 non
1318 2528 1670 2595 rationabi-

175 2637 280 2703 liter
302 2641 556 2723 cogitaS,
598 2639 750 2723 quia
777 2639 1039 2722 perimis
1064 2637 1448 2703 universum
1476 2656 1495 2701 ε
1540 2654 1673 2701 non

175 2747 304 2812 euim
327 2756 527 2815 essent
564 2748 651 2832 (α)
682 2747 921 2826 omnia,
949 2747 1006 2811 si
1037 2749 1248 2811 essent
1271 2743 1584 2827 aequalia,
1566 2762 1582 2778 ·
1610 2747 1677 2808 et

174 2852 260 2920 boc
274 2858 542 2942 estquod
569 2856 722 2922 dicit
739 2857 1174 2938 Augustinus»,
1196 2854 1274 2920 de
1298 2853 1523 2920 Libero
1542 2852 1676 2918 Ar·-

177 2960 403 3031 bitrio.
343 2972 408 3008 ²·
443 2988 475 3029 σι
497 2963 562 3032 N
567 2983 655 3030 on
700 2966 800 3030 est
833 2982 989 3030 vera
1023 2963 1222 3039 ratio,
1264 2960 1375 3026 sed
1411 2959 1676 3026 invidiae

179 3068 496 3154 infirmitas,
551 3089 709 3137 cum
743 3069 988 3154 aliquid
1033 3068 1268 3136 melius
1313 3067 1678 3136 faciendum

179 3177 326 3245 fuisse
361 3180 786 3263 cogitaveris,
810 3180 952 3262 jam
996 3179 1162 3244 nihil
1196 3177 1369 3243 aliud
1414 3176 1680 3242 inferius

181 3284 284 3350 fieri
301 3288 494 3355 velle:
530 3292 845 3370 tanquam
881 3285 937 3352 si
972 3285 1247 3369 perfecto
1280 3284 1439 3349 coelo
1478 3282 1680 3349 nolles

182 3397 367 3458 terram
393 3396 632 3462 tactam
679 3411 816 3458 esse
835 3441 852 3472 ,
893 3392 1119 3476 utique
1152 3393 1418 3458 omnino
1453 3390 1680 3474 inique

182 3505 461 3586 eogitarae.
501 3529 540 3568 s
581 3505 663 3571 Et
701 3504 795 3569 sic
829 3508 1000 3587 patet
1041 3503 1337 3569 ultimam
1368 3503 1680 3587 objectio-

182 3626 295 3674 nem
330 3613 542 3696 quoad
591 3612 870 3695 primam
910 3614 1161 3698 partem
1213 3628 1348 3675 esse
1374 3607 1674 3693 sophisti-

184 3735 305 3799 cam,
330 3741 440 3804 pro
465 3739 552 3787 eo
573 3719 748 3803 quod
787 3736 923 3784 non
955 3718 1351 3801 competebat
1376 3718 1682 3784 universo

184 3830 236 3888 ut
252 3830 500 3894 materia
526 3826 884 3892 secundum
902 3841 972 3891 se
998 3829 1200 3891 totam
1216 3827 1492 3909 perfecta
1515 3824 1682 3934 esset

185 3931 342 3999 forma
358 3934 777 4001 nobilissima.

242 4047 290 4106 1.
309 4044 398 4112 Ad
418 4044 584 4110 illud
621 4062 780 4126 ergo
808 4039 981 4127 quod
1006 4039 1305 4126 objicitur
1329 4037 1402 4106 in
1427 4041 1681 4104 contra-

186 4148 317 4214 rium
341 4171 452 4235 per
491 4150 937 4216 auctoritatem
973 4146 1324 4231 Augustini
1350 4146 1428 4213 de
1448 4146 1680 4214 Libero

187 4255 446 4338 Arbitrio,
464 4262 612 4344 jam
635 4261 809 4342 patet
834 4256 1186 4341 responsio,
1206 4255 1361 4338 quia
1383 4255 1682 4337 intelligi·

188 4365 266 4426 tur
285 4366 354 4430 de
376 4369 497 4433 boc
527 4366 805 4446 mlmd0‚
836 4368 898 4428 et
929 4364 1009 4429 de
1041 4363 1422 4429 melioritate
1451 4381 1684 4429 secun-

188 4466 307 4534 dum
324 4473 679 4554 essentiam,
710 4477 784 4537 ut
813 4475 984 4555 patet
1007 4490 1091 4537 ex
1113 4474 1320 4536 textu.

246 4581 297 4643 Ξ.
329 4582 418 4646 Ad
459 4582 622 4647 illud
664 4581 840 4664 quod
872 4579 1173 4662 objicitur
1217 4579 1392 4662 quod
1427 4594 1686 4643 summa

59 4757 60 4796 ζ
190 4680 431 4754 distantia
479 4694 575 4755 est
633 4689 704 4754 in
742 4688 1078 4767 universo,
1126 4685 1470 4752 dicendum
1509 4685 1681 4768 quod

189 4805 338 4875 prope
359 4798 548 4864 amm
579 4799 786 4881 potest
815 4794 1149 4876 dupliciter
1171 4793 1477 4875 intelligi,
1510 4792 1684 4857 seili-

192 4903 574 4985 oetquantnm
596 4903 680 4969 ad
706 4901 1141 4967 immediatam
1163 4900 1589 4983 receptionem
1620 4904 1688 4965 et

193 5012 622 5077 conversionem
663 5010 734 5074 in
782 5008 1024 5087 Deum,
1071 5009 1185 5072 aut
1239 5010 1559 5089 qnantum
1601 5007 1684 5073 ad

193 5127 464 5183 summam
520 5117 946 5183 imitationem
1009 5117 1073 5178 et
1139 5115 1679 5181 assimilationem.

241 5233 409 5301 ¹.Aug‚
441 5237 648 5291 deLib.
660 5237 881 5299 ινΔὸίευ
916 5234 1010 5285 lib.
1059 5234 1160 5299 lu,
1206 5246 1357 5299 αν,
1396 5249 1451 5288 n.
1499 5240 1596 5301 1³;
1634 5243 1688 5290 et

195 5271 1683 5375 fflhxx’lt11lonoest„q.'xn,et02nt.ad'ver=soe·.l'aeq.

194 5375 468 5444 “Pl-ome„
503 5382 733 5444 lib.,ffl
769 5390 896 5431 cmv

243 5457 430 5522 meai.
450 5463 574 5516 edat·
600 5463 758 5514 aaut.

1768 812 1959 881 modo
1985 830 2120 877 non
2138 813 2261 877 nisi
2290 813 2362 877 in
2388 814 2881 897 comparatione,
2909 813 3068 897 quia
3096 813 3307 894 magis

1769 923 1864 983 est
1899 919 2220 983 dissimilis
2259 938 2455 1003 quam
2506 921 2732 985 similis
2753 970 2768 999 ‚
2818 923 2882 984 et
2918 920 3064 1002 plus
3103 919 3318 984 deficit

1770 1045 1968 1108 quam
2015 1028 2345 1111 exprimit,
2393 1028 2525 1093 imo
2569 1028 2835 1092 infinitis
2871 1026 3176 1109 gradibus
3220 1026 3320 1090 di-

1771 1138 1893 1199 stat
1918 1158 1933 1200 :
1955 1140 2019 1200 et
2039 1136 2183 1200 ideo
2211 1140 2418 1220 major
2441 1138 2879 1221 propinquitas
2899 1140 2992 1201 est
3009 1134 3194 1199 nobis
3212 1153 3319 1199 co-

1771 1243 2052 1324 gitabilis
2069 1293 2088 1324 ,
2123 1249 2187 1309 et
2236 1243 2364 1309 Deo
2405 1244 2716 1327 possibilis
2740 1292 2757 1323 ‚
2804 1242 3105 1329 quamvis
3146 1259 3323 1307 nunc

1772 1368 1906 1415 non
1936 1348 2036 1412 sit.

1855 1461 1915 1522 3.
1951 1458 2051 1523 Ad
2095 1456 2255 1521 illud
2296 1456 2468 1539 quod
2513 1455 2812 1539 objicitur
2848 1456 3022 1538 quod
3057 1455 3322 1521 materia

1774 1563 1983 1647 prima
2008 1567 2102 1628 aet
2122 1566 2333 1628 creata
2365 1562 2437 1626 in
2460 1561 2833 1627 omnimoda
2854 1562 3270 1644 possibilitate
3295 1610 3314 1642 ,

1775 1669 2118 1736 dicendum
2187 1670 2362 1753 quod
2412 1669 2889 1753 possibilitatem
2940 1669 3320 1735 obedientiae

1776 1777 1942 1843 Deus
1994 1779 2064 1842 in
2121 1779 2303 1843 nulla
2350 1781 2642 1842 creatura
2688 1775 2963 1858 complet
2999 1776 3276 1842 totaliter
3298 1825 3317 1856 ,

1777 1886 1932 1970 quia
1959 1887 2084 1951 boc
2107 1891 2201 1951 est
2245 1886 2601 1951 secundum
2638 1883 3086 1949 omnimodum
3113 1883 3323 1966 impe-

1777 1994 1952 2059 rium
1977 1993 2330 2057 Creatoris:
2366 1992 2475 2057 sed
2501 1991 2775 2074 complet
2811 1990 3227 2072 capacitatem
3256 1994 3324 2054 et

1778 2100 2257 2185 possibilitatem
2275 2147 2293 2180 ‚
2322 2104 2395 2165 ut
2417 2098 2775 2181 disponitur
2796 2115 2911 2180 per
2933 2096 3088 2161 alias
3108 2096 3322 2180 dispo—

1779 2208 2038 2274 sitiones
2068 2230 2084 2274 :
2136 2212 2202 2274 et
2255 2209 2344 2273 sic
2392 2207 2558 2273 Deus
2615 2207 2889 2290 complet
2941 2206 3273 2270 materiam
3302 2254 3320 2285 ,

1779 2316 1933 2400 quia
1959 2318 2101 2400 ejus
2126 2316 2536 2398 capacitatem
2562 2314 2787 2379 debitis
2805 2313 3324 2395 dispositionibus

1778 2423 2098 2503 limitavit,
2131 2426 2194 2487 et
2214 2421 2355 2486 illas
2376 2423 2613 2486 formas
2639 2419 3051 2504 completivas
3077 2425 3141 2484 et
3168 2438 3322 2503 per-

1779 2533 2040 2598 fectivas
2077 2531 2408 2614 adjunxit,
2438 2530 2528 2594 ita
2552 2528 2723 2612 quod
2758 2527 2923 2593 nihil
2947 2526 3188 2592 dimisit
3216 2527 3328 2591 in·-

1780 2640 2188 2724 completum.
2218 2639 2375 2717 Quis
2399 2642 2615 2705 tamen
2638 2636 2871 2701 audeat
2903 2635 3134 2716 dicere,
3163 2632 3327 2718 quin

1780 2748 1948 2815 Deus
1972 2748 2251 2812 nobilius
2276 2747 2633 2830 disponere,
2678 2747 2743 2808 et
2762 2742 3180 2807 nobilioribus
3202 2743 3331 2807 for·

1780 2856 1905 2920 mis
1931 2855 2234 2938 perficere
2259 2855 2498 2936 posset,
2522 2849 2877 2915 secundum
2907 2866 3044 2913 suae
3067 2847 3326 2931 sapien-

1780 2963 1889 3028 tiae
1909 2965 1974 3028 et
1996 2959 2298 3044 potentiae
2318 2958 2742 3023 infinitatem?
2764 2955 3031 3036 Quando
3057 2973 3214 3037 ergo
3236 2955 3326 3020 di·

1783 3070 1952 3138 citur
1981 3089 1999 3134 t
2035 3090 2070 3132 α
2105 3067 2285 3134 Dedit
2307 3064 2660 3150 unicuique
2699 3066 3020 3148 quantum
3053 3067 3191 3129 erat
3216 3081 3327 3129 ca-

1783 3195 1913 3261 pax
1931 3223 1953 3258 ,
1996 3196 2031 3237 s
2079 3175 2205 3242 hoc
2250 3172 2631 3255 intelligitur
2667 3171 2750 3237 de
2798 3171 3141 3253 capacitate
3192 3188 3327 3235 non

1781 3289 1975 3370 prout
2035 3282 2186 3351 dicit
2251 3282 2677 3366 longinquam
2728 3278 3204 3363 possibilitatem
3262 3281 3329 3342 et

1783 3393 2211 3459 obedientiam
2247 3393 2539 3474 mpedu
2586 3387 2933 3467 Crantoris,
2975 3385 3085 3451 sed
3128 3391 3330 3470 prout

1785 3518 1936 3565 cum
1959 3500 2085 3564 hoc
2116 3498 2267 3564 dicit
2291 3495 2767 3580 dispositionem
2790 3497 2859 3559 et
2881 3493 3274 3575 exigentiam
3305 3520 3322 3562 ε

1785 3610 1849 3672 et
1868 3607 2036 3672 hanc
2058 3607 2470 3671 constansest
2484 3601 2691 3668 Deum
2715 3600 2999 3684 potuisse
3012 3604 3328 3685 maiorem

1865 3827 1929 3888 1.
1957 3821 2056 3888 Ad
2085 3817 2440 3901 illudquod
2463 3815 2765 3899 objicitur
2788 3816 2963 3899 quod
2988 3817 3057 3884 in
3084 3824 3327 3886 creatas-

1787 3936 1875 3999 ris
1902 3949 2156 3999 necesse
2197 3933 2293 3994 est
2330 3931 2531 4006 stare,
2573 3926 2916 3992 dicendum
2952 3930 3125 4011 quod
3163 3931 3330 3997 sieut

1786 4055 2102 4107 numerus
2138 4053 2390 4119 semper
2414 4033 2607 4098 habet
2640 4036 2880 4098 statum
2909 4032 2980 4098 in
3004 4040 3152 4102 actu
3176 4085 3195 4116 ,
3229 4041 3326 4102 ta-

1789 4166 1939 4213 men
1962 4161 2303 4228 nunquam
2320 4145 2424 4208 est
2448 4140 2601 4205 dare
2622 4143 2863 4204 statum
2884 4140 3188 4224 aliquem,
3217 4145 3329 4212 ul-

1787 4261 1890 4322 tra
1923 4271 2122 4338 quem
2154 4251 2375 4316 divina
2400 4247 2683 4330 potentia
2716 4265 2850 4311 non
2877 4248 3074 4330 possit
3117 4267 3184 4315 se
3209 4267 3328 4314 εχ..

1787 4362 2080 4439 tendere;
2105 4359 2198 4422 sic
2233 4353 2723 4436 intelligendum
2762 4358 2859 4418 est
2896 4354 2965 4417 in
2996 4356 3327 4438 mag-nitu-

1789 4469 1937 4537 dine
1968 4467 2155 4533 molis
2179 4468 2243 4530 et
2268 4461 2565 4531 bonitatis
2585 4509 2615 4540 ,
2631 4464 2696 4525 et
2726 4466 3327 4546 quantumcumque

1789 4580 1965 4646 sitin
1989 4579 2283 4641 creatura
2296 4574 2521 4649 statim,
2550 4570 2616 4631 et
2638 4585 2912 4650 semper,
2943 4570 3096 4651 quia
3119 4571 3323 4651 ssnita,

1789 4687 1952 4752 bene
1969 4684 2111 4766 agit
2135 4682 2302 4746 Deus
2326 4678 2682 4760 hucusque,
2712 4675 2804 4740 ita
2829 4676 3002 4758 quod
3031 4694 3163 4741 non
3189 4678 3326 4759 agit

1790 4792 2068 4877 amplius
2089 4812 2107 4869 ;
2131 4788 2241 4854 sed
2267 4785 2426 4870 quin
2453 4782 2649 4867 possit
2672 4782 2972 4865 amplius,
2989 4801 3326 4866 nunquam

1790 4902 2075 4980 estdare,
2096 4902 2171 4963 ut
2186 4896 2375 4961 credo
2398 4915 2413 4958 :
2445 4895 2508 4957 et
2530 4891 2676 4955 ideo
2701 4890 2757 4953 si
2773 4889 2978 4954 alium
3006 4891 3324 4955 mundum

1791 5008 2125 5076 meliorem
2149 5005 2276 5068 boc
2297 5001 2564 5073 iecisset,
2589 4996 2801 5061 adbuc
2814 4996 2938 5059 erit
2964 4995 3129 5061 ultra
3155 5014 3329 5079 quae-

1790 5134 1954 5195 rere,
1983 5129 2187 5197 quare
2215 5127 2345 5173 non
2372 5106 2516 5170 tecit
2532 5103 2883 5181 meliorem,
2914 5119 3062 5166 cum
3085 5106 3324 5186 possit:

1792 5223 1973 5289 etsie
1997 5213 2396 5305 procedendo
2421 5210 2717 5288 ulterius,
2739 5214 2804 5275 et
2825 5208 2917 5272 ita
2952 5208 3093 5273 talis
3116 5227 3332 5292 quaes-

1792 5335 1881 5398 tio
1932 5335 2027 5395 est
2063 5321 2445 5390 irrationalis
2486 5341 2506 5383 t
2552 5321 2617 5382 et
2662 5315 2896 5380 solutio
2956 5331 3089 5380 non
3131 5325 3337 5400 potest

1792 5441 1929 5509 dati
1963 5437 2088 5503 nisi
2112 5435 2288 5512 haec,
2314 5430 2469 5513 quia
2492 5426 2699 5494 voluit
2716 5473 2737 5505 ,
2767 5431 2832 5489 et
2855 5429 3168 5491 rationem
3200 5430 3336 5510 ipse
