<?xml version="1.0" encoding="UTF-8"?>
<!DOCTYPE html PUBLIC "-//W3C//DTD XHTML 1.0 Transitional//EN"
    "http://www.w3.org/TR/xhtml1/DTD/xhtml1-transitional.dtd">
<html xmlns="http://www.w3.org/1999/xhtml" xml:lang="en" lang="en">
 <head>
  <title>
</title>
<meta http-equiv="Content-Type" content="text/html;charset=utf-8" />
  <meta name='ocr-system' content='tesseract 3.04.00' />
  <meta name='ocr-capabilities' content='ocr_page ocr_carea ocr_par ocr_line ocrx_word'/>
</head>
<body>
  <div class='ocr_page' id='page_1' title='image "./srecardinalissb01peltgoog_0624.png"; bbox 0 0 4125 6225; ppageno 0'>
   <div class='ocr_carea' id='block_1_1' title="bbox 623 461 2180 1310">
    <p class='ocr_par' dir='ltr' id='par_1_1' title="bbox 623 461 2174 888">
     <span class='ocr_line' id='line_1_1' title="bbox 627 461 747 521; baseline -0.008 0"><span class='ocrx_word' id='word_1_1' title='bbox 627 461 747 521; x_wconf 73' lang='lat'><strong>552</strong></span> 
     </span>
     <span class='ocr_line' id='line_1_2' title="bbox 623 582 2172 674; baseline -0.007 -17"><span class='ocrx_word' id='word_1_2' title='bbox 623 596 735 657; x_wconf 87' lang='lat' dir='ltr'><strong>tur</strong></span> <span class='ocrx_word' id='word_1_3' title='bbox 759 589 933 674; x_wconf 90' lang='lat' dir='ltr'><strong>quod</strong></span> <span class='ocrx_word' id='word_1_4' title='bbox 957 587 1041 652; x_wconf 85' lang='lat' dir='ltr'><strong>sit</strong></span> <span class='ocrx_word' id='word_1_5' title='bbox 1075 586 1396 671; x_wconf 85' lang='lat' dir='ltr'><strong>permixta</strong></span> <span class='ocrx_word' id='word_1_6' title='bbox 1423 582 1821 669; x_wconf 58' lang='lat' dir='ltr'><strong>poffihilitati</strong></span> <span class='ocrx_word' id='word_1_7' title='bbox 1845 583 2172 648; x_wconf 75' lang='lat' dir='ltr'><strong>materiaez</strong></span> 
     </span>
     <span class='ocr_line' id='line_1_3' title="bbox 626 689 2174 775; baseline -0.005 -11"><span class='ocrx_word' id='word_1_8' title='bbox 626 701 871 764; x_wconf 87' lang='lat' dir='ltr'><strong>constat</strong></span> <span class='ocrx_word' id='word_1_9' title='bbox 895 698 1116 761; x_wconf 90' lang='lat' dir='ltr'><strong>autem</strong></span> <span class='ocrx_word' id='word_1_10' title='bbox 1141 692 1355 759; x_wconf 90' lang='lat' dir='ltr'><strong>Solem</strong></span> <span class='ocrx_word' id='word_1_11' title='bbox 1388 710 1527 757; x_wconf 85' lang='lat' dir='ltr'><strong>esse</strong></span> <span class='ocrx_word' id='word_1_12' title='bbox 1570 709 1847 775; x_wconf 85' lang='lat' dir='ltr'><strong>corpus:</strong></span> <span class='ocrx_word' id='word_1_13' title='bbox 1883 708 2043 773; x_wconf 88' lang='lat' dir='ltr'><strong>ergo</strong></span> <span class='ocrx_word' id='word_1_14' title='bbox 2069 689 2174 757; x_wconf 85' lang='lat' dir='ltr'><strong>vi·-</strong></span> 
     </span>
     <span class='ocr_line' id='line_1_4' title="bbox 630 800 1735 888; baseline -0.008 -16"><span class='ocrx_word' id='word_1_15' title='bbox 630 807 822 872; x_wconf 86' lang='lat' dir='ltr'><strong>detur</strong></span> <span class='ocrx_word' id='word_1_16' title='bbox 845 803 1020 888; x_wconf 89' lang='lat' dir='ltr'><strong>quod</strong></span> <span class='ocrx_word' id='word_1_17' title='bbox 1045 820 1211 886; x_wconf 87' lang='lat' dir='ltr'><strong>pura</strong></span> <span class='ocrx_word' id='word_1_18' title='bbox 1238 801 1355 866; x_wconf 84' lang='lat' dir='ltr'><strong>lux</strong></span> <span class='ocrx_word' id='word_1_19' title='bbox 1380 800 1462 866; x_wconf 89' lang='lat' dir='ltr'><strong>sit</strong></span> <span class='ocrx_word' id='word_1_20' title='bbox 1481 817 1735 883; x_wconf 88' lang='lat' dir='ltr'><strong>corpus.</strong></span> 
     </span>
    </p>

    <p class='ocr_par' dir='ltr' id='par_1_2' title="bbox 629 904 2180 1310">
     <span class='ocr_line' id='line_1_5' title="bbox 708 904 2180 978; baseline -0.005 -1"><span class='ocrx_word' id='word_1_21' title='bbox 708 917 771 978; x_wconf 83' lang='lat'><strong>6.</strong></span> <span class='ocrx_word' id='word_1_22' title='bbox 803 911 963 977; x_wconf 82' lang='lat' dir='ltr'><strong>Item</strong></span> <span class='ocrx_word' id='word_1_23' title='bbox 992 908 1159 974; x_wconf 87' lang='lat' dir='ltr'>nihil</span> <span class='ocrx_word' id='word_1_24' title='bbox 1175 909 1503 974; x_wconf 82' lang='lat' dir='ltr'><strong>‘movetur</strong></span> <span class='ocrx_word' id='word_1_25' title='bbox 1539 906 1821 971; x_wconf 76' lang='lat' dir='ltr'><strong>localiter</strong></span> <span class='ocrx_word' id='word_1_26' title='bbox 1853 907 2040 970; x_wconf 89' lang='lat' dir='ltr'><strong>motu</strong></span> <span class='ocrx_word' id='word_1_27' title='bbox 2079 904 2180 970; x_wconf 91' lang='lat' dir='ltr'><strong>di-</strong></span> 
     </span>
     <span class='ocr_line' id='line_1_6' title="bbox 629 1011 2180 1095; baseline -0.005 -10"><span class='ocrx_word' id='word_1_28' title='bbox 629 1019 915 1084; x_wconf 81' lang='lat' dir='ltr'><strong>mensivo</strong></span> <span class='ocrx_word' id='word_1_29' title='bbox 940 1020 1005 1081; x_wconf 90' lang='lat' dir='ltr'><strong>et</strong></span> <span class='ocrx_word' id='word_1_30' title='bbox 1034 1013 1417 1092; x_wconf 86' lang='lat' dir='ltr'><strong>successivo,</strong></span> <span class='ocrx_word' id='word_1_31' title='bbox 1448 1012 1574 1077; x_wconf 88' lang='lat' dir='ltr'><strong>nisi</strong></span> <span class='ocrx_word' id='word_1_32' title='bbox 1611 1030 1844 1095; x_wconf 88' lang='lat' dir='ltr'><strong>corpus</strong></span> <span class='ocrx_word' id='word_1_33' title='bbox 1875 1034 1890 1077; x_wconf 74' lang='grc' dir='ltr'><strong><em>ε</em></strong></span> <span class='ocrx_word' id='word_1_34' title='bbox 1926 1012 2036 1076; x_wconf 87' lang='lat' dir='ltr'><strong>sed</strong></span> <span class='ocrx_word' id='word_1_35' title='bbox 2060 1011 2180 1078; x_wconf 80' lang='lat' dir='ltr'><strong>lux</strong></span> 
     </span>
     <span class='ocr_line' id='line_1_7' title="bbox 629 1120 2179 1208; baseline -0.003 -17"><span class='ocrx_word' id='word_1_36' title='bbox 629 1126 739 1191; x_wconf 89' lang='lat' dir='ltr'><strong>illa</strong></span> <span class='ocrx_word' id='word_1_37' title='bbox 767 1142 915 1208; x_wconf 82' lang='lat' dir='ltr'><strong>quae</strong></span> <span class='ocrx_word' id='word_1_38' title='bbox 945 1122 1156 1207; x_wconf 89' lang='lat' dir='ltr'><strong>primo</strong></span> <span class='ocrx_word' id='word_1_39' title='bbox 1182 1123 1394 1186; x_wconf 88' lang='lat' dir='ltr'><strong>creata</strong></span> <span class='ocrx_word' id='word_1_40' title='bbox 1413 1120 1538 1185; x_wconf 82' lang='lat' dir='ltr'><strong>fuit</strong></span> <span class='ocrx_word' id='word_1_41' title='bbox 1559 1138 1679 1185; x_wconf 90' lang='lat' dir='ltr'><strong>suo</strong></span> <span class='ocrx_word' id='word_1_42' title='bbox 1709 1124 1894 1185; x_wconf 92' lang='lat' dir='ltr'><strong>motu</strong></span> <span class='ocrx_word' id='word_1_43' title='bbox 1914 1120 2179 1186; x_wconf 79' lang='lat' dir='ltr'><strong>faciebat</strong></span> 
     </span>
     <span class='ocr_line' id='line_1_8' title="bbox 631 1231 1858 1310; baseline -0.007 -12"><span class='ocrx_word' id='word_1_44' title='bbox 631 1233 805 1298; x_wconf 90' lang='lat' dir='ltr'><strong>diem</strong></span> <span class='ocrx_word' id='word_1_45' title='bbox 830 1235 895 1296; x_wconf 88' lang='lat' dir='ltr'><strong>et</strong></span> <span class='ocrx_word' id='word_1_46' title='bbox 921 1232 1174 1295; x_wconf 89' lang='lat' dir='ltr'><strong>noctem</strong></span> <span class='ocrx_word' id='word_1_47' title='bbox 1207 1250 1223 1291; x_wconf 71' lang='grc' dir='ltr'><strong>ε</strong></span> <span class='ocrx_word' id='word_1_48' title='bbox 1256 1244 1416 1309; x_wconf 88' lang='lat' dir='ltr'><strong>ergo</strong></span> <span class='ocrx_word' id='word_1_49' title='bbox 1441 1231 1579 1291; x_wconf 87' lang='lat' dir='ltr'><strong>erat</strong></span> <span class='ocrx_word' id='word_1_50' title='bbox 1603 1245 1858 1310; x_wconf 89' lang='lat' dir='ltr'><strong>corpus.</strong></span> 
     </span>
    </p>
   </div>
   <div class='ocr_carea' id='block_1_2' title="bbox 392 1325 2182 1421">
    <p class='ocr_par' dir='ltr' id='par_1_3' title="bbox 392 1325 2182 1421">
     <span class='ocr_line' id='line_1_9' title="bbox 392 1325 2182 1421; baseline -0.003 -17"><span class='ocrx_word' id='word_1_51' title='bbox 392 1325 605 1372; x_wconf 61' lang='lat' dir='ltr'><strong>mm·</strong></span> <span class='ocrx_word' id='word_1_52' title='bbox 711 1339 813 1404; x_wconf 90' lang='lat' dir='ltr'><strong>Ad</strong></span> <span class='ocrx_word' id='word_1_53' title='bbox 857 1336 1224 1421; x_wconf 89' lang='lat' dir='ltr'><strong>oppositum</strong></span> <span class='ocrx_word' id='word_1_54' title='bbox 1267 1334 1695 1412; x_wconf 88' lang='lat' dir='ltr'><strong>Damascenus</strong></span> <span class='ocrx_word' id='word_1_55' title='bbox 1720 1334 1740 1370; x_wconf 88' lang='lat'>¹</span> <span class='ocrx_word' id='word_1_56' title='bbox 1791 1356 1807 1398; x_wconf 70' lang='grc' dir='ltr'>ε</span> <span class='ocrx_word' id='word_1_57' title='bbox 1863 1358 1894 1396; x_wconf 77' lang='grc' dir='ltr'><strong>α</strong></span> <span class='ocrx_word' id='word_1_58' title='bbox 1931 1332 2182 1399; x_wconf 85' lang='lat' dir='ltr'><strong>Lumen</strong></span> 
     </span>
    </p>
   </div>
   <div class='ocr_carea' id='block_1_3' title="bbox 544 1436 2197 3680">
    <p class='ocr_par' dir='ltr' id='par_1_4' title="bbox 631 1436 2185 1744">
     <span class='ocr_line' id='line_1_10' title="bbox 631 1436 2183 1529; baseline -0.003 -17"><span class='ocrx_word' id='word_1_59' title='bbox 631 1451 728 1513; x_wconf 87' lang='lat' dir='ltr'><strong>est</strong></span> <span class='ocrx_word' id='word_1_60' title='bbox 766 1443 1037 1529; x_wconf 79' lang='lat' dir='ltr'><strong>qualitas</strong></span> <span class='ocrx_word' id='word_1_61' title='bbox 1088 1436 1402 1509; x_wconf 81' lang='lat' dir='ltr'><strong>naturalis</strong></span> <span class='ocrx_word' id='word_1_62' title='bbox 1462 1441 1664 1525; x_wconf 85' lang='lat' dir='ltr'><strong>ipsius</strong></span> <span class='ocrx_word' id='word_1_63' title='bbox 1713 1441 1908 1524; x_wconf 88' lang='lat' dir='ltr'><strong>ignis.</strong></span> <span class='ocrx_word' id='word_1_64' title='bbox 1964 1462 1996 1501; x_wconf 68' lang='lat' dir='ltr'>a</span> <span class='ocrx_word' id='word_1_65' title='bbox 2057 1440 2183 1506; x_wconf 87' lang='lat' dir='ltr'><strong>Sed</strong></span> 
     </span>
     <span class='ocr_line' id='line_1_11' title="bbox 632 1547 2185 1635; baseline -0.003 -16"><span class='ocrx_word' id='word_1_66' title='bbox 632 1553 815 1619; x_wconf 90' lang='lat' dir='ltr'><strong>nulla</strong></span> <span class='ocrx_word' id='word_1_67' title='bbox 838 1550 1112 1635; x_wconf 74' lang='lat' dir='ltr'><strong>qualitas</strong></span> <span class='ocrx_word' id='word_1_68' title='bbox 1135 1552 1232 1614; x_wconf 86' lang='lat' dir='ltr'><strong>est</strong></span> <span class='ocrx_word' id='word_1_69' title='bbox 1265 1565 1537 1631; x_wconf 87' lang='lat' dir='ltr'><strong>corpus:</strong></span> <span class='ocrx_word' id='word_1_70' title='bbox 1568 1566 1728 1630; x_wconf 91' lang='lat' dir='ltr'><strong>ergo</strong></span> <span class='ocrx_word' id='word_1_71' title='bbox 1769 1547 1887 1614; x_wconf 90' lang='lat' dir='ltr'><strong>lux</strong></span> <span class='ocrx_word' id='word_1_72' title='bbox 1924 1566 2059 1615; x_wconf 93' lang='lat' dir='ltr'><strong>non</strong></span> <span class='ocrx_word' id='word_1_73' title='bbox 2090 1552 2185 1614; x_wconf 89' lang='lat' dir='ltr'><strong>est</strong></span> 
     </span>
     <span class='ocr_line' id='line_1_12' title="bbox 634 1654 1663 1744; baseline -0.008 -17"><span class='ocrx_word' id='word_1_74' title='bbox 634 1676 889 1744; x_wconf 87' lang='lat' dir='ltr'><strong>corpus,</strong></span> <span class='ocrx_word' id='word_1_75' title='bbox 919 1657 1031 1724; x_wconf 89' lang='lat' dir='ltr'><strong>sed</strong></span> <span class='ocrx_word' id='word_1_76' title='bbox 1057 1656 1330 1740; x_wconf 77' lang='lat' dir='ltr'><strong>qualitas</strong></span> <span class='ocrx_word' id='word_1_77' title='bbox 1359 1654 1663 1739; x_wconf 87' lang='lat' dir='ltr'><strong>corporis.</strong></span> 
     </span>
    </p>

    <p class='ocr_par' dir='ltr' id='par_1_5' title="bbox 634 1763 2189 2599">
     <span class='ocr_line' id='line_1_13' title="bbox 716 1763 2186 1848; baseline -0.003 -14"><span class='ocrx_word' id='word_1_78' title='bbox 716 1768 876 1834; x_wconf 86' lang='lat' dir='ltr'><strong>Item</strong></span> <span class='ocrx_word' id='word_1_79' title='bbox 919 1766 1072 1832; x_wconf 88' lang='lat' dir='ltr'><strong>dicit</strong></span> <span class='ocrx_word' id='word_1_80' title='bbox 1119 1763 1544 1848; x_wconf 79' lang='lat' dir='ltr'><strong>Philosophus</strong></span> <span class='ocrx_word' id='word_1_81' title='bbox 1563 1766 1589 1801; x_wconf 79' lang='lat'>²</span> <span class='ocrx_word' id='word_1_82' title='bbox 1632 1764 1803 1847; x_wconf 91' lang='lat' dir='ltr'><strong>quod</strong></span> <span class='ocrx_word' id='word_1_83' title='bbox 1837 1764 2045 1830; x_wconf 83' lang='lat' dir='ltr'><strong>forma</strong></span> <span class='ocrx_word' id='word_1_84' title='bbox 2092 1769 2186 1830; x_wconf 90' lang='lat' dir='ltr'><strong>est</strong></span> 
     </span>
     <span class='ocr_line' id='line_1_14' title="bbox 634 1870 2186 1960; baseline -0.002 -20"><span class='ocrx_word' id='word_1_85' title='bbox 634 1875 1025 1960; x_wconf 86' lang='lat' dir='ltr'><strong>principium</strong></span> <span class='ocrx_word' id='word_1_86' title='bbox 1084 1870 1316 1955; x_wconf 88' lang='lat' dir='ltr'><strong>agendi</strong></span> <span class='ocrx_word' id='word_1_87' title='bbox 1368 1888 1387 1933; x_wconf 71' lang='grc' dir='ltr'><strong><em>ε</em></strong></span> <span class='ocrx_word' id='word_1_88' title='bbox 1425 1888 1584 1953; x_wconf 91' lang='lat' dir='ltr'><strong>ergo</strong></span> <span class='ocrx_word' id='word_1_89' title='bbox 1624 1871 1787 1936; x_wconf 89' lang='lat' dir='ltr'><strong>illud</strong></span> <span class='ocrx_word' id='word_1_90' title='bbox 1836 1872 2007 1955; x_wconf 89' lang='lat' dir='ltr'><strong>quod</strong></span> <span class='ocrx_word' id='word_1_91' title='bbox 2051 1890 2186 1937; x_wconf 90' lang='lat' dir='ltr'><strong>ma-</strong></span> 
     </span>
     <span class='ocr_line' id='line_1_15' title="bbox 639 1977 2187 2063; baseline -0.003 -15"><span class='ocrx_word' id='word_1_92' title='bbox 639 1983 817 2049; x_wconf 89' lang='lat' dir='ltr'><strong>xime</strong></span> <span class='ocrx_word' id='word_1_93' title='bbox 845 1984 942 2046; x_wconf 85' lang='lat' dir='ltr'><strong>est</strong></span> <span class='ocrx_word' id='word_1_94' title='bbox 983 1977 1375 2063; x_wconf 90' lang='lat' dir='ltr'><strong>principium</strong></span> <span class='ocrx_word' id='word_1_95' title='bbox 1411 1977 1645 2059; x_wconf 90' lang='lat' dir='ltr'><strong>agendi</strong></span> <span class='ocrx_word' id='word_1_96' title='bbox 1661 2026 1681 2059; x_wconf 92' lang='lat'><strong>,</strong></span> <span class='ocrx_word' id='word_1_97' title='bbox 1709 1978 1868 2044; x_wconf 84' lang='lat' dir='ltr'><strong>illud</strong></span> <span class='ocrx_word' id='word_1_98' title='bbox 1904 1980 2187 2045; x_wconf 86' lang='lat' dir='ltr'><strong>maxime</strong></span> 
     </span>
     <span class='ocr_line' id='line_1_16' title="bbox 636 2085 2189 2170; baseline -0.001 -15"><span class='ocrx_word' id='word_1_99' title='bbox 636 2094 732 2156; x_wconf 87' lang='lat' dir='ltr'><strong>est</strong></span> <span class='ocrx_word' id='word_1_100' title='bbox 746 2090 953 2154; x_wconf 81' lang='lat' dir='ltr'><strong>forma</strong></span> <span class='ocrx_word' id='word_1_101' title='bbox 981 2110 997 2153; x_wconf 88' lang='lat'>:</span> <span class='ocrx_word' id='word_1_102' title='bbox 1025 2088 1135 2152; x_wconf 87' lang='lat' dir='ltr'><strong>sed</strong></span> <span class='ocrx_word' id='word_1_103' title='bbox 1150 2086 1270 2150; x_wconf 89' lang='lat' dir='ltr'><strong>lux</strong></span> <span class='ocrx_word' id='word_1_104' title='bbox 1285 2085 1452 2150; x_wconf 88' lang='lat' dir='ltr'><strong>inter</strong></span> <span class='ocrx_word' id='word_1_105' title='bbox 1472 2088 1701 2150; x_wconf 72' lang='lat' dir='ltr'><strong>caetera</strong></span> <span class='ocrx_word' id='word_1_106' title='bbox 1722 2087 2076 2170; x_wconf 89' lang='lat' dir='ltr'><strong>corporalia</strong></span> <span class='ocrx_word' id='word_1_107' title='bbox 2092 2095 2189 2155; x_wconf 88' lang='lat' dir='ltr'><strong>est</strong></span> 
     </span>
     <span class='ocr_line' id='line_1_17' title="bbox 638 2191 2188 2280; baseline -0.001 -19"><span class='ocrx_word' id='word_1_108' title='bbox 638 2196 921 2261; x_wconf 86' lang='lat' dir='ltr'><strong>maxime</strong></span> <span class='ocrx_word' id='word_1_109' title='bbox 959 2193 1210 2259; x_wconf 85' lang='lat' dir='ltr'><strong>activa:</strong></span> <span class='ocrx_word' id='word_1_110' title='bbox 1244 2208 1402 2272; x_wconf 89' lang='lat' dir='ltr'><strong>ergo</strong></span> <span class='ocrx_word' id='word_1_111' title='bbox 1438 2191 1696 2257; x_wconf 84' lang='lat' dir='ltr'><strong>videtur</strong></span> <span class='ocrx_word' id='word_1_112' title='bbox 1720 2193 1894 2276; x_wconf 90' lang='lat' dir='ltr'><strong>quod</strong></span> <span class='ocrx_word' id='word_1_113' title='bbox 1920 2194 2001 2259; x_wconf 87' lang='lat' dir='ltr'><strong>sit</strong></span> <span class='ocrx_word' id='word_1_114' title='bbox 2026 2213 2188 2280; x_wconf 82' lang='lat' dir='ltr'><strong>pure</strong></span> 
     </span>
     <span class='ocr_line' id='line_1_18' title="bbox 637 2298 2183 2383; baseline -0.002 -14"><span class='ocrx_word' id='word_1_115' title='bbox 637 2304 848 2369; x_wconf 81' lang='lat' dir='ltr'><strong>forma</strong></span> <span class='ocrx_word' id='word_1_116' title='bbox 877 2320 896 2366; x_wconf 73' lang='grc' dir='ltr'>ε</span> <span class='ocrx_word' id='word_1_117' title='bbox 928 2299 1040 2366; x_wconf 88' lang='lat' dir='ltr'><strong>sed</strong></span> <span class='ocrx_word' id='word_1_118' title='bbox 1078 2298 1339 2364; x_wconf 90' lang='lat' dir='ltr'><strong>nullum</strong></span> <span class='ocrx_word' id='word_1_119' title='bbox 1376 2316 1608 2382; x_wconf 89' lang='lat' dir='ltr'><strong>corpus</strong></span> <span class='ocrx_word' id='word_1_120' title='bbox 1642 2302 1740 2364; x_wconf 86' lang='lat' dir='ltr'><strong>est</strong></span> <span class='ocrx_word' id='word_1_121' title='bbox 1772 2317 1930 2382; x_wconf 90' lang='lat' dir='ltr'><strong>pure</strong></span> <span class='ocrx_word' id='word_1_122' title='bbox 1955 2302 2183 2383; x_wconf 83' lang='lat' dir='ltr'><strong>forma,</strong></span> 
     </span>
     <span class='ocr_line' id='line_1_19' title="bbox 645 2404 2189 2491; baseline -0.001 -16"><span class='ocrx_word' id='word_1_123' title='bbox 645 2421 797 2477; x_wconf 90' lang='lat' dir='ltr'><strong>cum</strong></span> <span class='ocrx_word' id='word_1_124' title='bbox 815 2425 1008 2478; x_wconf 89' lang='lat' dir='ltr'><strong>omne</strong></span> <span class='ocrx_word' id='word_1_125' title='bbox 1035 2424 1269 2491; x_wconf 90' lang='lat' dir='ltr'><strong>corpus</strong></span> <span class='ocrx_word' id='word_1_126' title='bbox 1290 2404 1374 2471; x_wconf 85' lang='lat' dir='ltr'><strong>sit</strong></span> <span class='ocrx_word' id='word_1_127' title='bbox 1389 2406 1813 2490; x_wconf 85' lang='lat' dir='ltr'><strong>compositum</strong></span> <span class='ocrx_word' id='word_1_128' title='bbox 1840 2428 1857 2472; x_wconf 75' lang='lat' dir='ltr'><strong><em>z</em></strong></span> <span class='ocrx_word' id='word_1_129' title='bbox 1887 2423 2045 2490; x_wconf 86' lang='lat' dir='ltr'><strong>ergo</strong></span> <span class='ocrx_word' id='word_1_130' title='bbox 2070 2407 2189 2474; x_wconf 90' lang='lat' dir='ltr'><strong>lux</strong></span> 
     </span>
     <span class='ocr_line' id='line_1_20' title="bbox 640 2520 1176 2599; baseline -0.011 -14"><span class='ocrx_word' id='word_1_131' title='bbox 640 2535 775 2585; x_wconf 91' lang='lat' dir='ltr'><strong>non</strong></span> <span class='ocrx_word' id='word_1_132' title='bbox 802 2520 898 2582; x_wconf 89' lang='lat' dir='ltr'><strong>est</strong></span> <span class='ocrx_word' id='word_1_133' title='bbox 921 2532 1176 2599; x_wconf 89' lang='lat' dir='ltr'><strong>corpus.</strong></span> 
     </span>
    </p>

    <p class='ocr_par' dir='ltr' id='par_1_6' title="bbox 544 2621 2193 3246">
     <span class='ocr_line' id='line_1_21' title="bbox 724 2621 2193 2706; baseline 0.001 -16"><span class='ocrx_word' id='word_1_134' title='bbox 724 2624 883 2690; x_wconf 86' lang='lat' dir='ltr'><strong>Item</strong></span> <span class='ocrx_word' id='word_1_135' title='bbox 909 2640 1026 2706; x_wconf 88' lang='lat' dir='ltr'><strong>per</strong></span> <span class='ocrx_word' id='word_1_136' title='bbox 1049 2622 1516 2706; x_wconf 68' lang='lat' dir='ltr'><strong>Augustulum,</strong></span> <span class='ocrx_word' id='word_1_137' title='bbox 1545 2638 1735 2706; x_wconf 75' lang='lat' dir='ltr'><strong>super</strong></span> <span class='ocrx_word' id='word_1_138' title='bbox 1777 2623 2068 2690; x_wconf 76' lang='lat' dir='ltr'><strong>Genesim</strong></span> <span class='ocrx_word' id='word_1_139' title='bbox 2102 2621 2193 2691; x_wconf 84' lang='lat' dir='ltr'><strong>ad</strong></span> 
     </span>
     <span class='ocr_line' id='line_1_22' title="bbox 644 2729 2191 2801; baseline -0.005 1"><span class='ocrx_word' id='word_1_140' title='bbox 644 2735 921 2801; x_wconf 77' lang='lat' dir='ltr'><strong>litteram</strong></span> <span class='ocrx_word' id='word_1_141' title='bbox 947 2732 1021 2797; x_wconf 82' lang='lat'><strong>⁸:</strong></span> <span class='ocrx_word' id='word_1_142' title='bbox 1056 2753 1087 2792; x_wconf 75' lang='grc' dir='ltr'><strong>α</strong></span> <span class='ocrx_word' id='word_1_143' title='bbox 1114 2729 1256 2796; x_wconf 85' lang='lat' dir='ltr'><strong>Lux</strong></span> <span class='ocrx_word' id='word_1_144' title='bbox 1283 2734 1379 2796; x_wconf 88' lang='lat' dir='ltr'><strong>est</strong></span> <span class='ocrx_word' id='word_1_145' title='bbox 1417 2731 1902 2796; x_wconf 86' lang='lat' dir='ltr'><strong>subtilissimum</strong></span> <span class='ocrx_word' id='word_1_146' title='bbox 1930 2731 2002 2794; x_wconf 93' lang='lat' dir='ltr'><strong>in</strong></span> <span class='ocrx_word' id='word_1_147' title='bbox 2042 2749 2191 2797; x_wconf 89' lang='lat' dir='ltr'><strong>cor-</strong></span> 
     </span>
     <span class='ocr_line' id='line_1_23' title="bbox 544 2829 2192 2926; baseline -0.001 -21"><span class='ocrx_word' id='word_1_148' title='bbox 544 2829 552 2848; x_wconf 85' lang='lat'><em>&#39;</em></span> <span class='ocrx_word' id='word_1_149' title='bbox 644 2858 822 2926; x_wconf 83' lang='lat' dir='ltr'><strong>pore,</strong></span> <span class='ocrx_word' id='word_1_150' title='bbox 849 2842 913 2904; x_wconf 90' lang='lat' dir='ltr'><strong>et</strong></span> <span class='ocrx_word' id='word_1_151' title='bbox 937 2839 1021 2903; x_wconf 93' lang='lat' dir='ltr'><strong>ob</strong></span> <span class='ocrx_word' id='word_1_152' title='bbox 1056 2838 1179 2903; x_wconf 91' lang='lat' dir='ltr'><strong>hoc</strong></span> <span class='ocrx_word' id='word_1_153' title='bbox 1211 2840 1449 2903; x_wconf 83' lang='lat' dir='ltr'><strong>animae</strong></span> <span class='ocrx_word' id='word_1_154' title='bbox 1482 2838 1969 2906; x_wconf 84' lang='lat' dir='ltr'><strong>vicinissimum.</strong></span> <span class='ocrx_word' id='word_1_155' title='bbox 1999 2860 2031 2899; x_wconf 81' lang='lat'><strong>1&gt;</strong></span> <span class='ocrx_word' id='word_1_156' title='bbox 2069 2838 2192 2904; x_wconf 85' lang='lat' dir='ltr'><strong>Sed</strong></span> 
     </span>
     <span class='ocr_line' id='line_1_24' title="bbox 646 2945 2190 3031; baseline -0.001 -19"><span class='ocrx_word' id='word_1_157' title='bbox 646 2947 819 3031; x_wconf 91' lang='lat' dir='ltr'><strong>quod</strong></span> <span class='ocrx_word' id='word_1_158' title='bbox 842 2949 939 3011; x_wconf 87' lang='lat' dir='ltr'><strong>est</strong></span> <span class='ocrx_word' id='word_1_159' title='bbox 961 2945 1431 3012; x_wconf 86' lang='lat' dir='ltr'><strong>vicinissimum</strong></span> <span class='ocrx_word' id='word_1_160' title='bbox 1471 2946 1888 3012; x_wconf 73' lang='lat' dir='ltr'><strong>nobilissimae</strong></span> <span class='ocrx_word' id='word_1_161' title='bbox 1938 2946 2190 3025; x_wconf 77' lang='lat' dir='ltr'><strong>formae,</strong></span> 
     </span>
     <span class='ocr_line' id='line_1_25' title="bbox 645 3051 2188 3137; baseline 0.001 -17"><span class='ocrx_word' id='word_1_162' title='bbox 645 3053 804 3120; x_wconf 87' lang='lat' dir='ltr'><strong>illud</strong></span> <span class='ocrx_word' id='word_1_163' title='bbox 850 3052 1130 3118; x_wconf 87' lang='lat' dir='ltr'><strong>maxime</strong></span> <span class='ocrx_word' id='word_1_164' title='bbox 1176 3051 1510 3137; x_wconf 87' lang='lat' dir='ltr'><strong>participat</strong></span> <span class='ocrx_word' id='word_1_165' title='bbox 1556 3052 1873 3120; x_wconf 86' lang='lat' dir='ltr'><strong>rationem</strong></span> <span class='ocrx_word' id='word_1_166' title='bbox 1910 3055 2137 3121; x_wconf 81' lang='lat' dir='ltr'><strong>sormae</strong></span> <span class='ocrx_word' id='word_1_167' title='bbox 2168 3074 2188 3121; x_wconf 70' lang='grc' dir='ltr'>ι</span> 
     </span>
     <span class='ocr_line' id='line_1_26' title="bbox 646 3161 2189 3246; baseline 0 -18"><span class='ocrx_word' id='word_1_168' title='bbox 646 3179 805 3246; x_wconf 88' lang='lat' dir='ltr'><strong>ergo</strong></span> <span class='ocrx_word' id='word_1_169' title='bbox 833 3162 1092 3229; x_wconf 85' lang='lat' dir='ltr'><strong>videtur</strong></span> <span class='ocrx_word' id='word_1_170' title='bbox 1113 3161 1289 3245; x_wconf 89' lang='lat' dir='ltr'><strong>quod</strong></span> <span class='ocrx_word' id='word_1_171' title='bbox 1331 3161 1472 3245; x_wconf 89' lang='lat' dir='ltr'><strong>ipsa</strong></span> <span class='ocrx_word' id='word_1_172' title='bbox 1499 3161 1617 3226; x_wconf 89' lang='lat' dir='ltr'><strong>lux</strong></span> <span class='ocrx_word' id='word_1_173' title='bbox 1650 3161 1734 3225; x_wconf 89' lang='lat' dir='ltr'><strong>sit</strong></span> <span class='ocrx_word' id='word_1_174' title='bbox 1772 3178 1935 3245; x_wconf 88' lang='lat' dir='ltr'><strong>pure</strong></span> <span class='ocrx_word' id='word_1_175' title='bbox 1959 3163 2189 3228; x_wconf 80' lang='lat' dir='ltr'><strong>forma.</strong></span> 
     </span>
    </p>

    <p class='ocr_par' dir='ltr' id='par_1_7' title="bbox 646 3269 2197 3680">
     <span class='ocr_line' id='line_1_27' title="bbox 728 3269 2195 3355; baseline -0.001 -19"><span class='ocrx_word' id='word_1_176' title='bbox 728 3271 888 3336; x_wconf 87' lang='lat' dir='ltr'><strong>Item</strong></span> <span class='ocrx_word' id='word_1_177' title='bbox 915 3270 1077 3336; x_wconf 88' lang='lat' dir='ltr'><strong>nulli</strong></span> <span class='ocrx_word' id='word_1_178' title='bbox 1101 3270 1354 3354; x_wconf 90' lang='lat' dir='ltr'><strong>corpori</strong></span> <span class='ocrx_word' id='word_1_179' title='bbox 1390 3269 1739 3355; x_wconf 88' lang='lat' dir='ltr'><strong>opponitur</strong></span> <span class='ocrx_word' id='word_1_180' title='bbox 1775 3269 2018 3353; x_wconf 89' lang='lat' dir='ltr'><strong>aliquid</strong></span> <span class='ocrx_word' id='word_1_181' title='bbox 2057 3270 2195 3353; x_wconf 91' lang='lat' dir='ltr'><strong>pri—</strong></span> 
     </span>
     <span class='ocr_line' id='line_1_28' title="bbox 646 3360 2191 3462; baseline -0.001 -17"><span class='ocrx_word' id='word_1_182' title='bbox 646 3378 862 3445; x_wconf 83' lang='lat' dir='ltr'><strong>vative</strong></span> <span class='ocrx_word' id='word_1_183' title='bbox 886 3379 1245 3443; x_wconf 87' lang='lat' dir='ltr'><strong>secundum</strong></span> <span class='ocrx_word' id='word_1_184' title='bbox 1273 3379 1447 3462; x_wconf 90' lang='lat' dir='ltr'><strong>quod</strong></span> <span class='ocrx_word' id='word_1_185' title='bbox 1461 3360 1707 3462; x_wconf 65' lang='lat' dir='ltr'><strong>&#39;corpus</strong></span> <span class='ocrx_word' id='word_1_186' title='bbox 1723 3381 1818 3444; x_wconf 89' lang='lat' dir='ltr'><strong>est</strong></span> <span class='ocrx_word' id='word_1_187' title='bbox 1851 3400 1866 3443; x_wconf 73' lang='grc' dir='ltr'>ε</span> <span class='ocrx_word' id='word_1_188' title='bbox 1899 3378 2011 3444; x_wconf 87' lang='lat' dir='ltr'><strong>sed</strong></span> <span class='ocrx_word' id='word_1_189' title='bbox 2036 3378 2191 3458; x_wconf 87' lang='lat' dir='ltr'><strong>luci,</strong></span> 
     </span>
     <span class='ocr_line' id='line_1_29' title="bbox 647 3485 2197 3569; baseline -0.001 -17"><span class='ocrx_word' id='word_1_190' title='bbox 647 3486 1007 3552; x_wconf 86' lang='lat' dir='ltr'><strong>secundum</strong></span> <span class='ocrx_word' id='word_1_191' title='bbox 1045 3485 1215 3569; x_wconf 89' lang='lat' dir='ltr'><strong>quod</strong></span> <span class='ocrx_word' id='word_1_192' title='bbox 1256 3486 1374 3550; x_wconf 90' lang='lat' dir='ltr'><strong>lux</strong></span> <span class='ocrx_word' id='word_1_193' title='bbox 1403 3489 1520 3563; x_wconf 88' lang='lat' dir='ltr'><strong>est,</strong></span> <span class='ocrx_word' id='word_1_194' title='bbox 1559 3485 1904 3569; x_wconf 82' lang='lat' dir='ltr'><strong>opponitur</strong></span> <span class='ocrx_word' id='word_1_195' title='bbox 1934 3485 2197 3551; x_wconf 85' lang='lat' dir='ltr'><strong>tenebra</strong></span> 
     </span>
     <span class='ocr_line' id='line_1_30' title="bbox 648 3592 1895 3680; baseline -0.002 -22"><span class='ocrx_word' id='word_1_196' title='bbox 648 3594 963 3680; x_wconf 83' lang='lat' dir='ltr'><strong>privative</strong></span> <span class='ocrx_word' id='word_1_197' title='bbox 994 3615 1010 3657; x_wconf 73' lang='grc' dir='ltr'><strong>ε</strong></span> <span class='ocrx_word' id='word_1_198' title='bbox 1039 3611 1199 3676; x_wconf 85' lang='lat' dir='ltr'><strong>ergo</strong></span> <span class='ocrx_word' id='word_1_199' title='bbox 1223 3592 1341 3658; x_wconf 85' lang='lat' dir='ltr'><strong>lux</strong></span> <span class='ocrx_word' id='word_1_200' title='bbox 1363 3611 1497 3657; x_wconf 92' lang='lat' dir='ltr'><strong>non</strong></span> <span class='ocrx_word' id='word_1_201' title='bbox 1522 3596 1617 3658; x_wconf 85' lang='lat' dir='ltr'><strong>est</strong></span> <span class='ocrx_word' id='word_1_202' title='bbox 1645 3610 1895 3676; x_wconf 87' lang='lat' dir='ltr'><strong>corpus.</strong></span> 
     </span>
    </p>
   </div>
   <div class='ocr_carea' id='block_1_4' title="bbox 1198 3853 1649 3921">
    <p class='ocr_par' dir='ltr' id='par_1_8' title="bbox 1198 3853 1649 3921">
     <span class='ocr_line' id='line_1_31' title="bbox 1198 3853 1649 3921; baseline -0.002 -2"><span class='ocrx_word' id='word_1_203' title='bbox 1198 3853 1649 3921; x_wconf 86' lang='lat' dir='ltr'><strong>CONCLUSIO.</strong></span> 
     </span>
    </p>
   </div>
   <div class='ocr_carea' id='block_1_5' title="bbox 653 4008 2200 4259">
    <p class='ocr_par' dir='ltr' id='par_1_9' title="bbox 653 4008 2200 4259">
     <span class='ocr_line' id='line_1_32' title="bbox 653 4008 2200 4083; baseline -0.001 -15"><span class='ocrx_word' id='word_1_204' title='bbox 653 4011 773 4068; x_wconf 69' lang='lat' dir='ltr'><strong>Lux</strong></span> <span class='ocrx_word' id='word_1_205' title='bbox 792 4008 1075 4065; x_wconf 76' lang='lat' dir='ltr'><strong>secundam</strong></span> <span class='ocrx_word' id='word_1_206' title='bbox 1109 4008 1528 4067; x_wconf 79' lang='lat' dir='ltr'><strong>abstractionem</strong></span> <span class='ocrx_word' id='word_1_207' title='bbox 1564 4012 1822 4082; x_wconf 84' lang='lat' dir='ltr'><strong>concepta</strong></span> <span class='ocrx_word' id='word_1_208' title='bbox 1861 4024 2050 4083; x_wconf 63' lang='lat' dir='ltr'><strong>comus</strong></span> <span class='ocrx_word' id='word_1_209' title='bbox 2089 4025 2200 4066; x_wconf 81' lang='lat' dir='ltr'><strong>non</strong></span> 
     </span>
     <span class='ocr_line' id='line_1_33' title="bbox 729 4096 2199 4170; baseline -0.001 -15"><span class='ocrx_word' id='word_1_210' title='bbox 729 4101 829 4165; x_wconf 80' lang='lat' dir='ltr'><strong>est,</strong></span> <span class='ocrx_word' id='word_1_211' title='bbox 885 4096 978 4154; x_wconf 77' lang='lat' dir='ltr'><strong>sed</strong></span> <span class='ocrx_word' id='word_1_212' title='bbox 1022 4099 1256 4170; x_wconf 70' lang='lat' dir='ltr'><strong>simplex</strong></span> <span class='ocrx_word' id='word_1_213' title='bbox 1307 4100 1521 4167; x_wconf 80' lang='lat' dir='ltr'><strong>torma;</strong></span> <span class='ocrx_word' id='word_1_214' title='bbox 1577 4100 1642 4154; x_wconf 80' lang='lat' dir='ltr'><strong>in</strong></span> <span class='ocrx_word' id='word_1_215' title='bbox 1688 4100 2018 4156; x_wconf 77' lang='lat' dir='ltr'><strong>concretione</strong></span> <span class='ocrx_word' id='word_1_216' title='bbox 2077 4113 2199 4157; x_wconf 79' lang='lat' dir='ltr'><strong>vero</strong></span> 
     </span>
     <span class='ocr_line' id='line_1_34' title="bbox 731 4187 1559 4259; baseline -0.002 -17"><span class='ocrx_word' id='word_1_217' title='bbox 731 4190 981 4259; x_wconf 83' lang='lat' dir='ltr'><strong>accepta,</strong></span> <span class='ocrx_word' id='word_1_218' title='bbox 1010 4201 1199 4258; x_wconf 80' lang='lat' dir='ltr'><strong>corpus</strong></span> <span class='ocrx_word' id='word_1_219' title='bbox 1227 4187 1342 4243; x_wconf 75' lang='lat' dir='ltr'><strong>dici</strong></span> <span class='ocrx_word' id='word_1_220' title='bbox 1362 4190 1559 4259; x_wconf 83' lang='lat' dir='ltr'><strong>potest.</strong></span> 
     </span>
    </p>
   </div>
   <div class='ocr_carea' id='block_1_6' title="bbox 662 4345 2207 4535">
    <p class='ocr_par' dir='ltr' id='par_1_10' title="bbox 662 4345 2207 4535">
     <span class='ocr_line' id='line_1_35' title="bbox 741 4345 2205 4431; baseline 0.002 -20"><span class='ocrx_word' id='word_1_221' title='bbox 741 4345 928 4429; x_wconf 86' lang='lat' dir='ltr'><strong>Resp.</strong></span> <span class='ocrx_word' id='word_1_222' title='bbox 978 4345 1060 4411; x_wconf 89' lang='lat' dir='ltr'><strong>ad</strong></span> <span class='ocrx_word' id='word_1_223' title='bbox 1101 4346 1260 4428; x_wconf 85' lang='lat' dir='ltr'><strong>Arg.</strong></span> <span class='ocrx_word' id='word_1_224' title='bbox 1320 4346 1670 4412; x_wconf 85' lang='lat' dir='ltr'><strong>Dicendum</strong></span> <span class='ocrx_word' id='word_1_225' title='bbox 1721 4346 1893 4431; x_wconf 90' lang='lat' dir='ltr'><strong>quod</strong></span> <span class='ocrx_word' id='word_1_226' title='bbox 1942 4347 2205 4430; x_wconf 88' lang='lat' dir='ltr'><strong>quidam</strong></span> 
     </span>
     <span class='ocr_line' id='line_1_36' title="bbox 662 4452 2207 4535; baseline 0.003 -18"><span class='ocrx_word' id='word_1_227' title='bbox 662 4472 795 4519; x_wconf 90' lang='lat' dir='ltr'><strong>non</strong></span> <span class='ocrx_word' id='word_1_228' title='bbox 822 4452 1213 4519; x_wconf 89' lang='lat' dir='ltr'><strong>attendentes</strong></span> <span class='ocrx_word' id='word_1_229' title='bbox 1230 4503 1246 4535; x_wconf 93' lang='lat'><strong>,</strong></span> <span class='ocrx_word' id='word_1_230' title='bbox 1287 4473 1406 4520; x_wconf 91' lang='lat' dir='ltr'><strong>nec</strong></span> <span class='ocrx_word' id='word_1_231' title='bbox 1441 4454 1711 4521; x_wconf 87' lang='lat' dir='ltr'><strong>interius</strong></span> <span class='ocrx_word' id='word_1_232' title='bbox 1740 4455 2207 4522; x_wconf 71' lang='lat' dir='ltr'><strong>considerantes</strong></span> 
     </span>
    </p>
   </div>
   <div class='ocr_carea' id='block_1_7' title="bbox 1748 413 2702 514">
    <p class='ocr_par' dir='ltr' id='par_1_11' title="bbox 1748 413 2702 514">
     <span class='ocr_line' id='line_1_37' title="bbox 1748 413 2702 514; baseline -0.003 1"><span class='ocrx_word' id='word_1_233' title='bbox 1748 443 2394 514; x_wconf 57' lang='lat' dir='ltr'><strong>samsmlanuu</strong></span> <span class='ocrx_word' id='word_1_234' title='bbox 2432 441 2582 509; x_wconf 76' lang='lat' dir='ltr'><strong>ms.</strong></span> <span class='ocrx_word' id='word_1_235' title='bbox 2615 413 2702 512; x_wconf 66' lang='lat'><strong>11.</strong></span> 
     </span>
    </p>
   </div>
   <div class='ocr_carea' id='block_1_8' title="bbox 2287 578 3837 2171">
    <p class='ocr_par' dir='ltr' id='par_1_12' title="bbox 2287 578 3837 2171">
     <span class='ocr_line' id='line_1_38' title="bbox 2288 578 3825 665; baseline -0.003 -17"><span class='ocrx_word' id='word_1_236' title='bbox 2288 581 2591 661; x_wconf 86' lang='lat' dir='ltr'><strong>existens,</strong></span> <span class='ocrx_word' id='word_1_237' title='bbox 2619 580 2757 647; x_wconf 87' lang='lat' dir='ltr'><strong>sive</strong></span> <span class='ocrx_word' id='word_1_238' title='bbox 2780 581 3147 665; x_wconf 88' lang='lat' dir='ltr'><strong>corporalis,</strong></span> <span class='ocrx_word' id='word_1_239' title='bbox 3165 582 3301 648; x_wconf 85' lang='lat' dir='ltr'><strong>sive</strong></span> <span class='ocrx_word' id='word_1_240' title='bbox 3330 578 3702 664; x_wconf 84' lang='lat' dir='ltr'><strong>spiritualis,</strong></span> <span class='ocrx_word' id='word_1_241' title='bbox 3732 582 3825 644; x_wconf 63' lang='lat' dir='ltr'><strong>est</strong></span> 
     </span>
     <span class='ocr_line' id='line_1_39' title="bbox 2287 674 3827 772; baseline 0 -18"><span class='ocrx_word' id='word_1_242' title='bbox 2287 706 2448 772; x_wconf 87' lang='lat' dir='ltr'><strong>pure</strong></span> <span class='ocrx_word' id='word_1_243' title='bbox 2475 687 2681 753; x_wconf 83' lang='lat' dir='ltr'><strong>forma</strong></span> <span class='ocrx_word' id='word_1_244' title='bbox 2697 735 2716 766; x_wconf 83' lang='lat'><strong>‚</strong></span> <span class='ocrx_word' id='word_1_245' title='bbox 2745 687 2872 752; x_wconf 90' lang='lat' dir='ltr'><strong>nisi</strong></span> <span class='ocrx_word' id='word_1_246' title='bbox 2911 688 3084 753; x_wconf 88' lang='lat' dir='ltr'><strong>solus</strong></span> <span class='ocrx_word' id='word_1_247' title='bbox 3123 687 3328 767; x_wconf 87' lang='lat' dir='ltr'><strong>Deus;</strong></span> <span class='ocrx_word' id='word_1_248' title='bbox 3371 674 3521 752; x_wconf 80' lang='lat' dir='ltr'><strong>satis</strong></span> <span class='ocrx_word' id='word_1_249' title='bbox 3559 686 3827 771; x_wconf 87' lang='lat' dir='ltr'><strong>planum</strong></span> 
     </span>
     <span class='ocr_line' id='line_1_40' title="bbox 2287 794 3825 880; baseline -0.002 -19"><span class='ocrx_word' id='word_1_250' title='bbox 2287 801 2384 861; x_wconf 88' lang='lat' dir='ltr'><strong>est</strong></span> <span class='ocrx_word' id='word_1_251' title='bbox 2436 794 2609 880; x_wconf 87' lang='lat' dir='ltr'><strong>quod</strong></span> <span class='ocrx_word' id='word_1_252' title='bbox 2658 794 2910 860; x_wconf 87' lang='lat' dir='ltr'><strong>nullum</strong></span> <span class='ocrx_word' id='word_1_253' title='bbox 2956 813 3186 878; x_wconf 86' lang='lat' dir='ltr'><strong>corpus</strong></span> <span class='ocrx_word' id='word_1_254' title='bbox 3236 797 3439 878; x_wconf 79' lang='lat' dir='ltr'><strong>potest</strong></span> <span class='ocrx_word' id='word_1_255' title='bbox 3486 812 3619 859; x_wconf 87' lang='lat' dir='ltr'><strong>esse</strong></span> <span class='ocrx_word' id='word_1_256' title='bbox 3668 811 3825 877; x_wconf 82' lang='lat' dir='ltr'><strong>pure</strong></span> 
     </span>
     <span class='ocr_line' id='line_1_41' title="bbox 2288 902 3825 984; baseline -0.003 -16"><span class='ocrx_word' id='word_1_257' title='bbox 2288 904 2495 969; x_wconf 83' lang='lat' dir='ltr'><strong>forma</strong></span> <span class='ocrx_word' id='word_1_258' title='bbox 2524 926 2540 968; x_wconf 75' lang='grc' dir='ltr'>ε</span> <span class='ocrx_word' id='word_1_259' title='bbox 2574 922 2724 969; x_wconf 89' lang='lat' dir='ltr'><strong>cum</strong></span> <span class='ocrx_word' id='word_1_260' title='bbox 2746 903 2923 968; x_wconf 89' lang='lat' dir='ltr'><strong>enim</strong></span> <span class='ocrx_word' id='word_1_261' title='bbox 2943 902 3199 967; x_wconf 89' lang='lat' dir='ltr'><strong>nullum</strong></span> <span class='ocrx_word' id='word_1_262' title='bbox 3226 915 3458 984; x_wconf 85' lang='lat' dir='ltr'><strong>corpus</strong></span> <span class='ocrx_word' id='word_1_263' title='bbox 3483 903 3693 965; x_wconf 88' lang='lat' dir='ltr'><strong>careat</strong></span> <span class='ocrx_word' id='word_1_264' title='bbox 3717 919 3825 965; x_wconf 87' lang='lat' dir='ltr'><strong>ex-</strong></span> 
     </span>
     <span class='ocr_line' id='line_1_42' title="bbox 2287 1009 3826 1091; baseline -0.003 -14"><span class='ocrx_word' id='word_1_265' title='bbox 2287 1013 2575 1077; x_wconf 86' lang='lat' dir='ltr'><strong>tensione</strong></span> <span class='ocrx_word' id='word_1_266' title='bbox 2592 1059 2610 1089; x_wconf 86' lang='lat'><strong>,</strong></span> <span class='ocrx_word' id='word_1_267' title='bbox 2638 1015 2702 1076; x_wconf 93' lang='lat' dir='ltr'><strong>et</strong></span> <span class='ocrx_word' id='word_1_268' title='bbox 2733 1011 2944 1076; x_wconf 86' lang='lat' dir='ltr'><strong>omnis</strong></span> <span class='ocrx_word' id='word_1_269' title='bbox 2969 1010 3257 1075; x_wconf 86' lang='lat' dir='ltr'><strong>extensio</strong></span> <span class='ocrx_word' id='word_1_270' title='bbox 3293 1009 3596 1075; x_wconf 83' lang='lat' dir='ltr'><strong>fundetur</strong></span> <span class='ocrx_word' id='word_1_271' title='bbox 3637 1027 3826 1091; x_wconf 88' lang='lat' dir='ltr'><strong>super</strong></span> 
     </span>
     <span class='ocr_line' id='line_1_43' title="bbox 2289 1118 3832 1202; baseline -0.001 -19"><span class='ocrx_word' id='word_1_272' title='bbox 2289 1120 2624 1185; x_wconf 86' lang='lat' dir='ltr'><strong>materiam</strong></span> <span class='ocrx_word' id='word_1_273' title='bbox 2649 1118 3064 1202; x_wconf 87' lang='lat' dir='ltr'><strong>corporalem,</strong></span> <span class='ocrx_word' id='word_1_274' title='bbox 3092 1118 3347 1184; x_wconf 90' lang='lat' dir='ltr'><strong>nullum</strong></span> <span class='ocrx_word' id='word_1_275' title='bbox 3373 1135 3604 1201; x_wconf 90' lang='lat' dir='ltr'><strong>corpus</strong></span> <span class='ocrx_word' id='word_1_276' title='bbox 3629 1120 3832 1200; x_wconf 86' lang='lat' dir='ltr'><strong>potest</strong></span> 
     </span>
     <span class='ocr_line' id='line_1_44' title="bbox 2290 1224 3830 1308; baseline -0.004 -14"><span class='ocrx_word' id='word_1_277' title='bbox 2290 1246 2428 1294; x_wconf 86' lang='lat' dir='ltr'><strong>esse</strong></span> <span class='ocrx_word' id='word_1_278' title='bbox 2450 1228 2589 1293; x_wconf 88' lang='lat' dir='ltr'><strong>sine</strong></span> <span class='ocrx_word' id='word_1_279' title='bbox 2616 1226 2901 1292; x_wconf 88' lang='lat' dir='ltr'><strong>materia.</strong></span> <span class='ocrx_word' id='word_1_280' title='bbox 2931 1224 3012 1290; x_wconf 90' lang='lat' dir='ltr'><strong>Et</strong></span> <span class='ocrx_word' id='word_1_281' title='bbox 3050 1226 3284 1292; x_wconf 87' lang='lat' dir='ltr'><strong>iterum</strong></span> <span class='ocrx_word' id='word_1_282' title='bbox 3308 1226 3563 1290; x_wconf 86' lang='lat' dir='ltr'><strong>nullum</strong></span> <span class='ocrx_word' id='word_1_283' title='bbox 3601 1242 3830 1308; x_wconf 87' lang='lat' dir='ltr'><strong>corpus</strong></span> 
     </span>
     <span class='ocr_line' id='line_1_45' title="bbox 2289 1331 3830 1419; baseline -0.003 -19"><span class='ocrx_word' id='word_1_284' title='bbox 2289 1338 2493 1419; x_wconf 85' lang='lat' dir='ltr'><strong>potest</strong></span> <span class='ocrx_word' id='word_1_285' title='bbox 2516 1352 2653 1399; x_wconf 87' lang='lat' dir='ltr'><strong>esse</strong></span> <span class='ocrx_word' id='word_1_286' title='bbox 2685 1351 2851 1417; x_wconf 91' lang='lat' dir='ltr'><strong>pure</strong></span> <span class='ocrx_word' id='word_1_287' title='bbox 2868 1333 3076 1399; x_wconf 82' lang='lat' dir='ltr'><strong>forma</strong></span> <span class='ocrx_word' id='word_1_288' title='bbox 3104 1353 3122 1398; x_wconf 70' lang='grc' dir='ltr'>ε</span> <span class='ocrx_word' id='word_1_289' title='bbox 3154 1335 3209 1398; x_wconf 89' lang='lat' dir='ltr'><strong>si</strong></span> <span class='ocrx_word' id='word_1_290' title='bbox 3237 1350 3396 1416; x_wconf 90' lang='lat' dir='ltr'><strong>ergo</strong></span> <span class='ocrx_word' id='word_1_291' title='bbox 3425 1333 3544 1396; x_wconf 86' lang='lat' dir='ltr'><strong>lux</strong></span> <span class='ocrx_word' id='word_1_292' title='bbox 3557 1331 3830 1396; x_wconf 83' lang='lat' dir='ltr'><strong>formam</strong></span> 
     </span>
     <span class='ocr_line' id='line_1_46' title="bbox 2291 1440 3833 1527; baseline -0.002 -19"><span class='ocrx_word' id='word_1_293' title='bbox 2291 1443 2465 1523; x_wconf 89' lang='lat' dir='ltr'><strong>dicit,</strong></span> <span class='ocrx_word' id='word_1_294' title='bbox 2495 1461 2629 1508; x_wconf 91' lang='lat' dir='ltr'><strong>non</strong></span> <span class='ocrx_word' id='word_1_295' title='bbox 2652 1445 2859 1527; x_wconf 85' lang='lat' dir='ltr'><strong>potest</strong></span> <span class='ocrx_word' id='word_1_296' title='bbox 2883 1460 3021 1508; x_wconf 90' lang='lat' dir='ltr'><strong>esse</strong></span> <span class='ocrx_word' id='word_1_297' title='bbox 3041 1442 3162 1507; x_wconf 89' lang='lat' dir='ltr'><strong>lux</strong></span> <span class='ocrx_word' id='word_1_298' title='bbox 3185 1442 3401 1525; x_wconf 86' lang='lat' dir='ltr'><strong>ipsum</strong></span> <span class='ocrx_word' id='word_1_299' title='bbox 3428 1458 3663 1523; x_wconf 90' lang='lat' dir='ltr'><strong>corpus</strong></span> <span class='ocrx_word' id='word_1_300' title='bbox 3681 1488 3699 1519; x_wconf 91' lang='lat'><strong>,</strong></span> <span class='ocrx_word' id='word_1_301' title='bbox 3725 1440 3833 1505; x_wconf 87' lang='lat' dir='ltr'><strong>sed</strong></span> 
     </span>
     <span class='ocr_line' id='line_1_47' title="bbox 2290 1548 3829 1635; baseline -0.003 -19"><span class='ocrx_word' id='word_1_302' title='bbox 2290 1551 2529 1634; x_wconf 89' lang='lat' dir='ltr'><strong>aliquid</strong></span> <span class='ocrx_word' id='word_1_303' title='bbox 2562 1550 2843 1635; x_wconf 91' lang='lat' dir='ltr'><strong>corporis</strong></span> <span class='ocrx_word' id='word_1_304' title='bbox 2873 1574 2887 1615; x_wconf 90' lang='lat'>:</span> <span class='ocrx_word' id='word_1_305' title='bbox 2934 1551 2989 1615; x_wconf 88' lang='lat' dir='ltr'><strong>si</strong></span> <span class='ocrx_word' id='word_1_306' title='bbox 3027 1550 3204 1615; x_wconf 89' lang='lat' dir='ltr'><strong>enim</strong></span> <span class='ocrx_word' id='word_1_307' title='bbox 3247 1550 3368 1614; x_wconf 86' lang='lat' dir='ltr'><strong>lux</strong></span> <span class='ocrx_word' id='word_1_308' title='bbox 3410 1553 3573 1613; x_wconf 86' lang='lat' dir='ltr'><strong>esset</strong></span> <span class='ocrx_word' id='word_1_309' title='bbox 3616 1548 3829 1631; x_wconf 89' lang='lat' dir='ltr'><strong>ipsum</strong></span> 
     </span>
     <span class='ocr_line' id='line_1_48' title="bbox 2291 1656 3835 1741; baseline -0.002 -17"><span class='ocrx_word' id='word_1_310' title='bbox 2291 1676 2545 1741; x_wconf 88' lang='lat' dir='ltr'><strong>corpus,</strong></span> <span class='ocrx_word' id='word_1_311' title='bbox 2575 1676 2726 1724; x_wconf 90' lang='lat' dir='ltr'><strong>cum</strong></span> <span class='ocrx_word' id='word_1_312' title='bbox 2753 1657 2913 1724; x_wconf 91' lang='lat' dir='ltr'><strong>lucis</strong></span> <span class='ocrx_word' id='word_1_313' title='bbox 2930 1659 3011 1723; x_wconf 87' lang='lat' dir='ltr'><strong>sit</strong></span> <span class='ocrx_word' id='word_1_314' title='bbox 3035 1677 3117 1723; x_wconf 90' lang='lat' dir='ltr'><strong>ex</strong></span> <span class='ocrx_word' id='word_1_315' title='bbox 3143 1658 3351 1741; x_wconf 91' lang='lat' dir='ltr'><strong>seipsa</strong></span> <span class='ocrx_word' id='word_1_316' title='bbox 3368 1656 3647 1740; x_wconf 87' lang='lat' dir='ltr'><strong>seipsam</strong></span> <span class='ocrx_word' id='word_1_317' title='bbox 3673 1657 3835 1721; x_wconf 90' lang='lat' dir='ltr'><strong>mul-</strong></span> 
     </span>
     <span class='ocr_line' id='line_1_49' title="bbox 2291 1765 3837 1851; baseline -0.002 -20"><span class='ocrx_word' id='word_1_318' title='bbox 2291 1766 2600 1850; x_wconf 87' lang='lat' dir='ltr'><strong>tiplicare,</strong></span> <span class='ocrx_word' id='word_1_319' title='bbox 2621 1767 2881 1851; x_wconf 89' lang='lat' dir='ltr'><strong>aliquod</strong></span> <span class='ocrx_word' id='word_1_320' title='bbox 2895 1785 3124 1850; x_wconf 90' lang='lat' dir='ltr'><strong>corpus</strong></span> <span class='ocrx_word' id='word_1_321' title='bbox 3139 1770 3354 1850; x_wconf 84' lang='lat' dir='ltr'><strong>posset</strong></span> <span class='ocrx_word' id='word_1_322' title='bbox 3369 1766 3661 1848; x_wconf 85' lang='lat' dir='ltr'><strong>seipsum</strong></span> <span class='ocrx_word' id='word_1_323' title='bbox 3678 1765 3837 1829; x_wconf 84' lang='lat' dir='ltr'><strong>mul-</strong></span> 
     </span>
     <span class='ocr_line' id='line_1_50' title="bbox 2293 1873 3837 1957; baseline -0.001 -20"><span class='ocrx_word' id='word_1_324' title='bbox 2293 1874 2575 1957; x_wconf 86' lang='lat' dir='ltr'><strong>tiplicare</strong></span> <span class='ocrx_word' id='word_1_325' title='bbox 2627 1892 2709 1939; x_wconf 87' lang='lat' dir='ltr'><strong>ex</strong></span> <span class='ocrx_word' id='word_1_326' title='bbox 2758 1892 2827 1939; x_wconf 92' lang='lat' dir='ltr'><strong>se</strong></span> <span class='ocrx_word' id='word_1_327' title='bbox 2892 1874 3034 1939; x_wconf 89' lang='lat' dir='ltr'><strong>sine</strong></span> <span class='ocrx_word' id='word_1_328' title='bbox 3096 1873 3485 1957; x_wconf 85' lang='lat' dir='ltr'><strong>appositione</strong></span> <span class='ocrx_word' id='word_1_329' title='bbox 3552 1873 3837 1937; x_wconf 68' lang='lat' dir='ltr'><strong>materiae</strong></span> 
     </span>
     <span class='ocr_line' id='line_1_51' title="bbox 2294 1977 3837 2065; baseline -0.002 -19"><span class='ocrx_word' id='word_1_330' title='bbox 2294 1982 2554 2047; x_wconf 87' lang='lat' dir='ltr'><strong>aliunde</strong></span> <span class='ocrx_word' id='word_1_331' title='bbox 2588 2004 2604 2046; x_wconf 93' lang='lat'><strong>:</strong></span> <span class='ocrx_word' id='word_1_332' title='bbox 2652 1982 2826 2065; x_wconf 92' lang='lat' dir='ltr'><strong>quod</strong></span> <span class='ocrx_word' id='word_1_333' title='bbox 2858 1984 2954 2046; x_wconf 88' lang='lat' dir='ltr'><strong>est</strong></span> <span class='ocrx_word' id='word_1_334' title='bbox 2989 1979 3379 2063; x_wconf 86' lang='lat' dir='ltr'><strong>impossibile</strong></span> <span class='ocrx_word' id='word_1_335' title='bbox 3421 1977 3615 2045; x_wconf 88' lang='lat' dir='ltr'><strong>alicui</strong></span> <span class='ocrx_word' id='word_1_336' title='bbox 3659 1998 3837 2044; x_wconf 89' lang='lat' dir='ltr'><strong>crea-</strong></span> 
     </span>
     <span class='ocr_line' id='line_1_52' title="bbox 2293 2087 3837 2171; baseline -0.001 -17"><span class='ocrx_word' id='word_1_337' title='bbox 2293 2091 2484 2168; x_wconf 72' lang='lat' dir='ltr'><strong>mae,</strong></span> <span class='ocrx_word' id='word_1_338' title='bbox 2505 2107 2656 2153; x_wconf 90' lang='lat' dir='ltr'><strong>cum</strong></span> <span class='ocrx_word' id='word_1_339' title='bbox 2673 2088 2940 2154; x_wconf 87' lang='lat' dir='ltr'><strong>materia</strong></span> <span class='ocrx_word' id='word_1_340' title='bbox 2959 2106 3095 2153; x_wconf 90' lang='lat' dir='ltr'><strong>non</strong></span> <span class='ocrx_word' id='word_1_341' title='bbox 3114 2087 3345 2152; x_wconf 88' lang='lat' dir='ltr'><strong>habeat</strong></span> <span class='ocrx_word' id='word_1_342' title='bbox 3371 2087 3555 2152; x_wconf 90' lang='lat' dir='ltr'><strong>educi</strong></span> <span class='ocrx_word' id='word_1_343' title='bbox 3578 2088 3710 2151; x_wconf 85' lang='lat' dir='ltr'><strong>nisi</strong></span> <span class='ocrx_word' id='word_1_344' title='bbox 3729 2107 3837 2171; x_wconf 88' lang='lat' dir='ltr'><strong>per</strong></span> 
     </span>
    </p>
   </div>
   <div class='ocr_carea' id='block_1_9' title="bbox 2296 2194 4027 2280">
    <p class='ocr_par' dir='ltr' id='par_1_13' title="bbox 2296 2194 4027 2280">
     <span class='ocr_line' id='line_1_53' title="bbox 2296 2194 4027 2280; baseline -0.001 -21"><span class='ocrx_word' id='word_1_345' title='bbox 2296 2195 2701 2261; x_wconf 88' lang='lat' dir='ltr'><strong>creationem.</strong></span> <span class='ocrx_word' id='word_1_346' title='bbox 2733 2195 2811 2261; x_wconf 88' lang='lat' dir='ltr'><strong>Et</strong></span> <span class='ocrx_word' id='word_1_347' title='bbox 2845 2195 2990 2261; x_wconf 90' lang='lat' dir='ltr'><strong>ideo</strong></span> <span class='ocrx_word' id='word_1_348' title='bbox 3034 2195 3218 2261; x_wconf 84' lang='lat' dir='ltr'><strong>aliter</strong></span> <span class='ocrx_word' id='word_1_349' title='bbox 3256 2194 3625 2277; x_wconf 88' lang='lat' dir='ltr'><strong>dicendum,</strong></span> <span class='ocrx_word' id='word_1_350' title='bbox 3669 2197 3837 2280; x_wconf 91' lang='lat' dir='ltr'><strong>quod</strong></span> <span class='ocrx_word' id='word_1_351' title='bbox 3860 2201 4027 2258; x_wconf 61' lang='grc' dir='ltr'>θωπε-</span> 
     </span>
    </p>
   </div>
   <div class='ocr_carea' id='block_1_10' title="bbox 2296 2302 3855 4537">
    <p class='ocr_par' dir='ltr' id='par_1_14' title="bbox 2296 2302 3855 4537">
     <span class='ocr_line' id='line_1_54' title="bbox 2296 2302 3833 2387; baseline 0.002 -21"><span class='ocrx_word' id='word_1_352' title='bbox 2296 2302 2462 2368; x_wconf 88' lang='lat' dir='ltr'><strong>sicut</strong></span> <span class='ocrx_word' id='word_1_353' title='bbox 2488 2302 2723 2368; x_wconf 90' lang='lat' dir='ltr'><strong>humor</strong></span> <span class='ocrx_word' id='word_1_354' title='bbox 2752 2306 2815 2367; x_wconf 90' lang='lat' dir='ltr'><strong>et</strong></span> <span class='ocrx_word' id='word_1_355' title='bbox 2832 2302 3005 2383; x_wconf 76' lang='lat' dir='ltr'><strong>calor</strong></span> <span class='ocrx_word' id='word_1_356' title='bbox 3023 2302 3357 2387; x_wconf 81' lang='lat' dir='ltr'><strong>dupliciter</strong></span> <span class='ocrx_word' id='word_1_357' title='bbox 3380 2303 3789 2386; x_wconf 83' lang='lat' dir='ltr'><strong>accipiuntur</strong></span> <span class='ocrx_word' id='word_1_358' title='bbox 3818 2326 3833 2369; x_wconf 73' lang='grc' dir='ltr'>ε</span> 
     </span>
     <span class='ocr_line' id='line_1_55' title="bbox 2296 2410 3840 2495; baseline 0 -19"><span class='ocrx_word' id='word_1_359' title='bbox 2296 2411 2639 2495; x_wconf 86' lang='lat' dir='ltr'><strong>aliquando</strong></span> <span class='ocrx_word' id='word_1_360' title='bbox 2692 2410 2868 2475; x_wconf 87' lang='lat' dir='ltr'><strong>enim</strong></span> <span class='ocrx_word' id='word_1_361' title='bbox 2917 2411 3139 2475; x_wconf 91' lang='lat' dir='ltr'><strong>dicunt</strong></span> <span class='ocrx_word' id='word_1_362' title='bbox 3196 2411 3613 2494; x_wconf 62' lang='lat' dir='ltr'><strong>proprietates</strong></span> <span class='ocrx_word' id='word_1_363' title='bbox 3639 2460 3658 2491; x_wconf 91' lang='lat'><strong>,</strong></span> <span class='ocrx_word' id='word_1_364' title='bbox 3710 2412 3840 2476; x_wconf 86' lang='lat' dir='ltr'><strong>sive</strong></span> 
     </span>
     <span class='ocr_line' id='line_1_56' title="bbox 2298 2517 3842 2602; baseline -0.001 -18"><span class='ocrx_word' id='word_1_365' title='bbox 2298 2519 2635 2602; x_wconf 86' lang='lat' dir='ltr'><strong>qualitates</strong></span> <span class='ocrx_word' id='word_1_366' title='bbox 2654 2566 2674 2598; x_wconf 95' lang='lat'><strong>,</strong></span> <span class='ocrx_word' id='word_1_367' title='bbox 2713 2536 3035 2601; x_wconf 73' lang='lat' dir='ltr'><strong>corporeae</strong></span> <span class='ocrx_word' id='word_1_368' title='bbox 3081 2517 3450 2582; x_wconf 67' lang='lat' dir='ltr'><strong>substantiae</strong></span> <span class='ocrx_word' id='word_1_369' title='bbox 3473 2566 3492 2597; x_wconf 89' lang='lat'><strong>,</strong></span> <span class='ocrx_word' id='word_1_370' title='bbox 3530 2518 3700 2582; x_wconf 87' lang='lat' dir='ltr'><strong>sicut</strong></span> <span class='ocrx_word' id='word_1_371' title='bbox 3746 2518 3842 2583; x_wconf 90' lang='lat' dir='ltr'><strong>di-</strong></span> 
     </span>
     <span class='ocr_line' id='line_1_57' title="bbox 2298 2624 3843 2708; baseline -0.001 -18"><span class='ocrx_word' id='word_1_372' title='bbox 2298 2630 2533 2691; x_wconf 84' lang='lat' dir='ltr'><strong>cuntur</strong></span> <span class='ocrx_word' id='word_1_373' title='bbox 2577 2625 2816 2690; x_wconf 91' lang='lat' dir='ltr'><strong>humor</strong></span> <span class='ocrx_word' id='word_1_374' title='bbox 2857 2643 2995 2690; x_wconf 64' lang='lat' dir='ltr'><strong>esse</strong></span> <span class='ocrx_word' id='word_1_375' title='bbox 3030 2643 3218 2707; x_wconf 83' lang='lat' dir='ltr'><strong>aquae</strong></span> <span class='ocrx_word' id='word_1_376' title='bbox 3241 2673 3259 2704; x_wconf 90' lang='lat'><strong>,</strong></span> <span class='ocrx_word' id='word_1_377' title='bbox 3305 2627 3370 2689; x_wconf 90' lang='lat' dir='ltr'><strong>et</strong></span> <span class='ocrx_word' id='word_1_378' title='bbox 3418 2624 3588 2689; x_wconf 91' lang='lat' dir='ltr'><strong>calor</strong></span> <span class='ocrx_word' id='word_1_379' title='bbox 3647 2625 3843 2708; x_wconf 88' lang='lat' dir='ltr'><strong>ipsius</strong></span> 
     </span>
     <span class='ocr_line' id='line_1_58' title="bbox 2297 2731 3842 2816; baseline 0 -19"><span class='ocrx_word' id='word_1_380' title='bbox 2297 2734 2471 2815; x_wconf 87' lang='lat' dir='ltr'><strong>ignis</strong></span> <span class='ocrx_word' id='word_1_381' title='bbox 2495 2753 2512 2813; x_wconf 92' lang='lat'>;</span> <span class='ocrx_word' id='word_1_382' title='bbox 2539 2733 2881 2816; x_wconf 87' lang='lat' dir='ltr'><strong>aliquando</strong></span> <span class='ocrx_word' id='word_1_383' title='bbox 2922 2732 3259 2797; x_wconf 86' lang='lat' dir='ltr'><strong>nominant</strong></span> <span class='ocrx_word' id='word_1_384' title='bbox 3295 2731 3501 2815; x_wconf 92' lang='lat' dir='ltr'><strong>ipsam</strong></span> <span class='ocrx_word' id='word_1_385' title='bbox 3546 2733 3842 2797; x_wconf 87' lang='lat' dir='ltr'><strong>substan·</strong></span> 
     </span>
     <span class='ocr_line' id='line_1_59' title="bbox 2299 2841 3843 2924; baseline -0.002 -16"><span class='ocrx_word' id='word_1_386' title='bbox 2299 2844 2455 2908; x_wconf 84' lang='lat' dir='ltr'><strong>tiam</strong></span> <span class='ocrx_word' id='word_1_387' title='bbox 2476 2843 2598 2908; x_wconf 83' lang='lat' dir='ltr'><strong>sub</strong></span> <span class='ocrx_word' id='word_1_388' title='bbox 2624 2843 2737 2907; x_wconf 84' lang='lat' dir='ltr'><strong>tali</strong></span> <span class='ocrx_word' id='word_1_389' title='bbox 2771 2844 2980 2907; x_wconf 83' lang='lat' dir='ltr'><strong>forma</strong></span> <span class='ocrx_word' id='word_1_390' title='bbox 2995 2889 3011 2919; x_wconf 89' lang='lat'><strong>,</strong></span> <span class='ocrx_word' id='word_1_391' title='bbox 3053 2841 3217 2905; x_wconf 87' lang='lat' dir='ltr'><strong>sicut</strong></span> <span class='ocrx_word' id='word_1_392' title='bbox 3259 2841 3413 2905; x_wconf 88' lang='lat' dir='ltr'><strong>dicit</strong></span> <span class='ocrx_word' id='word_1_393' title='bbox 3439 2841 3843 2924; x_wconf 85' lang='lat' dir='ltr'><strong>Augustinus</strong></span> 
     </span>
     <span class='ocr_line' id='line_1_60' title="bbox 2301 2947 3842 3034; baseline -0.003 -19"><span class='ocrx_word' id='word_1_394' title='bbox 2301 2950 2475 3034; x_wconf 91' lang='lat' dir='ltr'><strong>quod</strong></span> <span class='ocrx_word' id='word_1_395' title='bbox 2495 2951 2732 3015; x_wconf 90' lang='lat' dir='ltr'><strong>humor</strong></span> <span class='ocrx_word' id='word_1_396' title='bbox 2753 2953 2817 3014; x_wconf 89' lang='lat' dir='ltr'><strong>et</strong></span> <span class='ocrx_word' id='word_1_397' title='bbox 2835 2947 3081 3013; x_wconf 88' lang='lat' dir='ltr'><strong>humus</strong></span> <span class='ocrx_word' id='word_1_398' title='bbox 3096 2951 3248 3012; x_wconf 91' lang='lat' dir='ltr'><strong>sunt</strong></span> <span class='ocrx_word' id='word_1_399' title='bbox 3271 2947 3609 3027; x_wconf 85' lang='lat' dir='ltr'><strong>elementa,</strong></span> <span class='ocrx_word' id='word_1_400' title='bbox 3635 2954 3699 3014; x_wconf 88' lang='lat' dir='ltr'><strong>et</strong></span> <span class='ocrx_word' id='word_1_401' title='bbox 3713 2948 3842 3033; x_wconf 87' lang='lat' dir='ltr'><strong>phi·</strong></span> 
     </span>
     <span class='ocr_line' id='line_1_61' title="bbox 2299 3055 3842 3142; baseline 0 -20"><span class='ocrx_word' id='word_1_402' title='bbox 2299 3057 2550 3142; x_wconf 89' lang='lat' dir='ltr'><strong>Iosophi</strong></span> <span class='ocrx_word' id='word_1_403' title='bbox 2567 3057 2792 3123; x_wconf 90' lang='lat' dir='ltr'><strong>dicunt</strong></span> <span class='ocrx_word' id='word_1_404' title='bbox 2804 3057 2976 3141; x_wconf 91' lang='lat' dir='ltr'><strong>quod</strong></span> <span class='ocrx_word' id='word_1_405' title='bbox 2998 3055 3170 3121; x_wconf 88' lang='lat' dir='ltr'><strong>calor</strong></span> <span class='ocrx_word' id='word_1_406' title='bbox 3184 3059 3280 3121; x_wconf 89' lang='lat' dir='ltr'><strong>est</strong></span> <span class='ocrx_word' id='word_1_407' title='bbox 3300 3056 3659 3122; x_wconf 87' lang='lat' dir='ltr'><strong>substantia</strong></span> <span class='ocrx_word' id='word_1_408' title='bbox 3675 3074 3842 3141; x_wconf 78' lang='lat' dir='ltr'><strong>quae-</strong></span> 
     </span>
     <span class='ocr_line' id='line_1_62' title="bbox 2299 3163 3841 3247; baseline -0.002 -15"><span class='ocrx_word' id='word_1_409' title='bbox 2299 3166 2452 3232; x_wconf 85' lang='lat' dir='ltr'><strong>dam</strong></span> <span class='ocrx_word' id='word_1_410' title='bbox 2470 3165 2720 3232; x_wconf 87' lang='lat' dir='ltr'><strong>subtilis</strong></span> <span class='ocrx_word' id='word_1_411' title='bbox 2750 3186 2768 3231; x_wconf 72' lang='grc' dir='ltr'><strong><em>ε</em></strong></span> <span class='ocrx_word' id='word_1_412' title='bbox 2800 3163 2891 3229; x_wconf 90' lang='lat' dir='ltr'><strong>sic</strong></span> <span class='ocrx_word' id='word_1_413' title='bbox 2927 3163 3427 3246; x_wconf 87' lang='lat' dir='ltr'><strong>intelIigendum</strong></span> <span class='ocrx_word' id='word_1_414' title='bbox 3462 3182 3503 3228; x_wconf 87' lang='lat' dir='ltr'><strong>a</strong></span> <span class='ocrx_word' id='word_1_415' title='bbox 3530 3169 3713 3247; x_wconf 84' lang='lat' dir='ltr'><strong>parte</strong></span> <span class='ocrx_word' id='word_1_416' title='bbox 3738 3165 3841 3229; x_wconf 91' lang='lat' dir='ltr'><strong>lu-</strong></span> 
     </span>
     <span class='ocr_line' id='line_1_63' title="bbox 2302 3271 3845 3357; baseline -0.003 -17"><span class='ocrx_word' id='word_1_417' title='bbox 2302 3274 2413 3355; x_wconf 77' lang='lat' dir='ltr'><strong>cia,</strong></span> <span class='ocrx_word' id='word_1_418' title='bbox 2440 3273 2613 3357; x_wconf 91' lang='lat' dir='ltr'><strong>quod</strong></span> <span class='ocrx_word' id='word_1_419' title='bbox 2635 3272 2756 3337; x_wconf 88' lang='lat' dir='ltr'><strong>lux</strong></span> <span class='ocrx_word' id='word_1_420' title='bbox 2794 3273 3000 3355; x_wconf 88' lang='lat' dir='ltr'><strong>potest</strong></span> <span class='ocrx_word' id='word_1_421' title='bbox 3024 3271 3145 3335; x_wconf 86' lang='lat' dir='ltr'><strong>dici</strong></span> <span class='ocrx_word' id='word_1_422' title='bbox 3188 3271 3260 3335; x_wconf 91' lang='lat' dir='ltr'><strong>in</strong></span> <span class='ocrx_word' id='word_1_423' title='bbox 3302 3271 3727 3337; x_wconf 85' lang='lat' dir='ltr'><strong>abstractione</strong></span> <span class='ocrx_word' id='word_1_424' title='bbox 3743 3320 3761 3353; x_wconf 88' lang='lat'><strong>,</strong></span> <span class='ocrx_word' id='word_1_425' title='bbox 3785 3276 3845 3336; x_wconf 89' lang='lat' dir='ltr'><strong>et</strong></span> 
     </span>
     <span class='ocr_line' id='line_1_64' title="bbox 2302 3378 3845 3462; baseline -0.003 -16"><span class='ocrx_word' id='word_1_426' title='bbox 2302 3382 2395 3446; x_wconf 91' lang='lat' dir='ltr'><strong>sic</strong></span> <span class='ocrx_word' id='word_1_427' title='bbox 2418 3379 2708 3445; x_wconf 89' lang='lat' dir='ltr'><strong>nominat</strong></span> <span class='ocrx_word' id='word_1_428' title='bbox 2744 3380 3021 3444; x_wconf 84' lang='lat' dir='ltr'><strong>formam</strong></span> <span class='ocrx_word' id='word_1_429' title='bbox 3059 3378 3341 3461; x_wconf 90' lang='lat' dir='ltr'><strong>corporis</strong></span> <span class='ocrx_word' id='word_1_430' title='bbox 3382 3379 3714 3459; x_wconf 85' lang='lat' dir='ltr'><strong>luminosi,</strong></span> <span class='ocrx_word' id='word_1_431' title='bbox 3739 3397 3845 3462; x_wconf 90' lang='lat' dir='ltr'><strong>per</strong></span> 
     </span>
     <span class='ocr_line' id='line_1_65' title="bbox 2303 3486 3846 3573; baseline -0.003 -20"><span class='ocrx_word' id='word_1_432' title='bbox 2303 3507 2497 3573; x_wconf 88' lang='lat' dir='ltr'><strong>quam</strong></span> <span class='ocrx_word' id='word_1_433' title='bbox 2521 3487 2682 3553; x_wconf 89' lang='lat' dir='ltr'><strong>illud</strong></span> <span class='ocrx_word' id='word_1_434' title='bbox 2707 3505 2938 3571; x_wconf 90' lang='lat' dir='ltr'><strong>corpus</strong></span> <span class='ocrx_word' id='word_1_435' title='bbox 2977 3486 3170 3552; x_wconf 87' lang='lat' dir='ltr'><strong>habet</strong></span> <span class='ocrx_word' id='word_1_436' title='bbox 3192 3486 3406 3551; x_wconf 88' lang='lat' dir='ltr'><strong>lucere</strong></span> <span class='ocrx_word' id='word_1_437' title='bbox 3439 3490 3504 3550; x_wconf 88' lang='lat' dir='ltr'><strong>et</strong></span> <span class='ocrx_word' id='word_1_438' title='bbox 3527 3505 3725 3568; x_wconf 87' lang='lat' dir='ltr'><strong>agere</strong></span> <span class='ocrx_word' id='word_1_439' title='bbox 3745 3506 3763 3565; x_wconf 89' lang='lat'>;</span> <span class='ocrx_word' id='word_1_440' title='bbox 3786 3488 3846 3549; x_wconf 89' lang='lat' dir='ltr'><strong>et</strong></span> 
     </span>
     <span class='ocr_line' id='line_1_66' title="bbox 2303 3592 3842 3678; baseline -0.004 -18"><span class='ocrx_word' id='word_1_441' title='bbox 2303 3595 2394 3661; x_wconf 88' lang='lat' dir='ltr'><strong>sic</strong></span> <span class='ocrx_word' id='word_1_442' title='bbox 2415 3596 2567 3661; x_wconf 88' lang='lat' dir='ltr'><strong>dicit</strong></span> <span class='ocrx_word' id='word_1_443' title='bbox 2588 3595 3017 3660; x_wconf 86' lang='lat' dir='ltr'><strong>Damascenus</strong></span> <span class='ocrx_word' id='word_1_444' title='bbox 3038 3595 3211 3678; x_wconf 91' lang='lat' dir='ltr'><strong>quod</strong></span> <span class='ocrx_word' id='word_1_445' title='bbox 3235 3596 3330 3658; x_wconf 88' lang='lat' dir='ltr'><strong>est</strong></span> <span class='ocrx_word' id='word_1_446' title='bbox 3355 3593 3634 3676; x_wconf 88' lang='lat' dir='ltr'><strong>qualitas</strong></span> <span class='ocrx_word' id='word_1_447' title='bbox 3657 3592 3842 3675; x_wconf 87' lang='lat' dir='ltr'><strong>ignis.</strong></span> 
     </span>
     <span class='ocr_line' id='line_1_67' title="bbox 2304 3684 3849 3786; baseline -0.003 -18"><span class='ocrx_word' id='word_1_448' title='bbox 2304 3702 2665 3786; x_wconf 84' lang='lat' dir='ltr'><strong>Aliquando</strong></span> <span class='ocrx_word' id='word_1_449' title='bbox 2721 3703 3017 3768; x_wconf 85' lang='lat' dir='ltr'><strong>nominat</strong></span> <span class='ocrx_word' id='word_1_450' title='bbox 3074 3703 3144 3767; x_wconf 91' lang='lat' dir='ltr'><strong>in</strong></span> <span class='ocrx_word' id='word_1_451' title='bbox 3196 3702 3597 3766; x_wconf 89' lang='lat' dir='ltr'><strong>concretione</strong></span> <span class='ocrx_word' id='word_1_452' title='bbox 3652 3684 3849 3784; x_wconf 85' lang='lat' dir='ltr'><strong>ipsam</strong></span> 
     </span>
     <span class='ocr_line' id='line_1_68' title="bbox 2305 3807 3850 3889; baseline -0.002 -14"><span class='ocrx_word' id='word_1_453' title='bbox 2305 3811 2746 3889; x_wconf 88' lang='lat' dir='ltr'><strong>substantiam,</strong></span> <span class='ocrx_word' id='word_1_454' title='bbox 2772 3810 3010 3875; x_wconf 88' lang='lat' dir='ltr'><strong>scilicet</strong></span> <span class='ocrx_word' id='word_1_455' title='bbox 3032 3809 3421 3874; x_wconf 90' lang='lat' dir='ltr'><strong>luminosam</strong></span> <span class='ocrx_word' id='word_1_456' title='bbox 3450 3827 3469 3872; x_wconf 73' lang='grc' dir='ltr'><strong><em>ε</em></strong></span> <span class='ocrx_word' id='word_1_457' title='bbox 3500 3809 3675 3873; x_wconf 87' lang='lat' dir='ltr'><strong>etsie</strong></span> <span class='ocrx_word' id='word_1_458' title='bbox 3699 3807 3850 3872; x_wconf 84' lang='lat' dir='ltr'><strong>acci·</strong></span> 
     </span>
     <span class='ocr_line' id='line_1_69' title="bbox 2307 3916 3852 4003; baseline -0.004 -20"><span class='ocrx_word' id='word_1_459' title='bbox 2307 3920 2481 4003; x_wconf 87' lang='lat' dir='ltr'><strong>pitur</strong></span> <span class='ocrx_word' id='word_1_460' title='bbox 2506 3920 2575 3983; x_wconf 87' lang='lat' dir='ltr'><strong>in</strong></span> <span class='ocrx_word' id='word_1_461' title='bbox 2602 3919 2713 3984; x_wconf 84' lang='lat' dir='ltr'><strong>illa</strong></span> <span class='ocrx_word' id='word_1_462' title='bbox 2732 3919 3074 3997; x_wconf 86' lang='lat' dir='ltr'><strong>divisione,</strong></span> <span class='ocrx_word' id='word_1_463' title='bbox 3099 3916 3336 3983; x_wconf 87' lang='lat' dir='ltr'><strong>scilicet</strong></span> <span class='ocrx_word' id='word_1_464' title='bbox 3358 3916 3530 3999; x_wconf 92' lang='lat' dir='ltr'><strong>quod</strong></span> <span class='ocrx_word' id='word_1_465' title='bbox 3555 3921 3690 3980; x_wconf 88' lang='lat' dir='ltr'><strong>tres</strong></span> <span class='ocrx_word' id='word_1_466' title='bbox 3711 3918 3852 3979; x_wconf 84' lang='lat' dir='ltr'><strong>sunt</strong></span> 
     </span>
     <span class='ocr_line' id='line_1_70' title="bbox 2309 4023 3846 4110; baseline -0.005 -19"><span class='ocrx_word' id='word_1_467' title='bbox 2309 4027 2544 4110; x_wconf 90' lang='lat' dir='ltr'><strong>species</strong></span> <span class='ocrx_word' id='word_1_468' title='bbox 2566 4026 2764 4109; x_wconf 75' lang='lat' dir='ltr'><strong>igniS,</strong></span> <span class='ocrx_word' id='word_1_469' title='bbox 2789 4026 3027 4091; x_wconf 90' lang='lat' dir='ltr'><strong>scilicet</strong></span> <span class='ocrx_word' id='word_1_470' title='bbox 3047 4024 3266 4104; x_wconf 90' lang='lat' dir='ltr'><strong>carbo,</strong></span> <span class='ocrx_word' id='word_1_471' title='bbox 3286 4024 3572 4104; x_wconf 89' lang='lat' dir='ltr'><strong>flamma,</strong></span> <span class='ocrx_word' id='word_1_472' title='bbox 3590 4027 3657 4087; x_wconf 89' lang='lat' dir='ltr'><strong>et</strong></span> <span class='ocrx_word' id='word_1_473' title='bbox 3672 4023 3788 4087; x_wconf 88' lang='lat' dir='ltr'><strong>lux</strong></span> <span class='ocrx_word' id='word_1_474' title='bbox 3806 4027 3846 4084; x_wconf 71' lang='lat'><strong>⁸.</strong></span> 
     </span>
     <span class='ocr_line' id='line_1_71' title="bbox 2309 4131 3847 4219; baseline -0.005 -18"><span class='ocrx_word' id='word_1_475' title='bbox 2309 4135 2388 4203; x_wconf 88' lang='lat' dir='ltr'><strong>Et</strong></span> <span class='ocrx_word' id='word_1_476' title='bbox 2426 4154 2541 4219; x_wconf 89' lang='lat' dir='ltr'><strong>per</strong></span> <span class='ocrx_word' id='word_1_477' title='bbox 2573 4135 2750 4200; x_wconf 90' lang='lat' dir='ltr'><strong>hunc</strong></span> <span class='ocrx_word' id='word_1_478' title='bbox 2780 4135 3047 4199; x_wconf 91' lang='lat' dir='ltr'><strong>modum</strong></span> <span class='ocrx_word' id='word_1_479' title='bbox 3082 4133 3368 4216; x_wconf 87' lang='lat' dir='ltr'><strong>loquitur</strong></span> <span class='ocrx_word' id='word_1_480' title='bbox 3406 4131 3811 4212; x_wconf 82' lang='lat' dir='ltr'><strong>Augustinus</strong></span> <span class='ocrx_word' id='word_1_481' title='bbox 3830 4176 3847 4206; x_wconf 88' lang='lat'><strong>,</strong></span> 
     </span>
     <span class='ocr_line' id='line_1_72' title="bbox 2311 4238 3852 4327; baseline -0.006 -18"><span class='ocrx_word' id='word_1_482' title='bbox 2311 4244 2568 4327; x_wconf 80' lang='lat' dir='ltr'><strong>qnando</strong></span> <span class='ocrx_word' id='word_1_483' title='bbox 2590 4243 2741 4308; x_wconf 85' lang='lat' dir='ltr'><strong>dicit</strong></span> <span class='ocrx_word' id='word_1_484' title='bbox 2765 4242 2937 4326; x_wconf 90' lang='lat' dir='ltr'><strong>quod</strong></span> <span class='ocrx_word' id='word_1_485' title='bbox 2962 4242 3082 4306; x_wconf 90' lang='lat' dir='ltr'><strong>lux</strong></span> <span class='ocrx_word' id='word_1_486' title='bbox 3104 4244 3280 4306; x_wconf 87' lang='lat' dir='ltr'><strong>tenet</strong></span> <span class='ocrx_word' id='word_1_487' title='bbox 3321 4241 3613 4323; x_wconf 90' lang='lat' dir='ltr'><strong>primum</strong></span> <span class='ocrx_word' id='word_1_488' title='bbox 3644 4238 3852 4303; x_wconf 90' lang='lat' dir='ltr'><strong>locum</strong></span> 
     </span>
     <span class='ocr_line' id='line_1_73' title="bbox 2312 4350 3853 4435; baseline -0.005 -19"><span class='ocrx_word' id='word_1_489' title='bbox 2312 4353 2381 4416; x_wconf 91' lang='lat' dir='ltr'><strong>in</strong></span> <span class='ocrx_word' id='word_1_490' title='bbox 2423 4351 2797 4435; x_wconf 89' lang='lat' dir='ltr'><strong>corporibus</strong></span> <span class='ocrx_word' id='word_1_491' title='bbox 2816 4398 2833 4428; x_wconf 86' lang='lat'>‚</span> <span class='ocrx_word' id='word_1_492' title='bbox 2868 4354 2932 4414; x_wconf 90' lang='lat' dir='ltr'><strong>et</strong></span> <span class='ocrx_word' id='word_1_493' title='bbox 2972 4350 3090 4413; x_wconf 88' lang='lat' dir='ltr'><strong>lux</strong></span> <span class='ocrx_word' id='word_1_494' title='bbox 3131 4351 3197 4413; x_wconf 90' lang='lat' dir='ltr'><strong>et</strong></span> <span class='ocrx_word' id='word_1_495' title='bbox 3237 4366 3347 4413; x_wconf 89' lang='lat' dir='ltr'><strong>aer</strong></span> <span class='ocrx_word' id='word_1_496' title='bbox 3385 4350 3538 4412; x_wconf 90' lang='lat' dir='ltr'><strong>sunt</strong></span> <span class='ocrx_word' id='word_1_497' title='bbox 3594 4362 3853 4429; x_wconf 90' lang='lat' dir='ltr'><strong>corpora</strong></span> 
     </span>
     <span class='ocr_line' id='line_1_74' title="bbox 2314 4455 3855 4537; baseline -0.005 -13"><span class='ocrx_word' id='word_1_498' title='bbox 2314 4459 2663 4524; x_wconf 85' lang='lat' dir='ltr'><strong>subtiliora.</strong></span> <span class='ocrx_word' id='word_1_499' title='bbox 2693 4457 2891 4523; x_wconf 80' lang='lat' dir='ltr'><strong>Vocat</strong></span> <span class='ocrx_word' id='word_1_500' title='bbox 2929 4458 3104 4521; x_wconf 90' lang='lat' dir='ltr'><strong>enim</strong></span> <span class='ocrx_word' id='word_1_501' title='bbox 3145 4457 3238 4521; x_wconf 90' lang='lat' dir='ltr'><strong>ibi</strong></span> <span class='ocrx_word' id='word_1_502' title='bbox 3264 4457 3496 4536; x_wconf 80' lang='lat' dir='ltr'><strong>lucem,</strong></span> <span class='ocrx_word' id='word_1_503' title='bbox 3527 4455 3704 4537; x_wconf 87' lang='lat' dir='ltr'><strong>quod</strong></span> <span class='ocrx_word' id='word_1_504' title='bbox 3744 4470 3855 4517; x_wconf 88' lang='lat' dir='ltr'><strong>nos</strong></span> 
     </span>
    </p>
   </div>
   <div class='ocr_carea' id='block_1_11' title="bbox 424 4561 2213 4966">
    <p class='ocr_par' dir='ltr' id='par_1_15' title="bbox 424 4561 2213 4966">
     <span class='ocr_line' id='line_1_75' title="bbox 424 4561 2203 4649; baseline 0.001 -21"><span class='ocrx_word' id='word_1_505' title='bbox 424 4591 585 4649; x_wconf 75' lang='lat' dir='ltr'><strong>opinio</strong></span> <span class='ocrx_word' id='word_1_506' title='bbox 664 4562 862 4629; x_wconf 86' lang='lat' dir='ltr'><strong>verba</strong></span> <span class='ocrx_word' id='word_1_507' title='bbox 875 4561 1242 4643; x_wconf 81' lang='lat' dir='ltr'><strong>Augustini,</strong></span> <span class='ocrx_word' id='word_1_508' title='bbox 1263 4562 1562 4629; x_wconf 86' lang='lat' dir='ltr'><strong>dixerunt</strong></span> <span class='ocrx_word' id='word_1_509' title='bbox 1571 4563 1930 4629; x_wconf 87' lang='lat' dir='ltr'><strong>lucemesse</strong></span> <span class='ocrx_word' id='word_1_510' title='bbox 1949 4582 2203 4647; x_wconf 87' lang='lat' dir='ltr'><strong>corpus,</strong></span> 
     </span>
     <span class='ocr_line' id='line_1_76' title="bbox 470 4658 2209 4755; baseline 0.001 -21"><span class='ocrx_word' id='word_1_511' title='bbox 470 4658 595 4704; x_wconf 76' lang='lat'>‘⁸¹⁸⁸‘</span> <span class='ocrx_word' id='word_1_512' title='bbox 667 4687 784 4752; x_wconf 90' lang='lat' dir='ltr'><strong>pro</strong></span> <span class='ocrx_word' id='word_1_513' title='bbox 811 4687 888 4735; x_wconf 89' lang='lat' dir='ltr'><strong>eo</strong></span> <span class='ocrx_word' id='word_1_514' title='bbox 910 4669 1086 4753; x_wconf 91' lang='lat' dir='ltr'><strong>quod</strong></span> <span class='ocrx_word' id='word_1_515' title='bbox 1110 4674 1464 4753; x_wconf 89' lang='lat' dir='ltr'><strong>posuerunt</strong></span> <span class='ocrx_word' id='word_1_516' title='bbox 1494 4669 1752 4753; x_wconf 88' lang='lat' dir='ltr'><strong>aliquod</strong></span> <span class='ocrx_word' id='word_1_517' title='bbox 1784 4688 2016 4755; x_wconf 84' lang='lat' dir='ltr'><strong>corpus</strong></span> <span class='ocrx_word' id='word_1_518' title='bbox 2044 4690 2209 4755; x_wconf 90' lang='lat' dir='ltr'><strong>pure</strong></span> 
     </span>
     <span class='ocr_line' id='line_1_77' title="bbox 668 4779 2206 4863; baseline 0.001 -18"><span class='ocrx_word' id='word_1_519' title='bbox 668 4797 804 4845; x_wconf 90' lang='lat' dir='ltr'><strong>esse</strong></span> <span class='ocrx_word' id='word_1_520' title='bbox 841 4779 1092 4860; x_wconf 88' lang='lat' dir='ltr'><strong>lucem,</strong></span> <span class='ocrx_word' id='word_1_521' title='bbox 1123 4779 1213 4844; x_wconf 89' lang='lat' dir='ltr'><strong>ita</strong></span> <span class='ocrx_word' id='word_1_522' title='bbox 1239 4780 1412 4863; x_wconf 90' lang='lat' dir='ltr'><strong>quod</strong></span> <span class='ocrx_word' id='word_1_523' title='bbox 1448 4779 1519 4844; x_wconf 89' lang='lat' dir='ltr'><strong>in</strong></span> <span class='ocrx_word' id='word_1_524' title='bbox 1557 4798 1634 4844; x_wconf 91' lang='lat' dir='ltr'><strong>eo</strong></span> <span class='ocrx_word' id='word_1_525' title='bbox 1673 4779 1839 4845; x_wconf 86' lang='lat' dir='ltr'><strong>nihil</strong></span> <span class='ocrx_word' id='word_1_526' title='bbox 1879 4784 2042 4846; x_wconf 88' lang='lat' dir='ltr'><strong>esset</strong></span> <span class='ocrx_word' id='word_1_527' title='bbox 2088 4781 2206 4846; x_wconf 88' lang='lat' dir='ltr'><strong>ad-</strong></span> 
     </span>
     <span class='ocr_line' id='line_1_78' title="bbox 669 4886 2213 4966; baseline 0.001 -14"><span class='ocrx_word' id='word_1_528' title='bbox 669 4887 952 4952; x_wconf 89' lang='lat' dir='ltr'><strong>mixtum</strong></span> <span class='ocrx_word' id='word_1_529' title='bbox 976 4886 1055 4951; x_wconf 91' lang='lat' dir='ltr'><strong>de</strong></span> <span class='ocrx_word' id='word_1_530' title='bbox 1096 4886 1540 4951; x_wconf 86' lang='lat' dir='ltr'><strong>tenebrositate</strong></span> <span class='ocrx_word' id='word_1_531' title='bbox 1575 4886 1857 4953; x_wconf 85' lang='lat' dir='ltr'><strong>materiae</strong></span> <span class='ocrx_word' id='word_1_532' title='bbox 1877 4935 1895 4966; x_wconf 91' lang='lat'><strong>,</strong></span> <span class='ocrx_word' id='word_1_533' title='bbox 1929 4888 2092 4953; x_wconf 89' lang='lat' dir='ltr'><strong>sicut</strong></span> <span class='ocrx_word' id='word_1_534' title='bbox 2117 4892 2213 4952; x_wconf 89' lang='lat' dir='ltr'><strong>est</strong></span> 
     </span>
    </p>
   </div>
   <div class='ocr_carea' id='block_1_12' title="bbox 2315 4561 3855 5291">
    <p class='ocr_par' dir='ltr' id='par_1_16' title="bbox 2315 4561 3854 4756">
     <span class='ocr_line' id='line_1_79' title="bbox 2315 4561 3854 4647; baseline -0.005 -16"><span class='ocrx_word' id='word_1_535' title='bbox 2315 4582 2622 4631; x_wconf 82' lang='lat' dir='ltr'><strong>vocamus</strong></span> <span class='ocrx_word' id='word_1_536' title='bbox 2645 4565 2878 4647; x_wconf 75' lang='lat' dir='ltr'><strong>iqnem,</strong></span> <span class='ocrx_word' id='word_1_537' title='bbox 2910 4564 3072 4628; x_wconf 88' lang='lat' dir='ltr'><strong>sicut</strong></span> <span class='ocrx_word' id='word_1_538' title='bbox 3109 4582 3192 4627; x_wconf 88' lang='lat' dir='ltr'><strong>ex</strong></span> <span class='ocrx_word' id='word_1_539' title='bbox 3222 4563 3435 4629; x_wconf 86' lang='lat' dir='ltr'><strong>verbis</strong></span> <span class='ocrx_word' id='word_1_540' title='bbox 3477 4563 3682 4646; x_wconf 90' lang='lat' dir='ltr'><strong>ipsius</strong></span> <span class='ocrx_word' id='word_1_541' title='bbox 3723 4561 3854 4625; x_wconf 90' lang='lat' dir='ltr'><strong>Au·-</strong></span> 
     </span>
     <span class='ocr_line' id='line_1_80' title="bbox 2316 4670 3249 4756; baseline -0.004 -19"><span class='ocrx_word' id='word_1_542' title='bbox 2316 4672 2563 4756; x_wconf 86' lang='lat' dir='ltr'><strong>gustini</strong></span> <span class='ocrx_word' id='word_1_543' title='bbox 2587 4670 2909 4753; x_wconf 86' lang='lat' dir='ltr'><strong>colligitur</strong></span> <span class='ocrx_word' id='word_1_544' title='bbox 2931 4686 3249 4753; x_wconf 86' lang='lat' dir='ltr'><strong>expresse.</strong></span> 
     </span>
    </p>

    <p class='ocr_par' dir='ltr' id='par_1_17' title="bbox 2318 4771 3855 5291">
     <span class='ocr_line' id='line_1_81' title="bbox 2398 4771 3853 4861; baseline -0.005 -17"><span class='ocrx_word' id='word_1_545' title='bbox 2398 4785 2460 4861; x_wconf 81' lang='lat'><strong>1,</strong></span> <span class='ocrx_word' id='word_1_546' title='bbox 2491 4784 2530 4844; x_wconf 78' lang='lat'><strong>2</strong></span> <span class='ocrx_word' id='word_1_547' title='bbox 2573 4782 2637 4843; x_wconf 90' lang='lat' dir='ltr'><strong>et</strong></span> <span class='ocrx_word' id='word_1_548' title='bbox 2682 4783 2741 4843; x_wconf 85' lang='lat'><strong>3.</strong></span> <span class='ocrx_word' id='word_1_549' title='bbox 2789 4777 2869 4842; x_wconf 89' lang='lat' dir='ltr'><strong>Et</strong></span> <span class='ocrx_word' id='word_1_550' title='bbox 2901 4796 3015 4861; x_wconf 88' lang='lat' dir='ltr'><strong>per</strong></span> <span class='ocrx_word' id='word_1_551' title='bbox 3063 4777 3186 4841; x_wconf 91' lang='lat' dir='ltr'><strong>hoc</strong></span> <span class='ocrx_word' id='word_1_552' title='bbox 3229 4777 3447 4860; x_wconf 88' lang='lat' dir='ltr'><strong>patent</strong></span> <span class='ocrx_word' id='word_1_553' title='bbox 3488 4775 3736 4857; x_wconf 87' lang='lat' dir='ltr'><strong>objecta</strong></span> <span class='ocrx_word' id='word_1_554' title='bbox 3780 4771 3853 4836; x_wconf 90' lang='lat' dir='ltr'><strong>ad</strong></span> 
     </span>
     <span class='ocr_line' id='line_1_82' title="bbox 2318 4864 3854 4969; baseline -0.006 -16"><span class='ocrx_word' id='word_1_555' title='bbox 2318 4890 2660 4968; x_wconf 88' lang='lat' dir='ltr'><strong>utramque</strong></span> <span class='ocrx_word' id='word_1_556' title='bbox 2695 4889 2964 4969; x_wconf 88' lang='lat' dir='ltr'><strong>partem.</strong></span> <span class='ocrx_word' id='word_1_557' title='bbox 3014 4864 3179 4950; x_wconf 84' lang='lat' dir='ltr'><strong>Nam</strong></span> <span class='ocrx_word' id='word_1_558' title='bbox 3218 4882 3625 4947; x_wconf 75' lang='lat' dir='ltr'><strong>auctoritates</strong></span> <span class='ocrx_word' id='word_1_559' title='bbox 3668 4886 3733 4946; x_wconf 89' lang='lat' dir='ltr'><strong>et</strong></span> <span class='ocrx_word' id='word_1_560' title='bbox 3756 4899 3854 4944; x_wconf 89' lang='lat' dir='ltr'><strong>ra-</strong></span> 
     </span>
     <span class='ocr_line' id='line_1_83' title="bbox 2319 4990 3855 5077; baseline -0.006 -16"><span class='ocrx_word' id='word_1_561' title='bbox 2319 4996 2545 5072; x_wconf 74' lang='lat' dir='ltr'><strong>tione8‚</strong></span> <span class='ocrx_word' id='word_1_562' title='bbox 2572 5011 2720 5077; x_wconf 80' lang='lat' dir='ltr'><strong>quae</strong></span> <span class='ocrx_word' id='word_1_563' title='bbox 2751 4993 2972 5058; x_wconf 87' lang='lat' dir='ltr'><strong>dicunt</strong></span> <span class='ocrx_word' id='word_1_564' title='bbox 2998 4997 3064 5056; x_wconf 86' lang='lat' dir='ltr'><strong>et</strong></span> <span class='ocrx_word' id='word_1_565' title='bbox 3085 4991 3361 5074; x_wconf 87' lang='lat' dir='ltr'><strong>probant</strong></span> <span class='ocrx_word' id='word_1_566' title='bbox 3398 4990 3608 5054; x_wconf 89' lang='lat' dir='ltr'><strong>lucem</strong></span> <span class='ocrx_word' id='word_1_567' title='bbox 3634 5006 3855 5072; x_wconf 88' lang='lat' dir='ltr'><strong>corpus</strong></span> 
     </span>
     <span class='ocr_line' id='line_1_84' title="bbox 2320 5094 3853 5184; baseline -0.007 -16"><span class='ocrx_word' id='word_1_568' title='bbox 2320 5121 2454 5169; x_wconf 91' lang='lat' dir='ltr'><strong>non</strong></span> <span class='ocrx_word' id='word_1_569' title='bbox 2475 5119 2631 5182; x_wconf 88' lang='lat' dir='ltr'><strong>esse,</strong></span> <span class='ocrx_word' id='word_1_570' title='bbox 2656 5099 2766 5165; x_wconf 89' lang='lat' dir='ltr'><strong>sed</strong></span> <span class='ocrx_word' id='word_1_571' title='bbox 2788 5100 3182 5184; x_wconf 83' lang='lat' dir='ltr'><strong>qualitatem,</strong></span> <span class='ocrx_word' id='word_1_572' title='bbox 3210 5098 3530 5180; x_wconf 90' lang='lat' dir='ltr'><strong>accipiunt</strong></span> <span class='ocrx_word' id='word_1_573' title='bbox 3551 5096 3760 5161; x_wconf 90' lang='lat' dir='ltr'><strong>lucem</strong></span> <span class='ocrx_word' id='word_1_574' title='bbox 3788 5094 3853 5157; x_wconf 88' lang='lat' dir='ltr'><strong>in</strong></span> 
     </span>
     <span class='ocr_line' id='line_1_85' title="bbox 2324 5205 3853 5291; baseline -0.007 -15"><span class='ocrx_word' id='word_1_575' title='bbox 2324 5210 2747 5277; x_wconf 87' lang='lat' dir='ltr'><strong>abstractione</strong></span> <span class='ocrx_word' id='word_1_576' title='bbox 2763 5256 2782 5289; x_wconf 97' lang='lat'><strong>,</strong></span> <span class='ocrx_word' id='word_1_577' title='bbox 2820 5209 2986 5273; x_wconf 89' lang='lat' dir='ltr'><strong>sicut</strong></span> <span class='ocrx_word' id='word_1_578' title='bbox 3022 5210 3237 5291; x_wconf 79' lang='lat' dir='ltr'><strong>patet3</strong></span> <span class='ocrx_word' id='word_1_579' title='bbox 3274 5205 3675 5271; x_wconf 88' lang='lat' dir='ltr'><strong>auctoritates</strong></span> <span class='ocrx_word' id='word_1_580' title='bbox 3708 5218 3853 5267; x_wconf 88' lang='lat' dir='ltr'><strong>vero</strong></span> 
     </span>
    </p>
   </div>
   <div class='ocr_carea' id='block_1_13' title="bbox 429 4993 2216 5293">
    <p class='ocr_par' dir='ltr' id='par_1_18' title="bbox 429 4993 2216 5293">
     <span class='ocr_line' id='line_1_86' title="bbox 671 4993 2210 5076; baseline 0.001 -20"><span class='ocrx_word' id='word_1_581' title='bbox 671 5009 904 5076; x_wconf 89' lang='lat' dir='ltr'><strong>corpus</strong></span> <span class='ocrx_word' id='word_1_582' title='bbox 938 4993 1144 5058; x_wconf 88' lang='lat' dir='ltr'><strong>solare</strong></span> <span class='ocrx_word' id='word_1_583' title='bbox 1169 5011 1211 5057; x_wconf 92' lang='lat' dir='ltr'><strong>a</strong></span> <span class='ocrx_word' id='word_1_584' title='bbox 1252 5010 1383 5076; x_wconf 90' lang='lat' dir='ltr'><strong>quo</strong></span> <span class='ocrx_word' id='word_1_585' title='bbox 1419 4996 1649 5058; x_wconf 77' lang='lat' dir='ltr'><strong>eaetera</strong></span> <span class='ocrx_word' id='word_1_586' title='bbox 1689 5011 1956 5076; x_wconf 90' lang='lat' dir='ltr'><strong>corpora</strong></span> <span class='ocrx_word' id='word_1_587' title='bbox 1983 4994 2210 5059; x_wconf 87' lang='lat' dir='ltr'><strong>mundi</strong></span> 
     </span>
     <span class='ocr_line' id='line_1_87' title="bbox 429 5099 2215 5191; baseline 0.001 -26"><span class='ocrx_word' id='word_1_588' title='bbox 429 5133 628 5191; x_wconf 69' lang='lat' dir='ltr'><strong>nuptui».</strong></span> <span class='ocrx_word' id='word_1_589' title='bbox 674 5101 989 5185; x_wconf 89' lang='lat' dir='ltr'><strong>recipiunt</strong></span> <span class='ocrx_word' id='word_1_590' title='bbox 1037 5100 1597 5167; x_wconf 87' lang='lat' dir='ltr'><strong>illuminationem.</strong></span> <span class='ocrx_word' id='word_1_591' title='bbox 1657 5099 1780 5166; x_wconf 88' lang='lat' dir='ltr'><strong>Sed</strong></span> <span class='ocrx_word' id='word_1_592' title='bbox 1822 5120 1974 5166; x_wconf 90' lang='lat' dir='ltr'><strong>cum</strong></span> <span class='ocrx_word' id='word_1_593' title='bbox 2017 5121 2215 5186; x_wconf 89' lang='lat' dir='ltr'><strong>supra</strong></span> 
     </span>
     <span class='ocr_line' id='line_1_88' title="bbox 673 5207 2216 5293; baseline 0.003 -23"><span class='ocrx_word' id='word_1_594' title='bbox 673 5207 1016 5289; x_wconf 87' lang='lat' dir='ltr'><strong>probatum</strong></span> <span class='ocrx_word' id='word_1_595' title='bbox 1038 5207 1161 5286; x_wconf 83' lang='lat' dir='ltr'><strong>sit,</strong></span> <span class='ocrx_word' id='word_1_596' title='bbox 1186 5208 1355 5291; x_wconf 92' lang='lat' dir='ltr'><strong>quod</strong></span> <span class='ocrx_word' id='word_1_597' title='bbox 1391 5207 1570 5272; x_wconf 89' lang='lat' dir='ltr'><strong>nulla</strong></span> <span class='ocrx_word' id='word_1_598' title='bbox 1612 5208 1964 5274; x_wconf 87' lang='lat' dir='ltr'><strong>substantia</strong></span> <span class='ocrx_word' id='word_1_599' title='bbox 2007 5228 2123 5293; x_wconf 89' lang='lat' dir='ltr'><strong>per</strong></span> <span class='ocrx_word' id='word_1_600' title='bbox 2147 5228 2216 5276; x_wconf 90' lang='lat' dir='ltr'><strong>se</strong></span> 
     </span>
    </p>
   </div>
   <div class='ocr_carea' id='block_1_14' title="bbox 679 5334 3849 5508">
    <p class='ocr_par' dir='ltr' id='par_1_19' title="bbox 679 5334 3849 5508">
     <span class='ocr_line' id='line_1_89' title="bbox 743 5334 3847 5436; baseline -0.004 -17"><span class='ocrx_word' id='word_1_601' title='bbox 743 5368 1039 5435; x_wconf 83' lang='lat' dir='ltr'><strong>¹Damasc.‚</strong></span> <span class='ocrx_word' id='word_1_602' title='bbox 1064 5368 1125 5419; x_wconf 80' lang='lat' dir='ltr'><strong>de</strong></span> <span class='ocrx_word' id='word_1_603' title='bbox 1152 5370 1279 5420; x_wconf 76' lang='lat' dir='ltr'><strong>Fide</strong></span> <span class='ocrx_word' id='word_1_604' title='bbox 1295 5370 1515 5436; x_wconf 66' lang='lat' dir='ltr'><strong>orthod„</strong></span> <span class='ocrx_word' id='word_1_605' title='bbox 1533 5370 1623 5423; x_wconf 87' lang='lat' dir='ltr'><strong>lib.</strong></span> <span class='ocrx_word' id='word_1_606' title='bbox 1644 5372 1684 5435; x_wconf 88' lang='grc' dir='ltr'><strong>Ι,</strong></span> <span class='ocrx_word' id='word_1_607' title='bbox 1706 5384 1752 5422; x_wconf 87' lang='lat' dir='ltr'><strong>c.</strong></span> <span class='ocrx_word' id='word_1_608' title='bbox 1773 5383 1862 5436; x_wconf 74' lang='lat'><strong>115</strong></span> <span class='ocrx_word' id='word_1_609' title='bbox 1890 5334 2068 5434; x_wconf 51' lang='lat' dir='ltr'><strong>lthn.</strong></span> <span class='ocrx_word' id='word_1_610' title='bbox 2096 5380 2143 5423; x_wconf 81' lang='lat' dir='ltr'><strong>e.</strong></span> <span class='ocrx_word' id='word_1_611' title='bbox 2164 5384 2215 5424; x_wconf 76' lang='lat' dir='ltr'><strong>vr</strong></span> <span class='ocrx_word' id='word_1_612' title='bbox 2324 5373 2527 5433; x_wconf 76' lang='lat' dir='ltr'><strong>Anima,</strong></span> <span class='ocrx_word' id='word_1_613' title='bbox 2552 5370 2644 5420; x_wconf 89' lang='lat' dir='ltr'><strong>lib.</strong></span> <span class='ocrx_word' id='word_1_614' title='bbox 2676 5371 2743 5435; x_wconf 81' lang='lat' dir='ltr'><strong>n,</strong></span> <span class='ocrx_word' id='word_1_615' title='bbox 2779 5373 2919 5421; x_wconf 87' lang='lat' dir='ltr'><strong>cont.</strong></span> <span class='ocrx_word' id='word_1_616' title='bbox 2960 5372 3039 5420; x_wconf 73' lang='lat'><strong>24.</strong></span> <span class='ocrx_word' id='word_1_617' title='bbox 3063 5394 3119 5406; x_wconf 88' lang='lat'><strong>--</strong></span> <span class='ocrx_word' id='word_1_618' title='bbox 3152 5367 3175 5401; x_wconf 76' lang='lat'>⁸</span> <span class='ocrx_word' id='word_1_619' title='bbox 3208 5368 3358 5432; x_wconf 67' lang='lat' dir='ltr'><strong>Aug„</strong></span> <span class='ocrx_word' id='word_1_620' title='bbox 3383 5365 3444 5415; x_wconf 84' lang='lat' dir='ltr'><strong>de</strong></span> <span class='ocrx_word' id='word_1_621' title='bbox 3473 5365 3592 5417; x_wconf 80' lang='lat' dir='ltr'><strong>Gen.</strong></span> <span class='ocrx_word' id='word_1_622' title='bbox 3627 5363 3698 5414; x_wconf 82' lang='lat' dir='ltr'><strong>ad</strong></span> <span class='ocrx_word' id='word_1_623' title='bbox 3728 5361 3847 5423; x_wconf 62' lang='lat' dir='ltr'><strong>titt„</strong></span> 
     </span>
     <span class='ocr_line' id='line_1_90' title="bbox 679 5433 3849 5508; baseline -0.002 -21"><span class='ocrx_word' id='word_1_624' title='bbox 679 5440 733 5488; x_wconf 84' lang='lat' dir='ltr'><strong>et</strong></span> <span class='ocrx_word' id='word_1_625' title='bbox 761 5448 857 5491; x_wconf 82' lang='lat' dir='ltr'><strong>vu.</strong></span> <span class='ocrx_word' id='word_1_626' title='bbox 886 5462 945 5478; x_wconf 88' lang='lat'><strong>--</strong></span> <span class='ocrx_word' id='word_1_627' title='bbox 963 5440 987 5474; x_wconf 78' lang='lat'>²</span> <span class='ocrx_word' id='word_1_628' title='bbox 1039 5439 1213 5505; x_wconf 65' lang='lat' dir='ltr'><strong>Arist„</strong></span> <span class='ocrx_word' id='word_1_629' title='bbox 1242 5440 1303 5491; x_wconf 82' lang='lat' dir='ltr'><strong>de</strong></span> <span class='ocrx_word' id='word_1_630' title='bbox 1341 5442 1594 5504; x_wconf 67' lang='lat' dir='ltr'><strong>Gener-at„</strong></span> <span class='ocrx_word' id='word_1_631' title='bbox 1637 5442 1729 5496; x_wconf 85' lang='lat' dir='ltr'><strong>lib.</strong></span> <span class='ocrx_word' id='word_1_632' title='bbox 1760 5442 1831 5507; x_wconf 89' lang='lat'><strong>11,</strong></span> <span class='ocrx_word' id='word_1_633' title='bbox 1861 5446 2002 5495; x_wconf 86' lang='lat' dir='ltr'><strong>cont.</strong></span> <span class='ocrx_word' id='word_1_634' title='bbox 2034 5446 2127 5508; x_wconf 76' lang='lat'><strong>533</strong></span> <span class='ocrx_word' id='word_1_635' title='bbox 2154 5441 2216 5493; x_wconf 83' lang='lat' dir='ltr'><strong>de</strong></span> <span class='ocrx_word' id='word_1_636' title='bbox 2329 5443 2420 5495; x_wconf 88' lang='lat' dir='ltr'><strong>lib.</strong></span> <span class='ocrx_word' id='word_1_637' title='bbox 2445 5443 2564 5506; x_wconf 76' lang='grc' dir='ltr'><strong>ΧΠ,</strong></span> <span class='ocrx_word' id='word_1_638' title='bbox 2592 5456 2640 5493; x_wconf 87' lang='lat' dir='ltr'><strong>c.</strong></span> <span class='ocrx_word' id='word_1_639' title='bbox 2659 5452 2767 5506; x_wconf 69' lang='lat' dir='ltr'><strong>xxa,</strong></span> <span class='ocrx_word' id='word_1_640' title='bbox 2795 5454 2852 5492; x_wconf 88' lang='lat' dir='ltr'><strong>n.</strong></span> <span class='ocrx_word' id='word_1_641' title='bbox 2870 5439 3049 5492; x_wconf 57' lang='lat' dir='ltr'><strong>:iz—⁸</strong></span> <span class='ocrx_word' id='word_1_642' title='bbox 3067 5439 3239 5504; x_wconf 65' lang='lat' dir='ltr'><strong>Arist„</strong></span> <span class='ocrx_word' id='word_1_643' title='bbox 3268 5437 3540 5502; x_wconf 80' lang='lat' dir='ltr'><strong>Topic.lib.</strong></span> <span class='ocrx_word' id='word_1_644' title='bbox 3560 5436 3621 5498; x_wconf 80' lang='lat' dir='ltr'><strong>V,</strong></span> <span class='ocrx_word' id='word_1_645' title='bbox 3650 5435 3749 5487; x_wconf 87' lang='lat' dir='ltr'><strong>loc.</strong></span> <span class='ocrx_word' id='word_1_646' title='bbox 3773 5433 3849 5481; x_wconf 72' lang='lat'><strong>54.</strong></span> 
     </span>
    </p>
   </div>
  </div>
 </body>
</html>
