4125 6225
743 428 860 488 120

742 561 838 623 est
899 551 1251 620 secundum
1320 548 1812 631 congruentiam
1856 569 1873 612 ε
1929 545 2278 629 Adiutores

742 660 917 725 enim
940 666 958 700 ¹
996 658 1114 724 Dei
1145 671 1387 722 sumus.
1419 654 1719 719 Attamen
1748 651 1915 715 Deus
1950 651 2086 714 sine
2114 667 2282 732 prae-

743 762 1071 847 paratione
1102 763 1166 824 et
1192 756 1633 840 cooperatione
1655 754 1958 839 justificat
1972 802 1989 829 ,
2013 756 2092 818 ut
2114 755 2283 836 patet

745 871 825 937 de
876 868 1279 935 sanctificatis
1329 867 1399 929 in
1449 870 1633 928 utero
1654 912 1674 943 ,
1711 868 1775 927 et
1819 867 1890 926 ut
1931 861 2151 926 dicunt
2204 860 2283 924 de

749 975 948 1041 Paulo
981 998 997 1039 ι
1030 978 1096 1039 et
1119 976 1409 1055 respectu
1427 971 1653 1035 talium
1676 986 1948 1052 operum
1971 967 2163 1032 habet
2184 985 2285 1031 ra-

750 1085 988 1150 tionem
1026 1080 1371 1147 voluntatis
1413 1078 1486 1142 in
1529 1075 1849 1158 generali,
1881 1080 1944 1139 et
1984 1075 2177 1139 habet
2215 1075 2285 1139 in

748 1189 1031 1275 speciali;
1063 1187 1171 1253 sed
1214 1187 1284 1250 in
1315 1184 1609 1267 generali·
1630 1188 1866 1247 certam
1882 1229 1899 1261 ,
1926 1181 1998 1245 in
2027 1181 2287 1264 speciali

749 1296 1087 1364 occultam.
1110 1293 1179 1358 Si
1205 1293 1382 1357 enim
1399 1291 1714 1374 quaeritur
1742 1307 1940 1373 quare
1967 1288 2133 1353 Deus
2147 1289 2289 1354 vult

743 1402 1115 1487 Justiflcare,
1145 1399 1559 1482 respondetur
1590 1416 1607 1460 ε
1646 1420 1677 1457 α
1705 1395 1803 1460 Ad
1835 1395 2287 1460 misericordiae

752 1526 890 1575 suae
935 1506 1380 1573 ostensionem.
1427 1525 1458 1565 n
1517 1503 1595 1568 Et
1640 1503 1694 1567 si
1736 1501 2047 1586 quaeritur
2087 1520 2290 1585 quare

753 1635 887 1683 non
910 1616 1052 1683 vult
1080 1634 1302 1680 omnes
1336 1613 1632 1679 homines
1659 1612 2007 1694 Justiflcare
2052 1612 2289 1677 volun-

754 1728 884 1790 tate
937 1722 1316 1806 beneplaciti
1337 1768 1353 1798 ,
1401 1719 1739 1784 dicendum
1787 1718 1958 1801 quod
2024 1717 2149 1780 hoc
2198 1722 2293 1781 est

756 1833 1014 1916 propter
1032 1829 1298 1911 justitiae
1322 1845 1460 1891 suae
1481 1827 1926 1892 ostensionem.
1958 1823 2136 1889 Unde
2163 1824 2292 1888 Au-

757 1937 1086 2020 gustinus,
1110 1935 1188 2000 dc
1217 1935 1486 2000 civitate
1505 1934 1622 1998 Dei
1639 1934 1662 1968 ²
1677 1954 1702 1994 .·
1738 1956 1770 1994 α
1796 1930 1865 1996 Si
1890 1936 2296 1997 remanerent

759 2062 983 2111 omnes
1001 2043 1068 2107 in
1097 2043 1303 2126 poenis
1321 2044 1516 2125 justae
1541 2040 1987 2118 damnationis,
2019 2056 2150 2101 non
2178 2057 2293 2122 ap-

760 2154 1009 2235 pareret
1023 2149 1375 2213 misericors
1394 2148 1603 2229 gratia
1616 2145 2003 2210 redimentis
2025 2143 2293 2222 RursuS,

760 2258 818 2323 si
831 2276 1054 2322 omues
1066 2256 1557 2320 transferrentur
1574 2253 1651 2318 de
1667 2252 1943 2318 tenebris
1961 2253 2042 2317 ad
2060 2254 2293 2332 lucem,

763 2364 831 2429 in
856 2363 1032 2427 nullo
1055 2366 1386 2446 appareret
1412 2361 1713 2426 severitas
1738 2359 1996 2424 ultionis
2025 2380 2039 2420 ι
2074 2359 2143 2422 in
2170 2378 2298 2442 qua

762 2475 1093 2556 propterea
1135 2469 1341 2534 multo
1378 2469 1591 2552 plures
1629 2486 1826 2551 quam
1861 2468 1930 2531 in
1960 2467 2071 2532 illa
2112 2471 2295 2544 sunt,

762 2581 839 2643 ut
863 2578 952 2642 sic
976 2579 1309 2660 appareret
1341 2576 1512 2658 quod
1541 2575 1838 2639 omnibus
1863 2574 2229 2639 debebatur.
2260 2596 2290 2633 n

765 2687 832 2753 Si
871 2688 1200 2769 quaeratur
1243 2685 1310 2748 in
1361 2683 1616 2768 speciali
1664 2701 1864 2766 quare
1902 2683 2113 2763 magis
2159 2682 2301 2748 vult

758 2795 1109 2878 Justificare
1135 2810 1343 2856 unum
1369 2810 1567 2875 quam
1593 2790 1816 2867 alium,
1847 2788 2097 2854 duobus
2122 2788 2300 2852 simi-

764 2901 935 2967 libus
953 2899 1391 2966 demonstratis
1409 2922 1426 2978 ;
1456 2899 1612 2982 quia
1637 2899 1853 2963 multae
1883 2899 2151 2980 possunt
2167 2915 2301 2962 esse

766 3011 1043 3077 rationes
1064 3008 1507 3090 congruentiae
1527 3056 1544 3085 ,
1575 3007 1715 3072 ideo
1741 3025 1874 3071 non
1917 3010 2012 3071 est
2035 3006 2300 3071 certitu-

767 3121 849 3186 do
893 3138 933 3183 a
964 3120 1140 3201 parte
1166 3117 1260 3181 rei
1293 3139 1309 3181 :
1342 3121 1407 3182 et
1445 3117 1584 3181 ideo
1608 3134 1757 3179 cum
1785 3115 2061 3196 cognitio
2088 3118 2305 3179 nostra
2354 3119 2359 3124 ’

767 3226 1037 3312 pendeat
1062 3245 1100 3290 a
1129 3223 1503 3289 certitudine
1532 3222 1647 3302 rei,
1678 3222 1899 3286 nullus
1924 3226 2159 3286 certam
2182 3241 2303 3305 po-

769 3338 890 3400 test
916 3333 1205 3397 invenire
1246 3331 1560 3396 rationem
1583 3377 1600 3408 ,
1631 3328 1754 3392 nisi
1784 3329 2015 3393 habeat
2060 3347 2174 3412 per
2200 3347 2301 3394 re-

768 3440 1152 3504 velationem
1201 3437 1371 3501 illius
1388 3485 1405 3513 ,
1444 3436 1546 3499 cui
1580 3434 1775 3499 dubia
1812 3440 1965 3499 sunt
2004 3439 2194 3500 certa.
2228 3434 2306 3499 Et

770 3546 923 3630 quia
963 3564 1094 3609 non
1136 3544 1258 3608 fuit
1300 3543 1482 3607 nobis
1525 3540 1866 3624 expediens
1909 3540 1988 3605 ad
2036 3542 2306 3605 salutem

770 3655 889 3719 ista
932 3650 1212 3733 cognitio
1247 3699 1264 3730 ,
1321 3649 1430 3713 sed
1480 3648 1696 3732 utilior
1755 3647 1875 3711 fuit
1941 3648 2307 3729 ignorantia

771 3766 1026 3848 propter
1047 3760 1504 3837 humilitatem3
1526 3757 1666 3821 ideo
1698 3754 1864 3821 Deus
1888 3754 2092 3819 noluit
2118 3772 2304 3820 reve-

771 3870 904 3934 lare
929 3891 944 3932 :
968 3872 1032 3932 et
1049 3864 1389 3950 Apostolus
1418 3882 1552 3928 non
1577 3863 1606 3926 f
1607 3862 1698 3926 uit
1716 3880 1911 3927 ausus
1942 3861 2266 3945 inquirere
2283 3883 2302 3940 3

772 3978 882 4043 sed
925 3975 1196 4041 ostendit
1224 3974 1536 4040 defectum
1566 3977 1799 4036 nostrae
1827 3970 2263 4052 intelligentiae
2284 4019 2304 4051 ,

773 4102 924 4149 cum
974 4081 1352 4147 exclamavit
1377 4085 1402 4121 ⁸
1437 4101 1452 4144 ε
1497 4079 1546 4144 Ο
1595 4077 1873 4146 altitudo
1920 4076 2307 4144 divitiarum

771 4190 1115 4272 sapientiae
1134 4236 1154 4266 ,
1193 4193 1253 4255 et
1294 4189 1579 4255 scientia>
1621 4187 1793 4252 Dei!
1827 4203 2022 4270 quam
2068 4188 2311 4252 incom-

768 4293 1228 4380 prehensibilia
1263 4297 1413 4359 sunt
1435 4291 1702 4373 jndicia-
1728 4290 1901 4372 ejus,
1936 4296 1996 4358 et
2031 4292 2309 4359 invesci-

773 4401 1013 4486 cabitos
1037 4401 1165 4466 vioe
1180 4398 1341 4480 ejzcs,
1370 4401 1490 4463 etc.

855 4514 915 4573 1.
951 4506 1047 4572 Ad
1086 4505 1245 4570 illud
1287 4521 1445 4585 ergo
1491 4504 1666 4586 quod
1710 4503 2056 4586 quaeritur,
2085 4507 2308 4570 utrum

774 4613 1242 4701 praedestinatio
1279 4611 1509 4676 habeat
1559 4610 1912 4688 rationem3
1969 4611 2310 4677 dicendum

775 4728 947 4813 quod
981 4726 1173 4790 habet
1193 4725 1261 4787 in
1278 4721 1560 4805 generali
1583 4744 1600 4801 ;
1628 4720 1919 4787 similiter
1936 4722 2004 4787 in
2027 4723 2307 4807 speciali,

776 4841 840 4902 et
879 4835 1022 4900 haec
1057 4832 1218 4899 ratio
1254 4834 1405 4896 nota
1444 4834 1539 4894 est
1573 4829 1810 4894 divinae
1854 4830 2266 4913 praescientiae
2290 4879 2307 4912 ,

775 4963 910 5011 non
934 4943 1140 5021 nobis,
1169 4941 1416 5006 ratione
1442 4938 1765 5022 praedicta.

855 5058 895 5118 2
925 5056 988 5118 et
1021 5057 1082 5116 3.
1122 5050 1220 5117 Ad
1263 5049 1420 5113 illud
1454 5047 1629 5131 quod
1664 5047 1963 5130 objicitur
2012 5050 2090 5114 de
2134 5070 2312 5117 sacra

777 5161 1105 5246 Scriptura
1122 5208 1140 5240 ,
1178 5157 1353 5242 quod
1379 5155 1663 5237 assignat
1693 5155 2159 5239 beneplacitum
2194 5178 2310 5242 pro

846 5324 901 5373 ¹1
933 5322 1068 5379 Cor..
1098 5333 1185 5383 111,
1209 5323 1254 5371 8.
1293 5347 1355 5358 -
1381 5320 1404 5354 ²
1431 5320 1580 5383 Aug„
1605 5317 1667 5367 de
1694 5318 1851 5369 civit.
1885 5318 2010 5381 Dei,
2037 5320 2126 5372 lib.
2161 5324 2273 5374 XXI
2292 5361 2307 5385 ,

780 5409 825 5446 c.
847 5405 950 5447 ΧΠ.
979 5392 1121 5443 Idem
1164 5391 1322 5443 habet
1348 5390 1402 5442 in
1447 5387 1731 5453 Enchirid„
1771 5403 1819 5439 c.
1864 5401 2019 5455 xc11,
2048 5404 2102 5440 n.
2146 5396 2226 5444 25.
2250 5421 2311 5431 -

1890 406 2508 478 SENTENTIARUM
2546 410 2695 476 LIB.
2740 412 2788 476 1.

2384 545 2671 626 ratione;
2711 544 3048 611 dicendum
3092 543 3260 627 quod
3304 542 3597 626 quamvis
3636 541 3903 622 assignet

2383 670 2501 735 pro
2530 652 2799 729 ratione,
2827 657 2891 717 et
2912 652 3107 715 aliam
3131 668 3263 715 non
3290 649 3628 732 exprimat,
3659 667 3789 712 non
3812 653 3899 713 ta-

2385 778 2535 825 men
2577 765 2674 824 est
2714 760 2857 824 ideo
2905 756 3408 823 concludendum
3448 756 3623 839 quod
3665 773 3794 820 non
3832 756 3909 820 sit

2385 868 2546 933 alia:
2573 869 2724 951 quia
2745 885 2879 931 non
2905 868 3057 929 sunt
3084 863 3299 927 omnia
3320 862 3569 946 scripta,
3602 863 3713 926 sed
3738 863 3911 926 nobis

2387 975 2589 1039 utilia.
2622 974 2783 1039 Utile
2809 977 3023 1037 autem
3057 971 3177 1034 fuit
3206 969 3365 1033 scire
3381 1018 3399 1049 ,
3425 969 3596 1052 quod
3623 968 3909 1033 divinum

2389 1081 2859 1165 beneplacitum
2881 1081 2976 1143 est
3004 1096 3193 1142 causa
3215 1080 3279 1141 et
3297 1075 3478 1153 rati0,
3511 1080 3589 1140 ut
3605 1076 3914 1140 discamus

2391 1209 2544 1254 eum
2571 1191 2827 1268 timere,
2860 1191 2924 1252 et
2944 1185 3104 1250 nihil
3136 1184 3513 1249 meritorum
3533 1183 3719 1248 nobis
3746 1184 3911 1248 attri-

2395 1298 2614 1361 buere.

2474 1409 2513 1468 4
2538 1407 2602 1468 et
2630 1405 2689 1466 5.
2721 1402 2820 1467 Ad
2847 1401 3003 1466 illud
3030 1399 3202 1484 quod
3238 1397 3557 1481 objicitur,
3588 1397 3759 1481 quod
3793 1417 3917 1463 non

2394 1511 2587 1592 elegit
2631 1511 2784 1593 quia
2827 1508 3123 1593 praevidit
3161 1508 3346 1586 tales;
3377 1506 3722 1571 dicendum
3761 1506 3919 1587 quod

2396 1618 2802 1699 Augustinus
2862 1621 3056 1697 negat
3122 1614 3475 1679 secundum
3536 1612 3713 1696 quod
3767 1611 3883 1676 hoc
3901 1659 3917 1688 ,

2396 1730 2569 1813 quod
2592 1732 2688 1793 est
2710 1730 2891 1809 quia,
2920 1726 3069 1790 dicit
3092 1744 3386 1805 causam3
3416 1742 3551 1788 non
3577 1723 3920 1788 secundum

2395 1833 2565 1916 quod
2612 1831 2762 1895 dicit
2789 1830 3097 1894 rationem
3137 1851 3149 1891 :
3187 1828 3341 1911 quia
3383 1827 3683 1910 quamvis
3717 1826 3922 1891 divina

2399 1940 2693 2004 voluntas
2739 1937 2933 2020 possit
2985 1934 3221 1998 habere
3271 1934 3619 2012 rationem,
3677 1950 3759 1995 ex
3804 1951 3923 2015 qua

2398 2048 2628 2113 dicitur
2680 2049 3107 2127 congruenter
3166 2042 3453 2127 operari,
3518 2047 3737 2106 tamen
3794 2022 3922 2104 ‘non

2400 2173 2689 2234 causam,
2720 2154 2857 2217 sive
2900 2153 3214 2216 rationem
3259 2149 3611 2226 causalem,
3657 2166 3804 2212 cum
3850 2148 3925 2211 sit

2401 2281 2590 2327 causa
2617 2279 2979 2339 causarum,
3007 2264 3071 2324 et
3091 2257 3373 2322 maxime
3400 2260 3695 2338 respectu
3717 2254 3921 2320 voliti:

2401 2369 2570 2452 quod
2604 2369 2863 2452 quidem
2897 2368 2992 2432 est
3029 2385 3112 2431 ex
3159 2383 3335 2429 mera
3374 2363 3484 2427 Dei
3519 2361 3886 2426 liberalitate
3905 2408 3923 2439 ,

2401 2480 2622 2559 utpote
2650 2480 2743 2540 est
2762 2475 2970 2556 gratia
2993 2472 3347 2556 Justificans
3371 2469 3652 2553 impium
3685 2491 3702 2532 ;
3733 2473 3795 2533 et
3824 2485 3926 2550 per

2402 2581 2524 2646 hoc
2544 2585 2715 2664 patet
2740 2600 3011 2664 sequens
3036 2581 3112 2646 de
3146 2583 3334 2644 statu.

2483 2694 2544 2753 6.
2571 2690 2671 2754 Ad
2697 2690 2857 2755 illud
2904 2689 3074 2773 quod
3110 2687 3456 2771 quaeritur,
3487 2688 3747 2769 propter
3773 2702 3925 2767 quo-

2402 2816 2554 2862 rum
2601 2790 3082 2881 praevisionem3
3131 2794 3470 2859 dicendum
3520 2792 3700 2877 quod
3743 2793 3929 2875 potest

2404 2922 2539 2969 esse
2569 2909 2823 2988 propter
2853 2902 3299 2986 praevisionem
3330 2902 3654 2965 bonorum
3670 2947 3692 2979 ‚
3725 2904 3793 2963 ut
3823 2896 3927 2961 ali-

2405 3031 2534 3096 quo
2551 3012 2740 3077 modo
2753 3015 2904 3084 sunt
2920 3010 3167 3075 alibero
3183 3009 3473 3087 arbitrio:
3492 3014 3754 3092 propter
3777 3023 3929 3090 quo-

2406 3139 2555 3185 rum
2592 3125 2806 3184 tamen
2833 3118 3278 3203 praevisionem
3314 3134 3432 3180 nec
3475 3117 3610 3180 scio
3657 3111 3931 3180 determi-

2406 3246 2584 3308 nare,
2600 3247 2716 3292 nec
2739 3228 2888 3292 volo
2903 3243 3211 3309 quaerere,
3228 3243 3346 3288 nec
3362 3227 3457 3289 est
3473 3224 3640 3287 ratio
3661 3223 3777 3285 nisi
3801 3238 3931 3285 con·

2409 3333 2917 3417 gruitatis.Unde
2933 3337 2996 3397 et
3019 3333 3144 3396 alia
3171 3336 3372 3415 potest
3390 3349 3523 3395 esse
3549 3349 3749 3413 quam
3779 3330 3924 3392 haec.

2489 3448 2549 3507 7.
2581 3442 2680 3507 Ad
2705 3442 2860 3506 illud
2885 3440 3057 3524 quod
3082 3440 3378 3522 objicitur
3404 3438 3481 3502 de
3512 3437 3739 3502 mundi
3762 3454 3926 3501 crea-

2409 3551 2610 3629 tione,
2648 3548 2989 3613 dicendum
3041 3546 3213 3629 quod
3266 3563 3397 3609 non
3450 3549 3545 3609 est
3599 3544 3805 3608 simile
3857 3543 3928 3606 de

2411 3654 2638 3720 mundi
2672 3654 2984 3719 creatione
3003 3701 3020 3731 ,
3048 3654 3200 3736 quia
3239 3651 3459 3716 mundi
3494 3652 3733 3715 creatio
3771 3669 3807 3712 a
3837 3648 3928 3713 di-

2410 3765 2562 3827 vina
2584 3762 2910 3826 voluntate
2935 3766 2998 3825 et
3027 3759 3409 3843 beneplacito
3433 3764 3546 3835 est,
3573 3764 3871 3841 tanquam
3892 3772 3927 3816 a

2412 3875 2543 3934 tota
2588 3887 2812 3948 causa;
2843 3873 2906 3932 et
2945 3886 3170 3932 rursus
3216 3884 3329 3950 per
3371 3864 3756 3930 creationem
3808 3877 3924 3925 non

2413 3979 2927 4063 praesupponitur
2945 3976 3206 4059 aliquid.
3234 3974 3529 4039 Rationes
3550 3991 3708 4039 vero
3733 3970 3810 4035 ad
3827 3986 3925 4051 op-

2415 4088 2691 4171 positum
2732 4085 3003 4168 probant
3046 4084 3214 4166 quod
3255 4082 3471 4147 divina
3510 4080 3807 4144 voluntas
3829 4093 3925 4139 ra-

2412 4192 2794 4256 tionabiliter
2823 4191 3004 4269 facit,
3043 4190 3181 4256 sive
3206 4188 3377 4273 quod
3407 4187 3598 4251 habet
3637 4185 3924 4250 rationem

2414 4298 2834 4379 congruitatis
2862 4299 3103 4362 ratione
3134 4296 3316 4361 voliti
3346 4314 3364 4358 t
3395 4297 3457 4358 et
3486 4294 3642 4375 quia
3670 4292 3787 4356 hoc
3825 4306 3921 4354 ve-

2414 4419 2563 4466 rum
2591 4405 2708 4482 est,
2730 4402 2870 4465 ideo
2897 4398 3314 4464 concedendae
3341 4399 3511 4461 sunt.
3540 4395 3621 4460 Et
3650 4389 3922 4477 quamvis

2414 4510 2647 4592 aliquae
2689 4527 2912 4573 earum
2953 4507 3192 4590 possint
3237 4505 3472 4570 habere
3519 4500 3918 4574 calumniam,

2415 4621 2629 4682 tamen
2670 4617 2988 4681 conclusio
3028 4615 3388 4699 principalis
3431 4630 3561 4676 non
3605 4610 3791 4674 habet
3829 4623 3922 4668 ca-

2414 4724 2752 4791 lumniam.
2783 4723 2946 4790 Nam
2960 4722 3366 4805 Augustinus
3379 4719 3527 4783 dicit
3548 4716 3753 4782 hocin
3776 4712 3919 4777 libro

2417 4835 2990 4912 immolationum,
3020 4835 3163 4914 post
3187 4846 3407 4894 omnes
3436 4824 3886 4890 retractationes
3902 4863 3917 4890 ,

2418 4944 2589 5026 quod
2618 4942 2936 5027 proponit,
2965 4943 3029 5004 et
3048 4938 3248 5019 eligit,
3278 4939 3341 4999 et
3360 4933 3654 5016 reprobat
3680 4929 3917 4994 veritate

2427 5074 2457 5113 α
2489 5051 2835 5116 certissima
2853 5096 2869 5125 ‚
2912 5051 2974 5111 et
3005 5065 3045 5110 a
3069 5044 3301 5109 nostris
3326 5040 3620 5105 sensibus
3650 5033 3947 5103 remotis*

2416 5157 2578 5222 sima
2607 5163 2650 5222 ⁸.
2674 5179 2704 5216 n
2751 5155 2829 5221 Et
2854 5155 3007 5238 quia
3037 5172 3076 5216 a
3107 5152 3397 5216 sensibus
3428 5149 3659 5213 nostris
3709 5148 3793 5210 est
3822 5157 3914 5205 re·-

2420 5324 2439 5355 ⁸
2471 5325 2625 5386 Rom„
2650 5333 2725 5381 11,
2750 5323 2827 5370 33.
2844 5344 2907 5355 -
2924 5317 2945 5352 ⁸
2972 5318 3121 5383 Aug„
3148 5316 3209 5366 de
3236 5316 3338 5364 din.
3369 5315 3549 5376 Quoest.
3584 5311 3652 5362 ad
3686 5303 3907 5369 simplic„

2416 5410 2468 5461 q.
2497 5406 2574 5457 11,
2600 5407 2654 5444 n.
2681 5396 2767 5456 16,
2811 5389 2899 5442 ubi
2934 5389 3119 5452 legitur
3155 5388 3389 5453 <equitate
3412 5386 3716 5445 certissima,
3748 5382 3833 5430 etc.
