<?xml version="1.0" encoding="UTF-8"?>
<!DOCTYPE html PUBLIC "-//W3C//DTD XHTML 1.0 Transitional//EN"
    "http://www.w3.org/TR/xhtml1/DTD/xhtml1-transitional.dtd">
<html xmlns="http://www.w3.org/1999/xhtml" xml:lang="en" lang="en">
 <head>
  <title>
</title>
<meta http-equiv="Content-Type" content="text/html;charset=utf-8" />
  <meta name='ocr-system' content='tesseract 3.04.00' />
  <meta name='ocr-capabilities' content='ocr_page ocr_carea ocr_par ocr_line ocrx_word'/>
</head>
<body>
  <div class='ocr_page' id='page_1' title='image "./srecardinalissb01peltgoog_0164.png"; bbox 0 0 4125 6225; ppageno 0'>
   <div class='ocr_carea' id='block_1_1' title="bbox 788 440 2822 515">
    <p class='ocr_par' dir='ltr' id='par_1_1' title="bbox 788 440 2822 515">
     <span class='ocr_line' id='line_1_1' title="bbox 788 440 2822 515; baseline 0.001 -4"><span class='ocrx_word' id='word_1_1' title='bbox 788 450 906 512; x_wconf 72' lang='lat'>142</span> <span class='ocrx_word' id='word_1_2' title='bbox 1932 440 2552 515; x_wconf 82' lang='lat' dir='ltr'>SENTENTIARUM</span> <span class='ocrx_word' id='word_1_3' title='bbox 2585 442 2733 514; x_wconf 87' lang='lat' dir='ltr'>LIB.</span> <span class='ocrx_word' id='word_1_4' title='bbox 2774 449 2822 514; x_wconf 91' lang='lat'>1.</span> 
     </span>
    </p>
   </div>
   <div class='ocr_carea' id='block_1_2' title="bbox 568 581 3951 3241">
    <p class='ocr_par' dir='ltr' id='par_1_2' title="bbox 778 581 3951 1958">
     <span class='ocr_line' id='line_1_2' title="bbox 788 581 3942 678; baseline 0.002 -29"><span class='ocrx_word' id='word_1_5' title='bbox 788 581 941 668; x_wconf 87' lang='lat' dir='ltr'>fiat;</span> <span class='ocrx_word' id='word_1_6' title='bbox 977 606 1013 647; x_wconf 81' lang='lat'>»</span> <span class='ocrx_word' id='word_1_7' title='bbox 1043 581 1345 669; x_wconf 79' lang='lat' dir='ltr'>dicimuS,</span> <span class='ocrx_word' id='word_1_8' title='bbox 1374 584 1533 674; x_wconf 89' lang='lat' dir='ltr'>quia</span> <span class='ocrx_word' id='word_1_9' title='bbox 1558 584 1922 653; x_wconf 72' lang='lat' dir='ltr'><em>exactionis</em></span> <span class='ocrx_word' id='word_1_10' title='bbox 1948 584 2226 654; x_wconf 88' lang='lat' dir='ltr'>verbum</span> <span class='ocrx_word' id='word_1_11' title='bbox 2254 584 2334 653; x_wconf 91' lang='lat' dir='ltr'>de</span> <span class='ocrx_word' id='word_1_12' title='bbox 2352 583 2486 653; x_wconf 91' lang='lat' dir='ltr'>Deo</span> <span class='ocrx_word' id='word_1_13' title='bbox 2514 606 2801 673; x_wconf 82' lang='lat' dir='ltr'>congrue</span> <span class='ocrx_word' id='word_1_14' title='bbox 2828 606 2961 652; x_wconf 90' lang='lat' dir='ltr'>non</span> <span class='ocrx_word' id='word_1_15' title='bbox 2996 583 3257 668; x_wconf 87' lang='lat' dir='ltr'>dicitur,</span> <span class='ocrx_word' id='word_1_16' title='bbox 3293 602 3413 652; x_wconf 83' lang='lat' dir='ltr'>nec</span> <span class='ocrx_word' id='word_1_17' title='bbox 3437 584 3697 676; x_wconf 79' lang='lat' dir='ltr'>proprie</span> <span class='ocrx_word' id='word_1_18' title='bbox 3724 582 3942 678; x_wconf 82' lang='lat' dir='ltr'>accipl-</span> 
     </span>
     <span class='ocr_line' id='line_1_3' title="bbox 790 694 3946 792; baseline 0.002 -28"><span class='ocrx_word' id='word_1_19' title='bbox 790 705 920 766; x_wconf 85' lang='lat' dir='ltr'><strong>tur.</strong></span> <span class='ocrx_word' id='word_1_20' title='bbox 953 699 1035 766; x_wconf 89' lang='lat' dir='ltr'>Et</span> <span class='ocrx_word' id='word_1_21' title='bbox 1067 699 1137 767; x_wconf 90' lang='lat' dir='ltr'>in</span> <span class='ocrx_word' id='word_1_22' title='bbox 1164 699 1297 767; x_wconf 89' lang='lat' dir='ltr'>illis</span> <span class='ocrx_word' id='word_1_23' title='bbox 1322 700 1764 769; x_wconf 87' lang='lat' dir='ltr'>locutionibus</span> <span class='ocrx_word' id='word_1_24' title='bbox 1790 700 2037 792; x_wconf 82' lang='lat' dir='ltr'><strong>duplex</strong></span> <span class='ocrx_word' id='word_1_25' title='bbox 2081 709 2178 769; x_wconf 90' lang='lat' dir='ltr'>est</span> <span class='ocrx_word' id='word_1_26' title='bbox 2210 722 2459 770; x_wconf 89' lang='lat' dir='ltr'>sensus.</span> <span class='ocrx_word' id='word_1_27' title='bbox 2495 700 2566 769; x_wconf 91' lang='lat' dir='ltr'>Si</span> <span class='ocrx_word' id='word_1_28' title='bbox 2586 700 2778 789; x_wconf 42' lang='lat' dir='ltr'>‚enim</span> <span class='ocrx_word' id='word_1_29' title='bbox 2824 698 3152 789; x_wconf 81' lang='lat' dir='ltr'>intelligas</span> <span class='ocrx_word' id='word_1_30' title='bbox 3184 722 3202 767; x_wconf 88' lang='lat'><strong>:</strong></span> <span class='ocrx_word' id='word_1_31' title='bbox 3242 726 3276 766; x_wconf 75' lang='lat' dir='ltr'>c&lt;</span> <span class='ocrx_word' id='word_1_32' title='bbox 3307 694 3456 768; x_wconf 82' lang='lat' dir='ltr'>Non</span> <span class='ocrx_word' id='word_1_33' title='bbox 3500 700 3707 792; x_wconf 84' lang='lat' dir='ltr'>potest</span> <span class='ocrx_word' id='word_1_34' title='bbox 3750 700 3946 771; x_wconf 87' lang='lat' dir='ltr'>facere</span> 
     </span>
     <span class='ocr_line' id='line_1_4' title="bbox 788 814 3940 909; baseline 0.002 -28"><span class='ocrx_word' id='word_1_35' title='bbox 788 814 914 882; x_wconf 89' lang='lat' dir='ltr'>nisi</span> <span class='ocrx_word' id='word_1_36' title='bbox 949 815 1127 907; x_wconf 92' lang='lat' dir='ltr'>quod</span> <span class='ocrx_word' id='word_1_37' title='bbox 1163 840 1283 885; x_wconf 86' lang='lat' dir='ltr'>sua</span> <span class='ocrx_word' id='word_1_38' title='bbox 1312 816 1568 909; x_wconf 87' lang='lat' dir='ltr'>justitia</span> <span class='ocrx_word' id='word_1_39' title='bbox 1599 817 1826 908; x_wconf 80' lang='lat' dir='ltr'>exigit,</span> <span class='ocrx_word' id='word_1_40' title='bbox 1857 844 1892 883; x_wconf 73' lang='grc'>11</span> <span class='ocrx_word' id='word_1_41' title='bbox 1936 818 2003 886; x_wconf 91' lang='lat' dir='ltr'>id</span> <span class='ocrx_word' id='word_1_42' title='bbox 2031 826 2151 903; x_wconf 90' lang='lat' dir='ltr'>est,</span> <span class='ocrx_word' id='word_1_43' title='bbox 2196 818 2323 885; x_wconf 91' lang='lat' dir='ltr'>nisi</span> <span class='ocrx_word' id='word_1_44' title='bbox 2360 818 2536 909; x_wconf 86' lang='lat' dir='ltr'>quod</span> <span class='ocrx_word' id='word_1_45' title='bbox 2583 817 2888 885; x_wconf 78' lang='lat' dir='ltr'>voluntas</span> <span class='ocrx_word' id='word_1_46' title='bbox 2915 839 3031 885; x_wconf 89' lang='lat' dir='ltr'>sua</span> <span class='ocrx_word' id='word_1_47' title='bbox 3063 816 3243 907; x_wconf 89' lang='lat' dir='ltr'>justa</span> <span class='ocrx_word' id='word_1_48' title='bbox 3268 816 3447 903; x_wconf 83' lang='lat' dir='ltr'>vult3</span> <span class='ocrx_word' id='word_1_49' title='bbox 3479 816 3718 885; x_wconf 84' lang='lat' dir='ltr'>falsum</span> <span class='ocrx_word' id='word_1_50' title='bbox 3746 816 3899 885; x_wconf 87' lang='lat' dir='ltr'>dicis</span> <span class='ocrx_word' id='word_1_51' title='bbox 3927 845 3940 886; x_wconf 73' lang='grc' dir='ltr'>ε</span> 
     </span>
     <span class='ocr_line' id='line_1_5' title="bbox 778 918 3941 1025; baseline 0.002 -28"><span class='ocrx_word' id='word_1_52' title='bbox 778 928 1035 1021; x_wconf 86' lang='lat' dir='ltr'>justitia</span> <span class='ocrx_word' id='word_1_53' title='bbox 1062 933 1238 1000; x_wconf 92' lang='lat' dir='ltr'>enim</span> <span class='ocrx_word' id='word_1_54' title='bbox 1265 933 1472 1024; x_wconf 86' lang='lat' dir='ltr'>ipsius</span> <span class='ocrx_word' id='word_1_55' title='bbox 1498 932 1617 1001; x_wconf 86' lang='lat' dir='ltr'>Dei</span> <span class='ocrx_word' id='word_1_56' title='bbox 1645 933 2014 1025; x_wconf 84' lang='lat' dir='ltr'>aequissima</span> <span class='ocrx_word' id='word_1_57' title='bbox 2047 934 2352 1002; x_wconf 82' lang='lat' dir='ltr'>voluntas</span> <span class='ocrx_word' id='word_1_58' title='bbox 2396 933 2735 1025; x_wconf 81' lang='lat' dir='ltr'>accipitur,</span> <span class='ocrx_word' id='word_1_59' title='bbox 2765 918 3050 1025; x_wconf 55' lang='lat' dir='ltr'>dualiter</span> <span class='ocrx_word' id='word_1_60' title='bbox 3091 933 3323 1025; x_wconf 85' lang='lat' dir='ltr'>accipit</span> <span class='ocrx_word' id='word_1_61' title='bbox 3369 928 3785 1023; x_wconf 79' lang='lat' dir='ltr'>Augustinus</span> <span class='ocrx_word' id='word_1_62' title='bbox 3828 933 3941 1002; x_wconf 91' lang='lat' dir='ltr'>illa</span> 
     </span>
     <span class='ocr_line' id='line_1_6' title="bbox 786 1046 3942 1142; baseline 0.001 -28"><span class='ocrx_word' id='word_1_63' title='bbox 786 1046 986 1115; x_wconf 81' lang='lat' dir='ltr'>verba</span> <span class='ocrx_word' id='word_1_64' title='bbox 1014 1046 1326 1135; x_wconf 90' lang='lat' dir='ltr'>Domini,</span> <span class='ocrx_word' id='word_1_65' title='bbox 1375 1049 1442 1117; x_wconf 90' lang='lat' dir='ltr'>in</span> <span class='ocrx_word' id='word_1_66' title='bbox 1490 1049 1723 1120; x_wconf 78' lang='lat' dir='ltr'>Genesi</span> <span class='ocrx_word' id='word_1_67' title='bbox 1750 1058 1799 1137; x_wconf 88' lang='lat'>¹,</span> <span class='ocrx_word' id='word_1_68' title='bbox 1841 1050 2171 1142; x_wconf 87' lang='lat' dir='ltr'>loquentis</span> <span class='ocrx_word' id='word_1_69' title='bbox 2230 1049 2312 1119; x_wconf 86' lang='lat' dir='ltr'>ad</span> <span class='ocrx_word' id='word_1_70' title='bbox 2350 1049 2471 1118; x_wconf 91' lang='lat' dir='ltr'>Lot</span> <span class='ocrx_word' id='word_1_71' title='bbox 2522 1075 2538 1117; x_wconf 74' lang='grc' dir='ltr'><strong><em>ε</em></strong></span> <span class='ocrx_word' id='word_1_72' title='bbox 2586 1052 2739 1120; x_wconf 82' lang='lat' dir='ltr'>Non</span> <span class='ocrx_word' id='word_1_73' title='bbox 2766 1072 3041 1141; x_wconf 80' lang='lat' dir='ltr'>possum</span> <span class='ocrx_word' id='word_1_74' title='bbox 3091 1049 3452 1142; x_wconf 81' lang='lat' dir='ltr'>quidquam</span> <span class='ocrx_word' id='word_1_75' title='bbox 3484 1051 3710 1140; x_wconf 77' lang='lat' dir='ltr'>facere</span> <span class='ocrx_word' id='word_1_76' title='bbox 3750 1048 3942 1118; x_wconf 84' lang='lat' dir='ltr'>donec</span> 
     </span>
     <span class='ocr_line' id='line_1_7' title="bbox 784 1164 3949 1258; baseline 0.001 -28"><span class='ocrx_word' id='word_1_77' title='bbox 784 1164 900 1231; x_wconf 84' lang='lat' dir='ltr'>illo</span> <span class='ocrx_word' id='word_1_78' title='bbox 938 1164 1249 1248; x_wconf 67' lang='lat' dir='ltr'>introeam,</span> <span class='ocrx_word' id='word_1_79' title='bbox 1297 1189 1628 1257; x_wconf 78' lang='lat' dir='ltr'>exponens</span> <span class='ocrx_word' id='word_1_80' title='bbox 1655 1173 1677 1207; x_wconf 80' lang='lat'>²</span> <span class='ocrx_word' id='word_1_81' title='bbox 1719 1192 1733 1235; x_wconf 90' lang='lat'><strong>:</strong></span> <span class='ocrx_word' id='word_1_82' title='bbox 1780 1192 1815 1233; x_wconf 87' lang='lat'>«</span> <span class='ocrx_word' id='word_1_83' title='bbox 1841 1166 1989 1235; x_wconf 90' lang='lat' dir='ltr'>Non</span> <span class='ocrx_word' id='word_1_84' title='bbox 2032 1190 2250 1258; x_wconf 83' lang='lat' dir='ltr'>posse,</span> <span class='ocrx_word' id='word_1_85' title='bbox 2291 1166 2533 1257; x_wconf 87' lang='lat' dir='ltr'>inquit,</span> <span class='ocrx_word' id='word_1_86' title='bbox 2583 1189 2650 1234; x_wconf 89' lang='lat' dir='ltr'>se</span> <span class='ocrx_word' id='word_1_87' title='bbox 2696 1166 2886 1255; x_wconf 82' lang='lat' dir='ltr'>dixit,</span> <span class='ocrx_word' id='word_1_88' title='bbox 2919 1166 3099 1257; x_wconf 89' lang='lat' dir='ltr'>quod</span> <span class='ocrx_word' id='word_1_89' title='bbox 3126 1167 3267 1234; x_wconf 88' lang='lat' dir='ltr'>sine</span> <span class='ocrx_word' id='word_1_90' title='bbox 3307 1165 3509 1235; x_wconf 90' lang='lat' dir='ltr'>dubio</span> <span class='ocrx_word' id='word_1_91' title='bbox 3555 1175 3808 1256; x_wconf 86' lang='lat' dir='ltr'>poterat</span> <span class='ocrx_word' id='word_1_92' title='bbox 3842 1188 3949 1258; x_wconf 88' lang='lat' dir='ltr'>per</span> 
     </span>
     <span class='ocr_line' id='line_1_8' title="bbox 785 1281 3949 1376; baseline 0 -27"><span class='ocrx_word' id='word_1_93' title='bbox 785 1282 1176 1371; x_wconf 85' lang='lat' dir='ltr'>potentiam3</span> <span class='ocrx_word' id='word_1_94' title='bbox 1210 1283 1320 1353; x_wconf 87' lang='lat' dir='ltr'>sed</span> <span class='ocrx_word' id='word_1_95' title='bbox 1341 1306 1476 1352; x_wconf 90' lang='lat' dir='ltr'>non</span> <span class='ocrx_word' id='word_1_96' title='bbox 1503 1292 1755 1375; x_wconf 84' lang='lat' dir='ltr'>poterat</span> <span class='ocrx_word' id='word_1_97' title='bbox 1774 1306 1890 1376; x_wconf 89' lang='lat' dir='ltr'>per</span> <span class='ocrx_word' id='word_1_98' title='bbox 1908 1284 2257 1375; x_wconf 88' lang='lat' dir='ltr'>justitiam.</span> <span class='ocrx_word' id='word_1_99' title='bbox 2289 1282 2475 1364; x_wconf 91' lang='lat' dir='ltr'>Quod</span> <span class='ocrx_word' id='word_1_100' title='bbox 2505 1292 2755 1374; x_wconf 86' lang='lat' dir='ltr'>poterat</span> <span class='ocrx_word' id='word_1_101' title='bbox 2782 1282 3075 1375; x_wconf 88' lang='lat' dir='ltr'>quidem,</span> <span class='ocrx_word' id='word_1_102' title='bbox 3108 1282 3219 1350; x_wconf 88' lang='lat' dir='ltr'>sed</span> <span class='ocrx_word' id='word_1_103' title='bbox 3249 1305 3384 1351; x_wconf 90' lang='lat' dir='ltr'>non</span> <span class='ocrx_word' id='word_1_104' title='bbox 3412 1282 3674 1351; x_wconf 83' lang='lat' dir='ltr'>volebat</span> <span class='ocrx_word' id='word_1_105' title='bbox 3706 1307 3721 1349; x_wconf 73' lang='grc' dir='ltr'>ε</span> <span class='ocrx_word' id='word_1_106' title='bbox 3754 1291 3817 1350; x_wconf 87' lang='lat' dir='ltr'>et</span> <span class='ocrx_word' id='word_1_107' title='bbox 3842 1281 3949 1350; x_wconf 82' lang='lat' dir='ltr'>illa</span> 
     </span>
     <span class='ocr_line' id='line_1_9' title="bbox 792 1396 3945 1492; baseline 0.001 -29"><span class='ocrx_word' id='word_1_108' title='bbox 792 1396 1090 1466; x_wconf 79' lang='lat' dir='ltr'>voluntas</span> <span class='ocrx_word' id='word_1_109' title='bbox 1111 1398 1289 1489; x_wconf 87' lang='lat' dir='ltr'>justa</span> <span class='ocrx_word' id='word_1_110' title='bbox 1316 1408 1476 1467; x_wconf 87' lang='lat' dir='ltr'>erat.</span> <span class='ocrx_word' id='word_1_111' title='bbox 1508 1426 1542 1465; x_wconf 74' lang='grc'>1)</span> <span class='ocrx_word' id='word_1_112' title='bbox 1567 1398 1665 1468; x_wconf 66' lang='lat' dir='ltr'>‘Si</span> <span class='ocrx_word' id='word_1_113' title='bbox 1705 1423 1861 1469; x_wconf 83' lang='lat' dir='ltr'>vero</span> <span class='ocrx_word' id='word_1_114' title='bbox 1893 1423 2009 1492; x_wconf 89' lang='lat' dir='ltr'>per</span> <span class='ocrx_word' id='word_1_115' title='bbox 2035 1400 2174 1469; x_wconf 82' lang='lat' dir='ltr'>haec</span> <span class='ocrx_word' id='word_1_116' title='bbox 2208 1400 2411 1468; x_wconf 84' lang='lat' dir='ltr'>verba</span> <span class='ocrx_word' id='word_1_117' title='bbox 2450 1399 2765 1488; x_wconf 84' lang='lat' dir='ltr'>intelligis</span> <span class='ocrx_word' id='word_1_118' title='bbox 2792 1421 2946 1467; x_wconf 88' lang='lat' dir='ltr'>eum</span> <span class='ocrx_word' id='word_1_119' title='bbox 2976 1422 3109 1467; x_wconf 90' lang='lat' dir='ltr'>non</span> <span class='ocrx_word' id='word_1_120' title='bbox 3151 1420 3336 1490; x_wconf 85' lang='lat' dir='ltr'>posse</span> <span class='ocrx_word' id='word_1_121' title='bbox 3365 1400 3600 1486; x_wconf 83' lang='lat' dir='ltr'>faeere,</span> <span class='ocrx_word' id='word_1_122' title='bbox 3632 1398 3762 1467; x_wconf 91' lang='lat' dir='ltr'>nisi</span> <span class='ocrx_word' id='word_1_123' title='bbox 3788 1398 3945 1466; x_wconf 91' lang='lat' dir='ltr'>illud</span> 
     </span>
     <span class='ocr_line' id='line_1_10' title="bbox 786 1512 3951 1609; baseline 0.001 -28"><span class='ocrx_word' id='word_1_124' title='bbox 786 1513 988 1604; x_wconf 92' lang='lat' dir='ltr'>quod,</span> <span class='ocrx_word' id='word_1_125' title='bbox 1020 1515 1073 1582; x_wconf 87' lang='lat' dir='ltr'>si</span> <span class='ocrx_word' id='word_1_126' title='bbox 1101 1515 1308 1602; x_wconf 87' lang='lat' dir='ltr'>fieret,</span> <span class='ocrx_word' id='word_1_127' title='bbox 1334 1517 1605 1608; x_wconf 82' lang='lat' dir='ltr'>justitiae</span> <span class='ocrx_word' id='word_1_128' title='bbox 1633 1517 1775 1609; x_wconf 87' lang='lat' dir='ltr'>ejus</span> <span class='ocrx_word' id='word_1_129' title='bbox 1801 1518 2203 1602; x_wconf 85' lang='lat' dir='ltr'>conveniret,</span> <span class='ocrx_word' id='word_1_130' title='bbox 2237 1538 2471 1584; x_wconf 87' lang='lat' dir='ltr'>verum</span> <span class='ocrx_word' id='word_1_131' title='bbox 2515 1514 2697 1583; x_wconf 85' lang='lat' dir='ltr'>dicis.</span> <span class='ocrx_word' id='word_1_132' title='bbox 2743 1514 3063 1583; x_wconf 84' lang='lat' dir='ltr'>Similiter</span> <span class='ocrx_word' id='word_1_133' title='bbox 3106 1514 3441 1604; x_wconf 87' lang='lat' dir='ltr'>distingue</span> <span class='ocrx_word' id='word_1_134' title='bbox 3485 1514 3659 1583; x_wconf 89' lang='lat' dir='ltr'>illud</span> <span class='ocrx_word' id='word_1_135' title='bbox 3695 1541 3712 1585; x_wconf 70' lang='grc' dir='ltr'>ε</span> <span class='ocrx_word' id='word_1_136' title='bbox 3752 1541 3785 1579; x_wconf 71' lang='grc'>(1</span> <span class='ocrx_word' id='word_1_137' title='bbox 3808 1512 3951 1583; x_wconf 89' lang='lat' dir='ltr'>Non</span> 
     </span>
     <span class='ocr_line' id='line_1_11' title="bbox 788 1630 3951 1724; baseline 0.001 -27"><span class='ocrx_word' id='word_1_138' title='bbox 788 1637 996 1721; x_wconf 85' lang='lat' dir='ltr'>potest</span> <span class='ocrx_word' id='word_1_139' title='bbox 1033 1630 1241 1700; x_wconf 86' lang='lat' dir='ltr'>facere</span> <span class='ocrx_word' id='word_1_140' title='bbox 1267 1635 1446 1724; x_wconf 88' lang='lat' dir='ltr'>quod</span> <span class='ocrx_word' id='word_1_141' title='bbox 1482 1656 1604 1700; x_wconf 84' lang='lat' dir='ltr'>sua</span> <span class='ocrx_word' id='word_1_142' title='bbox 1621 1632 1875 1724; x_wconf 87' lang='lat' dir='ltr'>justitia</span> <span class='ocrx_word' id='word_1_143' title='bbox 1909 1632 2115 1721; x_wconf 88' lang='lat' dir='ltr'>exigit</span> <span class='ocrx_word' id='word_1_144' title='bbox 2159 1640 2235 1700; x_wconf 91' lang='lat' dir='ltr'>ut</span> <span class='ocrx_word' id='word_1_145' title='bbox 2262 1654 2396 1700; x_wconf 89' lang='lat' dir='ltr'>non</span> <span class='ocrx_word' id='word_1_146' title='bbox 2436 1631 2632 1700; x_wconf 84' lang='lat' dir='ltr'>faeiat</span> <span class='ocrx_word' id='word_1_147' title='bbox 2666 1656 2681 1698; x_wconf 73' lang='grc' dir='ltr'>ε</span> <span class='ocrx_word' id='word_1_148' title='bbox 2716 1656 2750 1697; x_wconf 74' lang='grc'>1)</span> <span class='ocrx_word' id='word_1_149' title='bbox 2782 1631 2850 1700; x_wconf 82' lang='grc'>111</span> <span class='ocrx_word' id='word_1_150' title='bbox 2879 1640 2997 1715; x_wconf 89' lang='lat' dir='ltr'>est,</span> <span class='ocrx_word' id='word_1_151' title='bbox 3030 1654 3164 1699; x_wconf 90' lang='lat' dir='ltr'>non</span> <span class='ocrx_word' id='word_1_152' title='bbox 3198 1638 3408 1723; x_wconf 87' lang='lat' dir='ltr'>potest</span> <span class='ocrx_word' id='word_1_153' title='bbox 3434 1631 3644 1699; x_wconf 82' lang='lat' dir='ltr'>faeere</span> <span class='ocrx_word' id='word_1_154' title='bbox 3686 1630 3753 1699; x_wconf 92' lang='lat' dir='ltr'>id</span> <span class='ocrx_word' id='word_1_155' title='bbox 3785 1630 3951 1722; x_wconf 91' lang='lat' dir='ltr'>quod</span> 
     </span>
     <span class='ocr_line' id='line_1_12' title="bbox 787 1746 3950 1843; baseline 0 -30"><span class='ocrx_word' id='word_1_156' title='bbox 787 1747 949 1839; x_wconf 87' lang='lat' dir='ltr'>ipse,</span> <span class='ocrx_word' id='word_1_157' title='bbox 980 1749 1097 1840; x_wconf 87' lang='lat' dir='ltr'>qui</span> <span class='ocrx_word' id='word_1_158' title='bbox 1132 1757 1227 1818; x_wconf 89' lang='lat' dir='ltr'>est</span> <span class='ocrx_word' id='word_1_159' title='bbox 1265 1774 1523 1819; x_wconf 89' lang='lat' dir='ltr'>summa</span> <span class='ocrx_word' id='word_1_160' title='bbox 1542 1751 1820 1843; x_wconf 84' lang='lat' dir='ltr'>justitia,</span> <span class='ocrx_word' id='word_1_161' title='bbox 1852 1774 1986 1819; x_wconf 92' lang='lat' dir='ltr'>non</span> <span class='ocrx_word' id='word_1_162' title='bbox 2011 1751 2160 1819; x_wconf 84' lang='lat' dir='ltr'>vult</span> <span class='ocrx_word' id='word_1_163' title='bbox 2184 1750 2393 1819; x_wconf 88' lang='lat' dir='ltr'>facere</span> <span class='ocrx_word' id='word_1_164' title='bbox 2419 1774 2437 1836; x_wconf 84' lang='lat'><em>3</em></span> <span class='ocrx_word' id='word_1_165' title='bbox 2468 1750 2709 1819; x_wconf 86' lang='lat' dir='ltr'>falsum</span> <span class='ocrx_word' id='word_1_166' title='bbox 2737 1757 2854 1818; x_wconf 89' lang='lat' dir='ltr'>est.</span> <span class='ocrx_word' id='word_1_167' title='bbox 2889 1748 2961 1817; x_wconf 92' lang='lat' dir='ltr'>Si</span> <span class='ocrx_word' id='word_1_168' title='bbox 2998 1748 3218 1816; x_wconf 87' lang='lat' dir='ltr'>autem</span> <span class='ocrx_word' id='word_1_169' title='bbox 3246 1748 3351 1816; x_wconf 86' lang='lat' dir='ltr'>his</span> <span class='ocrx_word' id='word_1_170' title='bbox 3389 1747 3601 1816; x_wconf 86' lang='lat' dir='ltr'>verbis</span> <span class='ocrx_word' id='word_1_171' title='bbox 3628 1746 3950 1836; x_wconf 79' lang='lat' dir='ltr'>intelligas</span> 
     </span>
     <span class='ocr_line' id='line_1_13' title="bbox 789 1863 3575 1958; baseline 0 -27"><span class='ocrx_word' id='word_1_172' title='bbox 789 1885 942 1932; x_wconf 92' lang='lat' dir='ltr'>eum</span> <span class='ocrx_word' id='word_1_173' title='bbox 971 1886 1102 1932; x_wconf 91' lang='lat' dir='ltr'>non</span> <span class='ocrx_word' id='word_1_174' title='bbox 1132 1887 1313 1956; x_wconf 86' lang='lat' dir='ltr'>posse</span> <span class='ocrx_word' id='word_1_175' title='bbox 1340 1867 1549 1935; x_wconf 87' lang='lat' dir='ltr'>facere</span> <span class='ocrx_word' id='word_1_176' title='bbox 1577 1866 1641 1935; x_wconf 91' lang='lat' dir='ltr'>id</span> <span class='ocrx_word' id='word_1_177' title='bbox 1667 1866 1845 1958; x_wconf 91' lang='lat' dir='ltr'>quod</span> <span class='ocrx_word' id='word_1_178' title='bbox 1863 1867 2133 1958; x_wconf 86' lang='lat' dir='ltr'>justitiae</span> <span class='ocrx_word' id='word_1_179' title='bbox 2161 1867 2302 1958; x_wconf 85' lang='lat' dir='ltr'>ejus</span> <span class='ocrx_word' id='word_1_180' title='bbox 2326 1866 2674 1935; x_wconf 87' lang='lat' dir='ltr'>convenire</span> <span class='ocrx_word' id='word_1_181' title='bbox 2702 1889 2834 1935; x_wconf 88' lang='lat' dir='ltr'>non</span> <span class='ocrx_word' id='word_1_182' title='bbox 2864 1872 3095 1956; x_wconf 88' lang='lat' dir='ltr'>potest,</span> <span class='ocrx_word' id='word_1_183' title='bbox 3126 1886 3359 1933; x_wconf 84' lang='lat' dir='ltr'>verum</span> <span class='ocrx_word' id='word_1_184' title='bbox 3387 1863 3575 1932; x_wconf 78' lang='lat' dir='ltr'>dicis,</span> 
     </span>
    </p>

    <p class='ocr_par' dir='ltr' id='par_1_3' title="bbox 569 1980 3949 2075">
     <span class='ocr_line' id='line_1_14' title="bbox 569 1980 3949 2075; baseline -0 -28"><span class='ocrx_word' id='word_1_185' title='bbox 569 1992 750 2065; x_wconf 55' lang='lat' dir='ltr'>,Tertia</span> <span class='ocrx_word' id='word_1_186' title='bbox 877 1980 1152 2048; x_wconf 87' lang='lat' dir='ltr'>Addunt</span> <span class='ocrx_word' id='word_1_187' title='bbox 1181 2006 1444 2075; x_wconf 87' lang='lat' dir='ltr'>quoque</span> <span class='ocrx_word' id='word_1_188' title='bbox 1473 1991 1537 2051; x_wconf 88' lang='lat' dir='ltr'>et</span> <span class='ocrx_word' id='word_1_189' title='bbox 1563 1983 1691 2051; x_wconf 85' lang='lat' dir='ltr'>alia</span> <span class='ocrx_word' id='word_1_190' title='bbox 1718 1983 2001 2051; x_wconf 87' lang='lat' dir='ltr'>dicentes</span> <span class='ocrx_word' id='word_1_191' title='bbox 2037 2007 2052 2050; x_wconf 73' lang='grc' dir='ltr'>ι</span> <span class='ocrx_word' id='word_1_192' title='bbox 2104 2008 2137 2047; x_wconf 91' lang='lat'>«</span> <span class='ocrx_word' id='word_1_193' title='bbox 2165 1983 2314 2052; x_wconf 89' lang='lat' dir='ltr'>Non</span> <span class='ocrx_word' id='word_1_194' title='bbox 2355 1990 2564 2075; x_wconf 88' lang='lat' dir='ltr'>potest</span> <span class='ocrx_word' id='word_1_195' title='bbox 2589 1982 2763 2051; x_wconf 89' lang='lat' dir='ltr'>Deus</span> <span class='ocrx_word' id='word_1_196' title='bbox 2801 1982 3011 2050; x_wconf 87' lang='lat' dir='ltr'>facere</span> <span class='ocrx_word' id='word_1_197' title='bbox 3049 1981 3177 2049; x_wconf 89' lang='lat' dir='ltr'>nisi</span> <span class='ocrx_word' id='word_1_198' title='bbox 3204 1981 3380 2072; x_wconf 90' lang='lat' dir='ltr'>quod</span> <span class='ocrx_word' id='word_1_199' title='bbox 3408 1980 3601 2049; x_wconf 89' lang='lat' dir='ltr'>debet</span> <span class='ocrx_word' id='word_1_200' title='bbox 3631 2004 3647 2048; x_wconf 79' lang='lat' dir='ltr'><strong><em>z</em></strong></span> <span class='ocrx_word' id='word_1_201' title='bbox 3681 2000 3819 2048; x_wconf 90' lang='lat' dir='ltr'>non</span> <span class='ocrx_word' id='word_1_202' title='bbox 3844 1998 3949 2048; x_wconf 86' lang='lat' dir='ltr'>au-</span> 
     </span>
    </p>

    <p class='ocr_par' dir='ltr' id='par_1_4' title="bbox 568 2055 3950 3241">
     <span class='ocr_line' id='line_1_15' title="bbox 568 2055 3948 2204; baseline 0.001 -45"><span class='ocrx_word' id='word_1_203' title='bbox 568 2055 741 2160; x_wconf 42' lang='lat' dir='ltr'>&#39;Aliam</span> <span class='ocrx_word' id='word_1_204' title='bbox 789 2102 920 2165; x_wconf 90' lang='lat' dir='ltr'>tem</span> <span class='ocrx_word' id='word_1_205' title='bbox 948 2097 1138 2166; x_wconf 90' lang='lat' dir='ltr'>debet</span> <span class='ocrx_word' id='word_1_206' title='bbox 1161 2100 1371 2167; x_wconf 82' lang='lat' dir='ltr'>facere</span> <span class='ocrx_word' id='word_1_207' title='bbox 1407 2099 1534 2167; x_wconf 88' lang='lat' dir='ltr'>nisi</span> <span class='ocrx_word' id='word_1_208' title='bbox 1570 2100 1748 2190; x_wconf 91' lang='lat' dir='ltr'>quod</span> <span class='ocrx_word' id='word_1_209' title='bbox 1784 2100 1959 2168; x_wconf 88' lang='lat' dir='ltr'>facit.</span> <span class='ocrx_word' id='word_1_210' title='bbox 2015 2099 2088 2168; x_wconf 91' lang='lat' dir='ltr'>Si</span> <span class='ocrx_word' id='word_1_211' title='bbox 2131 2100 2308 2169; x_wconf 90' lang='lat' dir='ltr'>enim</span> <span class='ocrx_word' id='word_1_212' title='bbox 2358 2099 2547 2169; x_wconf 87' lang='lat' dir='ltr'>debet</span> <span class='ocrx_word' id='word_1_213' title='bbox 2586 2100 2715 2168; x_wconf 78' lang='lat' dir='ltr'>alia</span> <span class='ocrx_word' id='word_1_214' title='bbox 2740 2099 2973 2189; x_wconf 86' lang='lat' dir='ltr'>facere,</span> <span class='ocrx_word' id='word_1_215' title='bbox 3013 2120 3149 2166; x_wconf 91' lang='lat' dir='ltr'>non</span> <span class='ocrx_word' id='word_1_216' title='bbox 3184 2121 3338 2188; x_wconf 89' lang='lat' dir='ltr'>ergo</span> <span class='ocrx_word' id='word_1_217' title='bbox 3366 2098 3519 2204; x_wconf 71' lang='lat' dir='ltr'>facit</span> <span class='ocrx_word' id='word_1_218' title='bbox 3560 2119 3758 2166; x_wconf 90' lang='lat' dir='ltr'>omne</span> <span class='ocrx_word' id='word_1_219' title='bbox 3785 2096 3948 2188; x_wconf 89' lang='lat' dir='ltr'>quod</span> 
     </span>
     <span class='ocr_line' id='line_1_16' title="bbox 790 2213 3950 2309; baseline -0 -28"><span class='ocrx_word' id='word_1_220' title='bbox 790 2213 981 2283; x_wconf 90' lang='lat' dir='ltr'>debet</span> <span class='ocrx_word' id='word_1_221' title='bbox 1012 2240 1027 2282; x_wconf 93' lang='lat'>:</span> <span class='ocrx_word' id='word_1_222' title='bbox 1063 2214 1117 2282; x_wconf 90' lang='lat' dir='ltr'>si</span> <span class='ocrx_word' id='word_1_223' title='bbox 1146 2237 1300 2283; x_wconf 89' lang='lat' dir='ltr'>vero</span> <span class='ocrx_word' id='word_1_224' title='bbox 1328 2217 1480 2284; x_wconf 87' lang='lat' dir='ltr'>facit</span> <span class='ocrx_word' id='word_1_225' title='bbox 1508 2238 1700 2284; x_wconf 90' lang='lat' dir='ltr'>omne</span> <span class='ocrx_word' id='word_1_226' title='bbox 1727 2218 1903 2309; x_wconf 88' lang='lat' dir='ltr'>quod</span> <span class='ocrx_word' id='word_1_227' title='bbox 1931 2216 2147 2304; x_wconf 89' lang='lat' dir='ltr'>debet,</span> <span class='ocrx_word' id='word_1_228' title='bbox 2178 2240 2297 2284; x_wconf 87' lang='grc'><strong>1166</strong></span> <span class='ocrx_word' id='word_1_229' title='bbox 2325 2225 2533 2309; x_wconf 86' lang='lat' dir='ltr'>potest</span> <span class='ocrx_word' id='word_1_230' title='bbox 2557 2217 2764 2285; x_wconf 87' lang='lat' dir='ltr'>facere</span> <span class='ocrx_word' id='word_1_231' title='bbox 2791 2215 2920 2284; x_wconf 90' lang='lat' dir='ltr'>nisi</span> <span class='ocrx_word' id='word_1_232' title='bbox 2945 2216 3123 2307; x_wconf 91' lang='lat' dir='ltr'>quod</span> <span class='ocrx_word' id='word_1_233' title='bbox 3150 2214 3373 2298; x_wconf 88' lang='lat' dir='ltr'>debet;</span> <span class='ocrx_word' id='word_1_234' title='bbox 3406 2238 3541 2283; x_wconf 91' lang='lat' dir='ltr'>non</span> <span class='ocrx_word' id='word_1_235' title='bbox 3567 2222 3727 2304; x_wconf 83' lang='lat' dir='ltr'>e‘rgo</span> <span class='ocrx_word' id='word_1_236' title='bbox 3758 2220 3950 2305; x_wconf 88' lang='lat' dir='ltr'>potest</span> 
     </span>
     <span class='ocr_line' id='line_1_17' title="bbox 790 2328 3947 2424; baseline 0 -28"><span class='ocrx_word' id='word_1_237' title='bbox 790 2328 999 2398; x_wconf 85' lang='lat' dir='ltr'>facere</span> <span class='ocrx_word' id='word_1_238' title='bbox 1033 2330 1161 2398; x_wconf 88' lang='lat' dir='ltr'>nisi</span> <span class='ocrx_word' id='word_1_239' title='bbox 1199 2332 1374 2423; x_wconf 91' lang='lat' dir='ltr'>quod</span> <span class='ocrx_word' id='word_1_240' title='bbox 1407 2332 1590 2401; x_wconf 82' lang='lat' dir='ltr'>facit.</span> <span class='ocrx_word' id='word_1_241' title='bbox 1622 2357 1654 2397; x_wconf 89' lang='lat'>»</span> <span class='ocrx_word' id='word_1_242' title='bbox 1689 2333 1852 2401; x_wconf 88' lang='lat' dir='ltr'>Item</span> <span class='ocrx_word' id='word_1_243' title='bbox 1891 2359 1905 2400; x_wconf 92' lang='lat'><strong>:</strong></span> <span class='ocrx_word' id='word_1_244' title='bbox 1949 2361 1983 2398; x_wconf 88' lang='lat'>«</span> <span class='ocrx_word' id='word_1_245' title='bbox 2010 2335 2146 2403; x_wconf 90' lang='lat' dir='ltr'>Aut</span> <span class='ocrx_word' id='word_1_246' title='bbox 2185 2333 2379 2402; x_wconf 87' lang='lat' dir='ltr'>debet</span> <span class='ocrx_word' id='word_1_247' title='bbox 2411 2331 2737 2401; x_wconf 89' lang='lat' dir='ltr'>dimittere</span> <span class='ocrx_word' id='word_1_248' title='bbox 2764 2331 2942 2424; x_wconf 86' lang='lat' dir='ltr'>quod</span> <span class='ocrx_word' id='word_1_249' title='bbox 2968 2331 3240 2401; x_wconf 87' lang='lat' dir='ltr'>dimittit</span> <span class='ocrx_word' id='word_1_250' title='bbox 3266 2356 3349 2400; x_wconf 89' lang='grc'>116</span> <span class='ocrx_word' id='word_1_251' title='bbox 3394 2333 3612 2418; x_wconf 81' lang='lat' dir='ltr'>faciat,</span> <span class='ocrx_word' id='word_1_252' title='bbox 3661 2339 3797 2400; x_wconf 86' lang='lat' dir='ltr'>aut.</span> <span class='ocrx_word' id='word_1_253' title='bbox 3824 2353 3947 2398; x_wconf 89' lang='lat' dir='ltr'>non</span> 
     </span>
     <span class='ocr_line' id='line_1_18' title="bbox 791 2445 3940 2540; baseline 0 -27"><span class='ocrx_word' id='word_1_254' title='bbox 791 2445 983 2514; x_wconf 88' lang='lat' dir='ltr'>debet</span> <span class='ocrx_word' id='word_1_255' title='bbox 1014 2471 1029 2513; x_wconf 77' lang='grc' dir='ltr'><em>τ</em></span> <span class='ocrx_word' id='word_1_256' title='bbox 1061 2448 1116 2515; x_wconf 88' lang='lat' dir='ltr'>si</span> <span class='ocrx_word' id='word_1_257' title='bbox 1142 2469 1275 2516; x_wconf 90' lang='lat' dir='ltr'>non</span> <span class='ocrx_word' id='word_1_258' title='bbox 1303 2449 1515 2535; x_wconf 88' lang='lat' dir='ltr'>debet,</span> <span class='ocrx_word' id='word_1_259' title='bbox 1548 2472 1682 2518; x_wconf 91' lang='lat' dir='ltr'>non</span> <span class='ocrx_word' id='word_1_260' title='bbox 1712 2458 1878 2519; x_wconf 78' lang='lat' dir='ltr'>recte</span> <span class='ocrx_word' id='word_1_261' title='bbox 1907 2450 2223 2536; x_wconf 84' lang='lat' dir='ltr'>dimittit;</span> <span class='ocrx_word' id='word_1_262' title='bbox 2255 2449 2312 2517; x_wconf 86' lang='lat' dir='ltr'>si</span> <span class='ocrx_word' id='word_1_263' title='bbox 2339 2466 2493 2518; x_wconf 78' lang='lat' dir='ltr'>vero</span> <span class='ocrx_word' id='word_1_264' title='bbox 2520 2450 2715 2517; x_wconf 82' lang='lat' dir='ltr'>debet</span> <span class='ocrx_word' id='word_1_265' title='bbox 2737 2450 3086 2536; x_wconf 86' lang='lat' dir='ltr'>dimittere,</span> <span class='ocrx_word' id='word_1_266' title='bbox 3119 2472 3275 2540; x_wconf 90' lang='lat' dir='ltr'>ergo</span> <span class='ocrx_word' id='word_1_267' title='bbox 3306 2473 3440 2519; x_wconf 91' lang='lat' dir='ltr'>non</span> <span class='ocrx_word' id='word_1_268' title='bbox 3475 2450 3669 2519; x_wconf 89' lang='lat' dir='ltr'>debet</span> <span class='ocrx_word' id='word_1_269' title='bbox 3695 2449 3896 2516; x_wconf 86' lang='lat' dir='ltr'>facere</span> <span class='ocrx_word' id='word_1_270' title='bbox 3926 2471 3940 2513; x_wconf 89' lang='lat'>:</span> 
     </span>
     <span class='ocr_line' id='line_1_19' title="bbox 790 2562 3945 2659; baseline 0 -30"><span class='ocrx_word' id='word_1_271' title='bbox 790 2562 844 2629; x_wconf 91' lang='lat' dir='ltr'>si</span> <span class='ocrx_word' id='word_1_272' title='bbox 872 2571 1090 2632; x_wconf 88' lang='lat' dir='ltr'>autem</span> <span class='ocrx_word' id='word_1_273' title='bbox 1119 2586 1252 2633; x_wconf 91' lang='lat' dir='ltr'>non</span> <span class='ocrx_word' id='word_1_274' title='bbox 1289 2565 1478 2635; x_wconf 85' lang='lat' dir='ltr'>debet</span> <span class='ocrx_word' id='word_1_275' title='bbox 1521 2589 1640 2635; x_wconf 89' lang='lat' dir='ltr'>nec</span> <span class='ocrx_word' id='word_1_276' title='bbox 1667 2566 1878 2653; x_wconf 85' lang='lat' dir='ltr'>decet,</span> <span class='ocrx_word' id='word_1_277' title='bbox 1908 2589 2041 2634; x_wconf 90' lang='lat' dir='ltr'>non</span> <span class='ocrx_word' id='word_1_278' title='bbox 2077 2574 2331 2657; x_wconf 87' lang='lat' dir='ltr'>oportet</span> <span class='ocrx_word' id='word_1_279' title='bbox 2357 2588 2510 2634; x_wconf 89' lang='lat' dir='ltr'>eum</span> <span class='ocrx_word' id='word_1_280' title='bbox 2537 2566 2780 2650; x_wconf 84' lang='lat' dir='ltr'>facere;</span> <span class='ocrx_word' id='word_1_281' title='bbox 2815 2576 2878 2634; x_wconf 90' lang='lat' dir='ltr'>et</span> <span class='ocrx_word' id='word_1_282' title='bbox 2920 2567 2974 2635; x_wconf 87' lang='lat' dir='ltr'>si</span> <span class='ocrx_word' id='word_1_283' title='bbox 3003 2589 3137 2635; x_wconf 91' lang='lat' dir='ltr'>non</span> <span class='ocrx_word' id='word_1_284' title='bbox 3165 2567 3346 2636; x_wconf 88' lang='lat' dir='ltr'>decet</span> <span class='ocrx_word' id='word_1_285' title='bbox 3372 2589 3492 2635; x_wconf 90' lang='grc'><strong>1166</strong></span> <span class='ocrx_word' id='word_1_286' title='bbox 3518 2574 3776 2659; x_wconf 85' lang='lat' dir='ltr'>oportet</span> <span class='ocrx_word' id='word_1_287' title='bbox 3802 2586 3945 2632; x_wconf 91' lang='lat' dir='ltr'>eum</span> 
     </span>
     <span class='ocr_line' id='line_1_20' title="bbox 788 2678 3945 2775; baseline 0 -27"><span class='ocrx_word' id='word_1_288' title='bbox 788 2680 1021 2766; x_wconf 81' lang='lat' dir='ltr'>faeere,</span> <span class='ocrx_word' id='word_1_289' title='bbox 1052 2704 1206 2772; x_wconf 84' lang='lat' dir='ltr'>ergo</span> <span class='ocrx_word' id='word_1_290' title='bbox 1236 2706 1369 2751; x_wconf 80' lang='lat' dir='ltr'>non</span> <span class='ocrx_word' id='word_1_291' title='bbox 1394 2691 1605 2773; x_wconf 86' lang='lat' dir='ltr'>potest</span> <span class='ocrx_word' id='word_1_292' title='bbox 1626 2684 1834 2751; x_wconf 85' lang='lat' dir='ltr'>facere</span> <span class='ocrx_word' id='word_1_293' title='bbox 1867 2708 1883 2750; x_wconf 74' lang='grc' dir='ltr'><strong>ε</strong></span> <span class='ocrx_word' id='word_1_294' title='bbox 1914 2705 2050 2751; x_wconf 85' lang='grc'><strong>11011</strong></span> <span class='ocrx_word' id='word_1_295' title='bbox 2079 2704 2235 2772; x_wconf 86' lang='lat' dir='ltr'>ergo</span> <span class='ocrx_word' id='word_1_296' title='bbox 2263 2690 2472 2773; x_wconf 78' lang='lat' dir='ltr'>potest</span> <span class='ocrx_word' id='word_1_297' title='bbox 2498 2683 2730 2769; x_wconf 80' lang='lat' dir='ltr'>facere,</span> <span class='ocrx_word' id='word_1_298' title='bbox 2766 2683 2894 2751; x_wconf 83' lang='lat' dir='ltr'>nisi</span> <span class='ocrx_word' id='word_1_299' title='bbox 2934 2683 3115 2775; x_wconf 77' lang='lat' dir='ltr'>quod</span> <span class='ocrx_word' id='word_1_300' title='bbox 3153 2683 3327 2751; x_wconf 73' lang='lat' dir='ltr'>facit.</span> <span class='ocrx_word' id='word_1_301' title='bbox 3364 2680 3498 2750; x_wconf 87' lang='lat' dir='ltr'>Nec</span> <span class='ocrx_word' id='word_1_302' title='bbox 3541 2690 3754 2773; x_wconf 84' lang='lat' dir='ltr'>potest</span> <span class='ocrx_word' id='word_1_303' title='bbox 3786 2678 3945 2749; x_wconf 87' lang='lat' dir='ltr'>illud</span> 
     </span>
     <span class='ocr_line' id='line_1_21' title="bbox 788 2798 3946 2891; baseline -0.001 -26"><span class='ocrx_word' id='word_1_304' title='bbox 788 2798 1115 2866; x_wconf 89' lang='lat' dir='ltr'>dimittere</span> <span class='ocrx_word' id='word_1_305' title='bbox 1143 2800 1318 2890; x_wconf 91' lang='lat' dir='ltr'>quod</span> <span class='ocrx_word' id='word_1_306' title='bbox 1346 2798 1499 2867; x_wconf 86' lang='lat' dir='ltr'>facit</span> <span class='ocrx_word' id='word_1_307' title='bbox 1524 2800 1688 2891; x_wconf 91' lang='lat' dir='ltr'>quin</span> <span class='ocrx_word' id='word_1_308' title='bbox 1714 2798 1931 2885; x_wconf 86' lang='lat' dir='ltr'>faciat,</span> <span class='ocrx_word' id='word_1_309' title='bbox 1963 2799 2122 2891; x_wconf 81' lang='lat' dir='ltr'>quia</span> <span class='ocrx_word' id='word_1_310' title='bbox 2162 2799 2355 2866; x_wconf 80' lang='lat' dir='ltr'>debet</span> <span class='ocrx_word' id='word_1_311' title='bbox 2390 2798 2556 2868; x_wconf 87' lang='lat' dir='ltr'>illud</span> <span class='ocrx_word' id='word_1_312' title='bbox 2596 2799 2806 2867; x_wconf 74' lang='lat' dir='ltr'>facere</span> <span class='ocrx_word' id='word_1_313' title='bbox 2840 2823 2856 2866; x_wconf 72' lang='grc' dir='ltr'><strong><em>ε</em></strong></span> <span class='ocrx_word' id='word_1_314' title='bbox 2904 2809 2967 2867; x_wconf 88' lang='lat' dir='ltr'>et</span> <span class='ocrx_word' id='word_1_315' title='bbox 2993 2799 3172 2891; x_wconf 90' lang='lat' dir='ltr'>quod</span> <span class='ocrx_word' id='word_1_316' title='bbox 3197 2799 3387 2868; x_wconf 89' lang='lat' dir='ltr'>debet</span> <span class='ocrx_word' id='word_1_317' title='bbox 3412 2798 3653 2884; x_wconf 84' lang='lat' dir='ltr'>facere,</span> <span class='ocrx_word' id='word_1_318' title='bbox 3683 2819 3814 2865; x_wconf 90' lang='lat' dir='ltr'>non</span> <span class='ocrx_word' id='word_1_319' title='bbox 3842 2817 3946 2887; x_wconf 90' lang='lat' dir='ltr'>po-</span> 
     </span>
     <span class='ocr_line' id='line_1_22' title="bbox 788 2911 3945 3003; baseline -0.001 -21"><span class='ocrx_word' id='word_1_320' title='bbox 788 2921 912 2982; x_wconf 88' lang='lat' dir='ltr'>test</span> <span class='ocrx_word' id='word_1_321' title='bbox 934 2914 1103 2983; x_wconf 88' lang='lat' dir='ltr'>illud</span> <span class='ocrx_word' id='word_1_322' title='bbox 1132 2915 1480 2983; x_wconf 85' lang='lat' dir='ltr'>dimittere.</span> <span class='ocrx_word' id='word_1_323' title='bbox 1514 2941 1548 2980; x_wconf 63' lang='lat'>&gt;³</span> <span class='ocrx_word' id='word_1_324' title='bbox 1585 2915 1739 3002; x_wconf 88' lang='lat' dir='ltr'>Sed,</span> <span class='ocrx_word' id='word_1_325' title='bbox 1770 2923 1849 2983; x_wconf 89' lang='lat' dir='ltr'>ut</span> <span class='ocrx_word' id='word_1_326' title='bbox 1878 2915 2044 2984; x_wconf 91' lang='lat' dir='ltr'>mihi</span> <span class='ocrx_word' id='word_1_327' title='bbox 2071 2915 2360 3001; x_wconf 87' lang='lat' dir='ltr'>videtur,</span> <span class='ocrx_word' id='word_1_328' title='bbox 2391 2914 2514 2982; x_wconf 90' lang='grc'><strong>1106</strong></span> <span class='ocrx_word' id='word_1_329' title='bbox 2542 2915 2845 3003; x_wconf 87' lang='lat' dir='ltr'>verbum,</span> <span class='ocrx_word' id='word_1_330' title='bbox 2877 2913 3086 2998; x_wconf 83' lang='lat' dir='ltr'>debet,</span> <span class='ocrx_word' id='word_1_331' title='bbox 3121 2936 3453 2983; x_wconf 87' lang='lat' dir='ltr'>venenum</span> <span class='ocrx_word' id='word_1_332' title='bbox 3481 2912 3702 2982; x_wconf 89' lang='lat' dir='ltr'>habet.</span> <span class='ocrx_word' id='word_1_333' title='bbox 3736 2911 3945 2981; x_wconf 88' lang='lat' dir='ltr'>Multi-</span> 
     </span>
     <span class='ocr_line' id='line_1_23' title="bbox 786 3029 3942 3125; baseline -0.001 -28"><span class='ocrx_word' id='word_1_334' title='bbox 786 3030 1021 3122; x_wconf 87' lang='lat' dir='ltr'>plicem</span> <span class='ocrx_word' id='word_1_335' title='bbox 1049 3032 1224 3099; x_wconf 91' lang='lat' dir='ltr'>enim</span> <span class='ocrx_word' id='word_1_336' title='bbox 1258 3039 1321 3100; x_wconf 88' lang='lat' dir='ltr'>et</span> <span class='ocrx_word' id='word_1_337' title='bbox 1354 3030 1722 3101; x_wconf 85' lang='lat' dir='ltr'>involutam</span> <span class='ocrx_word' id='word_1_338' title='bbox 1766 3032 2053 3101; x_wconf 82' lang='lat' dir='ltr'>continet</span> <span class='ocrx_word' id='word_1_339' title='bbox 2100 3031 2604 3121; x_wconf 78' lang='lat' dir='ltr'>intelligentiam</span> <span class='ocrx_word' id='word_1_340' title='bbox 2653 3056 2668 3098; x_wconf 90' lang='lat'><strong>:</strong></span> <span class='ocrx_word' id='word_1_341' title='bbox 2701 3054 2820 3099; x_wconf 89' lang='grc'><strong>1166</strong></span> <span class='ocrx_word' id='word_1_342' title='bbox 2846 3031 2980 3100; x_wconf 92' lang='lat' dir='ltr'>Deo</span> <span class='ocrx_word' id='word_1_343' title='bbox 3027 3032 3286 3125; x_wconf 89' lang='lat' dir='ltr'>proprie</span> <span class='ocrx_word' id='word_1_344' title='bbox 3308 3031 3643 3124; x_wconf 83' lang='lat' dir='ltr'>competit,</span> <span class='ocrx_word' id='word_1_345' title='bbox 3679 3029 3942 3121; x_wconf 86' lang='lat' dir='ltr'>quinon</span> 
     </span>
     <span class='ocr_line' id='line_1_24' title="bbox 790 3144 3946 3241; baseline -0.001 -25"><span class='ocrx_word' id='word_1_346' title='bbox 790 3156 885 3216; x_wconf 89' lang='lat' dir='ltr'>est</span> <span class='ocrx_word' id='word_1_347' title='bbox 909 3147 1163 3217; x_wconf 88' lang='lat' dir='ltr'>debitor</span> <span class='ocrx_word' id='word_1_348' title='bbox 1205 3147 1418 3233; x_wconf 76' lang='lat' dir='ltr'>nobie,</span> <span class='ocrx_word' id='word_1_349' title='bbox 1450 3148 1578 3215; x_wconf 89' lang='lat' dir='ltr'>nisi</span> <span class='ocrx_word' id='word_1_350' title='bbox 1613 3149 1777 3217; x_wconf 86' lang='lat' dir='ltr'>forte</span> <span class='ocrx_word' id='word_1_351' title='bbox 1818 3171 1898 3216; x_wconf 88' lang='lat' dir='ltr'>ex</span> <span class='ocrx_word' id='word_1_352' title='bbox 1937 3149 2295 3241; x_wconf 49' lang='lat' dir='ltr'>promissoj</span> <span class='ocrx_word' id='word_1_353' title='bbox 2340 3172 2458 3217; x_wconf 85' lang='lat' dir='ltr'>nos</span> <span class='ocrx_word' id='word_1_354' title='bbox 2486 3172 2643 3218; x_wconf 79' lang='lat' dir='ltr'>vero</span> <span class='ocrx_word' id='word_1_355' title='bbox 2668 3149 2729 3218; x_wconf 89' lang='lat' dir='ltr'>ei</span> <span class='ocrx_word' id='word_1_356' title='bbox 2753 3150 3077 3219; x_wconf 88' lang='lat' dir='ltr'>debitores</span> <span class='ocrx_word' id='word_1_357' title='bbox 3101 3169 3331 3219; x_wconf 85' lang='lat' dir='ltr'>sumus</span> <span class='ocrx_word' id='word_1_358' title='bbox 3356 3169 3438 3218; x_wconf 84' lang='lat' dir='ltr'>ex</span> <span class='ocrx_word' id='word_1_359' title='bbox 3466 3149 3832 3218; x_wconf 85' lang='lat' dir='ltr'>commisso.</span> <span class='ocrx_word' id='word_1_360' title='bbox 3863 3144 3946 3215; x_wconf 87' lang='lat' dir='ltr'>Ut</span> 
     </span>
    </p>
   </div>
   <div class='ocr_carea' id='block_1_3' title="bbox 788 3262 3942 3359">
    <p class='ocr_par' dir='ltr' id='par_1_5' title="bbox 788 3262 3942 3359">
     <span class='ocr_line' id='line_1_25' title="bbox 788 3262 3942 3359; baseline -0.001 -27"><span class='ocrx_word' id='word_1_361' title='bbox 788 3272 1010 3333; x_wconf 84' lang='lat' dir='ltr'>autem</span> <span class='ocrx_word' id='word_1_362' title='bbox 1037 3285 1366 3332; x_wconf 88' lang='lat' dir='ltr'>venenum</span> <span class='ocrx_word' id='word_1_363' title='bbox 1396 3273 1771 3351; x_wconf 82' lang='lat' dir='ltr'>evacuetur,</span> <span class='ocrx_word' id='word_1_364' title='bbox 1803 3265 2137 3354; x_wconf 87' lang='lat' dir='ltr'>distingue</span> <span class='ocrx_word' id='word_1_365' title='bbox 2167 3266 2353 3334; x_wconf 89' lang='lat' dir='ltr'>verbi</span> <span class='ocrx_word' id='word_1_366' title='bbox 2380 3288 2607 3334; x_wconf 90' lang='lat' dir='ltr'>sensus</span> <span class='ocrx_word' id='word_1_367' title='bbox 2639 3289 2654 3332; x_wconf 87' lang='lat'>:</span> <span class='ocrx_word' id='word_1_368' title='bbox 2691 3293 2726 3333; x_wconf 79' lang='grc'>(1</span> <span class='ocrx_word' id='word_1_369' title='bbox 2756 3265 2904 3335; x_wconf 86' lang='grc' dir='ltr'>Νο11</span> <span class='ocrx_word' id='word_1_370' title='bbox 2935 3275 3139 3359; x_wconf 89' lang='lat' dir='ltr'>potest</span> <span class='ocrx_word' id='word_1_371' title='bbox 3168 3267 3339 3335; x_wconf 83' lang='lat' dir='ltr'>Deus</span> <span class='ocrx_word' id='word_1_372' title='bbox 3366 3264 3576 3334; x_wconf 84' lang='lat' dir='ltr'>facere</span> <span class='ocrx_word' id='word_1_373' title='bbox 3606 3264 3737 3332; x_wconf 91' lang='lat' dir='ltr'>nisi</span> <span class='ocrx_word' id='word_1_374' title='bbox 3777 3262 3942 3355; x_wconf 85' lang='lat' dir='ltr'>quod</span> 
     </span>
    </p>
   </div>
   <div class='ocr_carea' id='block_1_4' title="bbox 789 3378 4084 3474">
    <p class='ocr_par' dir='ltr' id='par_1_6' title="bbox 789 3378 4084 3474">
     <span class='ocr_line' id='line_1_26' title="bbox 789 3378 4084 3474; baseline -0.001 -26"><span class='ocrx_word' id='word_1_375' title='bbox 789 3379 1003 3468; x_wconf 89' lang='lat' dir='ltr'>debet,</span> <span class='ocrx_word' id='word_1_376' title='bbox 1033 3403 1068 3445; x_wconf 73' lang='grc'>11</span> <span class='ocrx_word' id='word_1_377' title='bbox 1104 3381 1172 3448; x_wconf 90' lang='lat' dir='ltr'>id</span> <span class='ocrx_word' id='word_1_378' title='bbox 1199 3387 1317 3468; x_wconf 90' lang='lat' dir='ltr'>est,</span> <span class='ocrx_word' id='word_1_379' title='bbox 1349 3380 1475 3448; x_wconf 91' lang='lat' dir='ltr'>nisi</span> <span class='ocrx_word' id='word_1_380' title='bbox 1502 3380 1679 3473; x_wconf 92' lang='lat' dir='ltr'>quod</span> <span class='ocrx_word' id='word_1_381' title='bbox 1709 3380 1877 3466; x_wconf 87' lang='lat' dir='ltr'>vult,</span> <span class='ocrx_word' id='word_1_382' title='bbox 1912 3380 2151 3450; x_wconf 83' lang='lat' dir='ltr'>falsum</span> <span class='ocrx_word' id='word_1_383' title='bbox 2180 3392 2276 3451; x_wconf 87' lang='lat' dir='ltr'>est</span> <span class='ocrx_word' id='word_1_384' title='bbox 2303 3410 2319 3452; x_wconf 74' lang='grc' dir='ltr'>ε</span> <span class='ocrx_word' id='word_1_385' title='bbox 2351 3381 2442 3451; x_wconf 84' lang='lat' dir='ltr'>sic</span> <span class='ocrx_word' id='word_1_386' title='bbox 2466 3382 2642 3451; x_wconf 86' lang='lat' dir='ltr'>enim</span> <span class='ocrx_word' id='word_1_387' title='bbox 2672 3390 2881 3474; x_wconf 85' lang='lat' dir='ltr'>potest</span> <span class='ocrx_word' id='word_1_388' title='bbox 2906 3383 3044 3474; x_wconf 88' lang='lat' dir='ltr'>ipse</span> <span class='ocrx_word' id='word_1_389' title='bbox 3069 3383 3197 3451; x_wconf 87' lang='lat' dir='ltr'>dici</span> <span class='ocrx_word' id='word_1_390' title='bbox 3223 3383 3456 3451; x_wconf 85' lang='lat' dir='ltr'>debere</span> <span class='ocrx_word' id='word_1_391' title='bbox 3485 3380 3766 3473; x_wconf 82' lang='lat' dir='ltr'>aliquid,</span> <span class='ocrx_word' id='word_1_392' title='bbox 3796 3378 3941 3471; x_wconf 84' lang='lat' dir='ltr'>quia</span> <span class='ocrx_word' id='word_1_393' title='bbox 4074 3450 4084 3463; x_wconf 61' lang='grc'><strong>,</strong></span> 
     </span>
    </p>
   </div>
   <div class='ocr_carea' id='block_1_5' title="bbox 787 3494 3941 3591">
    <p class='ocr_par' dir='ltr' id='par_1_7' title="bbox 787 3494 3941 3591">
     <span class='ocr_line' id='line_1_27' title="bbox 787 3494 3941 3591; baseline -0.001 -26"><span class='ocrx_word' id='word_1_394' title='bbox 787 3497 936 3565; x_wconf 79' lang='lat' dir='ltr'>vult</span> <span class='ocrx_word' id='word_1_395' title='bbox 968 3496 1161 3566; x_wconf 93' lang='lat' dir='ltr'>illud.</span> <span class='ocrx_word' id='word_1_396' title='bbox 1208 3496 1281 3565; x_wconf 86' lang='lat' dir='ltr'>Si</span> <span class='ocrx_word' id='word_1_397' title='bbox 1323 3505 1543 3566; x_wconf 87' lang='lat' dir='ltr'>autem</span> <span class='ocrx_word' id='word_1_398' title='bbox 1580 3497 1831 3566; x_wconf 87' lang='lat' dir='ltr'>dicatur</span> <span class='ocrx_word' id='word_1_399' title='bbox 1867 3521 1882 3563; x_wconf 73' lang='grc' dir='ltr'>ε</span> <span class='ocrx_word' id='word_1_400' title='bbox 1917 3524 1953 3564; x_wconf 77' lang='grc'>(1</span> <span class='ocrx_word' id='word_1_401' title='bbox 1999 3497 2148 3566; x_wconf 92' lang='lat' dir='ltr'>Non</span> <span class='ocrx_word' id='word_1_402' title='bbox 2181 3505 2389 3590; x_wconf 88' lang='lat' dir='ltr'>potest</span> <span class='ocrx_word' id='word_1_403' title='bbox 2415 3499 2543 3567; x_wconf 90' lang='lat' dir='ltr'>nisi</span> <span class='ocrx_word' id='word_1_404' title='bbox 2588 3499 2763 3591; x_wconf 89' lang='lat' dir='ltr'>quod</span> <span class='ocrx_word' id='word_1_405' title='bbox 2805 3499 3020 3586; x_wconf 87' lang='lat' dir='ltr'>debet,</span> <span class='ocrx_word' id='word_1_406' title='bbox 3062 3524 3099 3565; x_wconf 80' lang='lat'>›&gt;</span> <span class='ocrx_word' id='word_1_407' title='bbox 3139 3499 3209 3568; x_wconf 90' lang='lat' dir='ltr'>id</span> <span class='ocrx_word' id='word_1_408' title='bbox 3245 3505 3364 3587; x_wconf 87' lang='lat' dir='ltr'>est,</span> <span class='ocrx_word' id='word_1_409' title='bbox 3403 3517 3538 3567; x_wconf 90' lang='lat' dir='ltr'>non</span> <span class='ocrx_word' id='word_1_410' title='bbox 3586 3502 3793 3589; x_wconf 82' lang='lat' dir='ltr'>potest</span> <span class='ocrx_word' id='word_1_411' title='bbox 3826 3494 3941 3563; x_wconf 79' lang='lat' dir='ltr'>nisi</span> 
     </span>
    </p>
   </div>
   <div class='ocr_carea' id='block_1_6' title="bbox 786 3612 4083 3714">
    <p class='ocr_par' dir='ltr' id='par_1_8' title="bbox 786 3612 4083 3714">
     <span class='ocr_line' id='line_1_28' title="bbox 786 3612 4083 3714; baseline -0 -34"><span class='ocrx_word' id='word_1_412' title='bbox 786 3612 981 3700; x_wconf 91' lang='lat' dir='ltr'>illud,</span> <span class='ocrx_word' id='word_1_413' title='bbox 1033 3613 1210 3705; x_wconf 89' lang='lat' dir='ltr'>quod</span> <span class='ocrx_word' id='word_1_414' title='bbox 1242 3614 1298 3681; x_wconf 88' lang='lat' dir='ltr'>si</span> <span class='ocrx_word' id='word_1_415' title='bbox 1348 3614 1609 3700; x_wconf 88' lang='lat' dir='ltr'>faceret,</span> <span class='ocrx_word' id='word_1_416' title='bbox 1658 3614 1719 3682; x_wconf 90' lang='lat' dir='ltr'>ei</span> <span class='ocrx_word' id='word_1_417' title='bbox 1757 3614 1924 3682; x_wconf 87' lang='lat' dir='ltr'>bene</span> <span class='ocrx_word' id='word_1_418' title='bbox 1958 3616 2358 3701; x_wconf 85' lang='lat' dir='ltr'>conveniret,</span> <span class='ocrx_word' id='word_1_419' title='bbox 2401 3637 2636 3686; x_wconf 83' lang='lat' dir='ltr'>verum</span> <span class='ocrx_word' id='word_1_420' title='bbox 2683 3624 2800 3684; x_wconf 88' lang='lat' dir='ltr'>est.</span> <span class='ocrx_word' id='word_1_421' title='bbox 2846 3615 3121 3684; x_wconf 86' lang='lat' dir='ltr'>Addunt</span> <span class='ocrx_word' id='word_1_422' title='bbox 3163 3636 3429 3707; x_wconf 90' lang='lat' dir='ltr'>quoque</span> <span class='ocrx_word' id='word_1_423' title='bbox 3463 3613 3568 3681; x_wconf 90' lang='lat' dir='ltr'>illi</span> <span class='ocrx_word' id='word_1_424' title='bbox 3611 3614 3886 3682; x_wconf 80' lang='lat' dir='ltr'>dicentes</span> <span class='ocrx_word' id='word_1_425' title='bbox 3918 3617 3963 3679; x_wconf 68' lang='grc' dir='ltr'>τ’</span> <span class='ocrx_word' id='word_1_426' title='bbox 4082 3705 4083 3714; x_wconf 14' lang='lat'>¹</span> 
     </span>
    </p>
   </div>
   <div class='ocr_carea' id='block_1_7' title="bbox 671 3728 3936 5343">
    <p class='ocr_par' dir='ltr' id='par_1_9' title="bbox 671 3728 3936 5343">
     <span class='ocr_line' id='line_1_29' title="bbox 796 3728 3936 3826; baseline 0 -31"><span class='ocrx_word' id='word_1_427' title='bbox 796 3756 831 3796; x_wconf 70' lang='lat' dir='ltr'>c&lt;</span> <span class='ocrx_word' id='word_1_428' title='bbox 854 3729 1036 3798; x_wconf 91' lang='lat' dir='ltr'>Nihil</span> <span class='ocrx_word' id='word_1_429' title='bbox 1055 3728 1208 3798; x_wconf 85' lang='lat' dir='ltr'>facit</span> <span class='ocrx_word' id='word_1_430' title='bbox 1225 3739 1340 3798; x_wconf 87' lang='lat' dir='ltr'>aut</span> <span class='ocrx_word' id='word_1_431' title='bbox 1360 3730 1655 3817; x_wconf 88' lang='lat' dir='ltr'>dimittit,</span> <span class='ocrx_word' id='word_1_432' title='bbox 1681 3730 1807 3798; x_wconf 90' lang='lat' dir='ltr'>nisi</span> <span class='ocrx_word' id='word_1_433' title='bbox 1829 3730 2073 3823; x_wconf 78' lang='lat' dir='ltr'>optima</span> <span class='ocrx_word' id='word_1_434' title='bbox 2091 3739 2155 3800; x_wconf 89' lang='lat' dir='ltr'>et</span> <span class='ocrx_word' id='word_1_435' title='bbox 2182 3731 2553 3801; x_wconf 88' lang='lat' dir='ltr'>rationabili</span> <span class='ocrx_word' id='word_1_436' title='bbox 2576 3751 2793 3821; x_wconf 81' lang='lat' dir='ltr'>causa,</span> <span class='ocrx_word' id='word_1_437' title='bbox 2815 3732 2966 3801; x_wconf 90' lang='lat' dir='ltr'>licet</span> <span class='ocrx_word' id='word_1_438' title='bbox 2991 3732 3179 3801; x_wconf 87' lang='lat' dir='ltr'>nobis</span> <span class='ocrx_word' id='word_1_439' title='bbox 3194 3731 3444 3800; x_wconf 77' lang='lat' dir='ltr'>occulta</span> <span class='ocrx_word' id='word_1_440' title='bbox 3461 3731 3569 3826; x_wconf 82' lang='lat' dir='ltr'>sit,</span> <span class='ocrx_word' id='word_1_441' title='bbox 3592 3729 3936 3799; x_wconf 86' lang='lat' dir='ltr'>secundum</span> 
     </span>
     <span class='ocr_line' id='line_1_30' title="bbox 785 3845 3933 3940; baseline -0.001 -25"><span class='ocrx_word' id='word_1_442' title='bbox 785 3869 986 3938; x_wconf 85' lang='lat' dir='ltr'>quam</span> <span class='ocrx_word' id='word_1_443' title='bbox 1014 3855 1267 3939; x_wconf 89' lang='lat' dir='ltr'>oportet</span> <span class='ocrx_word' id='word_1_444' title='bbox 1291 3870 1445 3916; x_wconf 90' lang='lat' dir='ltr'>eum</span> <span class='ocrx_word' id='word_1_445' title='bbox 1471 3847 1682 3915; x_wconf 86' lang='lat' dir='ltr'>facere</span> <span class='ocrx_word' id='word_1_446' title='bbox 1707 3869 1780 3916; x_wconf 86' lang='lat' dir='ltr'>ac</span> <span class='ocrx_word' id='word_1_447' title='bbox 1805 3847 2157 3936; x_wconf 88' lang='lat' dir='ltr'>dimittere,</span> <span class='ocrx_word' id='word_1_448' title='bbox 2190 3869 2342 3940; x_wconf 87' lang='lat' dir='ltr'>quae</span> <span class='ocrx_word' id='word_1_449' title='bbox 2368 3848 2521 3917; x_wconf 84' lang='lat' dir='ltr'>facit</span> <span class='ocrx_word' id='word_1_450' title='bbox 2545 3849 2651 3919; x_wconf 87' lang='lat' dir='ltr'>vel</span> <span class='ocrx_word' id='word_1_451' title='bbox 2678 3849 2967 3917; x_wconf 87' lang='lat' dir='ltr'>dimittit.</span> <span class='ocrx_word' id='word_1_452' title='bbox 2999 3847 3193 3917; x_wconf 86' lang='lat' dir='ltr'>Ratio</span> <span class='ocrx_word' id='word_1_453' title='bbox 3220 3847 3398 3917; x_wconf 87' lang='lat' dir='ltr'>enim</span> <span class='ocrx_word' id='word_1_454' title='bbox 3427 3867 3623 3937; x_wconf 86' lang='lat' dir='ltr'>penes</span> <span class='ocrx_word' id='word_1_455' title='bbox 3651 3867 3800 3914; x_wconf 87' lang='lat' dir='ltr'>eum</span> <span class='ocrx_word' id='word_1_456' title='bbox 3825 3845 3933 3930; x_wconf 78' lang='lat' dir='ltr'>est,</span> 
     </span>
     <span class='ocr_line' id='line_1_31' title="bbox 786 3959 3935 4057; baseline -0.001 -26"><span class='ocrx_word' id='word_1_457' title='bbox 786 3963 943 4057; x_wconf 87' lang='lat' dir='ltr'>quia</span> <span class='ocrx_word' id='word_1_458' title='bbox 968 3963 1085 4032; x_wconf 87' lang='lat' dir='ltr'>illa</span> <span class='ocrx_word' id='word_1_459' title='bbox 1109 3962 1286 4053; x_wconf 84' lang='lat' dir='ltr'>facit,</span> <span class='ocrx_word' id='word_1_460' title='bbox 1319 3972 1382 4032; x_wconf 91' lang='lat' dir='ltr'>et</span> <span class='ocrx_word' id='word_1_461' title='bbox 1406 3964 1525 4032; x_wconf 87' lang='lat' dir='ltr'>illa</span> <span class='ocrx_word' id='word_1_462' title='bbox 1551 3964 1844 4050; x_wconf 88' lang='lat' dir='ltr'>dimittit,</span> <span class='ocrx_word' id='word_1_463' title='bbox 1874 3986 2021 4056; x_wconf 83' lang='lat' dir='ltr'>quae</span> <span class='ocrx_word' id='word_1_464' title='bbox 2041 3966 2209 4034; x_wconf 88' lang='lat' dir='ltr'>ratio</span> <span class='ocrx_word' id='word_1_465' title='bbox 2237 3973 2478 4035; x_wconf 80' lang='lat' dir='ltr'>aeterna</span> <span class='ocrx_word' id='word_1_466' title='bbox 2503 3975 2621 4052; x_wconf 86' lang='lat' dir='ltr'>est,</span> <span class='ocrx_word' id='word_1_467' title='bbox 2654 3975 2717 4034; x_wconf 86' lang='lat' dir='ltr'>et</span> <span class='ocrx_word' id='word_1_468' title='bbox 2743 3987 2997 4057; x_wconf 86' lang='lat' dir='ltr'>semper</span> <span class='ocrx_word' id='word_1_469' title='bbox 3025 3984 3319 4051; x_wconf 86' lang='lat' dir='ltr'>manens,</span> <span class='ocrx_word' id='word_1_470' title='bbox 3348 3972 3585 4056; x_wconf 81' lang='lat' dir='ltr'>praeter</span> <span class='ocrx_word' id='word_1_471' title='bbox 3610 3959 3787 4055; x_wconf 84' lang='lat' dir='ltr'>quod</span> <span class='ocrx_word' id='word_1_472' title='bbox 3811 3977 3935 4029; x_wconf 88' lang='lat' dir='ltr'>non</span> 
     </span>
     <span class='ocr_line' id='line_1_32' title="bbox 787 4078 3929 4174; baseline -0.001 -25"><span class='ocrx_word' id='word_1_473' title='bbox 787 4088 993 4172; x_wconf 87' lang='lat' dir='ltr'>potest</span> <span class='ocrx_word' id='word_1_474' title='bbox 1016 4081 1269 4173; x_wconf 86' lang='lat' dir='ltr'>aliquid</span> <span class='ocrx_word' id='word_1_475' title='bbox 1309 4082 1518 4151; x_wconf 88' lang='lat' dir='ltr'>facere</span> <span class='ocrx_word' id='word_1_476' title='bbox 1556 4082 1665 4152; x_wconf 80' lang='lat' dir='ltr'>vel</span> <span class='ocrx_word' id='word_1_477' title='bbox 1700 4082 2053 4151; x_wconf 89' lang='lat' dir='ltr'>dimittere.</span> <span class='ocrx_word' id='word_1_478' title='bbox 2090 4081 2214 4150; x_wconf 86' lang='lat' dir='ltr'>Illa</span> <span class='ocrx_word' id='word_1_479' title='bbox 2256 4105 2412 4172; x_wconf 90' lang='lat' dir='ltr'>ergo</span> <span class='ocrx_word' id='word_1_480' title='bbox 2453 4091 2780 4170; x_wconf 88' lang='lat' dir='ltr'>manente,</span> <span class='ocrx_word' id='word_1_481' title='bbox 2812 4099 2948 4152; x_wconf 87' lang='lat' dir='ltr'>non</span> <span class='ocrx_word' id='word_1_482' title='bbox 2975 4088 3182 4174; x_wconf 80' lang='lat' dir='ltr'>potest</span> <span class='ocrx_word' id='word_1_483' title='bbox 3208 4080 3386 4172; x_wconf 82' lang='lat' dir='ltr'>quod</span> <span class='ocrx_word' id='word_1_484' title='bbox 3412 4078 3566 4148; x_wconf 80' lang='lat' dir='ltr'>facit</span> <span class='ocrx_word' id='word_1_485' title='bbox 3592 4078 3929 4162; x_wconf 79' lang='lat' dir='ltr'>dimittere,</span> 
     </span>
     <span class='ocr_line' id='line_1_33' title="bbox 683 4194 3933 4291; baseline -0.001 -28"><span class='ocrx_word' id='word_1_486' title='bbox 683 4258 689 4263; x_wconf 89' lang='lat'>.</span> <span class='ocrx_word' id='word_1_487' title='bbox 785 4220 904 4267; x_wconf 89' lang='grc'><strong>1166</strong></span> <span class='ocrx_word' id='word_1_488' title='bbox 929 4196 1107 4291; x_wconf 85' lang='lat' dir='ltr'>quod</span> <span class='ocrx_word' id='word_1_489' title='bbox 1133 4198 1403 4267; x_wconf 88' lang='lat' dir='ltr'>dimittit</span> <span class='ocrx_word' id='word_1_490' title='bbox 1430 4199 1638 4268; x_wconf 85' lang='lat' dir='ltr'>facere</span> <span class='ocrx_word' id='word_1_491' title='bbox 1672 4223 1688 4267; x_wconf 71' lang='grc' dir='ltr'><em>τ</em></span> <span class='ocrx_word' id='word_1_492' title='bbox 1720 4208 1784 4267; x_wconf 91' lang='lat' dir='ltr'>et</span> <span class='ocrx_word' id='word_1_493' title='bbox 1809 4199 1902 4267; x_wconf 84' lang='lat' dir='ltr'>ita</span> <span class='ocrx_word' id='word_1_494' title='bbox 1935 4218 2070 4267; x_wconf 89' lang='lat' dir='ltr'>non</span> <span class='ocrx_word' id='word_1_495' title='bbox 2098 4206 2305 4290; x_wconf 86' lang='lat' dir='ltr'>potest</span> <span class='ocrx_word' id='word_1_496' title='bbox 2331 4198 2563 4286; x_wconf 78' lang='lat' dir='ltr'>facere,</span> <span class='ocrx_word' id='word_1_497' title='bbox 2601 4198 2728 4267; x_wconf 89' lang='lat' dir='ltr'>nisi</span> <span class='ocrx_word' id='word_1_498' title='bbox 2754 4199 2931 4291; x_wconf 90' lang='lat' dir='ltr'>quod</span> <span class='ocrx_word' id='word_1_499' title='bbox 2959 4198 3132 4266; x_wconf 73' lang='lat' dir='ltr'>facit.</span> <span class='ocrx_word' id='word_1_500' title='bbox 3170 4223 3206 4263; x_wconf 71' lang='lat'>»</span> <span class='ocrx_word' id='word_1_501' title='bbox 3239 4197 3319 4264; x_wconf 91' lang='lat' dir='ltr'>Et</span> <span class='ocrx_word' id='word_1_502' title='bbox 3340 4196 3420 4264; x_wconf 87' lang='lat' dir='ltr'>ad</span> <span class='ocrx_word' id='word_1_503' title='bbox 3449 4194 3573 4264; x_wconf 88' lang='grc'><strong>1106</strong></span> <span class='ocrx_word' id='word_1_504' title='bbox 3598 4194 3933 4285; x_wconf 79' lang='lat' dir='ltr'>responde-</span> 
     </span>
     <span class='ocr_line' id='line_1_34' title="bbox 787 4308 3935 4405; baseline -0.003 -20"><span class='ocrx_word' id='word_1_505' title='bbox 787 4340 958 4404; x_wconf 75' lang='grc'><strong>111113,</strong></span> <span class='ocrx_word' id='word_1_506' title='bbox 976 4316 1471 4405; x_wconf 87' lang='lat' dir='ltr'>ambiguitatem</span> <span class='ocrx_word' id='word_1_507' title='bbox 1489 4316 1836 4384; x_wconf 87' lang='lat' dir='ltr'>locutionis</span> <span class='ocrx_word' id='word_1_508' title='bbox 1855 4315 2383 4384; x_wconf 60' lang='lat' dir='ltr'>determinantes».</span> <span class='ocrx_word' id='word_1_509' title='bbox 2402 4317 2569 4384; x_wconf 78' lang='lat' dir='ltr'>Cum</span> <span class='ocrx_word' id='word_1_510' title='bbox 2591 4316 2767 4384; x_wconf 91' lang='lat' dir='ltr'>enim</span> <span class='ocrx_word' id='word_1_511' title='bbox 2785 4315 3026 4383; x_wconf 87' lang='lat' dir='ltr'>dicitur</span> <span class='ocrx_word' id='word_1_512' title='bbox 3047 4340 3062 4382; x_wconf 91' lang='lat'>:</span> <span class='ocrx_word' id='word_1_513' title='bbox 3086 4341 3120 4381; x_wconf 75' lang='lat' dir='ltr'>t(</span> <span class='ocrx_word' id='word_1_514' title='bbox 3143 4314 3333 4382; x_wconf 86' lang='lat' dir='ltr'>Ratio</span> <span class='ocrx_word' id='word_1_515' title='bbox 3355 4315 3461 4384; x_wconf 80' lang='lat' dir='ltr'>vel</span> <span class='ocrx_word' id='word_1_516' title='bbox 3487 4335 3683 4384; x_wconf 82' lang='lat' dir='ltr'>causa</span> <span class='ocrx_word' id='word_1_517' title='bbox 3702 4308 3935 4405; x_wconf 79' lang='lat' dir='ltr'>optima</span> 
     </span>
     <span class='ocr_line' id='line_1_35' title="bbox 784 4428 3927 4526; baseline -0.003 -24"><span class='ocrx_word' id='word_1_518' title='bbox 784 4455 982 4526; x_wconf 86' lang='lat' dir='ltr'>penes</span> <span class='ocrx_word' id='word_1_519' title='bbox 1005 4433 1215 4502; x_wconf 90' lang='lat' dir='ltr'>Deum</span> <span class='ocrx_word' id='word_1_520' title='bbox 1240 4437 1359 4519; x_wconf 86' lang='lat' dir='ltr'>est,</span> <span class='ocrx_word' id='word_1_521' title='bbox 1390 4455 1523 4524; x_wconf 84' lang='lat' dir='ltr'>qua</span> <span class='ocrx_word' id='word_1_522' title='bbox 1545 4433 1698 4501; x_wconf 86' lang='lat' dir='ltr'>facit</span> <span class='ocrx_word' id='word_1_523' title='bbox 1715 4441 1948 4501; x_wconf 86' lang='lat' dir='ltr'>cuncta</span> <span class='ocrx_word' id='word_1_524' title='bbox 1966 4454 2118 4525; x_wconf 84' lang='lat' dir='ltr'>quae</span> <span class='ocrx_word' id='word_1_525' title='bbox 2144 4430 2320 4514; x_wconf 83' lang='lat' dir='ltr'>facit,</span> <span class='ocrx_word' id='word_1_526' title='bbox 2345 4436 2409 4500; x_wconf 82' lang='lat' dir='ltr'>et</span> <span class='ocrx_word' id='word_1_527' title='bbox 2436 4431 2703 4500; x_wconf 89' lang='lat' dir='ltr'>dimittit</span> <span class='ocrx_word' id='word_1_528' title='bbox 2728 4454 2805 4500; x_wconf 90' lang='lat' dir='ltr'>ea</span> <span class='ocrx_word' id='word_1_529' title='bbox 2829 4453 2978 4524; x_wconf 84' lang='lat' dir='ltr'>quae</span> <span class='ocrx_word' id='word_1_530' title='bbox 3004 4431 3275 4499; x_wconf 88' lang='lat' dir='ltr'>dimittit</span> <span class='ocrx_word' id='word_1_531' title='bbox 3298 4457 3315 4519; x_wconf 81' lang='lat'>3</span> <span class='ocrx_word' id='word_1_532' title='bbox 3348 4456 3383 4497; x_wconf 73' lang='lat' dir='ltr'>n</span> <span class='ocrx_word' id='word_1_533' title='bbox 3420 4452 3654 4502; x_wconf 82' lang='lat' dir='ltr'>verum</span> <span class='ocrx_word' id='word_1_534' title='bbox 3672 4428 3927 4523; x_wconf 87' lang='lat' dir='ltr'>quidem</span> 
     </span>
     <span class='ocr_line' id='line_1_36' title="bbox 785 4545 3922 4644; baseline -0.003 -24"><span class='ocrx_word' id='word_1_535' title='bbox 785 4558 926 4620; x_wconf 90' lang='lat' dir='ltr'>est:</span> <span class='ocrx_word' id='word_1_536' title='bbox 959 4550 1119 4644; x_wconf 87' lang='lat' dir='ltr'>quia</span> <span class='ocrx_word' id='word_1_537' title='bbox 1154 4549 1226 4617; x_wconf 91' lang='lat' dir='ltr'>in</span> <span class='ocrx_word' id='word_1_538' title='bbox 1258 4572 1334 4619; x_wconf 92' lang='lat' dir='ltr'>eo</span> <span class='ocrx_word' id='word_1_539' title='bbox 1379 4550 1685 4618; x_wconf 85' lang='lat' dir='ltr'>voluntas</span> <span class='ocrx_word' id='word_1_540' title='bbox 1728 4558 1824 4618; x_wconf 88' lang='lat' dir='ltr'>est</span> <span class='ocrx_word' id='word_1_541' title='bbox 1862 4549 2232 4642; x_wconf 68' lang='lat' dir='ltr'>aeqniseima</span> <span class='ocrx_word' id='word_1_542' title='bbox 2276 4557 2340 4618; x_wconf 90' lang='lat' dir='ltr'>et</span> <span class='ocrx_word' id='word_1_543' title='bbox 2372 4549 2761 4637; x_wconf 85' lang='lat' dir='ltr'>rectissima,</span> <span class='ocrx_word' id='word_1_544' title='bbox 2793 4571 2927 4641; x_wconf 86' lang='lat' dir='ltr'>qua</span> <span class='ocrx_word' id='word_1_545' title='bbox 2969 4550 3123 4617; x_wconf 82' lang='lat' dir='ltr'>facit</span> <span class='ocrx_word' id='word_1_546' title='bbox 3163 4558 3226 4617; x_wconf 86' lang='lat' dir='ltr'>et</span> <span class='ocrx_word' id='word_1_547' title='bbox 3260 4547 3528 4617; x_wconf 88' lang='lat' dir='ltr'>dimittit</span> <span class='ocrx_word' id='word_1_548' title='bbox 3573 4567 3721 4640; x_wconf 80' lang='lat' dir='ltr'>quae</span> <span class='ocrx_word' id='word_1_549' title='bbox 3770 4545 3922 4629; x_wconf 77' lang='lat' dir='ltr'>vult,</span> 
     </span>
     <span class='ocr_line' id='line_1_37' title="bbox 783 4661 3926 4762; baseline -0.002 -26"><span class='ocrx_word' id='word_1_550' title='bbox 783 4675 1009 4739; x_wconf 87' lang='lat' dir='ltr'>contra</span> <span class='ocrx_word' id='word_1_551' title='bbox 1034 4691 1234 4762; x_wconf 85' lang='lat' dir='ltr'>quam</span> <span class='ocrx_word' id='word_1_552' title='bbox 1268 4667 1474 4736; x_wconf 87' lang='lat' dir='ltr'>facere</span> <span class='ocrx_word' id='word_1_553' title='bbox 1502 4687 1633 4734; x_wconf 90' lang='lat' dir='ltr'>non</span> <span class='ocrx_word' id='word_1_554' title='bbox 1656 4673 1887 4757; x_wconf 87' lang='lat' dir='ltr'>potest,</span> <span class='ocrx_word' id='word_1_555' title='bbox 1917 4687 2037 4733; x_wconf 90' lang='grc'><strong>1166</strong></span> <span class='ocrx_word' id='word_1_556' title='bbox 2064 4673 2295 4757; x_wconf 79' lang='lat' dir='ltr'>praeter</span> <span class='ocrx_word' id='word_1_557' title='bbox 2321 4685 2466 4733; x_wconf 83' lang='lat' dir='ltr'>eam</span> <span class='ocrx_word' id='word_1_558' title='bbox 2498 4666 2706 4734; x_wconf 83' lang='lat' dir='ltr'>facere</span> <span class='ocrx_word' id='word_1_559' title='bbox 2742 4674 2971 4758; x_wconf 88' lang='lat' dir='ltr'>potest.</span> <span class='ocrx_word' id='word_1_560' title='bbox 3003 4664 3135 4733; x_wconf 86' lang='lat' dir='ltr'>Nec</span> <span class='ocrx_word' id='word_1_561' title='bbox 3163 4666 3390 4758; x_wconf 82' lang='lat' dir='ltr'>utique</span> <span class='ocrx_word' id='word_1_562' title='bbox 3418 4672 3642 4733; x_wconf 85' lang='lat' dir='ltr'>contra</span> <span class='ocrx_word' id='word_1_563' title='bbox 3674 4679 3817 4732; x_wconf 87' lang='lat' dir='ltr'>eam</span> <span class='ocrx_word' id='word_1_564' title='bbox 3841 4661 3926 4731; x_wconf 85' lang='lat' dir='ltr'>fa-</span> 
     </span>
     <span class='ocr_line' id='line_1_38' title="bbox 783 4781 3925 4878; baseline -0.004 -20"><span class='ocrx_word' id='word_1_565' title='bbox 783 4796 977 4875; x_wconf 86' lang='lat' dir='ltr'>ceret,</span> <span class='ocrx_word' id='word_1_566' title='bbox 1006 4810 1123 4856; x_wconf 89' lang='lat' dir='ltr'>nec</span> <span class='ocrx_word' id='word_1_567' title='bbox 1140 4793 1369 4878; x_wconf 85' lang='lat' dir='ltr'>praeter</span> <span class='ocrx_word' id='word_1_568' title='bbox 1393 4807 1561 4872; x_wconf 90' lang='lat' dir='ltr'>eam,</span> <span class='ocrx_word' id='word_1_569' title='bbox 1591 4784 1645 4850; x_wconf 89' lang='lat' dir='ltr'>si</span> <span class='ocrx_word' id='word_1_570' title='bbox 1673 4807 1750 4852; x_wconf 91' lang='lat' dir='ltr'>ea</span> <span class='ocrx_word' id='word_1_571' title='bbox 1775 4805 1921 4876; x_wconf 84' lang='lat' dir='ltr'>quae</span> <span class='ocrx_word' id='word_1_572' title='bbox 1948 4782 2102 4851; x_wconf 84' lang='lat' dir='ltr'>facit</span> <span class='ocrx_word' id='word_1_573' title='bbox 2128 4782 2505 4869; x_wconf 80' lang='lat' dir='ltr'>dimitteret,</span> <span class='ocrx_word' id='word_1_574' title='bbox 2534 4782 2636 4850; x_wconf 83' lang='lat' dir='ltr'>vel</span> <span class='ocrx_word' id='word_1_575' title='bbox 2664 4805 2814 4875; x_wconf 82' lang='lat' dir='ltr'>quae</span> <span class='ocrx_word' id='word_1_576' title='bbox 2840 4781 3109 4870; x_wconf 84' lang='lat' dir='ltr'>dimittit</span> <span class='ocrx_word' id='word_1_577' title='bbox 3137 4782 3405 4869; x_wconf 83' lang='lat' dir='ltr'>faceret3</span> <span class='ocrx_word' id='word_1_578' title='bbox 3423 4781 3535 4850; x_wconf 85' lang='lat' dir='ltr'>sed</span> <span class='ocrx_word' id='word_1_579' title='bbox 3552 4781 3773 4850; x_wconf 85' lang='lat' dir='ltr'>eadem</span> <span class='ocrx_word' id='word_1_580' title='bbox 3800 4793 3925 4847; x_wconf 87' lang='lat' dir='ltr'>ma·</span> 
     </span>
     <span class='ocr_line' id='line_1_39' title="bbox 671 4895 3921 4991; baseline -0.004 -19"><span class='ocrx_word' id='word_1_581' title='bbox 671 4967 682 4984; x_wconf 67' lang='grc'><strong>,</strong></span> <span class='ocrx_word' id='word_1_582' title='bbox 783 4913 979 4974; x_wconf 87' lang='lat' dir='ltr'>nente</span> <span class='ocrx_word' id='word_1_583' title='bbox 1025 4903 1274 4973; x_wconf 88' lang='lat' dir='ltr'>ratione</span> <span class='ocrx_word' id='word_1_584' title='bbox 1314 4909 1378 4971; x_wconf 89' lang='lat' dir='ltr'>et</span> <span class='ocrx_word' id='word_1_585' title='bbox 1401 4924 1619 4988; x_wconf 84' lang='lat' dir='ltr'>causa,</span> <span class='ocrx_word' id='word_1_586' title='bbox 1666 4899 1796 4967; x_wconf 82' lang='lat' dir='ltr'>alia</span> <span class='ocrx_word' id='word_1_587' title='bbox 1829 4900 2043 4991; x_wconf 87' lang='lat' dir='ltr'>potuit</span> <span class='ocrx_word' id='word_1_588' title='bbox 2084 4899 2317 4986; x_wconf 81' lang='lat' dir='ltr'>facere,</span> <span class='ocrx_word' id='word_1_589' title='bbox 2358 4907 2421 4967; x_wconf 90' lang='lat' dir='ltr'>et</span> <span class='ocrx_word' id='word_1_590' title='bbox 2455 4899 2579 4967; x_wconf 86' lang='lat' dir='ltr'>ista</span> <span class='ocrx_word' id='word_1_591' title='bbox 2622 4898 2970 4968; x_wconf 87' lang='lat' dir='ltr'>dimittere.</span> <span class='ocrx_word' id='word_1_592' title='bbox 3021 4897 3199 4966; x_wconf 85' lang='lat' dir='ltr'>Licet</span> <span class='ocrx_word' id='word_1_593' title='bbox 3234 4915 3390 4987; x_wconf 88' lang='lat' dir='ltr'>ergo</span> <span class='ocrx_word' id='word_1_594' title='bbox 3423 4897 3589 4966; x_wconf 86' lang='lat' dir='ltr'>ratio</span> <span class='ocrx_word' id='word_1_595' title='bbox 3624 4895 3710 4965; x_wconf 87' lang='lat' dir='ltr'>sit</span> <span class='ocrx_word' id='word_1_596' title='bbox 3742 4907 3921 4988; x_wconf 83' lang='lat' dir='ltr'>penes</span> 
     </span>
     <span class='ocr_line' id='line_1_40' title="bbox 784 5010 3919 5114; baseline -0.004 -23"><span class='ocrx_word' id='word_1_597' title='bbox 784 5045 963 5111; x_wconf 89' lang='lat' dir='ltr'>eum,</span> <span class='ocrx_word' id='word_1_598' title='bbox 993 5045 1127 5114; x_wconf 87' lang='lat' dir='ltr'>qua</span> <span class='ocrx_word' id='word_1_599' title='bbox 1152 5020 1283 5090; x_wconf 87' lang='lat' dir='ltr'>alia</span> <span class='ocrx_word' id='word_1_600' title='bbox 1311 5019 1488 5107; x_wconf 84' lang='lat' dir='ltr'>facit,</span> <span class='ocrx_word' id='word_1_601' title='bbox 1520 5026 1583 5086; x_wconf 90' lang='lat' dir='ltr'>et</span> <span class='ocrx_word' id='word_1_602' title='bbox 1609 5017 1739 5086; x_wconf 86' lang='lat' dir='ltr'>alia</span> <span class='ocrx_word' id='word_1_603' title='bbox 1762 5016 2056 5103; x_wconf 86' lang='lat' dir='ltr'>dimittit,</span> <span class='ocrx_word' id='word_1_604' title='bbox 2100 5024 2309 5108; x_wconf 84' lang='lat' dir='ltr'>potest</span> <span class='ocrx_word' id='word_1_605' title='bbox 2336 5023 2555 5085; x_wconf 77' lang='lat' dir='ltr'>tamen</span> <span class='ocrx_word' id='word_1_606' title='bbox 2580 5015 2941 5084; x_wconf 85' lang='lat' dir='ltr'>secundum</span> <span class='ocrx_word' id='word_1_607' title='bbox 2965 5014 3258 5083; x_wconf 81' lang='lat' dir='ltr'>eamdem</span> <span class='ocrx_word' id='word_1_608' title='bbox 3288 5014 3604 5083; x_wconf 86' lang='lat' dir='ltr'>rationem</span> <span class='ocrx_word' id='word_1_609' title='bbox 3632 5010 3919 5082; x_wconf 68' lang='grc'><strong>6111111111-</strong></span> 
     </span>
     <span class='ocr_line' id='line_1_41' title="bbox 785 5129 3909 5233; baseline -0.004 -25"><span class='ocrx_word' id='word_1_610' title='bbox 785 5148 918 5208; x_wconf 89' lang='lat' dir='ltr'>tere</span> <span class='ocrx_word' id='word_1_611' title='bbox 943 5161 1095 5233; x_wconf 81' lang='lat' dir='ltr'>quae</span> <span class='ocrx_word' id='word_1_612' title='bbox 1118 5138 1294 5221; x_wconf 85' lang='lat' dir='ltr'>facit,</span> <span class='ocrx_word' id='word_1_613' title='bbox 1323 5142 1388 5206; x_wconf 88' lang='lat' dir='ltr'>et</span> <span class='ocrx_word' id='word_1_614' title='bbox 1418 5135 1625 5205; x_wconf 83' lang='lat' dir='ltr'>facere</span> <span class='ocrx_word' id='word_1_615' title='bbox 1659 5155 1810 5227; x_wconf 80' lang='lat' dir='ltr'>quae</span> <span class='ocrx_word' id='word_1_616' title='bbox 1848 5133 2141 5202; x_wconf 84' lang='lat' dir='ltr'>dimittit.</span> <span class='ocrx_word' id='word_1_617' title='bbox 2181 5132 2314 5225; x_wconf 85' lang='lat' dir='ltr'>Ipsi</span> <span class='ocrx_word' id='word_1_618' title='bbox 2348 5132 2545 5202; x_wconf 85' lang='lat' dir='ltr'>etiam</span> <span class='ocrx_word' id='word_1_619' title='bbox 2585 5131 2874 5201; x_wconf 83' lang='lat' dir='ltr'>addunt:</span> <span class='ocrx_word' id='word_1_620' title='bbox 2917 5158 2954 5200; x_wconf 84' lang='lat'>«</span> <span class='ocrx_word' id='word_1_621' title='bbox 2988 5130 3179 5200; x_wconf 85' lang='lat' dir='ltr'>Ratio</span> <span class='ocrx_word' id='word_1_622' title='bbox 3215 5137 3334 5218; x_wconf 79' lang='lat' dir='ltr'>est,</span> <span class='ocrx_word' id='word_1_623' title='bbox 3366 5148 3519 5199; x_wconf 73' lang='lat' dir='ltr'>eu‘m&#39;</span> <span class='ocrx_word' id='word_1_624' title='bbox 3547 5129 3759 5199; x_wconf 78' lang='lat' dir='ltr'>faeere</span> <span class='ocrx_word' id='word_1_625' title='bbox 3774 5143 3909 5220; x_wconf 78' lang='lat' dir='ltr'>quae</span> 
     </span>
     <span class='ocr_line' id='line_1_42' title="bbox 785 5245 3914 5343; baseline -0.004 -18"><span class='ocrx_word' id='word_1_626' title='bbox 785 5251 961 5342; x_wconf 77' lang='lat' dir='ltr'>facit,</span> <span class='ocrx_word' id='word_1_627' title='bbox 991 5264 1056 5325; x_wconf 87' lang='lat' dir='ltr'>et</span> <span class='ocrx_word' id='word_1_628' title='bbox 1097 5275 1231 5324; x_wconf 86' lang='grc'><strong>11011</strong></span> <span class='ocrx_word' id='word_1_629' title='bbox 1258 5253 1424 5340; x_wconf 83' lang='lat' dir='ltr'>alia,</span> <span class='ocrx_word' id='word_1_630' title='bbox 1456 5259 1521 5320; x_wconf 89' lang='lat' dir='ltr'>et</span> <span class='ocrx_word' id='word_1_631' title='bbox 1545 5272 1681 5320; x_wconf 91' lang='lat' dir='ltr'>non</span> <span class='ocrx_word' id='word_1_632' title='bbox 1706 5257 1915 5342; x_wconf 82' lang='lat' dir='ltr'>potest</span> <span class='ocrx_word' id='word_1_633' title='bbox 1945 5249 2190 5335; x_wconf 81' lang='lat' dir='ltr'>facere,</span> <span class='ocrx_word' id='word_1_634' title='bbox 2221 5250 2349 5318; x_wconf 76' lang='lat' dir='ltr'>nisi</span> <span class='ocrx_word' id='word_1_635' title='bbox 2376 5250 2552 5343; x_wconf 87' lang='lat' dir='ltr'>quod</span> <span class='ocrx_word' id='word_1_636' title='bbox 2578 5250 2744 5318; x_wconf 87' lang='lat' dir='ltr'>ratio</span> <span class='ocrx_word' id='word_1_637' title='bbox 2773 5256 2870 5318; x_wconf 84' lang='lat' dir='ltr'>est</span> <span class='ocrx_word' id='word_1_638' title='bbox 2895 5271 3050 5318; x_wconf 87' lang='lat' dir='ltr'>eum</span> <span class='ocrx_word' id='word_1_639' title='bbox 3076 5247 3285 5316; x_wconf 83' lang='lat' dir='ltr'>facere</span> <span class='ocrx_word' id='word_1_640' title='bbox 3308 5298 3328 5333; x_wconf 91' lang='lat'>‚</span> <span class='ocrx_word' id='word_1_641' title='bbox 3357 5254 3424 5316; x_wconf 86' lang='lat' dir='ltr'>et</span> <span class='ocrx_word' id='word_1_642' title='bbox 3446 5246 3541 5315; x_wconf 83' lang='lat' dir='ltr'>ita</span> <span class='ocrx_word' id='word_1_643' title='bbox 3563 5267 3699 5315; x_wconf 86' lang='lat' dir='ltr'>non</span> <span class='ocrx_word' id='word_1_644' title='bbox 3726 5245 3914 5336; x_wconf 74' lang='lat' dir='ltr'>potest</span> 
     </span>
    </p>
   </div>
   <div class='ocr_carea' id='block_1_8' title="bbox 849 5456 2695 5525">
    <p class='ocr_par' dir='ltr' id='par_1_10' title="bbox 849 5456 2695 5525">
     <span class='ocr_line' id='line_1_43' title="bbox 849 5456 2695 5525; baseline -0.004 -9"><span class='ocrx_word' id='word_1_645' title='bbox 849 5464 1082 5525; x_wconf 57' lang='lat' dir='ltr'>menies„</span> <span class='ocrx_word' id='word_1_646' title='bbox 1101 5475 1213 5525; x_wconf 80' lang='lat' dir='ltr'>m,</span> <span class='ocrx_word' id='word_1_647' title='bbox 1238 5464 1319 5514; x_wconf 81' lang='lat'>22.</span> <span class='ocrx_word' id='word_1_648' title='bbox 1336 5486 1400 5500; x_wconf 93' lang='lat'><strong>—</strong></span> <span class='ocrx_word' id='word_1_649' title='bbox 1421 5461 1444 5496; x_wconf 79' lang='lat'><strong>¹</strong></span> <span class='ocrx_word' id='word_1_650' title='bbox 1460 5465 1612 5525; x_wconf 65' lang='lat' dir='ltr'>Aug„</span> <span class='ocrx_word' id='word_1_651' title='bbox 1641 5459 1731 5510; x_wconf 87' lang='lat' dir='ltr'>tib.</span> <span class='ocrx_word' id='word_1_652' title='bbox 1756 5458 1899 5510; x_wconf 75' lang='lat' dir='ltr'>Cont.</span> <span class='ocrx_word' id='word_1_653' title='bbox 1922 5472 2013 5511; x_wconf 71' lang='lat' dir='ltr'>sec.</span> <span class='ocrx_word' id='word_1_654' title='bbox 2041 5456 2288 5511; x_wconf 74' lang='lat' dir='ltr'>Gaudent.</span> <span class='ocrx_word' id='word_1_655' title='bbox 2316 5458 2467 5523; x_wconf 72' lang='lat' dir='ltr'>epist.</span> <span class='ocrx_word' id='word_1_656' title='bbox 2495 5472 2542 5509; x_wconf 88' lang='grc'>6.</span> <span class='ocrx_word' id='word_1_657' title='bbox 2563 5469 2695 5509; x_wconf 82' lang='lat' dir='ltr'>nn.</span> 
     </span>
    </p>
   </div>
  </div>
 </body>
</html>
