4125 6225
535 405 653 464 238

533 541 628 599 est
657 535 734 597 de
776 532 1065 597 Creatore
1083 580 1101 609 ,
1130 535 1341 595 actum
1370 533 1467 594 est
1495 529 1686 593 etiam
1714 529 1790 592 de
1819 531 2069 590 creatu-

533 642 655 721 riS,
690 645 879 723 prout
911 643 1062 703 sunt
1087 639 1193 703 via
1228 638 1305 702 ad
1335 635 1839 721 perveniendum
1880 635 1948 697 in
1984 633 2061 716 (a)

532 747 962 828 cognitionem
999 769 1014 810 z
1057 763 1231 809 nunc
1257 749 1471 808 autem
1500 744 1715 825 agitur
1740 743 1817 806 de
1845 741 2071 821 cogni-

532 855 704 918 tione
730 872 972 933 rerum,
1003 857 1191 936 prout
1217 853 1498 934 cognitio
1528 851 1604 914 de
1640 849 1927 914 Creatore
1954 848 2066 912 ad-

534 963 944 1026 miniculatur
971 961 1063 1037 ei,
1099 961 1252 1042 quia
1279 960 1497 1041 agitur
1523 959 1602 1022 de
1625 957 1981 1021 conditione
2009 960 2074 1019 et

534 1069 739 1151 lapsu.
771 1066 912 1132 Non
951 1071 1154 1148 potest
1191 1071 1406 1132 autem
1433 1064 1729 1146 cognosci
1759 1063 2030 1127 conditio
2048 1111 2066 1141 ,

534 1178 657 1239 nisi
706 1177 884 1258 prius
940 1178 1361 1257 cognoscatur
1414 1176 1554 1256 ejus
1604 1171 1993 1255 principium
2050 1191 2064 1233 ε

535 1284 923 1367 principium
977 1287 1190 1346 autem
1233 1282 1434 1363 hujus
1479 1278 1854 1344 conditionis
1899 1277 2072 1342 solus

535 1391 699 1455 Deus
724 1395 819 1455 est
852 1414 865 1454 :
896 1391 1034 1455 ideo
1058 1394 1304 1472 oportet
1335 1388 1687 1453 doctrinam
1706 1387 1905 1469 hujus
1926 1384 2073 1449 libri

536 1498 716 1580 sequi
759 1497 1113 1562 doctrinam
1157 1495 1598 1579 praecedentiS,
1645 1498 1710 1558 et
1750 1496 1922 1577 patet
1956 1492 2075 1556 ob-

528 1608 796 1689 jectum.

1185 1705 1321 1750 nnn.
1364 1703 1435 1746 11.

542 1811 597 1860 ln
612 1824 716 1860 uno
733 1810 984 1874 principio
1004 1824 1035 1859 a
1055 1812 1163 1861 Deo
1186 1811 1426 1860 creatore
1440 1807 1688 1858 mundum
1700 1806 1890 1856 factum
1904 1805 2076 1855 refert.

619 1927 851 2003 Quaero
891 1944 1007 2008 pro
1047 1945 1174 2007 quo
1217 1929 1536 2007 supponat
1580 1923 1684 1988 ille
1724 1922 2073 1998 terminuS,

536 2036 908 2115 principio:
933 2038 1045 2097 aut
1071 2052 1188 2116 pro
1215 2037 1446 2108 creato,
1473 2037 1585 2095 aut
1612 2050 1727 2114 pro
1755 2031 2031 2093 increato
2046 2030 2079 2091 Ἰ

541 2139 682 2204 Non
714 2159 831 2223 pro
866 2141 1142 2204 increato
1166 2189 1182 2216 ‚
1228 2140 1379 2222 quia
1413 2139 1889 2221 praepositiones
1928 2140 2082 2200 sunt

541 2248 928 2325 transitivae3
959 2266 1094 2311 nou
1122 2265 1237 2328 pro
1264 2251 1495 2325 create,
1529 2246 1682 2327 quia
1712 2243 1873 2309 nihil
1903 2262 2083 2307 crea-

545 2358 685 2420 tum
713 2337 848 2420 erat
875 2356 945 2418 in
975 2373 1105 2436 quo
1134 2355 1333 2417 fleret.

625 2465 779 2529 Item
815 2485 831 2529 ι
868 2465 965 2528 Ab
991 2468 1229 2528 aeterno
1255 2464 1514 2527 fuerunt
1536 2482 1637 2527 res
1672 2463 1739 2526 in
1769 2462 2082 2544 principio

545 2591 661 2636 suo
680 2621 697 2650 ,
730 2572 962 2652 scilicet
993 2571 1118 2635 Deo
1151 2595 1165 2635 ε
1199 2572 1253 2634 si
1285 2590 1443 2654 ergo
1470 2571 1800 2655 productio
1827 2570 2084 2651 respicit

545 2697 876 2760 egressum
905 2698 943 2742 a
970 2677 1118 2757 Deo,
1141 2678 1319 2743 nullo
1350 2679 1538 2744 modo
1564 2681 1764 2762 potest
1785 2683 1950 2742 stare
1968 2695 2084 2760 pro

545 2787 853 2869 principIo
901 2787 1178 2850 increato
1227 2809 1242 2850 z
1299 2804 1416 2850 nec
1459 2805 1575 2870 pro
1622 2789 1832 2850 creato
1859 2833 1876 2865 ,
1932 2784 2087 2867 quia

545 2894 833 2958 nondum
860 2899 996 2958 erat
1022 2893 1289 2976 aliquid,
1319 2897 1439 2958 etc.

626 3001 812 3084 Resp.
836 3002 1182 3066 Dicendum
1208 3002 1380 3083 quod
1403 3000 1764 3084 praepositio
1794 3016 1944 3064 cum
1966 3017 2085 3063 suo

546 3110 781 3177 causali
814 3109 1144 3192 tripliciter
1175 3114 1379 3191 potest
1404 3107 1602 3190 accipi
1637 3131 1652 3173 :
1691 3126 1825 3172 uno
1852 3107 2043 3171 modo
2063 3156 2083 3187 ,

544 3221 619 3282 ut
645 3218 811 3281 dicat
838 3236 998 3299 pure
1021 3217 1341 3294 ordinem;
1374 3220 1437 3279 et
1464 3216 1553 3278 sic
1572 3214 1745 3278 idem
1768 3218 1861 3279 est
1886 3218 2089 3296 facere

547 3325 624 3390 in
644 3326 972 3407 principio
992 3373 1013 3403 ,
1042 3328 1107 3388 et
1139 3325 1348 3404 facere
1388 3329 1535 3389 ante
1568 3322 1741 3402 alia,
1786 3323 1878 3386 ita
1915 3323 2088 3405 quod

547 3436 843 3496 connotet
869 3431 1291 3514 privationem
1317 3434 1606 3513 respectu
1629 3431 1899 3511 alicujus
1924 3436 2087 3493 tem-

548 3538 782 3620 poralis
826 3538 1084 3621 prioriS,
1127 3542 1191 3603 et
1238 3541 1534 3602 connotet
1572 3536 2089 3619 praepositionem

548 3645 933 3726 posterioris,
963 3645 1103 3709 Alio
1133 3646 1321 3709 modo
1358 3650 1561 3728 potest
1595 3645 1937 3727 importare
1967 3645 2090 3709 ha·-

549 3751 903 3815 bitudinem
949 3772 1307 3832 mensurae3
1353 3758 1416 3817 et
1453 3758 1606 3817 tunc
1644 3755 1719 3818 in
1759 3753 2090 3836 principio

549 3858 716 3921 idem
754 3863 850 3923 est
884 3860 1057 3942 quod
1089 3863 1161 3927 in
1191 3864 1403 3943 primo
1446 3863 1726 3927 instanti
1768 3863 2085 3942 temporis.

549 3964 760 4030 Tertio
793 3968 982 4032 modo
1023 3972 1228 4051 potest
1266 3969 1610 4051 importare
1648 3968 2090 4032 habitudinem

552 4092 799 4154 causae3
832 4081 897 4139 et
922 4082 1076 4140 tunc
1097 4089 1326 4140 sensus
1365 4079 1457 4139 est
1490 4099 1503 4139 :
1542 4078 1616 4141 in
1644 4077 1992 4157 principio,
2026 4075 2091 4139 id

552 4183 741 4245 estin
771 4181 958 4260 Filio,
989 4183 1222 4247 dicitur
1247 4201 1511 4262 creasse,
1541 4183 1893 4246 secundum
1919 4181 2092 4264 quod

552 4287 780 4353 dicitur
800 4290 868 4352 in
897 4288 1146 4354 Psalmo
1173 4291 1192 4325 ¹
1223 4313 1238 4354 ε
1273 4290 1507 4355 Omnia
1535 4292 1609 4355 in
1634 4291 1957 4372 sapientia
1999 4290 2090 4367 fe-

552 4398 742 4469 cisti,
777 4398 1041 4464 Domine
1071 4417 1094 4458 .·
1140 4402 1216 4462 ut
1253 4398 1343 4460 sic
1387 4402 1645 4461 notetur
1681 4416 1812 4460 non
1837 4400 2091 4459 tantum

552 4522 745 4568 causa
761 4506 1061 4583 efficienS,
1084 4504 1194 4568 sed
1217 4504 1410 4568 etiam
1430 4503 1834 4585 exemplaris,
1859 4503 2093 4567 Omnes

551 4613 689 4677 istae
717 4613 1141 4696 expositiones
1166 4629 1339 4675 verae
1369 4615 1518 4675 sunt
1543 4617 1607 4674 et
1645 4610 1996 4688 catholicae,
2029 4613 2095 4673 et

552 4737 666 4800 per
705 4738 812 4783 eas
851 4719 1175 4783 eliduntur
1224 4724 1351 4781 tres
1388 4736 1634 4781 errores
1662 4717 1827 4781 circa
1868 4718 2093 4781 mundi

431 4882 435 4886 ,
551 4826 1051 4908 productionem.
1084 4826 1180 4891 Ex
1203 4826 1411 4908 prima
1439 4825 1694 4889 eliditur
1720 4844 1898 4890 error
1928 4845 2095 4908 quo·

551 4938 850 5001 rumdam
869 4935 1324 4999 modernorum
1342 4933 1952 5015 philosophantium,
1979 4936 2094 5017 qui

550 5042 850 5106 dixerunt
880 5041 1197 5106 mundum
1222 5059 1355 5105 esse
1381 5040 1622 5104 factum
1653 5060 1735 5105 ex
1766 5046 2052 5124 tempore
2072 5089 2090 5120 ,

552 5151 662 5214 sed
707 5150 1022 5214 mediante
1068 5147 1520 5231 intelligentia3
1572 5149 1665 5211 ita
1709 5149 1883 5229 quod
1929 5148 2096 5213 Deus

514 5274 530 5287 “
626 5293 743 5342 Ῥε.
762 5305 882 5356 cm,
905 5296 986 5344 24.
1004 5293 1106 5330 —2
1126 5292 1324 5355 Genes„
1345 5304 1364 5342 1
1381 5328 1400 5355 ,
1422 5294 1502 5342 26.
1518 5317 1585 5330 -
1606 5291 1628 5326 ⁸
1644 5291 1823 5355 Arist„
1847 5290 1908 5341 de
1935 5292 2094 5358 Coelo,

623 5380 691 5444 (α)
723 5378 900 5443 Suppl.
934 5380 1064 5443 ejus.

1647 390 2270 459 SENTENTIARUM
2310 390 2459 457 LlB.
2507 393 2588 457 11.

2173 528 2382 610 primo
2428 528 2573 592 fecit
2622 523 2924 609 ange105‚
2979 531 3040 616 et
3079 546 3229 592 cum
3276 527 3400 591 illis
3441 528 3713 593 condidit

2175 635 2492 697 mundum
2528 652 2546 697 ε
2576 638 2794 698 contra
2826 652 2987 716 quos
3014 637 3108 698 est
3143 635 3352 717 prima
3383 635 3707 716 expositio

2177 741 2240 806 Si
2267 743 2439 805 enim
2470 742 2636 806 Deus
2655 742 2726 806 in
2744 743 3055 826 principio
3078 743 3460 807 conditionis
3480 744 3715 807 creavit

2179 850 2526 929 mundum,
2558 869 2690 914 non
2720 869 2876 932 ergo
2905 852 3112 933 primo
3145 850 3407 932 angelos
3425 899 3444 930 ,
3475 850 3582 915 vel
3617 852 3717 913 in·-

2175 957 2591 1039 telligentiaS,
2649 959 2736 1021 ita
2786 959 2958 1040 quod
3014 977 3128 1041 per
3177 959 3317 1022 illos
3371 957 3717 1022 condiderit

2177 1066 2496 1130 mundum
2533 1090 2547 1130 ε
2590 1071 2653 1130 et
2681 1066 2788 1129 hic
2818 1086 2998 1131 error
3027 1072 3241 1131 ortum
3270 1066 3464 1130 habet
3500 1084 3583 1130 ex
3611 1066 3717 1129 illo

2178 1174 2376 1238 verbo
2401 1181 2423 1215 ²
2457 1197 2472 1238 :
2511 1177 2859 1241 Faciamus
2889 1176 3205 1241 hominem
3248 1174 3338 1239 ad
3376 1175 3720 1257 imaqz'nem

2181 1289 2238 1349 el
2266 1282 2795 1363 similitudinem,
2832 1284 3016 1366 quasi
3048 1283 3213 1346 Deus
3272 1282 3573 1364 loquatur
3606 1300 3720 1345 an-

2180 1390 2364 1470 gelis,
2396 1390 2494 1454 Ex
2536 1391 2811 1454 secunda
2834 1391 3225 1473 expositione
3262 1389 3516 1453 eliditur
3546 1406 3722 1452 error

2181 1498 2748 1577 Aristotelicorum,
2764 1498 2878 1580 qui
2906 1498 3209 1562 dixerunt
3238 1496 3557 1560 mundum
3581 1513 3723 1558 con-

2182 1606 2386 1670 ditum
2410 1607 2492 1670 ab
2516 1611 2756 1670 aeterno
2778 1607 2800 1641 ⁸
2831 1629 2846 1667 z
2878 1606 2933 1668 si
2960 1606 3133 1670 enim
3157 1604 3228 1667 in
3245 1603 3554 1686 principio
3573 1608 3724 1667 tem-

2181 1714 2355 1796 poris
2383 1715 2584 1777 faetus
2609 1716 2707 1777 est
2729 1732 2812 1777 ex
2834 1712 3066 1791 nihilo,
3099 1730 3233 1775 non
3260 1729 3418 1792 ergo
3442 1711 3567 1774 fuit
3592 1711 3724 1774 sine

2183 1821 2496 1904 principio
2521 1845 2535 1884 z
2559 1827 2623 1885 et
2647 1822 2752 1885 hic
2784 1839 2962 1885 error
2988 1824 3204 1883 ortum
3226 1817 3456 1882 habuit
3480 1836 3564 1882 ex
3581 1818 3722 1894 hoc,

2185 1928 2353 2008 quod
2382 1947 2514 1992 non
2539 1933 2886 2011 potuerunt
2910 1928 3129 1994 videre
3156 1927 3427 2009 qualiter
3446 1926 3728 1990 mundus

2184 2034 2436 2116 incepit,
2464 2039 2526 2098 et
2558 2053 2757 2116 quare
2784 2043 2958 2110 tunc,
2989 2039 3051 2098 et
3078 2051 3209 2098 non
3231 2037 3400 2097 ante.
3431 2033 3529 2097 Ex
3548 2033 3729 2096 tertia

2187 2142 2581 2224 expositione
2612 2142 2871 2206 eliditur
2899 2158 3078 2205 error
3098 2140 3591 2216 Platonicorum,
3618 2140 3728 2221 qui

2187 2248 2487 2311 dixerunt
2512 2248 2825 2331 principia
2864 2249 3089 2312 mundi
3128 2250 3250 2311 tria
3291 2266 3461 2327 esse,
3495 2248 3731 2311 scilicet

2189 2354 2413 2434 Deum,
2444 2357 2805 2434 materiam,
2828 2359 2892 2420 et
2908 2356 3254 2439 exemplar.
3281 2355 3347 2420 Si
3367 2357 3541 2420 enim
3560 2355 3724 2419 Deus

2189 2462 2258 2526 in
2287 2461 2445 2526 Filio
2475 2464 2641 2527 sicut
2669 2484 2780 2547 per
2809 2464 3136 2547 exemplar
3171 2470 3487 2528 aeternum
3525 2463 3736 2527 condi-

2190 2573 2281 2636 dit
2308 2573 2385 2637 de
2421 2574 2620 2637 nihilo
2657 2575 3003 2653 mundum,
3034 2592 3167 2638 non
3195 2593 3353 2655 ergo
3384 2574 3737 2655 requiritur

2192 2680 2542 2744 secundum
2580 2681 2969 2763 principium
2989 2729 3005 2758 ,
3041 2681 3213 2764 quod
3253 2686 3349 2745 est
3374 2681 3731 2762 exemplar,

2191 2804 2309 2851 nee
2338 2788 2622 2866 tertium,
2653 2788 2825 2870 quod
2854 2788 2933 2851 sit
2951 2788 3220 2852 materia
3248 2807 3265 2851 ε
3299 2788 3494 2851 ethic
3522 2791 3739 2851 ortum

2193 2893 2418 2958 habuit
2458 2913 2541 2959 ex
2572 2894 2695 2960 hoc
2716 2945 2734 2975 ,
2765 2896 2938 2978 quod
2969 2913 3100 2959 non
3127 2900 3475 2977 potuerunt
3498 2894 3736 2957 intelli-

2194 3019 2349 3082 gere
2379 3003 2643 3066 omnino
2670 3003 2992 3085 quomodo
3010 3003 3248 3086 aliquid
3275 3004 3384 3066 flat
3406 3021 3483 3067 ex
3509 3001 3737 3065 nihilo.

2195 3108 2295 3174 Ex
2349 3111 2647 3175 omnibus
2688 3111 2790 3174 his
2833 3110 3093 3175 eliditur
3140 3129 3321 3175 error
3367 3109 3745 3174 Manichaeo-

2198 3234 2386 3296 rum,
2426 3217 2537 3299 qui
2568 3221 2925 3300 posuerunt
2960 3217 3275 3301 principia
3299 3217 3525 3283 mundi
3553 3216 3745 3280 effec-

2205 3325 2341 3390 tiva
2380 3325 2509 3390 duo
2563 3343 2580 3387 ι
2629 3330 2692 3389 et
2744 3326 2862 3389 iste
2916 3325 3172 3388 eliditur
3223 3342 3339 3407 per
3383 3324 3746 3405 subjectum

2199 3432 2385 3496 dictae
2435 3432 2774 3497 locutionis
2825 3455 2840 3496 ε
2898 3432 3152 3498 creavit
3203 3432 3367 3497 Deus
3416 3429 3634 3497 coelum
3690 3437 3749 3498 et

2201 3546 2463 3615 terram,
2494 3541 2718 3617 lucem,
2754 3545 2812 3605 et
2840 3540 3127 3606 tenebras
3157 3559 3178 3600 .·
3205 3544 3268 3603 et
3300 3538 3407 3602 hic
3448 3556 3625 3603 error
3651 3542 3751 3603 est

2199 3648 2502 3711 omnibus
2530 3646 2739 3711 vilior.
2770 3647 2846 3711 Et
2861 3646 3100 3711 habent
3117 3665 3184 3710 se
3203 3646 3520 3727 gradatim
3547 3665 3563 3709 :
3592 3665 3749 3710 nam

2199 3756 2446 3837 primus
2485 3754 2696 3817 solum
2736 3759 2907 3818 errat
2942 3754 3012 3816 in
3056 3770 3131 3817 eo
3163 3770 3205 3818 a
3233 3769 3392 3834 quo‚·
3428 3754 3752 3819 secundus

2199 3866 2368 3926 errat
2399 3862 2468 3924 in
2498 3880 2573 3925 eo
2600 3861 2680 3928 de
2709 3877 2865 3944 quo,
2893 3866 2959 3925 et
2991 3861 3252 3943 quando
3270 3911 3289 3939 ,
3320 3861 3472 3943 quia
3500 3879 3584 3925 ex
3623 3861 3744 3924 ali-

2201 3987 2329 4051 quo
2351 4017 2369 4049 ,
2413 3971 2477 4032 et
2518 3970 2599 4032 ab
2641 3973 2918 4047 aetern03
2967 3968 3193 4031 tertius
3233 3973 3403 4031 errat
3441 3967 3513 4030 in
3554 3985 3631 4031 eo
3665 3967 3749 4033 de

2200 4092 2323 4158 quo
2345 4124 2365 4155 ,
2398 4076 2550 4157 quia
2593 4075 2744 4139 dicit
2786 4075 3023 4139 factum
3060 4094 3196 4139 esse
3239 4075 3318 4140 de
3358 4075 3655 4150 materia,
3685 4080 3751 4139 et

2201 4202 2334 4249 non
2379 4202 2462 4247 ex
2501 4184 2739 4260 nihilo;
2789 4187 2852 4246 et
2895 4183 2964 4245 in
3013 4200 3088 4246 eo
3123 4199 3238 4264 per
3276 4181 3478 4263 quod,
3514 4181 3753 4247 scilicet

2201 4291 2368 4355 circa
2400 4292 2766 4374 exemplar,
2803 4290 2976 4371 quod
3022 4291 3235 4372 posuit
3277 4290 3451 4353 aliud
3493 4309 3532 4353 a
3574 4289 3704 4356 Deo
3728 4338 3747 4368 ‚

2201 4402 2599 4481 ut.apparet·;
2627 4398 2780 4461 etin
2808 4395 3105 4480 quando,
3130 4397 3282 4479 quia
3309 4396 3521 4479 posuit
3553 4404 3751 4462 mate·

2201 4506 2365 4569 riam
2418 4505 2498 4569 ab
2545 4510 2783 4568 aeterno
2808 4552 2826 4584 ,
2886 4508 2951 4568 et
2998 4504 3453 4586 imperfectam.
3510 4502 3589 4568 Et
3631 4504 3751 4569 iste

2202 4632 2381 4679 error
2421 4617 2515 4677 est
2550 4614 2752 4698 multo
2782 4612 2971 4677 vilior
3003 4630 3198 4694 quam
3233 4630 3411 4676 error
3446 4611 3746 4689 aliorum,

2204 4722 2315 4804 qui
2342 4725 2593 4803 ponunt
2619 4721 2698 4784 ab
2739 4725 2981 4784 aeterno
3019 4721 3354 4784 materiam
3384 4719 3572 4783 fuisse
3611 4738 3751 4802 per·

2202 4832 2433 4893 sectam
2488 4848 2606 4892 sua
2673 4828 2899 4892 forma.
2967 4827 3242 4904 Quartus
3302 4845 3482 4892 error
3538 4826 3750 4891 Mani-

2205 4936 2534 5000 chaeorum
2572 4937 2872 5000 omnibus
2902 4939 2996 4999 est
3033 4934 3552 5013 abominabilior,
3596 4936 3750 5017 quia

2205 5044 2412 5107 deficit
2442 5044 2513 5105 in
2559 5043 2767 5126 primo
2813 5041 3157 5124 principio,
3196 5042 3265 5105 in
3298 5059 3428 5125 quo
3477 5042 3751 5125 philoso-

2205 5150 2318 5233 phi
2377 5150 2804 5213 communiter
2865 5149 3444 5227 concordaverunt,
3509 5165 3749 5232 ponens

2207 5312 2298 5362 lib.
2329 5313 2377 5374 1,
2407 5310 2537 5360 dixit
2562 5325 2676 5361 esse
2702 5315 2971 5361 aeternum.
2999 5310 3279 5361 Thomistae
3303 5314 3477 5361 tamen
3509 5315 3561 5361 et
3584 5310 3745 5373 major

2208 5397 2329 5448 pars
2357 5384 2660 5434 Latinorum
2686 5396 2797 5433 esse
2819 5382 3011 5432 tactum
3035 5383 3101 5432 ab
3119 5386 3314 5432 oeterno
3345 5383 3537 5434 dicunt.
