4125 6225
348 5085 418 5130 Ad
434 5098 539 5143 opp.

562 406 685 470 510

560 540 798 604 todiam
829 537 1092 602 alterius
1108 537 1357 619 angeli,
1383 536 1540 619 quia
1556 536 1769 602 bonus
1786 538 1930 619 post
1946 550 2098 598 con-

561 647 989 710 flrmationem
1017 662 1149 708 non
1192 643 1470 725 indiget,
1504 642 1675 707 malo
1699 647 1917 707 autem
1958 642 2101 723 post

562 752 1050 819 obstinationem
1076 769 1209 816 non
1240 751 1528 834 prodest;
1573 754 1720 815 ante
1751 767 1906 813 vero
1944 765 2096 811 con-

561 861 992 925 firmationem
1016 864 1086 924 et
1127 859 1614 923 obstinationem
1652 874 1783 921 non
1811 858 1947 920 erat
1985 854 2102 936 qui

563 972 774 1051 posset
797 967 1129 1033 defendere
1149 1016 1167 1047 ,
1187 984 1306 1030 nec
1327 969 1463 1029 erat
1481 966 1591 1047 qui
1614 964 1819 1046 posset
1840 962 2014 1042 impu
2021 979 2102 1041 g-

563 1094 742 1153 nare,
764 1095 914 1140 cum
932 1093 1154 1140 omnes
1175 1077 1382 1138 essent
1401 1072 1731 1155 {equaliter
1752 1069 2100 1134 vertibileS.

566 1180 641 1245 In
686 1183 945 1247 homine
982 1200 1136 1246 vero
1189 1180 1433 1244 viatore
1483 1197 1663 1244 secus
1723 1182 1817 1242 est
1879 1200 1894 1240 ε
1950 1194 2104 1239 nam

565 1292 762 1356 homo
793 1295 930 1356 erat
963 1292 1035 1354 in
1061 1294 1233 1354 statu
1256 1286 1681 1353 vertibilitatis
1723 1290 1787 1350 et
1822 1302 2066 1367 pugnae
2084 1330 2101 1360 ,

565 1399 632 1461 in
661 1417 792 1481 quo
816 1401 1063 1481 poterat
1093 1398 1384 1461 amittere
1407 1394 1513 1460 vel
1537 1393 1802 1471 lucrari;
1832 1392 2107 1473 angelus

566 1505 635 1571 in
664 1510 834 1570 statu
854 1504 1265 1571 beatitudinis
1297 1509 1434 1569 erat
1449 1552 1468 1584 ,
1496 1521 1536 1568 a
1557 1520 1688 1586 quo
1711 1520 1842 1566 non
1861 1502 2107 1597 poterat

569 1613 978 1677 commoveri.
1911 1638 1919 1645 ·

653 1724 712 1783 3.
741 1720 837 1784 Ad
863 1719 1022 1785 illud
1042 1718 1212 1802 quod
1240 1718 1538 1800 oineitur
1563 1718 1736 1801 quod
1768 1717 1966 1781 menti
1988 1717 2108 1780 hu·

570 1843 809 1902 manae,
831 1844 980 1909 quae
1002 1844 1136 1890 non
1168 1830 1263 1890 est
1289 1845 1402 1909 per
1428 1829 1756 1909 peccatum
1785 1828 2104 1906 corrupta,

570 1933 743 1997 solus
782 1932 950 1998 Deus
998 1934 1182 1999 debet
1234 1934 1501 2017 praessci3
1547 1932 1888 1997 dicendum
1934 1931 2110 2013 quod

569 2048 800 2105 verum
827 2046 921 2104 est
945 2041 1023 2105 de
1051 2059 1129 2105 ea
1154 2041 1523 2123 praelatione
1543 2087 1560 2116 ,
1591 2057 1738 2123 quae
1767 2038 1957 2104 habet
1987 2057 2109 2122 op—

569 2150 840 2230 positam
886 2149 1264 2212 servitutem
1295 2167 1312 2211 :
1348 2149 1439 2212 sic
1478 2148 1654 2212 enim
1701 2148 1898 2212 homo
1957 2165 2109 2211 con·-

571 2254 740 2319 ditus
778 2255 894 2319 soli
939 2253 1066 2319 Deo
1110 2256 1438 2320 dicebatur
1477 2274 1612 2320 esse
1648 2256 1969 2337 subjectus
1986 2302 2004 2333 ,
2046 2258 2112 2317 et

572 2360 768 2425 solius
790 2360 901 2426 Dei
924 2367 1063 2426 erat
1083 2381 1310 2427 servus
1328 2410 1345 2439 ,
1371 2381 1503 2427 non
1530 2362 1808 2426 alterius.
1837 2361 1923 2425 De
1948 2379 2110 2445 prae-

571 2466 805 2533 latione
830 2487 1014 2545 veru,
1055 2487 1203 2552 quse
1235 2469 1580 2534 attenditur
1619 2469 1972 2533 secundum
1996 2486 2114 2532 ex-

574 2575 927 2639 cellentiam
944 2582 1166 2657 statuS,
1187 2581 1249 2641 et
1269 2575 1621 2641 secundum
1639 2576 2109 2659 praesidentiam

572 2688 863 2766 respectu
900 2684 1089 2768 alicuj
1097 2704 1176 2749 us
1208 2690 1385 2750 actus
1399 2733 1417 2764 ,
1462 2702 1592 2749 non
1633 2686 1827 2751 habet
1876 2686 2114 2752 verita-

572 2794 702 2855 tem
736 2794 868 2856 :sic
906 2793 1080 2856 enim
1118 2793 1389 2874 angelus
1432 2798 1661 2876 praeest
1697 2793 1942 2874 angelis
1965 2841 1981 2871 ,
2042 2793 2114 2856 in

573 2898 809 2979 quibus
831 2916 1161 2981 nunquam
1193 2899 1314 2964 fuit
1342 2905 1692 2981 peccatum.

653 3010 716 3071 4.
744 3007 841 3070 Ad
864 3007 1023 3072 illud
1049 3008 1219 3090 quod
1239 3008 1563 3090 objicitur,
1592 3006 1762 3091 quod
1781 3007 1897 3072 etsi
1912 3006 2113 3072 homo

570 3116 725 3178 tunc
749 3115 1043 3192 habuerit
1078 3116 1388 3197 angelum
1422 3117 1503 3180 ad
1531 3117 1878 3181 custodiam
1907 3116 2109 3197 depu-

568 3225 776 3286 tatum
795 3269 810 3297 ,
844 3222 1016 3305 quod
1059 3241 1178 3286 nec
1208 3241 1379 3287 unus
1415 3224 1612 3288 homo
1651 3224 1837 3288 debet
1877 3222 2115 3286 habere

570 3328 842 3408 multos;
876 3330 1219 3394 dicendum
1258 3331 1431 3413 quod
1462 3331 1619 3396 illud
1652 3334 2112 3412 argumentum

567 3454 698 3501 non
728 3438 932 3518 cogit,
963 3439 1115 3519 quia
1156 3437 1419 3503 effectus
1460 3440 1772 3522 angelicae
1808 3439 2112 3503 custodiae

570 3541 904 3625 dupliciter
930 3549 1132 3626 potest
1158 3563 1437 3610 crescere
1455 3593 1472 3623 ,
1504 3547 1610 3612 vel
1649 3551 1904 3629 propter
1938 3545 2112 3608 mul-

570 3647 911 3712 titudinem
938 3649 1432 3715 custodientium
1450 3699 1467 3727 ,
1501 3651 1607 3716 vel
1627 3658 1882 3735 propter
1909 3652 2117 3732 maJo·

572 3773 713 3824 rem
743 3774 1118 3822 succursum
1162 3759 1569 3823 custodientis
1598 3778 1613 3820 ε
1662 3763 1726 3822 et
1759 3760 1931 3838 ideo,
1969 3759 2117 3822 licet

572 3861 769 3928 homo
805 3864 1022 3947 lapsus
1061 3866 1291 3947 majori
1328 3866 1613 3947 indigeat
1649 3866 1858 3930 officio
1897 3871 2117 3929 custo-

574 3969 735 4049 diae,
791 3988 987 4053 quam
1029 3970 1400 4052 institutus;
1444 3977 1698 4050 tamen,
1751 3973 1906 4055 quia
1946 3972 2114 4036 idem

576 4077 847 4158 angelus
889 4078 1244 4143 secundum
1293 4079 1575 4142 diversas
1614 4079 2116 4161 opportunitates

576 4189 779 4267 potest
793 4186 1001 4267 magis
1026 4191 1088 4250 et
1113 4185 1321 4267 magis
1337 4204 1728 4265 succurrere,
1745 4190 1807 4249 et
1817 4185 2118 4267 indigen-

575 4290 697 4355 tias
724 4291 1009 4358 relevare
1028 4341 1047 4372 ,
1077 4293 1220 4357 ideo
1243 4299 1374 4356 non
1396 4297 1639 4376 oportet
1665 4310 1777 4375 per
1803 4311 2120 4373 augmen-

578 4399 886 4463 tationem
917 4399 1290 4483 indigentiae
1330 4400 1400 4463 in
1435 4400 1743 4465 custodito
1769 4417 2119 4465 numerum

580 4507 915 4574 custodum
947 4508 1387 4592 multiplicare.

1082 4737 1493 4819 QUAESTIO
1535 4739 1666 4804 111.

711 4902 807 4952 An
841 4895 1081 4953 Christus
1106 4895 1358 4951 habuerit
1384 4894 1631 4966 anqelum
1658 4894 1921 4951 custodem
1941 4894 1979 4948 ¹.

638 5075 647 5084 ·
664 5046 893 5111 Utrum
914 5045 1145 5129 aliquis
1165 5045 1439 5128 angelus
1457 5044 1797 5128 deputatus
1820 5046 2012 5112 fuerit
2036 5049 2119 5114 ad

649 5173 769 5237 ¹Cf.
798 5172 945 5223 Alex.
969 5171 1194 5235 Alensis,
1220 5185 1274 5235 p.
1302 5171 1378 5233 ΙΙ,
1407 5184 1458 5234 q.
1480 5181 1600 5233 m,
1630 5171 1822 5221 memb.
1842 5173 1907 5235 4,
1935 5175 2031 5224 art.
2052 5177 2118 5240 23

583 5247 639 5297 S.
662 5246 869 5308 Thom„
896 5258 948 5308 p.
977 5243 1035 5309 1,
1063 5257 1115 5307 q.
1138 5255 1294 5306 exui,
1323 5245 1419 5292 art.
1439 5246 1469 5292 2
1497 5247 1549 5292 et
1568 5246 1629 5304 43
1661 5246 1714 5293 et
1742 5244 1783 5293 ΙΙ
1812 5244 1973 5310 sent„
1996 5245 2117 5300 dist.

584 5325 673 5377 11,
700 5329 755 5381 q.
782 5328 828 5380 1,
858 5320 953 5366 art.
975 5318 1002 5365 3
1015 5329 1035 5378 5
1062 5315 1232 5379 AEgid.
1262 5317 1432 5377 Rom„
1464 5313 1505 5365 ll
1538 5313 1699 5377 Seni„
1726 5315 1843 5366 dist.
1871 5327 1955 5381 xi,
1985 5333 2039 5385 q.
2063 5332 2085 5370 1
2103 5357 2122 5384 ‚

585 5390 762 5451 art.2;
791 5386 1048 5450 Richard„
1074 5388 1120 5436 u
1148 5389 1306 5448 Sena,
1336 5386 1566 5449 dist-11,
1593 5399 1724 5451 q.1;
1767 5387 2027 5454 Albos-uu,
2051 5392 2116 5441 de

1692 391 2320 467 SENTENTIARUM
2353 390 2505 458 LIB.
2543 393 2621 457 11.

2206 529 2557 593 custodiam
2584 527 2850 607 Christi3
2883 532 2946 593 et
2973 528 3146 611 quod
3180 530 3274 593 sic
3297 578 3315 609 ,
3346 529 3603 595 videtur
3633 548 3744 611 per

2204 636 2359 701 illud
2384 635 2618 701 Psalmi
2643 637 2665 671 ⁸
2694 656 2711 701 :
2743 636 3004 719 Amyclis
3039 637 3180 703 suis
3213 637 3374 704 Deus
3404 635 3747 705 mandavit

2208 743 2287 811 de
2312 750 2398 824 te,
2423 752 2496 813 ut
2518 745 2888 811 custodiant
2904 750 2961 811 te
2989 748 3065 811 in
3101 744 3396 812 omnibus
3425 746 3556 811 viis
3585 748 3740 813 tuis.

2210 851 2382 935 Ergo
2402 901 2420 930 ,
2475 852 2530 917 si
2573 853 2696 918 hoc
2745 853 3127 935 intelligitur
3173 854 3252 917 de
3297 853 3531 936 capite,
3590 854 3748 918 sicut

2212 960 2427 1025 Glossa
2455 961 2719 1044 exponit
2742 961 3003 1037 ibidem,
3037 965 3227 1043 patet,
3266 964 3385 1024 etc.

2291 1073 2351 1133 2.
2395 1069 2554 1134 Item
2597 1087 2790 1152 super
2828 1070 2986 1133 illud
3020 1067 3043 1103 ⁸
3084 1092 3099 1132 ε
3134 1070 3287 1135 Ecce
3339 1069 3656 1151 apparuit
3690 1070 3751 1135 ei

2212 1179 2473 1262 anqelus
2537 1179 2798 1246 Domini
2847 1179 3216 1258 confortans
3269 1194 3446 1249 eum.·
3505 1176 3678 1242 Beda
3733 1199 3748 1240 :

2221 1312 2254 1350 α
2280 1287 2355 1351 ln
2378 1286 2816 1351 testimonium
2857 1287 3192 1369 utriusque
3218 1290 3466 1349 naturae
3490 1333 3509 1364 ,
3546 1289 3616 1349 et
3641 1304 3753 1348 an-

2214 1395 2400 1476 gelus
2422 1413 2575 1459 eum
2602 1395 2984 1460 confortasse
2999 1443 3018 1473 ,
3050 1399 3115 1458 et
3137 1394 3412 1476 angelus
3436 1393 3498 1457 ei
3525 1392 3750 1456 minis-

2214 1507 2412 1567 trasse
2462 1503 2855 1567 describitur.
2891 1524 2924 1562 n
2976 1500 3043 1575 Si
3073 1520 3232 1583 ergo
3272 1507 3453 1566 actus
3495 1501 3750 1565 confor-

2213 1610 2389 1674 tandi
2404 1610 2674 1693 pertinet
2686 1609 2766 1674 ad
2779 1610 3064 1674 osticium
3072 1609 3288 1691 angeli
3304 1608 3719 1674 custodientis
3731 1657 3749 1688 ,

2215 1716 2492 1797 videtur,
2524 1723 2643 1783 etc.

2297 1828 2357 1888 3.
2386 1823 2545 1888 Item
2566 1824 2820 1889 videtur
2843 1824 2966 1889 hoc
2982 1824 3267 1889 ratione:
3291 1824 3443 1907 quia
3470 1822 3757 1887 Christus

2216 1932 2567 1995 secundum
2594 1935 2892 1996 naturam
2921 1932 3273 1996 humanam
3290 1982 3309 2012 ,
3345 1932 3632 1996 maxime
3655 1951 3753 1995 se-

2216 2039 2500 2103 cundum
2533 2043 2769 2104 statum
2797 2039 3243 2123 passibilitatiS,
3277 2040 3639 2104 minoratus
3665 2044 3755 2104 est

2216 2147 2408 2230 paulo
2439 2147 2652 2211 minus
2685 2148 2766 2210 ab
2804 2147 3052 2229 angelis
3078 2166 3095 2211 ε
3125 2166 3284 2229 ergo
3318 2147 3373 2211 si
3399 2152 3536 2212 erat
3579 2165 3753 2211 mor·

2216 2254 2357 2318 talis
2381 2259 2445 2318 et
2470 2254 2778 2337 passibilis
2798 2304 2814 2331 ,
2849 2259 2913 2319 et
2937 2256 3130 2319 etiam
3152 2255 3508 2319 minoratus
3529 2257 3614 2319 ab
3639 2273 3754 2319 an·

2218 2361 2400 2442 gelis,
2429 2362 2788 2444 indigebat,
2819 2365 2883 2427 et
2910 2364 3323 2445 competebat,
3354 2368 3431 2427 ut
3455 2363 3749 2442 videtur,

2217 2468 2300 2532 ab
2344 2470 2591 2550 angelis
2635 2470 3122 2553 praesidentib'us
3163 2474 3228 2535 et
3277 2470 3748 2535 immortalibus

2219 2576 2543 2641 custodiri.

2297 2688 2358 2747 4.
2424 2683 2583 2748 Item
2628 2684 2785 2749 ordo
2833 2684 3262 2749 universitatis
3318 2686 3442 2749 hoc
3507 2685 3742 2767 exigit,

2220 2794 2292 2855 ut
2340 2795 2560 2855 contra
2603 2791 2849 2856 malum
2889 2793 2972 2855 sit
3010 2793 3256 2857 bonum
3302 2812 3319 2857 ε
3363 2810 3514 2857 cum
3558 2793 3751 2874 igitur

2220 2899 2504 2964 Christus
2529 2901 2825 2966 habuerit
2853 2901 3095 2966 malum
3127 2901 3433 2985 angelum
3468 2905 3549 2968 ad
3574 2921 3752 2967 exer·

2219 3007 2443 3071 citium
2467 3013 2533 3073 et
2557 3027 2846 3091 pugnam
2862 3059 2879 3089 ,
2910 3010 3071 3074 sicut
3093 3010 3335 3091 legitur
3362 3011 3386 3046 ⁸
3412 3011 3582 3094 quod
3610 3017 3753 3075 ten-

2216 3119 2388 3180 tatus
2414 3121 2511 3181 est
2549 3136 2590 3181 a
2626 3117 2908 3198 diabolo;
2938 3136 3095 3200 ergo
3136 3118 3356 3183 debuit
3381 3120 3616 3184 habere
3642 3119 3756 3184 bo-

2219 3242 2380 3288 num
2403 3224 2708 3305 angelum
2735 3225 2815 3288 ad
2843 3225 3218 3290 custodiam.

2298 3337 2357 3397 5.
2414 3331 2572 3395 Item
2623 3332 2705 3396 ad
2748 3331 3126 3413 dignitatem
3172 3338 3410 3416 spectat
3447 3335 3747 3398 humanae

2216 3440 2489 3518 animae,
2532 3439 2704 3522 quod
2731 3441 3168 3505 committatur
3201 3447 3334 3505 tam
3375 3442 3575 3505 nobili
3611 3461 3755 3505 cus-

2218 3548 2406 3612 todiae
2442 3548 2604 3611 sicut
2629 3547 2939 3627 angelicae
2969 3573 2983 3613 ε
3010 3568 3167 3630 ergo
3203 3550 3260 3613 si
3287 3551 3506 3614 anima
3532 3550 3755 3614 Christi

2218 3654 2339 3719 fuit
2362 3654 2756 3719 nobilissima
2784 3656 3079 3720 omnium
3106 3705 3121 3733 ‚
3154 3658 3407 3722 videtur
3432 3658 3604 3741 quod
3640 3657 3755 3721 sibi

2221 3762 2500 3826 maxime
2523 3768 2842 3854 competat
2870 3765 3157 3829 custodia
3181 3765 3585 3847 angelorum.

2307 3872 2363 3933 6.
2399 3868 2558 3932 Item
2583 3870 2831 3952 sapiens
2857 3869 3168 3935 Dominus
3196 3872 3353 3937 illud
3380 3873 3550 3955 quod
3573 3873 3759 3938 habet

2222 3976 2479 4039 charius
2504 3977 2652 4040 facit
2688 3978 2987 4042 custodiri
3018 3979 3387 4060 diligentius
3416 3999 3432 4043 ε
3461 3981 3566 4043 sed
3598 3979 3758 4044 Dens

2222 4084 2575 4148 chariorem
2596 4085 2869 4148 habebat
2887 4084 3232 4166 Christum,
3260 4105 3456 4169 quam
3479 4088 3755 4170 aliquem

2223 4190 2421 4254 alium
2454 4209 2652 4274 :ergo
2679 4192 2932 4257 videtur
2965 4193 3157 4276 quod,
3188 4193 3242 4256 si
3268 4193 3405 4257 aliis
3436 4214 3567 4259 non
3591 4195 3761 4260 deest

2223 4298 2608 4379 angelorum
2622 4299 2924 4380 custodia,
2943 4300 3114 4383 quod
3129 4320 3247 4366 nec
3259 4302 3493 4367 animae
3509 4301 3755 4380 Christi,

2224 4424 2372 4488 quse
2404 4407 2572 4471 inter
2610 4425 2835 4472 omnes
2873 4412 2938 4473 et
2974 4427 3168 4492 super
3211 4410 3432 4474 omnia
3466 4416 3602 4474 erat
3637 4411 3760 4476 Deo

2225 4512 2619 4577 charissima.

2305 4619 2537 4685 Contra
2565 4639 2580 4682 ε
2617 4619 2902 4686 Christus
2925 4623 3005 4686 ab
3044 4623 3301 4687 instanti
3329 4639 3465 4689 suae
3496 4642 3761 4709 concep-
3791 4655 3959 4703 m

2227 4726 2417 4791 tionis
2458 4728 2579 4792 fuit
2610 4728 2835 4792 beatus
2852 4777 2870 4807 ,
2907 4732 2971 4792 et
3006 4730 3454 4812 perfectissime
3493 4733 3711 4796 beatus
3743 4749 3757 4792 :

2227 4835 2282 4897 si
2306 4851 2466 4917 ergo
2494 4836 2660 4899 beati
2676 4835 2890 4917 potius
2910 4838 3006 4900 est
3029 4838 3375 4917 custodire,
3402 4857 3601 4921 quam
3619 4857 3761 4904 cus-

2226 4944 2450 5023 todiri,
2519 4943 2780 5010 videtur
2822 4944 2995 5026 quod
3047 4943 3291 5010 Christo
3351 4946 3532 5012 nullo
3576 4947 3761 5013 modo

2228 5054 2545 5133 competat
2567 5051 2856 5115 custodia
2891 5052 3203 5133 angelica.

2236 5175 2422 5226 Virtut.
2440 5175 2658 5237 aetina,
2684 5189 2736 5239 q.
2754 5183 2875 5239 vm,
2895 5179 2994 5225 art.
3013 5179 3043 5225 8
3054 5191 3074 5241 3
3106 5177 3350 5241 burm,
3381 5179 3430 5229 Π
3454 5179 3615 5244 δοκι,
3642 5179 3760 5230 <hst-

2229 5246 3757 5384 tm·1¹³{.1²¹'t⁰322..”t;2.¹¹11⁵‘3¹;’fflff‘fflssxtt‘fl‘

2229 5418 2293 5432 -
2314 5391 2489 5455 m„
2512 5356 2643 5455 im,
2664 5354 3158 5455 ωἷί-ικωὶιιᾲίν
3183 5357 3365 5457 ahi..
3541 5360 3557 5375 '
3647 5360 3660 5386 '
3742 5358 3758 5372 '
