4125 6225
548 501 557 506 ,
658 450 778 511 2⁰6

655 581 725 644 in
739 580 1027 645 ordinem
1040 579 1325 662 justitiae,
1349 580 1501 660 quia
1521 577 1814 648 offendit:
1839 576 2011 640 unde
2024 575 2187 638 ratio

655 685 1008 763 ordinandi,
1035 685 1200 749 sicut
1224 684 1545 767 dispositio
1567 684 1634 748 in
1653 684 1874 748 ordine
1888 681 2184 765 justitiae,

652 795 747 856 est
772 792 1072 856 meritum
1105 792 1211 855 vel
1246 792 1649 856 demeritum.
1699 790 1876 855 Sicut
1918 788 2186 853 ostensi-

651 917 832 977 vum,
849 898 1090 963 malum
1103 904 1198 963 est
1208 898 1555 963 ordinabile
1569 895 2186 976 etordinatum,qnia

651 1007 1008 1070 manifestat
1026 1008 1311 1071 ordinem
1326 1008 1641 1071 bonorum
1660 1025 1772 1088 per
1785 1004 2146 1088 oppositum
2163 1026 2177 1067 :

650 1115 934 1195 opposita
982 1120 1198 1179 autem
1234 1118 1426 1197 juxta
1463 1134 1529 1178 se
1569 1114 1769 1196 posita
1804 1113 2013 1194 magis
2037 1111 2179 1176 elu-

650 1225 928 1285 cescunt.
964 1220 1259 1285 Rationes
1282 1240 1443 1303 ergo
1468 1222 1826 1304 probantes,
1848 1220 2019 1302 quod
2047 1238 2181 1283 ma-

645 1326 786 1391 lum
841 1328 923 1390 sit
970 1329 1364 1408 ordinatum,
1424 1329 1770 1410 procedunt
1825 1328 2179 1391 secundum

647 1434 934 1498 ordinem
972 1435 1238 1517 Justitiae
1259 1484 1275 1512 ,
1319 1439 1382 1499 et
1419 1437 1771 1501 secundum
1817 1435 2176 1518 dispositio-

647 1559 819 1621 nem,
851 1547 913 1604 et
939 1544 1383 1608 ostensionem.

724 1653 784 1712 1.
820 1649 917 1712 Ad
958 1649 1116 1714 illud
1159 1654 1373 1714 autem
1416 1650 1587 1733 quod
1628 1649 1957 1730 objicitur,
2004 1649 2179 1731 quod

645 1757 887 1820 malum
914 1762 1008 1821 est
1034 1759 1302 1840 privatio
1328 1758 1608 1835 ordinis;
1636 1757 1974 1821 dicendum
2001 1752 2175 1839 quod

642 1881 871 1926 verum
904 1867 999 1927 est
1035 1864 1431 1946 particularis
1456 1868 1742 1941 naturae;
1787 1864 1895 1927 sed
1922 1883 2056 1927 non
2082 1867 2177 1927 est

641 1987 868 2033 verum
889 2019 906 2049 ,
942 1976 1131 2053 prout
1158 1972 1310 2035 ordo
1339 1971 1486 2034 dicit
1518 1971 1992 2053 dispositionem
2024 1972 2175 2035 uni-

640 2076 902 2140 versalis
942 2078 1388 2160 providentiae,
1423 2078 1499 2141 de
1527 2097 1654 2160 quo
1690 2079 1835 2143 dicit
1860 2077 2114 2143 Boetius
2152 2100 2167 2142 ε

647 2203 678 2241 α
722 2179 886 2247 Ordo
920 2187 1148 2247 cuncta
1191 2183 1624 2266 complectitur
1657 2207 1672 2247 ι
1704 2203 1834 2267 quo
1873 2187 1981 2262 fit,
2011 2188 2083 2249 ut
2117 2187 2170 2248 si

636 2286 869 2369 aliquis
895 2289 977 2352 ab
1006 2289 1325 2371 assignata
1349 2291 1471 2353 sibi
1497 2290 1733 2355 ordinis
1766 2292 2007 2356 ratione
2035 2292 2171 2355 dis-

637 2397 930 2473 cesserit,
972 2415 1224 2464 necesse
1268 2398 1350 2461 sit
1376 2403 1447 2461 ut
1476 2398 1543 2461 in
1569 2399 1830 2462 alteram
1872 2400 2171 2464 differen-

634 2501 791 2565 tiam
819 2504 1159 2568 relabatur.
1189 2527 1220 2563 »
1262 2504 1642 2587 Exemplum
1666 2507 1925 2587 ponitur
1953 2507 2023 2571 in
2052 2509 2172 2572 cir-

636 2610 1048 2673 cumferentia
1076 2610 1312 2676 circum
1323 2611 1625 2692 plectente
1652 2615 1966 2677 centrum.

713 2720 776 2779 2.
812 2717 908 2779 Ad
933 2716 1095 2779 illud
1120 2717 1292 2798 quod
1317 2715 1616 2799 objicitur
1638 2739 1652 2780 :
1671 2740 1702 2778 α
1736 2717 1884 2783 Esse
1911 2720 2169 2784 ordina-

631 2824 773 2885 tum
797 2824 1230 2906 praesupponit
1256 2842 1420 2903 esse;
1466 2823 1827 2904 dicendum,
1856 2826 2025 2907 quod
2055 2845 2168 2891 ve·

516 3005 519 3008 A
629 2945 779 2990 rum
814 2932 909 2992 est
937 2929 1004 2991 in
1024 2947 1107 2992 eo
1140 2930 1310 3011 quod
1350 2947 1463 3011 per
1495 2947 1562 3014 se
1593 2934 1655 2993 et
1696 2930 1766 2992 in
1800 2949 1868 2995 se
1904 2932 2166 2996 ordina-

629 3037 735 3097 tur
763 3056 777 3097 :
816 3035 1057 3099 malum
1088 3040 1304 3099 autem
1333 3054 1464 3099 non
1493 3036 1824 3101 ordinatur
1850 3040 2052 3102 necin
2072 3059 2161 3121 se,

629 3159 746 3204 nec
775 3160 888 3223 per
911 3161 980 3206 se
1013 3165 1028 3206 :
1062 3146 1124 3205 et
1158 3143 1299 3206 ideo
1324 3162 1458 3207 non
1483 3125 1727 3225 oportet
1754 3145 1924 3226 quod
1950 3146 2165 3228 ipsum

625 3245 745 3323 sit;
775 3247 886 3311 sed
924 3247 1157 3311 sufficit
1195 3249 1366 3330 quod
1405 3249 1579 3313 aliud
1616 3251 1697 3313 sit
1733 3250 1802 3314 in
1840 3271 1969 3334 quo
2008 3254 2159 3317 sub-

625 3353 1043 3417 stantificatur
1079 3355 1322 3420 malum
1358 3377 1372 3418 ε
1405 3359 1469 3419 et
1492 3355 1616 3420 hoc
1654 3363 1749 3421 est
1777 3359 2056 3440 bonum,
2088 3365 2164 3425 ut

623 3458 773 3522 dicit
802 3458 1060 3524 Boetius
1087 3466 1131 3523 1'.

703 3568 763 3627 3.
793 3564 892 3629 Ad
917 3564 1078 3629 illud
1093 3565 1261 3647 qnod
1281 3565 1595 3647 objicitur,
1618 3569 1789 3649 quod
1811 3570 2160 3637 ordinabile

622 3675 718 3735 est
746 3672 1043 3755 possibile
1069 3673 1414 3751 ordinanti3
1445 3674 1807 3754 dicendum,
1831 3679 2000 3758 quod
2022 3698 2157 3745 esse

618 3779 914 3861 possibile
935 3827 952 3855 ,
980 3779 1115 3844 sive
1144 3780 1401 3844 subesse
1426 3782 1723 3863 potentiae
1750 3783 1985 3849 divinae
2003 3833 2021 3865 ,
2063 3791 2160 3850 est

619 3884 956 3966 dupliciter
1001 3909 1017 3951 :
1065 3892 1177 3952 aut
1223 3887 1522 3970 potentiae
1578 3891 1989 3971 producenti,
2043 3897 2158 3957 aut

614 3992 975 4074 providenti
1008 4013 1026 4057 ε
1065 3999 1130 4058 et
1170 3997 1465 4077 quamvis
1496 3996 1739 4060 malum
1776 4016 1909 4062 non
1954 3999 2157 4064 subsit

614 4100 854 4165 divinae
909 4102 1311 4184 productioni
1327 4151 1346 4183 ,
1406 4103 1623 4168 subest
1671 4109 1888 4169 tamen
1934 4106 2155 4188 provi-

613 4205 799 4270 sioni.

690 4318 754 4378 4.
792 4314 892 4378 Ad
930 4314 1088 4378 illud
1129 4316 1303 4397 quod
1346 4317 1684 4399 objicitur,
1726 4337 1856 4402 qua
1890 4320 2153 4384 ordina-

610 4420 784 4485 tione
810 4420 890 4484 sit
916 4422 1301 4501 ordinabile3
1338 4424 1672 4490 dicendum
1700 4428 1872 4510 quod
1903 4428 2152 4492 ordina·

608 4526 783 4591 tione
810 4528 892 4591 ad
930 4529 1125 4591 finem
1163 4550 1179 4591 ι
1208 4530 1315 4593 sed
1341 4529 1463 4594 hoc
1487 4536 1579 4595 est
1604 4533 1813 4597 solum
1849 4552 1932 4599 ex
1970 4539 2150 4616 post-

607 4632 805 4714 fact03
838 4637 903 4697 et
927 4633 1067 4697 ideo
1099 4653 1237 4701 non
1271 4637 1560 4718 sequitur
1585 4640 1755 4720 quod
1798 4641 2041 4705 malum
2069 4642 2151 4705 sit

607 4739 884 4820 bonum,
920 4740 1029 4804 sed
1067 4741 1243 4824 quod
1279 4761 1361 4806 ex
1399 4744 1536 4826 ipso
1562 4746 1848 4827 sequitur
1875 4747 2141 4813 bonum.

608 4842 823 4909 Posset
866 4849 1082 4910 tamen
1136 4847 1296 4925 dici,
1344 4850 1515 4930 quod
1559 4853 1855 4934 quamvis
1899 4854 2146 4920 malum

603 4969 735 5016 non
769 4953 849 5017 sit
885 4972 1030 5037 pars
1051 5003 1070 5035 ,
1113 4958 1329 5019 tamen
1367 4956 1525 5022 illud
1560 4962 1630 5021 in
1672 4978 1800 5042 quo
1828 4966 1956 5040 est,
1998 4982 2148 5047 pars

603 5063 720 5139 est,
754 5066 818 5124 et
844 5062 1057 5127 locum
1086 5067 1149 5127 et
1176 5063 1463 5127 ordinem
1489 5067 1683 5148 partis
1707 5072 1898 5134 tenet.

663 5184 684 5219 ¹
708 5183 948 5249 Boetius,
990 5185 1051 5236 de
1080 5187 1351 5251 consolat„
1383 5188 1475 5239 lib.
1505 5191 1600 5254 lv,
1636 5205 1774 5255 pros.
1799 5195 1828 5243 6
1854 5193 1909 5243 in
1932 5194 2056 5247 fine.
2082 5224 2147 5239 -

600 5254 625 5289 ¹
660 5254 741 5318 Cf.
763 5256 907 5305 Alex.
925 5257 1143 5322 Mensis,
1164 5272 1217 5323 p.
1240 5260 1279 5322 1,
1308 5274 1360 5324 q.
1377 5272 1465 5324 xz,
1487 5263 1677 5313 memb.
1697 5265 1759 5328 33
1787 5266 1953 5330 AEgid.
1971 5269 2144 5335 Rom.,

602 5327 621 5374 1
652 5327 810 5390 Seni„
842 5328 959 5379 dist.
990 5341 1144 5391 val,
1181 5345 1233 5393 p.
1272 5332 1336 5397 ΙΙ,
1363 5346 1409 5396 q.
1442 5344 1537 5398 1113
1573 5335 1884 5401 Richardus,
1924 5339 1940 5388 Ι
1982 5340 2141 5405 Sene„

600 5394 720 5445 dist.
737 5407 889 5462 nvi,
917 5412 973 5463 q.
992 5411 1117 5462 v1u;
1148 5401 1326 5466 Steph.
1355 5404 1565 5469 Brulef„
1602 5408 1620 5457 l
1654 5407 1812 5471 Sem„
1838 5410 1958 5462 dist.
1982 5422 2108 5463 va1
2121 5451 2140 5478 ‚

1796 435 2417 507 SEN‘FENTIARUM
2466 435 2615 502 LIB.
2654 435 2703 502 1.

2813 591 3167 671 QUAESTIO
3205 591 3310 662 Vl.

2450 746 2543 802 An
2567 747 2773 803 malum
2792 751 2867 804 sit
2892 748 2955 804 de
2980 750 3357 822 complemento
3382 752 3618 808 universi
3632 750 3676 808 ¹.

2378 891 2604 956 Utrum
2649 894 2895 958 malum
2935 896 3017 959 sit
3057 896 3134 960 de
3174 897 3631 979 complemento
3673 897 3811 961 uni·
3843 912 3906 955 Aa
3934 925 4022 970 opp.

2296 1000 2495 1078 versi;
2527 1005 2589 1063 et
2613 1002 2785 1082 quod
2821 1002 2932 1081 sic,
2961 1003 3215 1067 videtur
3239 1008 3297 1068 ⁸:
3325 1005 3568 1072 Contra
3587 1003 3816 1070 malum

2296 1107 2527 1172 bomem
2570 1114 2696 1186 est,
2740 1114 2801 1175 et
2836 1115 3057 1175 contra
3093 1117 3358 1177 mortem
3393 1113 3605 1178 vita...
3643 1117 3700 1176 et
3728 1114 3817 1177 sic

2293 1216 2544 1280 intuere
2586 1216 2660 1280 in
2699 1218 2919 1281 omm'a
2957 1232 3148 1297 opera
3185 1218 3539 1284 Altissz‘mi.
3573 1216 3638 1282 Si
3667 1235 3819 1298 ergo

2291 1320 2662 1403 hujusmodi
2697 1323 3006 1405 oppositio
3048 1329 3284 1406 spectat
3323 1325 3406 1388 ad
3441 1324 3727 1389 decorem
3760 1326 3820 1387 et

2291 1431 2831 1513 complementum
2855 1429 3177 1505 universi,
3206 1448 3362 1511 ergo
3393 1436 3456 1495 et
3480 1432 3740 1496 malum.

2374 1541 2435 1601 2.
2468 1537 2646 1618 Item,
2677 1538 3092 1619 Augustinus,
3121 1537 3199 1602 de
3228 1537 3499 1605 civitate
3525 1540 3639 1604 Dei
3655 1539 3699 1617 ⁸,
3727 1540 3819 1602 lo·-

2293 1663 2494 1727 quens
2522 1646 2599 1710 de
2635 1645 2818 1709 malis
2854 1663 3054 1727 quare
3094 1645 3385 1709 sinantur
3410 1666 3450 1709 a
3476 1646 3634 1726 De0,
3677 1646 3822 1710 dicit

2286 1751 2456 1831 quod
2480 1751 2642 1815 Deus
2668 1752 3044 1816 universum
3075 1752 3259 1834 quasi
3286 1754 3668 1836 quibusdam
3700 1772 3819 1816 an-

2285 1856 2524 1920 tithetis
2569 1857 2969 1936 honestavit,
3021 1862 3085 1922 et
3124 1859 3550 1941 exemplificat
3584 1860 3651 1923 in
3690 1877 3818 1923 ser-

2284 1980 2500 2043 mone,
2551 1970 2615 2028 et
2661 1965 2730 2027 in
2781 1965 3046 2047 picturis
3098 1984 3117 2027 ε
3167 1947 3240 2029 in
3285 1985 3612 2045 sermone,
3662 1970 3823 2031 sicut

2282 2069 2623 2152 Apostolus
2645 2072 2847 2135 utitur
2872 2072 2936 2136 ⁸:
2967 2072 3087 2137 Per
3108 2072 3398 2154 ploriam,
3428 2082 3489 2142 et
3519 2073 3822 2158 iqnobili-
3933 2130 3937 2134 4

2283 2184 2499 2242 talem.
2543 2177 2622 2241 Et
2652 2179 2722 2242 in
2756 2179 3019 2261 picturis
3061 2179 3396 2243 similiter:
3444 2181 3611 2245 sieut
3652 2181 3822 2245 enim

2279 2284 2534 2364 pictura
2555 2284 2698 2348 alba
2725 2302 2877 2348 eum
2908 2285 3114 2350 colone
3141 2286 3363 2366 nigro,
3399 2306 3516 2351 suo
3544 2288 3681 2352 loco
3709 2306 3824 2370 po-

2281 2392 2399 2455 sito
2417 2441 2435 2471 ,
2459 2393 2727 2475 pulchra
2752 2398 2874 2471 est,
2909 2394 2999 2457 sic
3026 2396 3410 2460 universum
3437 2416 3590 2460 cum
3616 2398 3817 2461 malis.

2279 2497 2452 2580 Ergo
2481 2500 2726 2563 malum
2754 2501 3105 2565 secundum
3126 2502 3249 2566 hoc
3278 2503 3528 2568 decorat
3558 2506 3820 2569 univer·

2278 2623 2424 2669 sum
2471 2627 2487 2670 τ
2537 2607 2647 2670 sed
2690 2625 2882 2671 omne
2928 2608 3053 2672 tale
3096 2613 3190 2673 est
3233 2609 3311 2673 de
3353 2612 3821 2693 complemento

2278 2713 2566 2777 universi
2594 2733 2611 2776 :
2644 2732 2824 2794 ergO,
2855 2717 2973 2778 etc.

2359 2825 2418 2884 3.
2446 2820 2604 2885 Item
2628 2822 2871 2886 ratione
2897 2822 3171 2903 videtur,
3200 2824 3354 2906 quia
3379 2824 3543 2890 sicut
3571 2827 3819 2891 malum

2276 2931 2370 2991 est
2408 2928 2682 3010 privatio
2719 2929 2903 3009 boni,
2943 2930 3031 2994 ita
3057 2931 3379 2997 silentium
3419 2938 3511 2996 est
3546 2933 3819 3016 privatio

2275 3036 2471 3112 vocis,
2502 3040 2565 3099 et
2589 3054 2854 3100 somnus
2876 3036 3118 3119 vigiliae
3147 3038 3168 3073 ⁶
3201 3060 3216 3101 :
3244 3041 3353 3103 sed
3376 3041 3454 3104 ad
3481 3041 3818 3123 perfectio-

2273 3160 2426 3206 nem
2453 3149 2517 3206 et
2545 3144 2838 3208 decorem
2863 3145 3177 3209 sermonis
3205 3164 3460 3211 neeesse
3485 3154 3582 3212 est
3616 3149 3816 3214 inter·

2272 3250 2420 3330 poni
2450 3250 2807 3326 silentium3
2837 3251 2916 3314 ad
2952 3252 3398 3333 perfectionem
3431 3258 3493 3317 et
3520 3255 3817 3320 decorem

2271 3354 2563 3418 animalis
2587 3374 2838 3420 neeesse
2869 3361 2961 3420 est
2982 3357 3323 3439 aliquando
3353 3360 3596 3441 vigiliis
3626 3363 3818 3426 inter-

2268 3461 2422 3542 poni
2446 3480 2746 3526 somnum
2786 3485 2800 3526 ε
2839 3481 2996 3545 ergo
3027 3465 3109 3527 ad
3147 3465 3493 3547 perfectum
3516 3466 3817 3533 decorem

2268 3567 2552 3632 universi
2579 3587 2832 3634 necesse
2862 3575 2956 3634 est
2980 3571 3166 3635 bonis
3187 3572 3506 3656 interponi
3536 3578 3731 3641 mala.

2347 3679 2408 3737 4.
2441 3674 2598 3741 Item
2619 3723 2637 3755 ‚
2672 3678 3048 3742 universum
3088 3684 3182 3743 est
3210 3681 3535 3747 conditum
3577 3685 3662 3749 ad
3701 3683 3814 3749 Dei

2268 3782 2844 3849 manifestationem
2873 3786 3026 3849 :sed
3065 3786 3137 3848 in
3176 3790 3474 3869 operibus
3515 3790 3626 3854 Dei
3665 3811 3812 3857 ma·-

2265 3891 2442 3956 xime
2467 3894 2907 3959 manifestatur
2945 3897 3374 3962 misericordia
3415 3905 3479 3964 et
3516 3903 3758 3967 veritas
3788 3925 3806 3967 ε

2265 4002 2374 4065 sed
2409 4002 2462 4065 si
2503 4003 2748 4068 malum
2789 4023 2923 4069 non
2950 4006 3198 4084 fuisset,
3227 4027 3345 4073 nec
3367 4011 3814 4077 misericordia

2264 4124 2383 4170 nec
2406 4110 2642 4173 veritas
2665 4111 2754 4175 ita
2777 4113 3046 4194 perfecte
3070 4114 3600 4195 manifestaretur,
3633 4119 3812 4184 sicut

2264 4218 2706 4283 manifestatur
2732 4219 2801 4283 in
2827 4225 3068 4285 aeterna
3097 4223 3451 4304 punitione,
3480 4230 3543 4290 et
3575 4245 3806 4309 pecca-

2259 4330 2476 4389 torum
2501 4326 2893 4407 remissione,
2917 4330 2981 4391 et
2998 4329 3427 4412 redemptione
3450 4353 3466 4398 ε
3487 4351 3644 4415 ergo
3661 4354 3803 4400 non

2260 4436 2421 4496 esset
2450 4434 2823 4497 universum
2851 4435 3260 4517 completum.
3681 4425 3688 4433 ’

2339 4539 2568 4605 Contra
2593 4541 2656 4604 ⁷:
2697 4541 2882 4607 Vidit
2912 4542 2990 4625 (α)
3024 4544 3189 4610 Deus·
3219 4552 3449 4613 cuncta
3471 4565 3612 4631 quoe
3640 4550 3802 4629 tece—
3827 4568 4037 4613 ranam.

2257 4653 2405 4726 rat,
2455 4654 2518 4715 et
2556 4655 2738 4716 erant
2776 4649 2962 4715 valde
3011 4650 3173 4718 bona
3216 4674 3243 4725 :
3282 4660 3346 4719 et
3387 4674 3519 4720 non
3563 4659 3803 4724 fecerat

2258 4754 2428 4818 mala
2458 4777 2473 4818 :
2499 4758 2741 4818 constat
2769 4774 2927 4837 ergo
2955 4759 3125 4839 quod
3149 4760 3388 4843 absque
3412 4763 3594 4827 malis
3612 4770 3801 4830 erant

2256 4860 2472 4925 omnia
2503 4861 2687 4925 valde
2713 4862 2883 4927 bona
2908 4863 2980 4928 in
3003 4866 3306 4931 universo
3336 4891 3351 4933 ε
3387 4870 3496 4935 sed
3523 4872 3799 4937 univer·-

2255 4985 2400 5033 sum
2426 4986 2560 5032 non
2593 4974 2753 5034 esset
2786 4970 2972 5035 valde
3014 4972 3260 5036 bonum
3282 5024 3301 5055 ,
3350 4976 3404 5039 si
3447 4977 3689 5043 deesset
3729 4980 3792 5043 ei

2254 5126 2305 5176 q.
2327 5123 2409 5171 v13
2442 5113 2620 5161 Petrus
2639 5111 2702 5161 de
2729 5114 2952 5175 Tar-ant,
2985 5115 3005 5164 1
3032 5114 3189 5179 Sena,
3218 5117 3334 5168 dist.
3357 5131 3507 5184 xlm,
3538 5136 3586 5186 q.
3613 5123 3705 5172 ult.
3726 5148 3790 5162 -

2254 5182 2474 5247 ⁸L'i'ccli„
2500 5194 2690 5247 xxxin,
2736 5187 2811 5234 15.
2830 5211 2892 5222 -
2926 5185 2948 5221 ⁸
2981 5188 3131 5252 Aug„
3158 5188 3219 5237 de
3245 5190 3394 5242 civit.
3425 5192 3543 5255 Dei,
3570 5193 3657 5246 lib.
3683 5195 3746 5244 xt
3767 5229 3790 5259 ‚

2253 5270 2301 5306 c.
2321 5267 2457 5306 xvm
2487 5261 2721 5306 etum.
2737 5282 2799 5294 —
2821 5258 2843 5292 ⁸
2862 5258 2904 5308 11
2938 5258 3074 5323 Con,
3100 5272 3172 5323 v1,
3192 5264 3241 5312 Ἰ.
3261 5289 3324 5301 —-
3343 5264 3556 5331 ‘Ar-ist„
3583 5266 3783 5331 Physic.

2252 5327 2342 5378 lib.
2369 5330 2415 5392 Ι,
2443 5332 2581 5379 cont.
2602 5331 2684 5379 80.
2703 5355 2767 5368 —
2783 5329 2806 5366 '¹
2824 5329 3018 5392 Genea,
3048 5344 3085 5396 1,
3105 5334 3188 5385 3¹.

2315 5418 2385 5482 (a)
2411 5417 2534 5471 cat.
2552 5417 2677 5469 «ιι-ι.
2704 5416 2872 5469 videt.
