4125 6225
1228 446 1422 519 DIST.
1465 446 1541 516 X.
1586 442 1769 513 ΛΒΤ.
1811 444 1921 512 111.
1964 442 2264 525 QUAEST.
2311 450 2359 515 1.

751 720 1199 790 CONGLUSIO.

212 893 547 964 Anqezorum
591 892 787 948 locutio
825 906 933 947 non
973 892 1050 946 eet
1093 888 1236 945 idem
1273 886 1417 959 quod
1454 886 1714 956 coqitatio
1730 923 1746 951 ,

284 985 417 1054 quia
463 983 659 1038 lomatio
690 995 858 1052 supra
892 980 1110 1036 verbum
1154 976 1312 1034 addit
1349 978 1640 1048 respectum
1681 971 1756 1029 ad

286 1072 550 1139 alterum,
582 1073 636 1126 et
674 1070 914 1142 effectum
941 1066 1297 1142 protendendi
1319 1068 1545 1139 specim
1583 1062 1752 1120 intel-

289 1163 394 1233 liqi
398 1161 558 1218 bilem
576 1160 927 1217 adulterum.

299 1343 488 1427 Resp.
509 1343 592 1408 ad
613 1341 772 1424 Arg.
801 1340 900 1406 Ad
924 1340 1379 1424 praedictorum
1400 1336 1760 1420 intelligen-

218 1451 378 1516 tiam
399 1500 418 1530 ,
470 1454 534 1515 et
576 1449 930 1515 notandum
974 1447 1144 1531 quod
1191 1447 1370 1529 loqui
1424 1446 1763 1530 dupliciter

104 1558 115 1571 ⁴
222 1562 319 1624 ost
350 1580 365 1622 ι
392 1574 528 1622 uno
557 1557 743 1622 modo
766 1554 941 1638 loqui
968 1554 1118 1619 dicit
1143 1558 1358 1619 actum
1385 1552 1455 1618 in
1489 1573 1588 1635 se,
1629 1556 1764 1621 sive

222 1666 676 1741 intrinsecum3
707 1662 831 1728 alio
852 1662 1040 1727 modo
1057 1710 1076 1740 ,
1104 1664 1320 1726 actum
1355 1661 1434 1726 ad
1463 1662 1762 1741 alterum,

225 1773 363 1838 sive
423 1772 701 1856 quodam
764 1771 955 1836 modo
1028 1770 1483 1835 extrinsecum.
1550 1768 1764 1835 Primo

226 1880 421 1946 modo
442 1879 623 1962 loqui
658 1878 827 1944 idem
857 1877 1141 1961 estquod
1180 1878 1454 1941 verbum
1492 1872 1767 1942 formare

227 1988 367 2053 sive
391 1986 700 2069 gignere3
736 1985 1013 2050 secundo
1042 1983 1232 2049 modo
1268 1983 1438 2049 idem
1480 1984 1771 2067 estquod

226 2095 503 2158 verbum
549 2094 897 2156 formatum
940 2091 1318 2174 depromere
1365 2092 1501 2157 sive
1555 2092 1773 2175 expri-

231 2218 431 2266 mere.
458 2198 675 2264 Primo
694 2199 884 2263 modo
901 2197 1167 2276 locutio,
1197 2197 1425 2263 sivein
1453 2197 1602 2278 Deo,
1639 2199 1773 2264 sive

232 2310 306 2374 in
332 2309 599 2373 homine
617 2356 635 2385 ,
673 2309 808 2372 sive
854 2307 923 2370 in
968 2305 1231 2389 angele,
1281 2325 1416 2371 non
1463 2312 1558 2372 est
1600 2307 1774 2374 aliud

234 2435 435 2500 quam
485 2415 819 2498 cogitati03
869 2414 1146 2479 secundo
1193 2414 1382 2479 modo
1433 2415 1578 2497 plus
1623 2415 1778 2481 dicit

237 2542 436 2607 quam
480 2522 931 2606 cogitationem
950 2518 985 2600 ,⁴
1003 2522 1110 2587 sed
1158 2522 1521 2587 differenter
1564 2522 1635 2586 in
1680 2523 1780 2587 di-

239 2632 462 2696 versis.
488 2629 561 2694 In
581 2629 707 2694 Deo
732 2628 929 2708 enim,
955 2627 1134 2711 loqui
1155 2628 1234 2692 ad
1263 2629 1562 2708 alterum,
1588 2646 1781 2712 supra

239 2736 637 2801 intellectum
682 2738 859 2799 notat
907 2735 1202 2799 effectum
1220 2783 1238 2814 ‚
1290 2735 1393 2800 vel
1442 2734 1782 2801 revelatio·

239 2861 415 2908 nem.
468 2841 613 2907 Non
662 2842 840 2907 enim
886 2842 1117 2908 dicitur
1166 2842 1332 2908 Deus
1385 2842 1568 2907 nobis
1607 2842 1783 2925 loqui

243 2952 481 3028 solum,
504 2949 658 3033 quia
676 2949 1011 3031 intelligit;
1037 2949 1148 3015 sed
1174 2950 1370 3014 etiam
1393 2950 1574 3033 quia,
1605 2967 1787 3014 reve-

243 3058 437 3126 lando
458 3058 733 3143 aliquid,
761 3058 1045 3141 aliquam
1061 3058 1543 3125 illustrationem
1576 3060 1647 3123 in
1672 3076 1788 3125 no—

245 3167 346 3231 bis
371 3166 582 3233 efficit.
624 3164 803 3231 Unde
826 3165 1172 3248 Gregorius
1189 3215 1209 3245 ,
1239 3168 1309 3231 in
1348 3167 1702 3234 Moralibus
1725 3174 1741 3209 ¹
1762 3190 1788 3234 .·

259 3297 291 3336 ι
308 3274 418 3339 Dei
443 3271 679 3339 locutio
697 3274 777 3337 ad
803 3292 921 3339 nos
948 3275 1330 3340 intrinsecus
1353 3276 1518 3340 facta
1534 3275 1789 3340 videtur

248 3381 462 3464 potius
476 3398 675 3463 quam
697 3380 978 3459 auditur,
1003 3382 1157 3465 quia
1182 3383 1338 3448 dum
1373 3382 1784 3465 semetipsum

249 3489 391 3555 sine
414 3508 595 3555 mora
624 3492 933 3556 sermonis
958 3491 1263 3573 insinuat,
1289 3492 1620 3577 repentina
1642 3492 1786 3556 luce

250 3601 487 3662 nostrae
526 3597 907 3680 ignorantiae
949 3600 1242 3664 tenebras
1291 3600 1583 3665 illustrat.
1629 3621 1661 3658 ι
1718 3597 1793 3663 In

250 3703 516 3770 homine
552 3721 707 3769 vero
723 3753 742 3785 ,
783 3723 917 3770 non
961 3706 1170 3770 solum
1200 3706 1372 3772 addit
1403 3708 1701 3772 effectum
1726 3705 1796 3768 in

252 3814 566 3891 alterum;
598 3812 708 3877 sed
747 3813 942 3877 etiam
976 3819 1192 3879 actum
1210 3863 1229 3893 ,
1265 3819 1330 3879 et
1358 3814 1621 3896 signum
1653 3831 1794 3878 me-

254 3919 437 3985 dium
469 3942 484 3984 :
516 3938 664 3985 cum
682 3920 855 3984 enim
878 3921 1073 3985 homo
1094 3920 1379 4004 loquitur
1406 3921 1588 3985 alteri
1606 3969 1625 3999 ,
1658 3939 1794 3987 non

256 4028 469 4094 solum
497 4028 766 4110 cogitat,
794 4027 903 4092 sed
925 4028 1374 4110 cogitationem
1409 4047 1617 4108 suam,
1656 4028 1794 4093 ror-

259 4138 495 4202 mando
520 4153 748 4202 vocem
779 4135 1137 4200 sensibilem
1157 4184 1178 4215 ,
1204 4136 1314 4200 alii
1344 4136 1796 4220 interpretatur

258 4251 325 4311 et
348 4246 640 4329 explicat.
666 4243 845 4309 Ratio
870 4248 1085 4309 autem
1112 4263 1311 4327 quare
1337 4244 1569 4310 locutio
1590 4244 1796 4309 homi·

260 4353 366 4417 nis
399 4371 531 4417 non
559 4352 769 4417 solum
809 4351 983 4416 addit
1007 4353 1220 4416 actum
1237 4400 1255 4431 ,
1286 4351 1394 4416 sed
1438 4352 1629 4416 etiam
1658 4354 1791 4433 sig-

264 4477 429 4525 num
452 4459 762 4539 medium,
785 4457 924 4524 haec
947 4464 1042 4525 est
1072 4478 1089 4523 :
1121 4460 1272 4542 quia
1301 4459 1373 4523 in
1397 4460 1615 4524 anima
1635 4460 1800 4524 alius

266 4570 364 4632 est
388 4571 567 4652 actus
599 4566 1030 4632 conversionis
1054 4585 1249 4649 supra
1287 4586 1356 4632 se
1374 4615 1391 4645 ,
1422 4571 1485 4632 et
1510 4567 1673 4632 alius
1693 4586 1803 4632 ac-

267 4677 375 4739 tus
392 4673 822 4740 conversionis
837 4675 917 4740 ad
933 4673 1208 4739 alterum
1229 4695 1245 4738 :
1267 4674 1408 4739 etin
1423 4674 1806 4756 cogitatione

270 4781 667 4847 convertitur
696 4782 913 4847 anima
928 4799 1124 4865 supra
1142 4781 1301 4847 illud
1328 4782 1501 4866 quod
1524 4782 1718 4846 babet
1740 4783 1810 4847 in

271 4905 365 4965 se,
381 4888 453 4953 in
466 4888 782 4953 locutione
790 4906 945 4954 vero
954 4889 1140 4953 offert
1148 4887 1329 4953 alteri
1343 4907 1363 4968 3
1380 4892 1444 4953 et
1456 4888 1546 4952 ita
1560 4892 1805 4972 oportet

274 4995 452 5078 quod
490 4995 654 5060 alius
692 4996 774 5060 sit
814 4999 991 5061 actus
1030 4997 1311 5078 cogitare
1326 5043 1345 5076 ,
1395 5000 1459 5060 et
1484 4997 1663 5080 loqui
1698 5018 1713 5060 ι
1743 4998 1810 5061 et

276 5102 370 5168 ita
398 5104 572 5170 addit
610 5108 826 5170 actum
865 5104 1103 5169 locutio
1129 5122 1324 5188 supra
1355 5104 1809 5186 cogitationem

276 5212 350 5278 in
371 5211 657 5278 homine.
677 5212 865 5279 Addit
879 5212 1073 5278 etiam
1090 5213 1376 5295 signum,
1394 5213 1548 5296 quia
1569 5213 1806 5296 anima,

347 5377 558 5443 tereg„
588 5374 771 5425 uorat.
804 5375 892 5426 lib.
912 5374 1149 5439 xxviii,
1177 5390 1221 5427 c.
1244 5386 1303 5428 ιι.
1328 5376 1429 5414 -2
1467 5379 1668 5440 scotus,
1699 5378 1817 5430 dist.

283 5455 357 5512 11,
382 5447 534 5512 hujus
563 5460 615 5511 q.
652 5458 712 5511 τι,
735 5446 808 5496 ibi
841 5462 854 5497 ι
884 5446 968 5497 Ad
998 5447 1317 5512 quoestionem
1343 5449 1511 5510 istam,
1543 5454 1665 5514 etc„
1701 5450 1824 5501 dicit

601 5554 752 5601 rou.
791 5554 865 5601 11.

3270 454 3387 521 497

1855 584 2144 667 quandiu
2170 588 2266 650 est
2291 603 2442 651 cum
2467 604 2729 670 corpore
2747 635 2765 665 ,
2790 606 2924 652 non
2948 592 3040 653 est
3065 593 3218 654 nata
3245 608 3390 655 sus-

1857 690 2066 774 cipere
2091 693 2216 757 nisi
2253 693 2573 760 mediante
2601 694 2666 759 vi
2696 695 3028 776 sensitiva;
3063 696 3234 762 unde
3273 696 3391 780 qui

1858 798 2163 864 amittunt
2222 820 2432 868 unum
2485 820 2743 868 sensum
2760 852 2777 882 ,
2837 823 3093 870 necesse
3154 805 3393 869 habent

1860 907 2152 975 amittere
2173 928 2372 975 unam
2407 912 2756 977 scientiam.
2797 910 2945 978 Ideo
2961 913 3042 978 ad
3072 912 3197 977 hoc
3223 911 3395 994 quod

1862 1014 2081 1081 anima
2136 1023 2511 1103 conceptum
2566 1040 2758 1086 suum
2803 1022 2986 1086 alteri
3039 1021 3356 1105 exprimat
3373 1066 3392 1098 2

1862 1128 2109 1205 oportet
2130 1127 2300 1208 quod
2317 1127 2532 1210 ipsum
2552 1129 2693 1194 voci
2713 1130 2996 1194 sensibili
3017 1148 3133 1213 per
3152 1145 3400 1210 organa

1865 1229 2152 1295 formatae
2170 1281 2188 1312 ,
2215 1235 2529 1300 mediante
2555 1236 2663 1302 via
2678 1236 3063 1317 imaginaria
3087 1283 3105 1314 ,
3136 1236 3401 1317 conjun-

1866 1341 2014 1420 gat;
2039 1342 2103 1404 et
2129 1340 2219 1405 sic
2240 1341 2585 1408 similitudo
2616 1344 3034 1427 intelligibilis
3056 1391 3073 1421 ,
3102 1343 3238 1408 sive
3265 1344 3399 1426 sig-

1868 1450 2098 1511 natum
2125 1447 2521 1532 intelligibile
2542 1500 2560 1531 ,
2586 1469 2701 1535 per
2727 1453 2886 1517 illud
2914 1471 3109 1517 suum
3141 1452 3406 1533 signum

1871 1553 2165 1618 sensibile
2178 1603 2195 1633 ,
2225 1557 2658 1623 mediantibus
2681 1559 3033 1624 virtutibus
3060 1557 3406 1638 sensitivis,
3451 1632 3458 1639 ⁸

1870 1661 1952 1726 ad
1991 1660 2383 1728 intellectum
2412 1664 2671 1730 alterius
2708 1666 2944 1731 animae
2979 1667 3294 1731 ascendat.
3329 1663 3410 1729 Et

1871 1767 1995 1833 hoc
2018 1770 2404 1835 conveniens
2429 1776 2561 1852 est,
2590 1775 2668 1837 ut
2690 1773 2854 1838 sicut
2870 1774 3066 1838 homo
3090 1771 3408 1856 composi-

1875 1880 1981 1941 tus
2010 1882 2106 1942 est
2131 1897 2214 1942 ex
2236 1878 2454 1943 anima
2478 1884 2541 1944 et
2562 1899 2824 1965 corpore
2840 1931 2859 1962 ,
2894 1882 2984 1946 ita
3013 1885 3154 1965 ejus
3175 1879 3413 1946 locutio

1878 1983 2122 2067 aliquid
2149 1985 2377 2050 habeat
2405 1986 2729 2070 spirituale
2747 2035 2765 2063 ,
2796 1987 3039 2070 aliquid
3060 1985 3412 2069 corporale.

1880 2091 1954 2155 ln
2007 2092 2443 2176 spiritualibus
2500 2099 2716 2161 autem
2768 2095 3140 2160 substantiis
3206 2092 3417 2160 medio

1883 2198 2073 2264 modo
2105 2205 2200 2265 est
2233 2223 2248 2265 t
2279 2220 2432 2266 nam
2467 2201 2704 2267 locutio
2737 2221 2933 2286 supra
2969 2202 3420 2286 cogitationem

1883 2307 2056 2373 addit
2077 2307 2373 2374 effectum
2396 2310 2531 2375 sive
2548 2316 2907 2395 respectum
2918 2333 2935 2391 ;
2961 2310 3072 2375 sed
3093 2328 3226 2374 non
3248 2308 3420 2373 addit

1883 2418 2180 2482 sensibile
2204 2418 2489 2500 signum.
2522 2417 2895 2503 Respectum
2930 2418 3193 2502 quidem
3228 2421 3293 2481 et
3321 2416 3420 2480 er-

1884 2524 2121 2590 fectum
2149 2525 2354 2604 addit,
2395 2531 2654 2611 propter
2695 2528 2819 2592 hoc
2860 2526 3034 2610 quod
3076 2524 3378 2608 cogitatio
3397 2572 3416 2603 ,

1887 2637 2206 2716 quantum
2232 2638 2328 2698 est
2364 2633 2442 2698 de
2485 2635 2588 2699 sui
2623 2638 2856 2699 natura
2874 2683 2892 2714 ,
2935 2638 3031 2699 est
3058 2636 3331 2712 secreta,
3365 2633 3430 2696 et

1888 2739 2030 2806 ideo
2053 2760 2393 2824 nunquam
2418 2742 2494 2805 fit
2525 2743 2860 2807 manifesta
2876 2790 2895 2820 ,
2929 2741 3052 2805 nisi
3077 2740 3216 2823 ipse
3247 2737 3428 2820 cogi-

1888 2851 2032 2914 tans
2088 2848 2335 2933 aliquid
2376 2853 2685 2933 tanquam
2731 2848 3013 2913 audienti
3059 2846 3315 2924 offerat;
3368 2848 3433 2910 et

1890 2959 2230 3043 aperiendo
2256 2977 2323 3023 se
2339 3007 2357 3039 ,
2389 2958 2569 3041 quasi
2595 2956 2873 3041 quodam
2891 2959 3059 3020 nutu
3083 2953 3429 3029 mediante,

1891 3065 2064 3150 quod
2104 3065 2174 3129 in
2219 3083 2285 3130 se
2329 3064 2522 3130 habet
2563 3063 2644 3129 ad
2684 3062 3078 3128 intellectum
3122 3057 3386 3125 alterius
3411 3103 3430 3136 ,

1894 3173 2079 3255 quasi
2102 3173 2185 3238 ad
2219 3191 2480 3250 aurem,
2522 3172 2889 3256 pertingere
2912 3169 3085 3233 facit.
3126 3164 3434 3231 Necessa-

1892 3280 2033 3344 rius
2049 3284 2145 3344 est
2166 3280 2359 3344 etiam
2390 3283 2567 3344 actus
2588 3296 2830 3358 novuS,
2861 3277 3012 3360 quia
3043 3293 3175 3339 non
3212 3273 3434 3338 eadem

1897 3387 2310 3452 conversione
2350 3404 2417 3451 se
2444 3404 2637 3468 supra
2676 3403 2743 3450 se
2770 3383 3118 3461 convertit,
3148 3386 3212 3445 et
3241 3398 3440 3464 supra

1898 3492 2209 3574 alterum,
2256 3492 2362 3557 vel
2405 3492 2486 3558 ad
2525 3492 2800 3556 alterum
2832 3512 2848 3554 ι
2889 3489 3001 3554 sed
3043 3492 3263 3553 tamen
3308 3504 3442 3551 non

1900 3605 1995 3665 est
2020 3600 2452 3666 necessarium
2493 3599 2789 3665 sensibile
2831 3598 3097 3680 signum
3115 3645 3134 3677 ,
3184 3613 3304 3660 nec
3332 3595 3440 3659 de-

1901 3710 2111 3775 ferens
2147 3709 2433 3775 medium
2450 3758 2469 3788 ,
2510 3709 2665 3791 quia
2709 3725 2858 3772 cum
2905 3707 3040 3789 ipse
3083 3704 3442 3769 intellectus

1902 3817 2232 3899 angelicus
2270 3817 2408 3882 sine
2453 3813 2749 3899 potentiis
2780 3812 3102 3877 sensitivis
3129 3815 3317 3875 natus
3367 3808 3449 3872 sit

1903 3923 2253 4007 suscipere,
2312 3922 2584 4006 angelus
2643 3920 2913 4005 loquens
2969 3919 3106 3984 sine
3159 3914 3442 3982 sensibili

1906 4029 2119 4094 medio
2144 4034 2335 4095 natus
2360 4034 2455 4094 est
2479 4029 2767 4093 similiter
2793 4027 3054 4106 offerre3
3087 4029 3151 4090 et
3184 4024 3326 4089 ideo
3365 4021 3446 4087 ad

1907 4134 2302 4219 loquendum
2345 4137 2580 4226 sufficit
2613 4135 2739 4219 ipsi
2764 4133 2995 4218 angelo
3046 4133 3184 4216 ipsa
3208 4130 3445 4215 species

1906 4240 2329 4326 intelligibilis
2345 4291 2363 4322 ,
2395 4260 2542 4328 quae
2572 4261 2656 4309 ex
2683 4242 2921 4309 virtute
2941 4239 3326 4305 intellectiva
3348 4237 3447 4320 ip·

1912 4349 2045 4414 sius
2071 4351 2286 4433 angeli
2313 4369 2428 4435 per
2454 4351 2590 4415 vim
2633 4348 2979 4415 voluntatis
3004 4350 3208 4432 potest
3238 4346 3323 4410 ad
3352 4343 3451 4408 al-

1911 4460 2126 4523 terum
2161 4460 2450 4542 protendi
2473 4460 2517 4523 ².
2548 4459 2625 4525 Et
2648 4458 2811 4524 sicut
2833 4456 2944 4520 illa
2978 4454 3215 4539 species
3234 4501 3251 4531 ,
3285 4452 3445 4517 dum

1916 4583 2059 4630 eam
2077 4567 2198 4630 sibi
2214 4567 2357 4632 etin
2376 4586 2443 4632 se
2461 4567 2878 4631 contuebatur
2900 4563 3255 4629 intellectus
3271 4609 3290 4641 ,
3312 4564 3448 4625 erat

1917 4674 2192 4739 verbum
2233 4674 2537 4754 interius3
2569 4674 2691 4755 sic,
2738 4665 2896 4739 dum
2941 4689 3085 4737 eam
3130 4667 3451 4754 protendit

1919 4781 2000 4847 ad
2025 4782 2323 4862 alterum,
2354 4781 2627 4846 efficitur
2650 4779 2832 4865 quasi
2853 4784 3075 4856 nutus,
3097 4782 3161 4841 et
3179 4776 3454 4841 verbum

1920 4890 2202 4953 exterius
2248 4907 2266 4953 ε
2307 4895 2369 4953 et
2402 4889 2555 4972 quia
2602 4892 2738 4952 tam
2785 4886 2893 4950 illa
2938 4884 3210 4968 species,
3259 4900 3457 4966 quam

1922 4996 2132 5060 virtus
2161 4994 2542 5079 protendens
2568 4994 2746 5059 illam
2774 4994 2857 5059 ad
2894 4991 3170 5057 alterum
3188 5038 3210 5070 ,
3237 4993 3302 5054 et
3325 4989 3463 5074 ipsa

1923 5103 2244 5187 protensio
2280 5103 2628 5187 spiritualis
2672 5106 2800 5181 est;
2849 5100 2993 5165 ideo
3038 5117 3171 5164 non
3215 5097 3466 5179 indiget

1925 5211 2238 5295 corporali
2284 5210 2494 5277 medio
2537 5210 2875 5276 deserente.
2912 5205 3036 5273 Sed
3073 5204 3229 5290 quia
3257 5205 3466 5270 virtus

1928 5377 2170 5501 angelum
2186 5375 2482 5440 loquentem
2498 5372 2721 5423 formare
2739 5370 3049 5434 conceptum
3067 5368 3125 5419 in
3150 5366 3337 5433 angelo
3378 5379 3410 5416 a

1970 5451 2123 5500 ente.

3113 5534 3192 5595 32
