<?xml version="1.0" encoding="UTF-8"?>
<!DOCTYPE html PUBLIC "-//W3C//DTD XHTML 1.0 Transitional//EN"
    "http://www.w3.org/TR/xhtml1/DTD/xhtml1-transitional.dtd">
<html xmlns="http://www.w3.org/1999/xhtml" xml:lang="en" lang="en">
 <head>
  <title>
</title>
<meta http-equiv="Content-Type" content="text/html;charset=utf-8" />
  <meta name='ocr-system' content='tesseract 3.04.00' />
  <meta name='ocr-capabilities' content='ocr_page ocr_carea ocr_par ocr_line ocrx_word'/>
</head>
<body>
  <div class='ocr_page' id='page_1' title='image "./srecardinalissb01peltgoog_0152.png"; bbox 0 0 4125 6225; ppageno 0'>
   <div class='ocr_carea' id='block_1_1' title="bbox 547 1945 757 1990">
    <p class='ocr_par' dir='ltr' id='par_1_1' title="bbox 547 1945 757 1990">
     <span class='ocr_line' id='line_1_1' title="bbox 547 1945 757 1990; baseline -0.014 0"><span class='ocrx_word' id='word_1_1' title='bbox 547 1945 757 1990; x_wconf 75' lang='lat' dir='ltr'><strong>Fundam.</strong></span> 
     </span>
    </p>
   </div>
   <div class='ocr_carea' id='block_1_2' title="bbox 788 410 905 475">
    <p class='ocr_par' dir='ltr' id='par_1_2' title="bbox 788 410 905 475">
     <span class='ocr_line' id='line_1_2' title="bbox 788 410 905 475; baseline -0.017 0"><span class='ocrx_word' id='word_1_2' title='bbox 788 410 905 475; x_wconf 80' lang='lat'><strong>138</strong></span> 
     </span>
    </p>
   </div>
   <div class='ocr_carea' id='block_1_3' title="bbox 780 541 2321 1375">
    <p class='ocr_par' dir='ltr' id='par_1_3' title="bbox 780 541 2321 1375">
     <span class='ocr_line' id='line_1_3' title="bbox 782 541 2318 626; baseline 0 -20"><span class='ocrx_word' id='word_1_3' title='bbox 782 542 1048 606; x_wconf 86' lang='lat' dir='ltr'><strong>tentiam</strong></span> <span class='ocrx_word' id='word_1_4' title='bbox 1067 541 1464 621; x_wconf 73' lang='lat' dir='ltr'><strong>obedientiae,</strong></span> <span class='ocrx_word' id='word_1_5' title='bbox 1485 561 1632 626; x_wconf 85' lang='lat' dir='ltr'><strong>quae</strong></span> <span class='ocrx_word' id='word_1_6' title='bbox 1659 547 1756 609; x_wconf 89' lang='lat' dir='ltr'><strong>est</strong></span> <span class='ocrx_word' id='word_1_7' title='bbox 1781 542 2098 625; x_wconf 86' lang='lat' dir='ltr'><strong>generalis</strong></span> <span class='ocrx_word' id='word_1_8' title='bbox 2124 563 2140 606; x_wconf 71' lang='grc' dir='ltr'><strong>ε</strong></span> <span class='ocrx_word' id='word_1_9' title='bbox 2170 558 2318 606; x_wconf 93' lang='lat' dir='ltr'><strong>con-</strong></span> 
     </span>
     <span class='ocr_line' id='line_1_4' title="bbox 782 649 2313 727; baseline -0.001 -15"><span class='ocrx_word' id='word_1_10' title='bbox 782 651 882 713; x_wconf 88' lang='lat' dir='ltr'><strong>tra</strong></span> <span class='ocrx_word' id='word_1_11' title='bbox 894 649 1068 712; x_wconf 89' lang='lat' dir='ltr'><strong>hunc</strong></span> <span class='ocrx_word' id='word_1_12' title='bbox 1082 649 1372 714; x_wconf 82' lang='lat' dir='ltr'>ordinem</span> <span class='ocrx_word' id='word_1_13' title='bbox 1390 668 1521 715; x_wconf 90' lang='lat' dir='ltr'><strong>non</strong></span> <span class='ocrx_word' id='word_1_14' title='bbox 1533 650 1702 727; x_wconf 88' lang='lat' dir='ltr'><strong>facit,</strong></span> <span class='ocrx_word' id='word_1_15' title='bbox 1721 652 1830 716; x_wconf 89' lang='lat' dir='ltr'><strong>sed</strong></span> <span class='ocrx_word' id='word_1_16' title='bbox 1857 654 2078 715; x_wconf 87' lang='lat' dir='ltr'><strong>contra</strong></span> <span class='ocrx_word' id='word_1_17' title='bbox 2091 649 2313 713; x_wconf 88' lang='lat' dir='ltr'><strong>alium.</strong></span> 
     </span>
     <span class='ocr_line' id='line_1_5' title="bbox 863 755 2319 840; baseline -0.001 -21"><span class='ocrx_word' id='word_1_18' title='bbox 863 761 962 820; x_wconf 73' lang='lat'><strong>12.</strong></span> <span class='ocrx_word' id='word_1_19' title='bbox 994 756 1092 820; x_wconf 88' lang='lat' dir='ltr'><strong>Ad</strong></span> <span class='ocrx_word' id='word_1_20' title='bbox 1121 755 1278 820; x_wconf 92' lang='lat' dir='ltr'><strong>illud</strong></span> <span class='ocrx_word' id='word_1_21' title='bbox 1302 756 1472 839; x_wconf 91' lang='lat' dir='ltr'><strong>quod</strong></span> <span class='ocrx_word' id='word_1_22' title='bbox 1497 757 1819 839; x_wconf 86' lang='lat' dir='ltr'><strong>objicitur,</strong></span> <span class='ocrx_word' id='word_1_23' title='bbox 1850 756 2020 840; x_wconf 92' lang='lat' dir='ltr'><strong>quod</strong></span> <span class='ocrx_word' id='word_1_24' title='bbox 2043 774 2176 819; x_wconf 90' lang='lat' dir='ltr'><strong>non</strong></span> <span class='ocrx_word' id='word_1_25' title='bbox 2200 774 2319 839; x_wconf 88' lang='lat' dir='ltr'><strong>po—</strong></span> 
     </span>
     <span class='ocr_line' id='line_1_6' title="bbox 780 862 2318 939; baseline 0 -14"><span class='ocrx_word' id='word_1_26' title='bbox 780 866 901 926; x_wconf 89' lang='lat' dir='ltr'><strong>test</strong></span> <span class='ocrx_word' id='word_1_27' title='bbox 918 866 1140 927; x_wconf 89' lang='lat' dir='ltr'><strong>contra</strong></span> <span class='ocrx_word' id='word_1_28' title='bbox 1147 862 1462 927; x_wconf 85' lang='lat' dir='ltr'><strong>dictamen</strong></span> <span class='ocrx_word' id='word_1_29' title='bbox 1477 864 1740 927; x_wconf 85' lang='lat' dir='ltr'><strong>rationis</strong></span> <span class='ocrx_word' id='word_1_30' title='bbox 1753 867 1963 939; x_wconf 66' lang='lat' dir='ltr'><strong>rectae,</strong></span> <span class='ocrx_word' id='word_1_31' title='bbox 1980 862 2318 927; x_wconf 88' lang='lat' dir='ltr'><strong>dicendum</strong></span> 
     </span>
     <span class='ocr_line' id='line_1_7' title="bbox 782 968 2319 1053; baseline -0.001 -20"><span class='ocrx_word' id='word_1_32' title='bbox 782 969 952 1051; x_wconf 91' lang='lat' dir='ltr'><strong>quod</strong></span> <span class='ocrx_word' id='word_1_33' title='bbox 977 987 1204 1033; x_wconf 89' lang='lat' dir='ltr'><strong>verum</strong></span> <span class='ocrx_word' id='word_1_34' title='bbox 1225 974 1320 1033; x_wconf 84' lang='lat' dir='ltr'><strong>est</strong></span> <span class='ocrx_word' id='word_1_35' title='bbox 1332 974 1521 1053; x_wconf 89' lang='lat' dir='ltr'><strong>prout</strong></span> <span class='ocrx_word' id='word_1_36' title='bbox 1538 974 1712 1034; x_wconf 88' lang='lat' dir='ltr'><strong>recta</strong></span> <span class='ocrx_word' id='word_1_37' title='bbox 1726 969 1885 1034; x_wconf 89' lang='lat' dir='ltr'><strong>ratio</strong></span> <span class='ocrx_word' id='word_1_38' title='bbox 1904 968 2055 1033; x_wconf 87' lang='lat' dir='ltr'><strong>dicit</strong></span> <span class='ocrx_word' id='word_1_39' title='bbox 2070 969 2319 1032; x_wconf 88' lang='lat' dir='ltr'><strong>malum</strong></span> 
     </span>
     <span class='ocr_line' id='line_1_8' title="bbox 781 1076 2320 1159; baseline -0.001 -16"><span class='ocrx_word' id='word_1_40' title='bbox 781 1094 914 1143; x_wconf 86' lang='lat' dir='ltr'><strong>non</strong></span> <span class='ocrx_word' id='word_1_41' title='bbox 934 1093 1069 1140; x_wconf 89' lang='lat' dir='ltr'><strong>esse</strong></span> <span class='ocrx_word' id='word_1_42' title='bbox 1088 1077 1473 1152; x_wconf 85' lang='lat' dir='ltr'><strong>faciendum,</strong></span> <span class='ocrx_word' id='word_1_43' title='bbox 1496 1078 1650 1159; x_wconf 85' lang='lat' dir='ltr'><strong>quia</strong></span> <span class='ocrx_word' id='word_1_44' title='bbox 1675 1077 1799 1141; x_wconf 93' lang='lat' dir='ltr'><strong>hoc</strong></span> <span class='ocrx_word' id='word_1_45' title='bbox 1815 1076 2020 1141; x_wconf 88' lang='lat' dir='ltr'><strong>facere</strong></span> <span class='ocrx_word' id='word_1_46' title='bbox 2046 1079 2142 1140; x_wconf 89' lang='lat' dir='ltr'><strong>est</strong></span> <span class='ocrx_word' id='word_1_47' title='bbox 2167 1077 2320 1141; x_wconf 83' lang='lat' dir='ltr'><strong>defl-</strong></span> 
     </span>
     <span class='ocr_line' id='line_1_9' title="bbox 783 1185 2321 1262; baseline 0.003 -16"><span class='ocrx_word' id='word_1_48' title='bbox 783 1203 956 1262; x_wconf 90' lang='lat' dir='ltr'><strong>cere;</strong></span> <span class='ocrx_word' id='word_1_49' title='bbox 988 1203 1121 1249; x_wconf 91' lang='lat' dir='ltr'><strong>non</strong></span> <span class='ocrx_word' id='word_1_50' title='bbox 1147 1185 1240 1249; x_wconf 91' lang='lat' dir='ltr'><strong>sic</strong></span> <span class='ocrx_word' id='word_1_51' title='bbox 1266 1190 1484 1250; x_wconf 89' lang='lat' dir='ltr'><strong>autem</strong></span> <span class='ocrx_word' id='word_1_52' title='bbox 1523 1186 1735 1250; x_wconf 88' lang='lat' dir='ltr'><strong>deficit</strong></span> <span class='ocrx_word' id='word_1_53' title='bbox 1774 1185 2056 1250; x_wconf 80' lang='lat' dir='ltr'><strong>faciendo</strong></span> <span class='ocrx_word' id='word_1_54' title='bbox 2102 1192 2321 1250; x_wconf 89' lang='lat' dir='ltr'><strong>contra</strong></span> 
     </span>
     <span class='ocr_line' id='line_1_10' title="bbox 784 1292 2076 1375; baseline 0.002 -20"><span class='ocrx_word' id='word_1_55' title='bbox 784 1295 1114 1373; x_wconf 84' lang='lat' dir='ltr'><strong>naturam,</strong></span> <span class='ocrx_word' id='word_1_56' title='bbox 1140 1298 1202 1357; x_wconf 89' lang='lat' dir='ltr'><strong>et</strong></span> <span class='ocrx_word' id='word_1_57' title='bbox 1221 1293 1384 1357; x_wconf 90' lang='lat' dir='ltr'><strong>ratio</strong></span> <span class='ocrx_word' id='word_1_58' title='bbox 1409 1292 1608 1375; x_wconf 86' lang='lat' dir='ltr'><strong>hujus</strong></span> <span class='ocrx_word' id='word_1_59' title='bbox 1634 1293 1871 1375; x_wconf 87' lang='lat' dir='ltr'><strong>patebit</strong></span> <span class='ocrx_word' id='word_1_60' title='bbox 1889 1292 2076 1357; x_wconf 75' lang='lat' dir='ltr'><strong>infra.</strong></span> 
     </span>
    </p>
   </div>
   <div class='ocr_carea' id='block_1_4' title="bbox 1293 1523 1792 1602">
    <p class='ocr_par' dir='ltr' id='par_1_4' title="bbox 1293 1523 1792 1602">
     <span class='ocr_line' id='line_1_11' title="bbox 1293 1523 1792 1602; baseline 0.002 -13"><span class='ocrx_word' id='word_1_61' title='bbox 1293 1523 1651 1602; x_wconf 85' lang='lat' dir='ltr'><strong>QUAESTIO</strong></span> <span class='ocrx_word' id='word_1_62' title='bbox 1690 1524 1792 1590; x_wconf 79' lang='lat' dir='ltr'><strong>lv.</strong></span> 
     </span>
    </p>
   </div>
   <div class='ocr_carea' id='block_1_5' title="bbox 769 1677 2321 1751">
    <p class='ocr_par' dir='ltr' id='par_1_5' title="bbox 769 1677 2321 1751">
     <span class='ocr_line' id='line_1_12' title="bbox 769 1677 2321 1751; baseline 0.002 -18"><span class='ocrx_word' id='word_1_63' title='bbox 769 1678 879 1743; x_wconf 59' lang='lat' dir='ltr'><strong>,An</strong></span> <span class='ocrx_word' id='word_1_64' title='bbox 908 1677 1162 1750; x_wconf 75' lang='lat' dir='ltr'><strong>possibile</strong></span> <span class='ocrx_word' id='word_1_65' title='bbox 1187 1677 1403 1733; x_wconf 79' lang='lat' dir='ltr'><strong>dicatur</strong></span> <span class='ocrx_word' id='word_1_66' title='bbox 1438 1677 1654 1748; x_wconf 80' lang='lat' dir='ltr'><strong>aliquid</strong></span> <span class='ocrx_word' id='word_1_67' title='bbox 1675 1679 1999 1751; x_wconf 77' lang='lat' dir='ltr'><strong>simpliciter</strong></span> <span class='ocrx_word' id='word_1_68' title='bbox 2035 1679 2321 1736; x_wconf 80' lang='lat' dir='ltr'><strong>secundum</strong></span> 
     </span>
    </p>
   </div>
   <div class='ocr_carea' id='block_1_6' title="bbox 1078 1768 2025 1840">
    <p class='ocr_par' dir='ltr' id='par_1_6' title="bbox 1078 1768 2025 1840">
     <span class='ocr_line' id='line_1_13' title="bbox 1078 1768 2025 1840; baseline 0.002 -18"><span class='ocrx_word' id='word_1_69' title='bbox 1078 1782 1264 1823; x_wconf 78' lang='lat' dir='ltr'><strong><em>causas</em></strong></span> <span class='ocrx_word' id='word_1_70' title='bbox 1284 1770 1578 1840; x_wconf 75' lang='lat' dir='ltr'><strong><em>superiores</em></strong></span> <span class='ocrx_word' id='word_1_71' title='bbox 1606 1772 1658 1823; x_wconf 83' lang='lat' dir='ltr'><strong>et</strong></span> <span class='ocrx_word' id='word_1_72' title='bbox 1683 1770 1965 1837; x_wconf 79' lang='lat' dir='ltr'><strong>inferiores</strong></span> <span class='ocrx_word' id='word_1_73' title='bbox 1985 1768 2025 1824; x_wconf 91' lang='lat'><strong>¹.</strong></span> 
     </span>
    </p>
   </div>
   <div class='ocr_carea' id='block_1_7' title="bbox 772 1934 2324 5132">
    <p class='ocr_par' dir='ltr' id='par_1_7' title="bbox 779 1934 2324 3291">
     <span class='ocr_line' id='line_1_14' title="bbox 869 1934 2323 2020; baseline 0.002 -20"><span class='ocrx_word' id='word_1_74' title='bbox 869 1934 1097 2000; x_wconf 82' lang='lat' dir='ltr'><strong>Utrum</strong></span> <span class='ocrx_word' id='word_1_75' title='bbox 1120 1934 1411 2018; x_wconf 83' lang='lat' dir='ltr'><strong>possibile</strong></span> <span class='ocrx_word' id='word_1_76' title='bbox 1428 1936 1795 2019; x_wconf 88' lang='lat' dir='ltr'><strong>simpliciter</strong></span> <span class='ocrx_word' id='word_1_77' title='bbox 1811 1936 2057 2001; x_wconf 89' lang='lat' dir='ltr'><strong>dicatur</strong></span> <span class='ocrx_word' id='word_1_78' title='bbox 2082 1937 2323 2020; x_wconf 88' lang='lat' dir='ltr'><strong>aliquid</strong></span> 
     </span>
     <span class='ocr_line' id='line_1_15' title="bbox 789 2044 2323 2127; baseline 0.002 -21"><span class='ocrx_word' id='word_1_79' title='bbox 789 2044 1145 2107; x_wconf 89' lang='lat' dir='ltr'><strong>secundum</strong></span> <span class='ocrx_word' id='word_1_80' title='bbox 1171 2061 1392 2108; x_wconf 81' lang='lat' dir='ltr'><strong>causas</strong></span> <span class='ocrx_word' id='word_1_81' title='bbox 1417 2044 1793 2127; x_wconf 79' lang='lat' dir='ltr'><strong>superioreS‚</strong></span> <span class='ocrx_word' id='word_1_82' title='bbox 1828 2045 1931 2109; x_wconf 84' lang='lat' dir='ltr'><strong>vel</strong></span> <span class='ocrx_word' id='word_1_83' title='bbox 1968 2046 2323 2109; x_wconf 88' lang='lat' dir='ltr'><strong>secundum</strong></span> 
     </span>
     <span class='ocr_line' id='line_1_16' title="bbox 789 2152 2322 2236; baseline -0.001 -19"><span class='ocrx_word' id='word_1_84' title='bbox 789 2173 1009 2217; x_wconf 80' lang='lat' dir='ltr'>causas</span> <span class='ocrx_word' id='word_1_85' title='bbox 1035 2154 1393 2230; x_wconf 78' lang='lat' dir='ltr'><strong>inferioreS,</strong></span> <span class='ocrx_word' id='word_1_86' title='bbox 1425 2152 1550 2217; x_wconf 90' lang='lat' dir='ltr'><strong>hoc</strong></span> <span class='ocrx_word' id='word_1_87' title='bbox 1581 2157 1677 2217; x_wconf 87' lang='lat' dir='ltr'><strong>est</strong></span> <span class='ocrx_word' id='word_1_88' title='bbox 1701 2153 2052 2219; x_wconf 89' lang='lat' dir='ltr'><strong>secundum</strong></span> <span class='ocrx_word' id='word_1_89' title='bbox 2098 2157 2322 2236; x_wconf 89' lang='lat' dir='ltr'><strong>poten-</strong></span> 
     </span>
     <span class='ocr_line' id='line_1_17' title="bbox 786 2261 2324 2343; baseline -0.001 -18"><span class='ocrx_word' id='word_1_90' title='bbox 786 2261 942 2325; x_wconf 83' lang='lat' dir='ltr'><strong>tiam</strong></span> <span class='ocrx_word' id='word_1_91' title='bbox 963 2262 1245 2325; x_wconf 91' lang='lat' dir='ltr'><strong>divinam</strong></span> <span class='ocrx_word' id='word_1_92' title='bbox 1261 2311 1277 2340; x_wconf 94' lang='lat'><strong>,</strong></span> <span class='ocrx_word' id='word_1_93' title='bbox 1307 2280 1390 2325; x_wconf 88' lang='lat' dir='ltr'><strong>an</strong></span> <span class='ocrx_word' id='word_1_94' title='bbox 1409 2262 1763 2326; x_wconf 86' lang='lat' dir='ltr'><strong>secundum</strong></span> <span class='ocrx_word' id='word_1_95' title='bbox 1789 2261 2136 2343; x_wconf 88' lang='lat' dir='ltr'><strong>potentiam</strong></span> <span class='ocrx_word' id='word_1_96' title='bbox 2157 2278 2324 2324; x_wconf 88' lang='lat' dir='ltr'><strong>crea-</strong></span> 
     </span>
     <span class='ocr_line' id='line_1_18' title="bbox 785 2369 2316 2451; baseline 0.001 -19"><span class='ocrx_word' id='word_1_97' title='bbox 785 2372 919 2433; x_wconf 90' lang='lat' dir='ltr'><strong>tam</strong></span> <span class='ocrx_word' id='word_1_98' title='bbox 933 2392 949 2448; x_wconf 91' lang='lat'><strong>;</strong></span> <span class='ocrx_word' id='word_1_99' title='bbox 980 2373 1045 2433; x_wconf 91' lang='lat' dir='ltr'><strong>et</strong></span> <span class='ocrx_word' id='word_1_100' title='bbox 1065 2370 1235 2451; x_wconf 90' lang='lat' dir='ltr'><strong>quod</strong></span> <span class='ocrx_word' id='word_1_101' title='bbox 1262 2369 1619 2433; x_wconf 87' lang='lat' dir='ltr'><strong>secundum</strong></span> <span class='ocrx_word' id='word_1_102' title='bbox 1641 2369 1989 2451; x_wconf 87' lang='lat' dir='ltr'><strong>potentiam</strong></span> <span class='ocrx_word' id='word_1_103' title='bbox 2016 2374 2316 2450; x_wconf 83' lang='lat' dir='ltr'><strong>creatam,</strong></span> 
     </span>
     <span class='ocr_line' id='line_1_19' title="bbox 785 2476 2317 2552; baseline 0.001 -13"><span class='ocrx_word' id='word_1_104' title='bbox 785 2476 920 2540; x_wconf 90' lang='lat' dir='ltr'><strong>sive</strong></span> <span class='ocrx_word' id='word_1_105' title='bbox 948 2476 1304 2540; x_wconf 89' lang='lat' dir='ltr'><strong>secundum</strong></span> <span class='ocrx_word' id='word_1_106' title='bbox 1338 2493 1561 2539; x_wconf 80' lang='lat' dir='ltr'>causas</span> <span class='ocrx_word' id='word_1_107' title='bbox 1600 2476 1970 2552; x_wconf 78' lang='lat' dir='ltr'><strong>inferioreS,</strong></span> <span class='ocrx_word' id='word_1_108' title='bbox 2013 2476 2270 2540; x_wconf 86' lang='lat' dir='ltr'><strong>videtur</strong></span> <span class='ocrx_word' id='word_1_109' title='bbox 2302 2500 2317 2541; x_wconf 72' lang='grc' dir='ltr'>ε</span> 
     </span>
     <span class='ocr_line' id='line_1_20' title="bbox 785 2582 2323 2666; baseline 0.001 -20"><span class='ocrx_word' id='word_1_110' title='bbox 785 2582 884 2646; x_wconf 86' lang='lat' dir='ltr'><strong>Ab</strong></span> <span class='ocrx_word' id='word_1_111' title='bbox 913 2583 1135 2647; x_wconf 90' lang='lat' dir='ltr'><strong>eodem</strong></span> <span class='ocrx_word' id='word_1_112' title='bbox 1167 2582 1340 2646; x_wconf 91' lang='lat' dir='ltr'><strong>enim</strong></span> <span class='ocrx_word' id='word_1_113' title='bbox 1379 2586 1472 2646; x_wconf 90' lang='lat' dir='ltr'><strong>est</strong></span> <span class='ocrx_word' id='word_1_114' title='bbox 1512 2583 1582 2645; x_wconf 90' lang='lat' dir='ltr'><strong>in</strong></span> <span class='ocrx_word' id='word_1_115' title='bbox 1619 2584 1811 2647; x_wconf 88' lang='lat' dir='ltr'><strong>rebus</strong></span> <span class='ocrx_word' id='word_1_116' title='bbox 1843 2584 2251 2666; x_wconf 88' lang='lat' dir='ltr'><strong>possibilitas,</strong></span> <span class='ocrx_word' id='word_1_117' title='bbox 2283 2604 2323 2648; x_wconf 90' lang='lat' dir='ltr'><strong>a</strong></span> 
     </span>
     <span class='ocr_line' id='line_1_21' title="bbox 785 2690 2322 2773; baseline 0 -20"><span class='ocrx_word' id='word_1_118' title='bbox 785 2708 916 2773; x_wconf 93' lang='lat' dir='ltr'><strong>quo</strong></span> <span class='ocrx_word' id='word_1_119' title='bbox 951 2696 1046 2754; x_wconf 87' lang='lat' dir='ltr'><strong>est</strong></span> <span class='ocrx_word' id='word_1_120' title='bbox 1077 2690 1416 2754; x_wconf 78' lang='lat' dir='ltr'><strong>necessitas</strong></span> <span class='ocrx_word' id='word_1_121' title='bbox 1442 2693 1505 2752; x_wconf 86' lang='lat' dir='ltr'><strong>et</strong></span> <span class='ocrx_word' id='word_1_122' title='bbox 1532 2690 1970 2771; x_wconf 83' lang='lat' dir='ltr'><strong>contingentia</strong></span> <span class='ocrx_word' id='word_1_123' title='bbox 2009 2690 2322 2772; x_wconf 90' lang='lat' dir='ltr'><strong>simplici-</strong></span> 
     </span>
     <span class='ocr_line' id='line_1_22' title="bbox 784 2796 2323 2878; baseline 0 -17"><span class='ocrx_word' id='word_1_124' title='bbox 784 2802 882 2861; x_wconf 86' lang='lat' dir='ltr'><strong>ter</strong></span> <span class='ocrx_word' id='word_1_125' title='bbox 904 2820 919 2860; x_wconf 75' lang='grc' dir='ltr'>ι</span> <span class='ocrx_word' id='word_1_126' title='bbox 949 2797 1056 2861; x_wconf 86' lang='lat' dir='ltr'><strong>sed</strong></span> <span class='ocrx_word' id='word_1_127' title='bbox 1079 2797 1416 2861; x_wconf 76' lang='lat' dir='ltr'><strong>necessitas</strong></span> <span class='ocrx_word' id='word_1_128' title='bbox 1433 2799 1496 2859; x_wconf 87' lang='lat' dir='ltr'><strong>et</strong></span> <span class='ocrx_word' id='word_1_129' title='bbox 1515 2796 1955 2878; x_wconf 78' lang='lat' dir='ltr'><strong>contingentia</strong></span> <span class='ocrx_word' id='word_1_130' title='bbox 1972 2798 2323 2862; x_wconf 87' lang='lat' dir='ltr'><strong>attenditur</strong></span> 
     </span>
     <span class='ocr_line' id='line_1_23' title="bbox 784 2904 2322 2987; baseline 0 -19"><span class='ocrx_word' id='word_1_131' title='bbox 784 2906 853 2968; x_wconf 91' lang='lat' dir='ltr'><strong>in</strong></span> <span class='ocrx_word' id='word_1_132' title='bbox 873 2907 1064 2969; x_wconf 90' lang='lat' dir='ltr'><strong>rebus</strong></span> <span class='ocrx_word' id='word_1_133' title='bbox 1084 2923 1217 2969; x_wconf 92' lang='lat' dir='ltr'><strong>non</strong></span> <span class='ocrx_word' id='word_1_134' title='bbox 1235 2908 1486 2969; x_wconf 83' lang='lat' dir='ltr'><strong>tantum</strong></span> <span class='ocrx_word' id='word_1_135' title='bbox 1513 2904 1866 2969; x_wconf 90' lang='lat' dir='ltr'><strong>secundum</strong></span> <span class='ocrx_word' id='word_1_136' title='bbox 1887 2922 2111 2967; x_wconf 83' lang='lat' dir='ltr'><strong>causas</strong></span> <span class='ocrx_word' id='word_1_137' title='bbox 2128 2923 2322 2987; x_wconf 89' lang='lat' dir='ltr'><strong>supe-</strong></span> 
     </span>
     <span class='ocr_line' id='line_1_24' title="bbox 782 3012 2317 3090; baseline 0.001 -15"><span class='ocrx_word' id='word_1_138' title='bbox 782 3013 1013 3090; x_wconf 86' lang='lat' dir='ltr'><strong>riores,</strong></span> <span class='ocrx_word' id='word_1_139' title='bbox 1071 3013 1202 3077; x_wconf 92' lang='lat' dir='ltr'><strong>imo</strong></span> <span class='ocrx_word' id='word_1_140' title='bbox 1263 3012 1619 3076; x_wconf 88' lang='lat' dir='ltr'><strong>secundum</strong></span> <span class='ocrx_word' id='word_1_141' title='bbox 1673 3012 2006 3075; x_wconf 84' lang='lat' dir='ltr'><strong>inferiores</strong></span> <span class='ocrx_word' id='word_1_142' title='bbox 2060 3030 2317 3090; x_wconf 62' lang='lat' dir='ltr'><strong>causam,</strong></span> 
     </span>
     <span class='ocr_line' id='line_1_25' title="bbox 782 3120 2320 3204; baseline 0 -20"><span class='ocrx_word' id='word_1_143' title='bbox 782 3122 1134 3204; x_wconf 81' lang='lat' dir='ltr'><strong>proximas,</strong></span> <span class='ocrx_word' id='word_1_144' title='bbox 1162 3123 1225 3185; x_wconf 89' lang='lat' dir='ltr'><strong>et</strong></span> <span class='ocrx_word' id='word_1_145' title='bbox 1251 3120 1661 3202; x_wconf 83' lang='lat' dir='ltr'><strong>particulares</strong></span> <span class='ocrx_word' id='word_1_146' title='bbox 1690 3142 1704 3182; x_wconf 71' lang='grc' dir='ltr'>ε</span> <span class='ocrx_word' id='word_1_147' title='bbox 1734 3136 1891 3200; x_wconf 84' lang='lat' dir='ltr'><strong>ergo</strong></span> <span class='ocrx_word' id='word_1_148' title='bbox 1918 3123 1984 3183; x_wconf 87' lang='lat' dir='ltr'><strong>et</strong></span> <span class='ocrx_word' id='word_1_149' title='bbox 2007 3120 2320 3203; x_wconf 86' lang='lat' dir='ltr'><strong>possibili-</strong></span> 
     </span>
     <span class='ocr_line' id='line_1_26' title="bbox 779 3233 898 3291; baseline 0 0"><span class='ocrx_word' id='word_1_150' title='bbox 779 3233 898 3291; x_wconf 80' lang='lat' dir='ltr'><strong>tas,</strong></span> 
     </span>
    </p>

    <p class='ocr_par' dir='ltr' id='par_1_8' title="bbox 777 3332 2319 4048">
     <span class='ocr_line' id='line_1_27' title="bbox 861 3332 2319 3415; baseline -0.002 -16"><span class='ocrx_word' id='word_1_151' title='bbox 861 3334 1050 3413; x_wconf 88' lang='lat' dir='ltr'><strong>Item,</strong></span> <span class='ocrx_word' id='word_1_152' title='bbox 1081 3333 1245 3398; x_wconf 87' lang='lat' dir='ltr'><strong>sicut</strong></span> <span class='ocrx_word' id='word_1_153' title='bbox 1269 3332 1507 3413; x_wconf 88' lang='lat' dir='ltr'><strong>aliquid</strong></span> <span class='ocrx_word' id='word_1_154' title='bbox 1535 3332 1768 3397; x_wconf 89' lang='lat' dir='ltr'><strong>dicitur</strong></span> <span class='ocrx_word' id='word_1_155' title='bbox 1796 3335 2018 3414; x_wconf 86' lang='lat' dir='ltr'><strong>potens</strong></span> <span class='ocrx_word' id='word_1_156' title='bbox 2043 3351 2084 3396; x_wconf 88' lang='lat' dir='ltr'><strong>a</strong></span> <span class='ocrx_word' id='word_1_157' title='bbox 2110 3337 2319 3415; x_wconf 88' lang='lat' dir='ltr'><strong>potes-</strong></span> 
     </span>
     <span class='ocr_line' id='line_1_28' title="bbox 779 3442 2314 3526; baseline 0 -16"><span class='ocrx_word' id='word_1_158' title='bbox 779 3450 906 3510; x_wconf 84' lang='lat' dir='ltr'><strong>tate</strong></span> <span class='ocrx_word' id='word_1_159' title='bbox 927 3446 1154 3523; x_wconf 86' lang='lat' dir='ltr'><strong>activa,</strong></span> <span class='ocrx_word' id='word_1_160' title='bbox 1172 3445 1261 3508; x_wconf 87' lang='lat' dir='ltr'><strong>ita</strong></span> <span class='ocrx_word' id='word_1_161' title='bbox 1282 3443 1517 3507; x_wconf 89' lang='lat' dir='ltr'><strong>dicitur</strong></span> <span class='ocrx_word' id='word_1_162' title='bbox 1530 3442 1824 3525; x_wconf 90' lang='lat' dir='ltr'><strong>possibile</strong></span> <span class='ocrx_word' id='word_1_163' title='bbox 1846 3463 1885 3507; x_wconf 89' lang='lat' dir='ltr'><strong>a</strong></span> <span class='ocrx_word' id='word_1_164' title='bbox 1906 3444 2314 3526; x_wconf 86' lang='lat' dir='ltr'><strong>possibilitate</strong></span> 
     </span>
     <span class='ocr_line' id='line_1_29' title="bbox 779 3551 2319 3637; baseline -0.001 -19"><span class='ocrx_word' id='word_1_165' title='bbox 779 3555 1033 3637; x_wconf 86' lang='lat' dir='ltr'><strong>passiva</strong></span> <span class='ocrx_word' id='word_1_166' title='bbox 1075 3577 1090 3617; x_wconf 72' lang='grc' dir='ltr'>ε</span> <span class='ocrx_word' id='word_1_167' title='bbox 1135 3554 1243 3617; x_wconf 90' lang='lat' dir='ltr'><strong>sed</strong></span> <span class='ocrx_word' id='word_1_168' title='bbox 1284 3551 1662 3635; x_wconf 86' lang='lat' dir='ltr'><strong>possibilitas</strong></span> <span class='ocrx_word' id='word_1_169' title='bbox 1694 3551 1944 3632; x_wconf 89' lang='lat' dir='ltr'><strong>passiva</strong></span> <span class='ocrx_word' id='word_1_170' title='bbox 1973 3552 2183 3634; x_wconf 90' lang='lat' dir='ltr'><strong>primo</strong></span> <span class='ocrx_word' id='word_1_171' title='bbox 2225 3557 2319 3617; x_wconf 88' lang='lat' dir='ltr'><strong>est</strong></span> 
     </span>
     <span class='ocr_line' id='line_1_30' title="bbox 779 3657 2318 3742; baseline -0.001 -18"><span class='ocrx_word' id='word_1_172' title='bbox 779 3662 847 3725; x_wconf 90' lang='lat' dir='ltr'><strong>in</strong></span> <span class='ocrx_word' id='word_1_173' title='bbox 890 3678 966 3724; x_wconf 88' lang='lat' dir='ltr'><strong>eo</strong></span> <span class='ocrx_word' id='word_1_174' title='bbox 993 3662 1063 3723; x_wconf 91' lang='lat' dir='ltr'><strong>in</strong></span> <span class='ocrx_word' id='word_1_175' title='bbox 1091 3678 1221 3742; x_wconf 92' lang='lat' dir='ltr'><strong>quo</strong></span> <span class='ocrx_word' id='word_1_176' title='bbox 1249 3658 1457 3742; x_wconf 88' lang='lat' dir='ltr'><strong>primo</strong></span> <span class='ocrx_word' id='word_1_177' title='bbox 1493 3661 1587 3720; x_wconf 87' lang='lat' dir='ltr'><strong>est</strong></span> <span class='ocrx_word' id='word_1_178' title='bbox 1615 3657 1895 3738; x_wconf 84' lang='lat' dir='ltr'><strong>potentia</strong></span> <span class='ocrx_word' id='word_1_179' title='bbox 1929 3658 2009 3719; x_wconf 90' lang='lat' dir='ltr'><strong>ad</strong></span> <span class='ocrx_word' id='word_1_180' title='bbox 2050 3658 2224 3737; x_wconf 86' lang='lat' dir='ltr'><strong>fieri,</strong></span> <span class='ocrx_word' id='word_1_181' title='bbox 2255 3665 2318 3723; x_wconf 88' lang='lat' dir='ltr'><strong>et</strong></span> 
     </span>
     <span class='ocr_line' id='line_1_31' title="bbox 778 3764 2317 3851; baseline -0.001 -20"><span class='ocrx_word' id='word_1_182' title='bbox 778 3787 893 3851; x_wconf 87' lang='lat' dir='ltr'><strong>per</strong></span> <span class='ocrx_word' id='word_1_183' title='bbox 908 3768 1063 3832; x_wconf 91' lang='lat' dir='ltr'><strong>illud</strong></span> <span class='ocrx_word' id='word_1_184' title='bbox 1078 3769 1146 3831; x_wconf 88' lang='lat' dir='ltr'><strong>in</strong></span> <span class='ocrx_word' id='word_1_185' title='bbox 1161 3768 1300 3830; x_wconf 91' lang='lat' dir='ltr'><strong>aliis</strong></span> <span class='ocrx_word' id='word_1_186' title='bbox 1321 3785 1337 3829; x_wconf 73' lang='grc' dir='ltr'>ε</span> <span class='ocrx_word' id='word_1_187' title='bbox 1360 3784 1516 3846; x_wconf 83' lang='lat' dir='ltr'><strong>ergo</strong></span> <span class='ocrx_word' id='word_1_188' title='bbox 1533 3783 1681 3828; x_wconf 89' lang='lat' dir='ltr'><strong>cum</strong></span> <span class='ocrx_word' id='word_1_189' title='bbox 1698 3764 1822 3828; x_wconf 91' lang='lat' dir='ltr'><strong>hoc</strong></span> <span class='ocrx_word' id='word_1_190' title='bbox 1836 3765 1917 3826; x_wconf 91' lang='lat' dir='ltr'><strong>sit</strong></span> <span class='ocrx_word' id='word_1_191' title='bbox 1930 3764 2317 3847; x_wconf 87' lang='lat' dir='ltr'><strong>principium</strong></span> 
     </span>
     <span class='ocr_line' id='line_1_32' title="bbox 779 3871 2317 3955; baseline -0.001 -17"><span class='ocrx_word' id='word_1_192' title='bbox 779 3876 1103 3938; x_wconf 85' lang='lat' dir='ltr'><strong>materiale</strong></span> <span class='ocrx_word' id='word_1_193' title='bbox 1124 3923 1141 3951; x_wconf 99' lang='lat'><strong>,</strong></span> <span class='ocrx_word' id='word_1_194' title='bbox 1171 3878 1233 3938; x_wconf 90' lang='lat' dir='ltr'><strong>et</strong></span> <span class='ocrx_word' id='word_1_195' title='bbox 1261 3892 1451 3937; x_wconf 86' lang='lat' dir='ltr'><strong>causa</strong></span> <span class='ocrx_word' id='word_1_196' title='bbox 1481 3875 1720 3947; x_wconf 86' lang='lat' dir='ltr'><strong>creata,</strong></span> <span class='ocrx_word' id='word_1_197' title='bbox 1753 3871 2047 3954; x_wconf 90' lang='lat' dir='ltr'><strong>possibile</strong></span> <span class='ocrx_word' id='word_1_198' title='bbox 2079 3872 2200 3936; x_wconf 90' lang='lat' dir='ltr'><strong>sim</strong></span> <span class='ocrx_word' id='word_1_199' title='bbox 2209 3874 2317 3955; x_wconf 89' lang='lat' dir='ltr'><strong>pli·</strong></span> 
     </span>
     <span class='ocr_line' id='line_1_33' title="bbox 777 3978 2190 4048; baseline -0.001 -2"><span class='ocrx_word' id='word_1_200' title='bbox 777 3982 934 4048; x_wconf 89' lang='lat' dir='ltr'><strong>citer</strong></span> <span class='ocrx_word' id='word_1_201' title='bbox 955 3983 1188 4045; x_wconf 90' lang='lat' dir='ltr'><strong>dicitur</strong></span> <span class='ocrx_word' id='word_1_202' title='bbox 1207 3980 1557 4045; x_wconf 90' lang='lat' dir='ltr'><strong>secundum</strong></span> <span class='ocrx_word' id='word_1_203' title='bbox 1586 3997 1811 4042; x_wconf 87' lang='lat' dir='ltr'><strong>causas</strong></span> <span class='ocrx_word' id='word_1_204' title='bbox 1835 3978 2190 4044; x_wconf 79' lang='lat' dir='ltr'><strong>inferiores,</strong></span> 
     </span>
    </p>

    <p class='ocr_par' dir='ltr' id='par_1_9' title="bbox 776 4085 2313 4491">
     <span class='ocr_line' id='line_1_34' title="bbox 856 4085 2312 4171; baseline 0 -18"><span class='ocrx_word' id='word_1_205' title='bbox 856 4089 1012 4154; x_wconf 84' lang='lat' dir='ltr'><strong>Item</strong></span> <span class='ocrx_word' id='word_1_206' title='bbox 1032 4137 1052 4165; x_wconf 90' lang='lat'><strong>,</strong></span> <span class='ocrx_word' id='word_1_207' title='bbox 1080 4089 1134 4151; x_wconf 87' lang='lat' dir='ltr'><strong>si</strong></span> <span class='ocrx_word' id='word_1_208' title='bbox 1161 4087 1453 4171; x_wconf 89' lang='lat' dir='ltr'><strong>possibile</strong></span> <span class='ocrx_word' id='word_1_209' title='bbox 1478 4085 1851 4168; x_wconf 88' lang='lat' dir='ltr'><strong>simpliciter</strong></span> <span class='ocrx_word' id='word_1_210' title='bbox 1877 4085 2192 4151; x_wconf 80' lang='lat' dir='ltr'><strong>diceretur</strong></span> <span class='ocrx_word' id='word_1_211' title='bbox 2214 4107 2312 4153; x_wconf 91' lang='lat' dir='ltr'><strong>se-</strong></span> 
     </span>
     <span class='ocr_line' id='line_1_35' title="bbox 776 4194 2313 4276; baseline 0 -15"><span class='ocrx_word' id='word_1_212' title='bbox 776 4197 1062 4261; x_wconf 91' lang='lat' dir='ltr'><strong>cundum</strong></span> <span class='ocrx_word' id='word_1_213' title='bbox 1080 4213 1298 4259; x_wconf 87' lang='lat' dir='ltr'><strong>causas</strong></span> <span class='ocrx_word' id='word_1_214' title='bbox 1315 4194 1674 4276; x_wconf 86' lang='lat' dir='ltr'><strong>superiores</strong></span> <span class='ocrx_word' id='word_1_215' title='bbox 1691 4196 1967 4272; x_wconf 86' lang='lat' dir='ltr'><strong>tantum,</strong></span> <span class='ocrx_word' id='word_1_216' title='bbox 1987 4199 2139 4258; x_wconf 90' lang='lat' dir='ltr'><strong>tunc</strong></span> <span class='ocrx_word' id='word_1_217' title='bbox 2163 4215 2313 4261; x_wconf 91' lang='lat' dir='ltr'><strong>cum</strong></span> 
     </span>
     <span class='ocr_line' id='line_1_36' title="bbox 776 4300 2311 4387; baseline 0 -17"><span class='ocrx_word' id='word_1_218' title='bbox 776 4303 956 4387; x_wconf 78' lang='lat' dir='ltr'><strong>apud</strong></span> <span class='ocrx_word' id='word_1_219' title='bbox 995 4305 1188 4369; x_wconf 82' lang='lat' dir='ltr'><strong>Deum</strong></span> <span class='ocrx_word' id='word_1_220' title='bbox 1226 4319 1354 4368; x_wconf 83' lang='lat' dir='ltr'><strong>non</strong></span> <span class='ocrx_word' id='word_1_221' title='bbox 1397 4303 1479 4364; x_wconf 82' lang='lat' dir='ltr'><strong>sit</strong></span> <span class='ocrx_word' id='word_1_222' title='bbox 1521 4300 1911 4382; x_wconf 81' lang='lat' dir='ltr'><strong>impossibile</strong></span> <span class='ocrx_word' id='word_1_223' title='bbox 1951 4317 2130 4367; x_wconf 79' lang='lat' dir='ltr'><strong>omne</strong></span> <span class='ocrx_word' id='word_1_224' title='bbox 2161 4321 2311 4369; x_wconf 81' lang='lat' dir='ltr'><strong>ver-</strong></span> 
     </span>
     <span class='ocr_line' id='line_1_37' title="bbox 778 4408 2308 4491; baseline 0 -16"><span class='ocrx_word' id='word_1_225' title='bbox 778 4410 922 4476; x_wconf 81' lang='lat' dir='ltr'><strong>bum</strong></span> <span class='ocrx_word' id='word_1_226' title='bbox 958 4413 1006 4490; x_wconf 79' lang='lat'><strong>¹,</strong></span> <span class='ocrx_word' id='word_1_227' title='bbox 1033 4410 1195 4474; x_wconf 90' lang='lat' dir='ltr'><strong>nihil</strong></span> <span class='ocrx_word' id='word_1_228' title='bbox 1228 4408 1646 4489; x_wconf 82' lang='lat' dir='ltr'><strong>judicandum</strong></span> <span class='ocrx_word' id='word_1_229' title='bbox 1693 4411 1856 4470; x_wconf 89' lang='lat' dir='ltr'><strong>esset</strong></span> <span class='ocrx_word' id='word_1_230' title='bbox 1897 4408 2308 4491; x_wconf 88' lang='lat' dir='ltr'><strong>impossibile.</strong></span> 
     </span>
    </p>

    <p class='ocr_par' dir='ltr' id='par_1_10' title="bbox 772 4515 2313 5132">
     <span class='ocr_line' id='line_1_38' title="bbox 855 4515 2312 4598; baseline 0.001 -16"><span class='ocrx_word' id='word_1_231' title='bbox 855 4518 1035 4598; x_wconf 87' lang='lat' dir='ltr'><strong>Item,</strong></span> <span class='ocrx_word' id='word_1_232' title='bbox 1063 4518 1117 4580; x_wconf 92' lang='lat' dir='ltr'><strong>si</strong></span> <span class='ocrx_word' id='word_1_233' title='bbox 1135 4516 1484 4581; x_wconf 88' lang='lat' dir='ltr'><strong>secundum</strong></span> <span class='ocrx_word' id='word_1_234' title='bbox 1505 4533 1727 4578; x_wconf 84' lang='lat' dir='ltr'><strong>causas</strong></span> <span class='ocrx_word' id='word_1_235' title='bbox 1748 4515 2125 4597; x_wconf 76' lang='lat' dir='ltr'><strong>superiore3‚</strong></span> <span class='ocrx_word' id='word_1_236' title='bbox 2157 4521 2312 4583; x_wconf 90' lang='lat' dir='ltr'><strong>tunc</strong></span> 
     </span>
     <span class='ocr_line' id='line_1_39' title="bbox 774 4623 2313 4708; baseline 0 -17"><span class='ocrx_word' id='word_1_237' title='bbox 774 4646 924 4691; x_wconf 92' lang='lat' dir='ltr'><strong>cum</strong></span> <span class='ocrx_word' id='word_1_238' title='bbox 949 4626 1116 4690; x_wconf 88' lang='lat' dir='ltr'><strong>Deus</strong></span> <span class='ocrx_word' id='word_1_239' title='bbox 1142 4630 1348 4708; x_wconf 87' lang='lat' dir='ltr'><strong>posset</strong></span> <span class='ocrx_word' id='word_1_240' title='bbox 1373 4625 1577 4688; x_wconf 87' lang='lat' dir='ltr'><strong>facere</strong></span> <span class='ocrx_word' id='word_1_241' title='bbox 1606 4623 1776 4704; x_wconf 90' lang='lat' dir='ltr'><strong>quod</strong></span> <span class='ocrx_word' id='word_1_242' title='bbox 1810 4642 2019 4688; x_wconf 85' lang='lat' dir='ltr'><strong>caecus</strong></span> <span class='ocrx_word' id='word_1_243' title='bbox 2050 4625 2313 4708; x_wconf 87' lang='lat' dir='ltr'><strong>recipiat</strong></span> 
     </span>
     <span class='ocr_line' id='line_1_40' title="bbox 773 4730 2310 4815; baseline -0.001 -17"><span class='ocrx_word' id='word_1_244' title='bbox 773 4734 1018 4808; x_wconf 86' lang='lat' dir='ltr'><strong>visum,</strong></span> <span class='ocrx_word' id='word_1_245' title='bbox 1067 4732 1362 4815; x_wconf 89' lang='lat' dir='ltr'><strong>possibile</strong></span> <span class='ocrx_word' id='word_1_246' title='bbox 1403 4734 1498 4794; x_wconf 86' lang='lat' dir='ltr'><strong>est</strong></span> <span class='ocrx_word' id='word_1_247' title='bbox 1539 4747 1782 4793; x_wconf 82' lang='lat' dir='ltr'><strong>caecum</strong></span> <span class='ocrx_word' id='word_1_248' title='bbox 1819 4730 2034 4795; x_wconf 86' lang='lat' dir='ltr'><strong>videre</strong></span> <span class='ocrx_word' id='word_1_249' title='bbox 2074 4753 2088 4794; x_wconf 76' lang='grc' dir='ltr'>ε</span> <span class='ocrx_word' id='word_1_250' title='bbox 2119 4732 2228 4797; x_wconf 89' lang='lat' dir='ltr'><strong>sed</strong></span> <span class='ocrx_word' id='word_1_251' title='bbox 2256 4734 2310 4796; x_wconf 91' lang='lat' dir='ltr'><strong>si</strong></span> 
     </span>
     <span class='ocr_line' id='line_1_41' title="bbox 773 4837 2309 4923; baseline 0.001 -20"><span class='ocrx_word' id='word_1_252' title='bbox 773 4838 1067 4923; x_wconf 89' lang='lat' dir='ltr'><strong>possibile</strong></span> <span class='ocrx_word' id='word_1_253' title='bbox 1106 4841 1269 4902; x_wconf 87' lang='lat' dir='ltr'><strong>esset</strong></span> <span class='ocrx_word' id='word_1_254' title='bbox 1307 4837 1558 4910; x_wconf 88' lang='lat' dir='ltr'><strong>videre,</strong></span> <span class='ocrx_word' id='word_1_255' title='bbox 1609 4838 1818 4916; x_wconf 85' lang='lat' dir='ltr'><strong>posset</strong></span> <span class='ocrx_word' id='word_1_256' title='bbox 1853 4837 2107 4917; x_wconf 87' lang='lat' dir='ltr'><strong>videre;</strong></span> <span class='ocrx_word' id='word_1_257' title='bbox 2152 4844 2214 4903; x_wconf 89' lang='lat' dir='ltr'><strong>et</strong></span> <span class='ocrx_word' id='word_1_258' title='bbox 2255 4842 2309 4904; x_wconf 89' lang='lat' dir='ltr'><strong>si</strong></span> 
     </span>
     <span class='ocr_line' id='line_1_42' title="bbox 772 4940 2308 5029; baseline 0.002 -20"><span class='ocrx_word' id='word_1_259' title='bbox 772 4949 1012 5029; x_wconf 87' lang='lat' dir='ltr'><strong>posset,</strong></span> <span class='ocrx_word' id='word_1_260' title='bbox 1043 4945 1305 5008; x_wconf 89' lang='lat' dir='ltr'><strong>haberet</strong></span> <span class='ocrx_word' id='word_1_261' title='bbox 1331 4940 1676 5025; x_wconf 87' lang='lat' dir='ltr'><strong>potentiam</strong></span> <span class='ocrx_word' id='word_1_262' title='bbox 1706 4940 1977 5006; x_wconf 89' lang='lat' dir='ltr'><strong>visivam</strong></span> <span class='ocrx_word' id='word_1_263' title='bbox 2005 4966 2021 5007; x_wconf 75' lang='grc' dir='ltr'>ι</span> <span class='ocrx_word' id='word_1_264' title='bbox 2052 4945 2163 5009; x_wconf 85' lang='lat' dir='ltr'><strong>sed</strong></span> <span class='ocrx_word' id='word_1_265' title='bbox 2189 4946 2308 5012; x_wconf 89' lang='lat' dir='ltr'><strong>hoc</strong></span> 
     </span>
     <span class='ocr_line' id='line_1_43' title="bbox 774 5053 1421 5132; baseline -0.006 -16"><span class='ocrx_word' id='word_1_266' title='bbox 774 5053 1004 5117; x_wconf 85' lang='lat' dir='ltr'><strong>falsum</strong></span> <span class='ocrx_word' id='word_1_267' title='bbox 1035 5073 1051 5117; x_wconf 77' lang='lat' dir='ltr'><strong>t</strong></span> <span class='ocrx_word' id='word_1_268' title='bbox 1081 5069 1238 5132; x_wconf 86' lang='lat' dir='ltr'><strong>ergo</strong></span> <span class='ocrx_word' id='word_1_269' title='bbox 1256 5099 1274 5127; x_wconf 88' lang='lat'><strong>,</strong></span> <span class='ocrx_word' id='word_1_270' title='bbox 1305 5055 1421 5113; x_wconf 91' lang='lat' dir='ltr'><strong>etc.</strong></span> 
     </span>
    </p>
   </div>
   <div class='ocr_carea' id='block_1_8' title="bbox 771 5174 2331 5466">
    <p class='ocr_par' dir='ltr' id='par_1_11' title="bbox 771 5174 2331 5466">
     <span class='ocr_line' id='line_1_44' title="bbox 838 5174 2304 5246; baseline 0.001 -18"><span class='ocrx_word' id='word_1_271' title='bbox 838 5179 854 5212; x_wconf 86' lang='lat'><em>²</em></span> <span class='ocrx_word' id='word_1_272' title='bbox 878 5177 959 5241; x_wconf 79' lang='lat' dir='ltr'><strong>Cf.</strong></span> <span class='ocrx_word' id='word_1_273' title='bbox 989 5177 1132 5228; x_wconf 77' lang='lat' dir='ltr'><strong>Alex.</strong></span> <span class='ocrx_word' id='word_1_274' title='bbox 1165 5176 1389 5237; x_wconf 79' lang='lat' dir='ltr'><strong>Alensis,</strong></span> <span class='ocrx_word' id='word_1_275' title='bbox 1417 5189 1470 5239; x_wconf 89' lang='lat' dir='ltr'><strong>p.</strong></span> <span class='ocrx_word' id='word_1_276' title='bbox 1500 5176 1551 5236; x_wconf 88' lang='lat'><strong>1,</strong></span> <span class='ocrx_word' id='word_1_277' title='bbox 1581 5188 1633 5239; x_wconf 87' lang='lat' dir='ltr'><strong>q.</strong></span> <span class='ocrx_word' id='word_1_278' title='bbox 1663 5184 1790 5233; x_wconf 79' lang='lat'><strong>111,</strong></span> <span class='ocrx_word' id='word_1_279' title='bbox 1817 5174 2010 5224; x_wconf 87' lang='lat' dir='ltr'><strong>memb.</strong></span> <span class='ocrx_word' id='word_1_280' title='bbox 2037 5179 2056 5226; x_wconf 72' lang='lat'><strong>1</strong></span> <span class='ocrx_word' id='word_1_281' title='bbox 2075 5214 2094 5241; x_wconf 87' lang='lat'><em>‚</em></span> <span class='ocrx_word' id='word_1_282' title='bbox 2123 5182 2217 5229; x_wconf 86' lang='lat' dir='ltr'><strong>art.</strong></span> <span class='ocrx_word' id='word_1_283' title='bbox 2246 5181 2304 5246; x_wconf 76' lang='lat'><strong>43</strong></span> 
     </span>
     <span class='ocr_line' id='line_1_45' title="bbox 773 5244 2329 5315; baseline 0.001 -15"><span class='ocrx_word' id='word_1_284' title='bbox 773 5250 829 5301; x_wconf 86' lang='lat' dir='ltr'><strong>S.</strong></span> <span class='ocrx_word' id='word_1_285' title='bbox 855 5249 1058 5310; x_wconf 69' lang='lat' dir='ltr'><strong>Thoai„</strong></span> <span class='ocrx_word' id='word_1_286' title='bbox 1098 5263 1154 5313; x_wconf 81' lang='lat' dir='ltr'><strong>p.</strong></span> <span class='ocrx_word' id='word_1_287' title='bbox 1183 5250 1236 5313; x_wconf 89' lang='lat' dir='ltr'><strong>l,</strong></span> <span class='ocrx_word' id='word_1_288' title='bbox 1277 5262 1330 5313; x_wconf 92' lang='lat' dir='ltr'><strong>q.</strong></span> <span class='ocrx_word' id='word_1_289' title='bbox 1352 5259 1483 5311; x_wconf 84' lang='lat' dir='ltr'><strong>xxv,</strong></span> <span class='ocrx_word' id='word_1_290' title='bbox 1513 5251 1608 5297; x_wconf 80' lang='lat' dir='ltr'><strong>art.</strong></span> <span class='ocrx_word' id='word_1_291' title='bbox 1632 5248 1690 5308; x_wconf 84' lang='lat'><strong>3,</strong></span> <span class='ocrx_word' id='word_1_292' title='bbox 1729 5244 1795 5294; x_wconf 89' lang='lat' dir='ltr'><strong>ad</strong></span> <span class='ocrx_word' id='word_1_293' title='bbox 1822 5247 1883 5307; x_wconf 74' lang='lat'><strong>45</strong></span> <span class='ocrx_word' id='word_1_294' title='bbox 1915 5249 1967 5296; x_wconf 81' lang='lat' dir='ltr'><strong>et</strong></span> <span class='ocrx_word' id='word_1_295' title='bbox 2001 5246 2062 5297; x_wconf 76' lang='lat' dir='ltr'><strong>de</strong></span> <span class='ocrx_word' id='word_1_296' title='bbox 2096 5251 2329 5315; x_wconf 78' lang='lat' dir='ltr'><strong>Potent.,.</strong></span> 
     </span>
     <span class='ocr_line' id='line_1_46' title="bbox 774 5318 2310 5386; baseline 0.001 -16"><span class='ocrx_word' id='word_1_297' title='bbox 774 5333 827 5384; x_wconf 88' lang='lat' dir='ltr'><strong>q.</strong></span> <span class='ocrx_word' id='word_1_298' title='bbox 851 5333 899 5384; x_wconf 89' lang='lat'><strong>1,</strong></span> <span class='ocrx_word' id='word_1_299' title='bbox 926 5325 1021 5371; x_wconf 80' lang='lat' dir='ltr'><strong>ert.</strong></span> <span class='ocrx_word' id='word_1_300' title='bbox 1041 5323 1101 5382; x_wconf 79' lang='lat'><strong>4;</strong></span> <span class='ocrx_word' id='word_1_301' title='bbox 1133 5322 1292 5385; x_wconf 67' lang='lat' dir='ltr'><strong>scot„</strong></span> <span class='ocrx_word' id='word_1_302' title='bbox 1324 5321 1343 5370; x_wconf 93' lang='lat'>1</span> <span class='ocrx_word' id='word_1_303' title='bbox 1378 5319 1536 5379; x_wconf 68' lang='lat' dir='ltr'><strong>Seni„</strong></span> <span class='ocrx_word' id='word_1_304' title='bbox 1567 5318 1685 5368; x_wconf 84' lang='lat' dir='ltr'><strong>dist.</strong></span> <span class='ocrx_word' id='word_1_305' title='bbox 1710 5326 1874 5380; x_wconf 78' lang='lat' dir='ltr'><strong>xmu,</strong></span> <span class='ocrx_word' id='word_1_306' title='bbox 1904 5331 1957 5380; x_wconf 85' lang='lat' dir='ltr'><strong>q.</strong></span> <span class='ocrx_word' id='word_1_307' title='bbox 1978 5329 2030 5382; x_wconf 78' lang='lat'><strong>13</strong></span> <span class='ocrx_word' id='word_1_308' title='bbox 2077 5323 2310 5386; x_wconf 81' lang='lat' dir='ltr'><strong>AEgidius</strong></span> 
     </span>
     <span class='ocr_line' id='line_1_47' title="bbox 771 5390 2331 5466; baseline -0.001 -24"><span class='ocrx_word' id='word_1_309' title='bbox 771 5390 1178 5466; x_wconf 76' lang='lat' dir='ltr'><strong>Rom.,18ent.,</strong></span> <span class='ocrx_word' id='word_1_310' title='bbox 1215 5392 1334 5443; x_wconf 82' lang='lat' dir='ltr'><strong>dist.</strong></span> <span class='ocrx_word' id='word_1_311' title='bbox 1376 5402 1521 5456; x_wconf 77' lang='lat' dir='ltr'><strong>xm,</strong></span> <span class='ocrx_word' id='word_1_312' title='bbox 1554 5404 1609 5462; x_wconf 82' lang='lat' dir='ltr'><strong>p.</strong></span> <span class='ocrx_word' id='word_1_313' title='bbox 1651 5391 1696 5440; x_wconf 87' lang='lat'><strong>11</strong></span> <span class='ocrx_word' id='word_1_314' title='bbox 1716 5425 1735 5454; x_wconf 88' lang='lat'><strong>,</strong></span> <span class='ocrx_word' id='word_1_315' title='bbox 1762 5400 1816 5456; x_wconf 80' lang='lat' dir='ltr'><strong>q.</strong></span> <span class='ocrx_word' id='word_1_316' title='bbox 1859 5399 1952 5452; x_wconf 73' lang='lat'>1115</span> <span class='ocrx_word' id='word_1_317' title='bbox 1990 5390 2331 5463; x_wconf 55' lang='lat' dir='ltr'><strong>niobes-dass</strong></span> 
     </span>
    </p>
   </div>
   <div class='ocr_carea' id='block_1_9' title="bbox 1908 404 2822 474">
    <p class='ocr_par' dir='ltr' id='par_1_12' title="bbox 1908 404 2822 474">
     <span class='ocr_line' id='line_1_48' title="bbox 1908 404 2822 474; baseline 0.001 -3"><span class='ocrx_word' id='word_1_318' title='bbox 1908 404 2530 471; x_wconf 79' lang='lat' dir='ltr'><strong>SENTENTIARUM</strong></span> <span class='ocrx_word' id='word_1_319' title='bbox 2573 406 2723 474; x_wconf 89' lang='lat' dir='ltr'><strong>LIB.</strong></span> <span class='ocrx_word' id='word_1_320' title='bbox 2771 408 2822 472; x_wconf 89' lang='lat'><strong>1.</strong></span> 
     </span>
    </p>
   </div>
   <div class='ocr_carea' id='block_1_10' title="bbox 2424 541 4096 3102">
    <p class='ocr_par' dir='ltr' id='par_1_13' title="bbox 2424 541 4096 1275">
     <span class='ocr_line' id='line_1_49' title="bbox 2505 541 4096 612; baseline 0.003 -4"><span class='ocrx_word' id='word_1_321' title='bbox 2505 542 2774 608; x_wconf 85' lang='lat' dir='ltr'><strong>Contra:</strong></span> <span class='ocrx_word' id='word_1_322' title='bbox 2804 549 2834 606; x_wconf 85' lang='lat'><strong>1</strong></span> <span class='ocrx_word' id='word_1_323' title='bbox 2849 591 2864 608; x_wconf 94' lang='lat'><strong>.</strong></span> <span class='ocrx_word' id='word_1_324' title='bbox 2896 542 3200 608; x_wconf 89' lang='lat' dir='ltr'><strong>Possibile</strong></span> <span class='ocrx_word' id='word_1_325' title='bbox 3229 542 3464 606; x_wconf 89' lang='lat' dir='ltr'><strong>dicitur</strong></span> <span class='ocrx_word' id='word_1_326' title='bbox 3485 541 3930 609; x_wconf 83' lang='lat' dir='ltr'><strong>denominative</strong></span> <span class='ocrx_word' id='word_1_327' title='bbox 3957 549 4016 595; x_wconf 68' lang='lat' dir='ltr'>M</span> <span class='ocrx_word' id='word_1_328' title='bbox 4040 564 4096 612; x_wconf 61' lang='grc' dir='ltr'><strong>σοι</strong></span> 
     </span>
     <span class='ocr_line' id='line_1_50' title="bbox 2425 650 3932 735; baseline 0 -20"><span class='ocrx_word' id='word_1_329' title='bbox 2425 669 2465 715; x_wconf 89' lang='lat' dir='ltr'><strong>a</strong></span> <span class='ocrx_word' id='word_1_330' title='bbox 2488 653 2768 733; x_wconf 86' lang='lat' dir='ltr'><strong>potentia</strong></span> <span class='ocrx_word' id='word_1_331' title='bbox 2797 670 2813 715; x_wconf 74' lang='grc' dir='ltr'><em>τ</em></span> <span class='ocrx_word' id='word_1_332' title='bbox 2844 670 3003 734; x_wconf 80' lang='lat' dir='ltr'><strong>ergo</strong></span> <span class='ocrx_word' id='word_1_333' title='bbox 3036 651 3329 735; x_wconf 85' lang='lat' dir='ltr'><strong>possibile</strong></span> <span class='ocrx_word' id='word_1_334' title='bbox 3355 650 3739 732; x_wconf 87' lang='lat' dir='ltr'><strong>simpliciter,</strong></span> <span class='ocrx_word' id='word_1_335' title='bbox 3768 670 3804 715; x_wconf 89' lang='lat' dir='ltr'><strong>a</strong></span> <span class='ocrx_word' id='word_1_336' title='bbox 3829 669 3932 733; x_wconf 87' lang='lat' dir='ltr'><strong>po-</strong></span> 
     </span>
     <span class='ocr_line' id='line_1_51' title="bbox 2424 760 3934 843; baseline 0.001 -20"><span class='ocrx_word' id='word_1_337' title='bbox 2424 761 2621 823; x_wconf 82' lang='lat' dir='ltr'><strong>tentia</strong></span> <span class='ocrx_word' id='word_1_338' title='bbox 2644 760 3013 843; x_wconf 86' lang='lat' dir='ltr'><strong>simpliciter</strong></span> <span class='ocrx_word' id='word_1_339' title='bbox 3039 782 3055 824; x_wconf 70' lang='grc' dir='ltr'>ε</span> <span class='ocrx_word' id='word_1_340' title='bbox 3081 760 3191 825; x_wconf 88' lang='lat' dir='ltr'><strong>sed</strong></span> <span class='ocrx_word' id='word_1_341' title='bbox 3222 760 3508 843; x_wconf 87' lang='lat' dir='ltr'><strong>potentia</strong></span> <span class='ocrx_word' id='word_1_342' title='bbox 3533 777 3677 841; x_wconf 83' lang='lat' dir='ltr'><strong>quae</strong></span> <span class='ocrx_word' id='word_1_343' title='bbox 3702 778 3934 825; x_wconf 89' lang='lat' dir='ltr'><strong>summe</strong></span> 
     </span>
     <span class='ocr_line' id='line_1_52' title="bbox 2426 866 3931 950; baseline -0.001 -20"><span class='ocrx_word' id='word_1_344' title='bbox 2426 870 2490 930; x_wconf 89' lang='lat' dir='ltr'><strong>et</strong></span> <span class='ocrx_word' id='word_1_345' title='bbox 2526 867 2891 950; x_wconf 84' lang='lat' dir='ltr'><strong>simpliciter</strong></span> <span class='ocrx_word' id='word_1_346' title='bbox 2926 872 3021 932; x_wconf 92' lang='lat' dir='ltr'><strong>est</strong></span> <span class='ocrx_word' id='word_1_347' title='bbox 3061 868 3346 950; x_wconf 86' lang='lat' dir='ltr'><strong>potentia</strong></span> <span class='ocrx_word' id='word_1_348' title='bbox 3362 915 3378 943; x_wconf 86' lang='lat'><strong>,</strong></span> <span class='ocrx_word' id='word_1_349' title='bbox 3415 871 3510 930; x_wconf 90' lang='lat' dir='ltr'><strong>est</strong></span> <span class='ocrx_word' id='word_1_350' title='bbox 3548 866 3815 948; x_wconf 85' lang='lat' dir='ltr'><strong>potentia</strong></span> <span class='ocrx_word' id='word_1_351' title='bbox 3846 868 3931 930; x_wconf 90' lang='lat' dir='ltr'><strong>di-</strong></span> 
     </span>
     <span class='ocr_line' id='line_1_53' title="bbox 2425 962 3937 1058; baseline -0.002 -19"><span class='ocrx_word' id='word_1_352' title='bbox 2425 962 2614 1055; x_wconf 80' lang='lat' dir='ltr'><strong>vina,</strong></span> <span class='ocrx_word' id='word_1_353' title='bbox 2655 994 2802 1058; x_wconf 76' lang='lat' dir='ltr'><strong>quae</strong></span> <span class='ocrx_word' id='word_1_354' title='bbox 2839 975 3072 1039; x_wconf 89' lang='lat' dir='ltr'><strong>dicitur</strong></span> <span class='ocrx_word' id='word_1_355' title='bbox 3113 974 3469 1039; x_wconf 88' lang='lat' dir='ltr'><strong>secundum</strong></span> <span class='ocrx_word' id='word_1_356' title='bbox 3509 991 3723 1037; x_wconf 81' lang='lat' dir='ltr'><strong>causas</strong></span> <span class='ocrx_word' id='word_1_357' title='bbox 3766 992 3937 1056; x_wconf 88' lang='lat' dir='ltr'><strong>supe-</strong></span> 
     </span>
     <span class='ocr_line' id='line_1_54' title="bbox 2426 1081 3939 1166; baseline 0 -19"><span class='ocrx_word' id='word_1_358' title='bbox 2426 1083 2622 1147; x_wconf 88' lang='lat' dir='ltr'><strong>riores</strong></span> <span class='ocrx_word' id='word_1_359' title='bbox 2653 1102 2669 1146; x_wconf 89' lang='lat'>:</span> <span class='ocrx_word' id='word_1_360' title='bbox 2699 1102 2855 1165; x_wconf 84' lang='lat' dir='ltr'><strong>ergo</strong></span> <span class='ocrx_word' id='word_1_361' title='bbox 2885 1084 3178 1166; x_wconf 87' lang='lat' dir='ltr'><strong>possibile</strong></span> <span class='ocrx_word' id='word_1_362' title='bbox 3211 1082 3577 1165; x_wconf 86' lang='lat' dir='ltr'><strong>simpliciter</strong></span> <span class='ocrx_word' id='word_1_363' title='bbox 3600 1081 3823 1145; x_wconf 88' lang='lat' dir='ltr'><strong>dicitur</strong></span> <span class='ocrx_word' id='word_1_364' title='bbox 3851 1100 3939 1147; x_wconf 86' lang='lat' dir='ltr'><strong>se-</strong></span> 
     </span>
     <span class='ocr_line' id='line_1_55' title="bbox 2428 1190 3371 1275; baseline 0.001 -21"><span class='ocrx_word' id='word_1_365' title='bbox 2428 1190 2714 1254; x_wconf 91' lang='lat' dir='ltr'><strong>cundum</strong></span> <span class='ocrx_word' id='word_1_366' title='bbox 2740 1210 2962 1256; x_wconf 87' lang='lat' dir='ltr'><strong>causas</strong></span> <span class='ocrx_word' id='word_1_367' title='bbox 2992 1191 3371 1275; x_wconf 78' lang='lat' dir='ltr'><strong>superiores,</strong></span> 
     </span>
    </p>

    <p class='ocr_par' dir='ltr' id='par_1_14' title="bbox 2427 1297 3944 1808">
     <span class='ocr_line' id='line_1_56' title="bbox 2506 1297 3940 1378; baseline 0.001 -18"><span class='ocrx_word' id='word_1_368' title='bbox 2506 1300 2568 1362; x_wconf 80' lang='lat'><strong>2.</strong></span> <span class='ocrx_word' id='word_1_369' title='bbox 2600 1298 2777 1378; x_wconf 87' lang='lat' dir='ltr'><strong>Item,</strong></span> <span class='ocrx_word' id='word_1_370' title='bbox 2803 1301 3120 1364; x_wconf 87' lang='lat' dir='ltr'><strong>mundum</strong></span> <span class='ocrx_word' id='word_1_371' title='bbox 3143 1300 3365 1376; x_wconf 89' lang='lat' dir='ltr'><strong>creari,</strong></span> <span class='ocrx_word' id='word_1_372' title='bbox 3391 1303 3458 1363; x_wconf 87' lang='lat' dir='ltr'><strong>et</strong></span> <span class='ocrx_word' id='word_1_373' title='bbox 3477 1299 3762 1363; x_wconf 86' lang='lat' dir='ltr'><strong>animam</strong></span> <span class='ocrx_word' id='word_1_374' title='bbox 3777 1297 3940 1361; x_wconf 85' lang='lat' dir='ltr'><strong>Anti-</strong></span> 
     </span>
     <span class='ocr_line' id='line_1_57' title="bbox 2429 1405 3943 1489; baseline -0.001 -19"><span class='ocrx_word' id='word_1_375' title='bbox 2429 1405 2645 1470; x_wconf 86' lang='lat' dir='ltr'><strong>christi</strong></span> <span class='ocrx_word' id='word_1_376' title='bbox 2684 1409 2914 1489; x_wconf 88' lang='lat' dir='ltr'><strong>creari,</strong></span> <span class='ocrx_word' id='word_1_377' title='bbox 2944 1409 3048 1472; x_wconf 85' lang='lat' dir='ltr'><strong>vel</strong></span> <span class='ocrx_word' id='word_1_378' title='bbox 3092 1407 3257 1487; x_wconf 75' lang='lat' dir='ltr'><strong>esse,</strong></span> <span class='ocrx_word' id='word_1_379' title='bbox 3288 1411 3351 1473; x_wconf 91' lang='lat' dir='ltr'><strong>et</strong></span> <span class='ocrx_word' id='word_1_380' title='bbox 3395 1406 3776 1484; x_wconf 84' lang='lat' dir='ltr'><strong>consimilia,</strong></span> <span class='ocrx_word' id='word_1_381' title='bbox 3808 1405 3943 1469; x_wconf 91' lang='lat' dir='ltr'><strong>sim-</strong></span> 
     </span>
     <span class='ocr_line' id='line_1_58' title="bbox 2428 1508 3944 1593; baseline -0.001 -21"><span class='ocrx_word' id='word_1_382' title='bbox 2428 1510 2671 1591; x_wconf 90' lang='lat' dir='ltr'><strong>pliciter</strong></span> <span class='ocrx_word' id='word_1_383' title='bbox 2712 1510 3013 1575; x_wconf 88' lang='lat' dir='ltr'><strong>dicuntur</strong></span> <span class='ocrx_word' id='word_1_384' title='bbox 3055 1510 3373 1593; x_wconf 88' lang='lat' dir='ltr'><strong>possibilia</strong></span> <span class='ocrx_word' id='word_1_385' title='bbox 3406 1528 3424 1573; x_wconf 74' lang='lat' dir='ltr'><em>z</em></span> <span class='ocrx_word' id='word_1_386' title='bbox 3466 1514 3530 1573; x_wconf 89' lang='lat' dir='ltr'><strong>et</strong></span> <span class='ocrx_word' id='word_1_387' title='bbox 3573 1514 3724 1573; x_wconf 87' lang='lat' dir='ltr'><strong>sunt</strong></span> <span class='ocrx_word' id='word_1_388' title='bbox 3764 1508 3944 1590; x_wconf 86' lang='lat' dir='ltr'><strong>possi-</strong></span> 
     </span>
     <span class='ocr_line' id='line_1_59' title="bbox 2427 1616 3939 1699; baseline -0.001 -19"><span class='ocrx_word' id='word_1_389' title='bbox 2427 1616 2579 1680; x_wconf 87' lang='lat' dir='ltr'><strong>bilia</strong></span> <span class='ocrx_word' id='word_1_390' title='bbox 2620 1618 2829 1682; x_wconf 92' lang='lat' dir='ltr'><strong>solum</strong></span> <span class='ocrx_word' id='word_1_391' title='bbox 2870 1618 3221 1684; x_wconf 89' lang='lat' dir='ltr'><strong>secundum</strong></span> <span class='ocrx_word' id='word_1_392' title='bbox 3264 1635 3487 1682; x_wconf 87' lang='lat' dir='ltr'><strong>causas</strong></span> <span class='ocrx_word' id='word_1_393' title='bbox 3532 1616 3883 1699; x_wconf 87' lang='lat' dir='ltr'><strong>superiores</strong></span> <span class='ocrx_word' id='word_1_394' title='bbox 3926 1638 3939 1678; x_wconf 90' lang='lat'>:</span> 
     </span>
     <span class='ocr_line' id='line_1_60' title="bbox 2428 1733 2907 1808; baseline 0.006 -18"><span class='ocrx_word' id='word_1_395' title='bbox 2428 1745 2608 1808; x_wconf 84' lang='lat' dir='ltr'><strong>ergo,</strong></span> <span class='ocrx_word' id='word_1_396' title='bbox 2639 1733 2759 1792; x_wconf 90' lang='lat' dir='ltr'><strong>etc.</strong></span> <span class='ocrx_word' id='word_1_397' title='bbox 2884 1772 2907 1793; x_wconf 70' lang='grc'><strong>.</strong></span> 
     </span>
    </p>

    <p class='ocr_par' dir='ltr' id='par_1_15' title="bbox 2427 1832 3950 2563">
     <span class='ocr_line' id='line_1_61' title="bbox 2507 1832 3945 1918; baseline -0.003 -20"><span class='ocrx_word' id='word_1_398' title='bbox 2507 1839 2566 1898; x_wconf 90' lang='grc'><strong>3.</strong></span> <span class='ocrx_word' id='word_1_399' title='bbox 2600 1834 2757 1899; x_wconf 83' lang='lat' dir='ltr'><strong>item</strong></span> <span class='ocrx_word' id='word_1_400' title='bbox 2782 1836 2903 1901; x_wconf 91' lang='lat' dir='ltr'><strong>hoc</strong></span> <span class='ocrx_word' id='word_1_401' title='bbox 2927 1837 3301 1916; x_wconf 86' lang='lat' dir='ltr'><strong>ostenditur,</strong></span> <span class='ocrx_word' id='word_1_402' title='bbox 3327 1836 3480 1918; x_wconf 87' lang='lat' dir='ltr'><strong>quia</strong></span> <span class='ocrx_word' id='word_1_403' title='bbox 3505 1836 3561 1898; x_wconf 89' lang='lat' dir='ltr'><strong>si</strong></span> <span class='ocrx_word' id='word_1_404' title='bbox 3590 1832 3831 1915; x_wconf 90' lang='lat' dir='ltr'><strong>aliquid</strong></span> <span class='ocrx_word' id='word_1_405' title='bbox 3857 1850 3945 1894; x_wconf 90' lang='lat' dir='ltr'><strong>se-</strong></span> 
     </span>
     <span class='ocr_line' id='line_1_62' title="bbox 2428 1936 3944 2026; baseline -0.002 -22"><span class='ocrx_word' id='word_1_406' title='bbox 2428 1942 2646 2023; x_wconf 90' lang='lat' dir='ltr'><strong>quitur</strong></span> <span class='ocrx_word' id='word_1_407' title='bbox 2666 1944 2746 2008; x_wconf 90' lang='lat' dir='ltr'><strong>ad</strong></span> <span class='ocrx_word' id='word_1_408' title='bbox 2766 1943 3029 2026; x_wconf 86' lang='lat' dir='ltr'><strong>aliquid,</strong></span> <span class='ocrx_word' id='word_1_409' title='bbox 3054 1944 3108 2007; x_wconf 90' lang='lat' dir='ltr'><strong>si</strong></span> <span class='ocrx_word' id='word_1_410' title='bbox 3130 1943 3501 2008; x_wconf 83' lang='lat' dir='ltr'><strong>antecedens</strong></span> <span class='ocrx_word' id='word_1_411' title='bbox 3523 1946 3623 2006; x_wconf 86' lang='lat' dir='ltr'><strong>est</strong></span> <span class='ocrx_word' id='word_1_412' title='bbox 3642 1936 3944 2022; x_wconf 88' lang='lat' dir='ltr'><strong>possibile,</strong></span> 
     </span>
     <span class='ocr_line' id='line_1_63' title="bbox 2428 2047 3949 2133; baseline -0.002 -22"><span class='ocrx_word' id='word_1_413' title='bbox 2428 2052 2492 2112; x_wconf 92' lang='lat' dir='ltr'><strong>et</strong></span> <span class='ocrx_word' id='word_1_414' title='bbox 2521 2067 2912 2133; x_wconf 90' lang='lat' dir='ltr'><strong>consequens</strong></span> <span class='ocrx_word' id='word_1_415' title='bbox 2945 2074 2959 2116; x_wconf 91' lang='lat'>:</span> <span class='ocrx_word' id='word_1_416' title='bbox 2991 2053 3100 2116; x_wconf 88' lang='lat' dir='ltr'><strong>sed</strong></span> <span class='ocrx_word' id='word_1_417' title='bbox 3130 2052 3559 2117; x_wconf 87' lang='lat' dir='ltr'><strong>demonstrato</strong></span> <span class='ocrx_word' id='word_1_418' title='bbox 3592 2049 3804 2131; x_wconf 88' lang='lat' dir='ltr'><strong>aliquo</strong></span> <span class='ocrx_word' id='word_1_419' title='bbox 3838 2047 3949 2109; x_wconf 88' lang='lat' dir='ltr'><strong>im-</strong></span> 
     </span>
     <span class='ocr_line' id='line_1_64' title="bbox 2428 2153 3950 2239; baseline -0.001 -20"><span class='ocrx_word' id='word_1_420' title='bbox 2428 2157 2747 2239; x_wconf 90' lang='lat' dir='ltr'><strong>possibili,</strong></span> <span class='ocrx_word' id='word_1_421' title='bbox 2777 2162 2851 2222; x_wconf 87' lang='lat' dir='ltr'><strong>ut</strong></span> <span class='ocrx_word' id='word_1_422' title='bbox 2880 2163 3182 2224; x_wconf 87' lang='lat' dir='ltr'><strong>truncum</strong></span> <span class='ocrx_word' id='word_1_423' title='bbox 3210 2160 3351 2225; x_wconf 88' lang='lat' dir='ltr'><strong>fleri</strong></span> <span class='ocrx_word' id='word_1_424' title='bbox 3382 2178 3465 2223; x_wconf 82' lang='lat' dir='ltr'><strong>ex</strong></span> <span class='ocrx_word' id='word_1_425' title='bbox 3490 2157 3728 2233; x_wconf 85' lang='lat' dir='ltr'><strong>vitu10,</strong></span> <span class='ocrx_word' id='word_1_426' title='bbox 3757 2153 3950 2236; x_wconf 90' lang='lat' dir='ltr'><strong>sequi-</strong></span> 
     </span>
     <span class='ocr_line' id='line_1_65' title="bbox 2427 2260 3941 2346; baseline -0.003 -21"><span class='ocrx_word' id='word_1_427' title='bbox 2427 2267 2536 2327; x_wconf 89' lang='lat' dir='ltr'><strong>tur</strong></span> <span class='ocrx_word' id='word_1_428' title='bbox 2573 2285 2590 2328; x_wconf 77' lang='lat' dir='ltr'><strong><em>z</em></strong></span> <span class='ocrx_word' id='word_1_429' title='bbox 2626 2287 2656 2323; x_wconf 80' lang='grc' dir='ltr'><strong>α</strong></span> <span class='ocrx_word' id='word_1_430' title='bbox 2692 2264 2895 2330; x_wconf 89' lang='lat' dir='ltr'><strong>Deum</strong></span> <span class='ocrx_word' id='word_1_431' title='bbox 2939 2266 3140 2330; x_wconf 84' lang='lat' dir='ltr'><strong>facere</strong></span> <span class='ocrx_word' id='word_1_432' title='bbox 3188 2265 3309 2328; x_wconf 90' lang='lat' dir='ltr'><strong>hoc</strong></span> <span class='ocrx_word' id='word_1_433' title='bbox 3328 2311 3348 2342; x_wconf 93' lang='lat'><strong>,</strong></span> <span class='ocrx_word' id='word_1_434' title='bbox 3396 2269 3491 2327; x_wconf 89' lang='lat' dir='ltr'><strong>est</strong></span> <span class='ocrx_word' id='word_1_435' title='bbox 3536 2260 3829 2346; x_wconf 85' lang='lat' dir='ltr'><strong>possibile</strong></span> <span class='ocrx_word' id='word_1_436' title='bbox 3864 2277 3880 2321; x_wconf 72' lang='grc' dir='ltr'><strong><em>ε</em></strong></span> <span class='ocrx_word' id='word_1_437' title='bbox 3912 2279 3941 2317; x_wconf 70' lang='lat' dir='ltr'>n</span> 
     </span>
     <span class='ocr_line' id='line_1_66' title="bbox 2428 2366 3949 2452; baseline -0.003 -17"><span class='ocrx_word' id='word_1_438' title='bbox 2428 2389 2585 2452; x_wconf 82' lang='lat' dir='ltr'><strong>ergo</strong></span> <span class='ocrx_word' id='word_1_439' title='bbox 2632 2372 2781 2452; x_wconf 89' lang='lat' dir='ltr'><strong>hoc,</strong></span> <span class='ocrx_word' id='word_1_440' title='bbox 2825 2373 3060 2437; x_wconf 84' lang='lat' dir='ltr'><strong>scilicet</strong></span> <span class='ocrx_word' id='word_1_441' title='bbox 3098 2377 3400 2436; x_wconf 88' lang='lat' dir='ltr'><strong>truncum</strong></span> <span class='ocrx_word' id='word_1_442' title='bbox 3435 2371 3576 2434; x_wconf 85' lang='lat' dir='ltr'><strong>fieri</strong></span> <span class='ocrx_word' id='word_1_443' title='bbox 3620 2388 3708 2434; x_wconf 81' lang='lat' dir='ltr'><strong>ex</strong></span> <span class='ocrx_word' id='word_1_444' title='bbox 3740 2366 3949 2446; x_wconf 86' lang='lat' dir='ltr'><strong>vitulo,</strong></span> 
     </span>
     <span class='ocr_line' id='line_1_67' title="bbox 2428 2480 3252 2563; baseline 0.001 -20"><span class='ocrx_word' id='word_1_445' title='bbox 2428 2484 2524 2543; x_wconf 88' lang='lat' dir='ltr'><strong>est</strong></span> <span class='ocrx_word' id='word_1_446' title='bbox 2547 2480 2839 2561; x_wconf 84' lang='lat' dir='ltr'><strong>possibile</strong></span> <span class='ocrx_word' id='word_1_447' title='bbox 2864 2481 3252 2563; x_wconf 89' lang='lat' dir='ltr'><strong>simpliciter.</strong></span> 
     </span>
    </p>

    <p class='ocr_par' dir='ltr' id='par_1_16' title="bbox 2427 2586 3953 3102">
     <span class='ocr_line' id='line_1_68' title="bbox 2507 2586 3953 2671; baseline 0 -22"><span class='ocrx_word' id='word_1_448' title='bbox 2507 2592 2567 2650; x_wconf 79' lang='lat'><strong>4.</strong></span> <span class='ocrx_word' id='word_1_449' title='bbox 2597 2586 2755 2652; x_wconf 83' lang='lat' dir='ltr'><strong>item</strong></span> <span class='ocrx_word' id='word_1_450' title='bbox 2776 2607 2968 2653; x_wconf 88' lang='lat' dir='ltr'><strong>omne</strong></span> <span class='ocrx_word' id='word_1_451' title='bbox 2986 2607 3216 2653; x_wconf 89' lang='lat' dir='ltr'><strong>verum</strong></span> <span class='ocrx_word' id='word_1_452' title='bbox 3236 2590 3330 2651; x_wconf 87' lang='lat' dir='ltr'><strong>est</strong></span> <span class='ocrx_word' id='word_1_453' title='bbox 3352 2587 3673 2671; x_wconf 89' lang='lat' dir='ltr'><strong>possibile,</strong></span> <span class='ocrx_word' id='word_1_454' title='bbox 3697 2592 3759 2651; x_wconf 89' lang='lat' dir='ltr'><strong>et</strong></span> <span class='ocrx_word' id='word_1_455' title='bbox 3779 2603 3953 2650; x_wconf 91' lang='lat' dir='ltr'><strong>omne</strong></span> 
     </span>
     <span class='ocr_line' id='line_1_69' title="bbox 2429 2696 3953 2780; baseline -0.001 -21"><span class='ocrx_word' id='word_1_456' title='bbox 2429 2696 2598 2777; x_wconf 90' lang='lat' dir='ltr'><strong>quod</strong></span> <span class='ocrx_word' id='word_1_457' title='bbox 2641 2698 2761 2760; x_wconf 91' lang='lat' dir='ltr'><strong>erit</strong></span> <span class='ocrx_word' id='word_1_458' title='bbox 2801 2715 3029 2762; x_wconf 83' lang='lat' dir='ltr'><strong>verum</strong></span> <span class='ocrx_word' id='word_1_459' title='bbox 3049 2746 3068 2777; x_wconf 89' lang='lat'>‚</span> <span class='ocrx_word' id='word_1_460' title='bbox 3114 2701 3317 2780; x_wconf 88' lang='lat' dir='ltr'><strong>potest</strong></span> <span class='ocrx_word' id='word_1_461' title='bbox 3358 2716 3492 2762; x_wconf 90' lang='lat' dir='ltr'><strong>esse</strong></span> <span class='ocrx_word' id='word_1_462' title='bbox 3536 2715 3771 2762; x_wconf 87' lang='lat' dir='ltr'><strong>verum</strong></span> <span class='ocrx_word' id='word_1_463' title='bbox 3803 2696 3825 2732; x_wconf 87' lang='lat'>⁸</span> <span class='ocrx_word' id='word_1_464' title='bbox 3854 2715 3869 2759; x_wconf 90' lang='lat'><strong>:</strong></span> <span class='ocrx_word' id='word_1_465' title='bbox 3897 2699 3953 2758; x_wconf 88' lang='lat' dir='ltr'><strong>et</strong></span> 
     </span>
     <span class='ocr_line' id='line_1_70' title="bbox 2428 2802 3951 2886; baseline -0.001 -20"><span class='ocrx_word' id='word_1_466' title='bbox 2428 2820 2618 2866; x_wconf 90' lang='lat' dir='ltr'><strong>omne</strong></span> <span class='ocrx_word' id='word_1_467' title='bbox 2644 2804 2812 2886; x_wconf 90' lang='lat' dir='ltr'><strong>quod</strong></span> <span class='ocrx_word' id='word_1_468' title='bbox 2850 2808 3052 2886; x_wconf 81' lang='lat' dir='ltr'><strong>potest</strong></span> <span class='ocrx_word' id='word_1_469' title='bbox 3077 2822 3213 2868; x_wconf 89' lang='lat' dir='ltr'><strong>esse</strong></span> <span class='ocrx_word' id='word_1_470' title='bbox 3240 2821 3467 2868; x_wconf 90' lang='lat' dir='ltr'><strong>verum</strong></span> <span class='ocrx_word' id='word_1_471' title='bbox 3485 2852 3505 2883; x_wconf 90' lang='lat'><strong>,</strong></span> <span class='ocrx_word' id='word_1_472' title='bbox 3535 2808 3634 2868; x_wconf 88' lang='lat' dir='ltr'><strong>est</strong></span> <span class='ocrx_word' id='word_1_473' title='bbox 3663 2802 3951 2886; x_wconf 89' lang='lat' dir='ltr'><strong>simplici-</strong></span> 
     </span>
     <span class='ocr_line' id='line_1_71' title="bbox 2427 2911 3953 2993; baseline 0.001 -21"><span class='ocrx_word' id='word_1_474' title='bbox 2427 2914 2524 2973; x_wconf 88' lang='lat' dir='ltr'><strong>ter</strong></span> <span class='ocrx_word' id='word_1_475' title='bbox 2563 2911 2888 2992; x_wconf 89' lang='lat' dir='ltr'><strong>possibile,</strong></span> <span class='ocrx_word' id='word_1_476' title='bbox 2923 2915 2987 2975; x_wconf 91' lang='lat' dir='ltr'><strong>et</strong></span> <span class='ocrx_word' id='word_1_477' title='bbox 3021 2916 3116 2974; x_wconf 91' lang='lat' dir='ltr'><strong>est</strong></span> <span class='ocrx_word' id='word_1_478' title='bbox 3158 2911 3454 2993; x_wconf 89' lang='lat' dir='ltr'><strong>possibile</strong></span> <span class='ocrx_word' id='word_1_479' title='bbox 3489 2911 3704 2977; x_wconf 88' lang='lat' dir='ltr'><strong>solum</strong></span> <span class='ocrx_word' id='word_1_480' title='bbox 3742 2926 3953 2975; x_wconf 88' lang='lat' dir='ltr'><strong>secun-</strong></span> 
     </span>
     <span class='ocr_line' id='line_1_72' title="bbox 2428 3016 3614 3102; baseline 0.003 -23"><span class='ocrx_word' id='word_1_481' title='bbox 2428 3016 2583 3079; x_wconf 91' lang='lat' dir='ltr'><strong>dum</strong></span> <span class='ocrx_word' id='word_1_482' title='bbox 2609 3036 2829 3082; x_wconf 85' lang='lat' dir='ltr'><strong>causas</strong></span> <span class='ocrx_word' id='word_1_483' title='bbox 2852 3019 3255 3101; x_wconf 85' lang='lat' dir='ltr'><strong>superiores:</strong></span> <span class='ocrx_word' id='word_1_484' title='bbox 3281 3038 3464 3102; x_wconf 83' lang='lat' dir='ltr'><strong>ergo,</strong></span> <span class='ocrx_word' id='word_1_485' title='bbox 3493 3024 3614 3084; x_wconf 91' lang='lat' dir='ltr'><strong>etc.</strong></span> 
     </span>
    </p>
   </div>
   <div class='ocr_carea' id='block_1_11' title="bbox 2935 3258 3454 3326">
    <p class='ocr_par' dir='ltr' id='par_1_17' title="bbox 2935 3258 3454 3326">
     <span class='ocr_line' id='line_1_73' title="bbox 2935 3258 3454 3326; baseline 0.002 -3"><span class='ocrx_word' id='word_1_486' title='bbox 2935 3258 3454 3326; x_wconf 86' lang='lat' dir='ltr'><strong>CONGLUSIO.</strong></span> 
     </span>
    </p>
   </div>
   <div class='ocr_carea' id='block_1_12' title="bbox 2427 3430 3955 3684">
    <p class='ocr_par' dir='ltr' id='par_1_18' title="bbox 2427 3430 3955 3684">
     <span class='ocr_line' id='line_1_74' title="bbox 2427 3430 3955 3504; baseline 0 -17"><span class='ocrx_word' id='word_1_487' title='bbox 2427 3430 2689 3488; x_wconf 83' lang='lat' dir='ltr'><strong>Possibile</strong></span> <span class='ocrx_word' id='word_1_488' title='bbox 2741 3432 2943 3489; x_wconf 81' lang='lat' dir='ltr'><strong>dicitur</strong></span> <span class='ocrx_word' id='word_1_489' title='bbox 2995 3432 3221 3504; x_wconf 81' lang='lat' dir='ltr'><strong>aliquod</strong></span> <span class='ocrx_word' id='word_1_490' title='bbox 3269 3433 3629 3504; x_wconf 77' lang='lat' dir='ltr'><strong>simpliciter,</strong></span> <span class='ocrx_word' id='word_1_491' title='bbox 3686 3433 3955 3489; x_wconf 79' lang='lat' dir='ltr'><strong>secundum</strong></span> 
     </span>
     <span class='ocr_line' id='line_1_75' title="bbox 2494 3522 3953 3594; baseline -0.001 -16"><span class='ocrx_word' id='word_1_492' title='bbox 2494 3537 2680 3578; x_wconf 84' lang='lat' dir='ltr'><strong>causas</strong></span> <span class='ocrx_word' id='word_1_493' title='bbox 2703 3525 3025 3594; x_wconf 78' lang='lat' dir='ltr'><strong>superiores3</strong></span> <span class='ocrx_word' id='word_1_494' title='bbox 3051 3527 3103 3577; x_wconf 82' lang='lat' dir='ltr'><strong>et</strong></span> <span class='ocrx_word' id='word_1_495' title='bbox 3127 3522 3407 3579; x_wconf 80' lang='lat' dir='ltr'><strong>secundum</strong></span> <span class='ocrx_word' id='word_1_496' title='bbox 3429 3539 3622 3579; x_wconf 83' lang='lat' dir='ltr'><strong>causas</strong></span> <span class='ocrx_word' id='word_1_497' title='bbox 3648 3525 3953 3593; x_wconf 66' lang='lat' dir='ltr'><strong>inferiores,</strong></span> 
     </span>
     <span class='ocr_line' id='line_1_76' title="bbox 2494 3614 3222 3684; baseline -0.001 -18"><span class='ocrx_word' id='word_1_498' title='bbox 2494 3615 2706 3668; x_wconf 81' lang='lat' dir='ltr'><strong>ratione</strong></span> <span class='ocrx_word' id='word_1_499' title='bbox 2727 3616 2986 3684; x_wconf 65' lang='lat' dir='ltr'><strong>potentiae</strong></span> <span class='ocrx_word' id='word_1_500' title='bbox 3012 3614 3222 3668; x_wconf 81' lang='lat' dir='ltr'><strong>activae.</strong></span> 
     </span>
    </p>
   </div>
   <div class='ocr_carea' id='block_1_13' title="bbox 2418 3769 3956 5317">
    <p class='ocr_par' dir='ltr' id='par_1_19' title="bbox 2418 3769 3956 5317">
     <span class='ocr_line' id='line_1_77' title="bbox 2504 3769 3955 3853; baseline 0.001 -20"><span class='ocrx_word' id='word_1_501' title='bbox 2504 3769 2687 3853; x_wconf 87' lang='lat' dir='ltr'><strong>Resp.</strong></span> <span class='ocrx_word' id='word_1_502' title='bbox 2731 3771 2810 3835; x_wconf 90' lang='lat' dir='ltr'><strong>ad</strong></span> <span class='ocrx_word' id='word_1_503' title='bbox 2839 3771 2998 3852; x_wconf 81' lang='lat' dir='ltr'><strong>Arg.</strong></span> <span class='ocrx_word' id='word_1_504' title='bbox 3040 3770 3385 3835; x_wconf 90' lang='lat' dir='ltr'><strong>Dicendum</strong></span> <span class='ocrx_word' id='word_1_505' title='bbox 3423 3770 3595 3852; x_wconf 90' lang='lat' dir='ltr'><strong>quod</strong></span> <span class='ocrx_word' id='word_1_506' title='bbox 3634 3771 3805 3836; x_wconf 89' lang='lat' dir='ltr'><strong>circa</strong></span> <span class='ocrx_word' id='word_1_507' title='bbox 3841 3770 3955 3835; x_wconf 89' lang='lat' dir='ltr'><strong>hoc</strong></span> 
     </span>
     <span class='ocr_line' id='line_1_78' title="bbox 2421 3877 3956 3954; baseline 0.001 -14"><span class='ocrx_word' id='word_1_508' title='bbox 2421 3877 2682 3942; x_wconf 88' lang='lat' dir='ltr'><strong>fuerunt</strong></span> <span class='ocrx_word' id='word_1_509' title='bbox 2716 3879 2950 3943; x_wconf 87' lang='lat' dir='ltr'><strong>diversi</strong></span> <span class='ocrx_word' id='word_1_510' title='bbox 2979 3879 3150 3942; x_wconf 90' lang='lat' dir='ltr'><strong>modi</strong></span> <span class='ocrx_word' id='word_1_511' title='bbox 3183 3877 3451 3942; x_wconf 89' lang='lat' dir='ltr'><strong>dicendi.</strong></span> <span class='ocrx_word' id='word_1_512' title='bbox 3490 3877 3766 3954; x_wconf 87' lang='lat' dir='ltr'><strong>Quidam</strong></span> <span class='ocrx_word' id='word_1_513' title='bbox 3793 3879 3956 3942; x_wconf 88' lang='lat' dir='ltr'><strong>enim</strong></span> 
     </span>
     <span class='ocr_line' id='line_1_79' title="bbox 2423 3985 3956 4068; baseline -0.001 -18"><span class='ocrx_word' id='word_1_514' title='bbox 2423 3986 2724 4050; x_wconf 82' lang='lat' dir='ltr'><strong>dixerunt</strong></span> <span class='ocrx_word' id='word_1_515' title='bbox 2765 3986 2936 4066; x_wconf 91' lang='lat' dir='ltr'><strong>quod</strong></span> <span class='ocrx_word' id='word_1_516' title='bbox 2982 3985 3335 4049; x_wconf 88' lang='lat' dir='ltr'><strong>secundum</strong></span> <span class='ocrx_word' id='word_1_517' title='bbox 3382 3989 3692 4068; x_wconf 87' lang='lat' dir='ltr'><strong>utrasque</strong></span> <span class='ocrx_word' id='word_1_518' title='bbox 3743 4003 3956 4050; x_wconf 85' lang='lat' dir='ltr'><strong>causas</strong></span> 
     </span>
     <span class='ocr_line' id='line_1_80' title="bbox 2422 4091 3955 4175; baseline -0.001 -18"><span class='ocrx_word' id='word_1_519' title='bbox 2422 4093 2729 4175; x_wconf 88' lang='lat' dir='ltr'><strong>accipitur</strong></span> <span class='ocrx_word' id='word_1_520' title='bbox 2764 4092 3060 4174; x_wconf 81' lang='lat' dir='ltr'><strong>possibile</strong></span> <span class='ocrx_word' id='word_1_521' title='bbox 3088 4091 3473 4175; x_wconf 88' lang='lat' dir='ltr'><strong>simpliciter,</strong></span> <span class='ocrx_word' id='word_1_522' title='bbox 3506 4097 3571 4156; x_wconf 87' lang='lat' dir='ltr'><strong>et</strong></span> <span class='ocrx_word' id='word_1_523' title='bbox 3602 4094 3872 4157; x_wconf 83' lang='lat' dir='ltr'><strong>fundant</strong></span> <span class='ocrx_word' id='word_1_524' title='bbox 3895 4109 3955 4156; x_wconf 91' lang='lat' dir='ltr'><strong>se</strong></span> 
     </span>
     <span class='ocr_line' id='line_1_81' title="bbox 2421 4197 3954 4283; baseline 0.001 -19"><span class='ocrx_word' id='word_1_525' title='bbox 2421 4217 2612 4283; x_wconf 84' lang='lat' dir='ltr'><strong>super</strong></span> <span class='ocrx_word' id='word_1_526' title='bbox 2660 4198 2900 4263; x_wconf 75' lang='lat' dir='ltr'><strong>illud¹⁰2</strong></span> <span class='ocrx_word' id='word_1_527' title='bbox 2948 4197 3232 4265; x_wconf 80' lang='lat' dir='ltr'><strong>Stultum</strong></span> <span class='ocrx_word' id='word_1_528' title='bbox 3277 4201 3445 4264; x_wconf 80' lang='lat' dir='ltr'><strong>Deus</strong></span> <span class='ocrx_word' id='word_1_529' title='bbox 3496 4199 3655 4278; x_wconf 74' lang='lat' dir='ltr'><strong>fecit</strong></span> <span class='ocrx_word' id='word_1_530' title='bbox 3699 4202 3954 4282; x_wconf 76' lang='lat' dir='ltr'><strong>sapien-</strong></span> 
     </span>
     <span class='ocr_line' id='line_1_82' title="bbox 2422 4304 3956 4389; baseline -0.002 -16"><span class='ocrx_word' id='word_1_531' title='bbox 2422 4310 2618 4386; x_wconf 81' lang='lat' dir='ltr'><strong>tiam,</strong></span> <span class='ocrx_word' id='word_1_532' title='bbox 2655 4309 2774 4369; x_wconf 90' lang='lat' dir='ltr'><strong>etc.</strong></span> <span class='ocrx_word' id='word_1_533' title='bbox 2810 4304 3025 4367; x_wconf 85' lang='lat' dir='ltr'><strong>Glossa</strong></span> <span class='ocrx_word' id='word_1_534' title='bbox 3049 4306 3071 4338; x_wconf 72' lang='lat'>⁸</span> <span class='ocrx_word' id='word_1_535' title='bbox 3105 4326 3120 4367; x_wconf 78' lang='lat' dir='ltr'><strong><em>z</em></strong></span> <span class='ocrx_word' id='word_1_536' title='bbox 3162 4327 3192 4364; x_wconf 76' lang='grc' dir='ltr'>α</span> <span class='ocrx_word' id='word_1_537' title='bbox 3226 4304 3500 4368; x_wconf 81' lang='lat' dir='ltr'><strong>Stultam</strong></span> <span class='ocrx_word' id='word_1_538' title='bbox 3536 4307 3719 4382; x_wconf 81' lang='lat' dir='ltr'><strong>fecit,</strong></span> <span class='ocrx_word' id='word_1_539' title='bbox 3760 4307 3956 4389; x_wconf 88' lang='lat' dir='ltr'><strong>possi-</strong></span> 
     </span>
     <span class='ocr_line' id='line_1_83' title="bbox 2419 4412 3953 4497; baseline -0.001 -17"><span class='ocrx_word' id='word_1_540' title='bbox 2419 4417 2544 4480; x_wconf 90' lang='lat' dir='ltr'><strong>bile</strong></span> <span class='ocrx_word' id='word_1_541' title='bbox 2571 4412 2968 4491; x_wconf 80' lang='lat' dir='ltr'><strong>declarandO,</strong></span> <span class='ocrx_word' id='word_1_542' title='bbox 2999 4412 3174 4494; x_wconf 89' lang='lat' dir='ltr'><strong>quod</strong></span> <span class='ocrx_word' id='word_1_543' title='bbox 3205 4413 3339 4495; x_wconf 89' lang='lat' dir='ltr'><strong>ipse</strong></span> <span class='ocrx_word' id='word_1_544' title='bbox 3368 4413 3761 4496; x_wconf 87' lang='lat' dir='ltr'><strong>impossibile</strong></span> <span class='ocrx_word' id='word_1_545' title='bbox 3780 4415 3953 4497; x_wconf 87' lang='lat' dir='ltr'><strong>judi-</strong></span> 
     </span>
     <span class='ocr_line' id='line_1_84' title="bbox 2420 4519 3956 4604; baseline -0.001 -17"><span class='ocrx_word' id='word_1_546' title='bbox 2420 4528 2542 4602; x_wconf 86' lang='lat' dir='ltr'><strong>cat,</strong></span> <span class='ocrx_word' id='word_1_547' title='bbox 2569 4523 2721 4604; x_wconf 90' lang='lat' dir='ltr'><strong>quia</strong></span> <span class='ocrx_word' id='word_1_548' title='bbox 2745 4520 3038 4603; x_wconf 91' lang='lat' dir='ltr'><strong>possibile</strong></span> <span class='ocrx_word' id='word_1_549' title='bbox 3063 4519 3215 4584; x_wconf 89' lang='lat' dir='ltr'><strong>dicit</strong></span> <span class='ocrx_word' id='word_1_550' title='bbox 3238 4538 3583 4584; x_wconf 88' lang='lat' dir='ltr'><strong>commune</strong></span> <span class='ocrx_word' id='word_1_551' title='bbox 3606 4522 3693 4586; x_wconf 88' lang='lat' dir='ltr'><strong>ad</strong></span> <span class='ocrx_word' id='word_1_552' title='bbox 3717 4527 3956 4586; x_wconf 84' lang='lat' dir='ltr'><strong>utram-</strong></span> 
     </span>
     <span class='ocr_line' id='line_1_85' title="bbox 2421 4626 3956 4712; baseline 0 -20"><span class='ocrx_word' id='word_1_553' title='bbox 2421 4647 2567 4712; x_wconf 89' lang='lat' dir='ltr'><strong>que.</strong></span> <span class='ocrx_word' id='word_1_554' title='bbox 2599 4653 2630 4688; x_wconf 87' lang='lat'>»</span> <span class='ocrx_word' id='word_1_555' title='bbox 2647 4627 2887 4692; x_wconf 90' lang='lat' dir='ltr'><strong>Tamen</strong></span> <span class='ocrx_word' id='word_1_556' title='bbox 2908 4626 3068 4690; x_wconf 90' lang='lat' dir='ltr'><strong>illud</strong></span> <span class='ocrx_word' id='word_1_557' title='bbox 3087 4644 3218 4690; x_wconf 91' lang='lat' dir='ltr'><strong>non</strong></span> <span class='ocrx_word' id='word_1_558' title='bbox 3235 4626 3487 4692; x_wconf 87' lang='lat' dir='ltr'><strong>videtur</strong></span> <span class='ocrx_word' id='word_1_559' title='bbox 3508 4631 3956 4695; x_wconf 88' lang='lat' dir='ltr'><strong>convenienter</strong></span> 
     </span>
     <span class='ocr_line' id='line_1_86' title="bbox 2420 4734 3956 4820; baseline 0.001 -21"><span class='ocrx_word' id='word_1_560' title='bbox 2420 4753 2600 4818; x_wconf 89' lang='lat' dir='ltr'><strong>posse</strong></span> <span class='ocrx_word' id='word_1_561' title='bbox 2624 4740 2789 4799; x_wconf 85' lang='lat' dir='ltr'><strong>stare</strong></span> <span class='ocrx_word' id='word_1_562' title='bbox 2807 4783 2825 4813; x_wconf 89' lang='lat'><strong>,</strong></span> <span class='ocrx_word' id='word_1_563' title='bbox 2856 4751 3004 4797; x_wconf 91' lang='lat' dir='ltr'><strong>cum</strong></span> <span class='ocrx_word' id='word_1_564' title='bbox 3032 4751 3164 4798; x_wconf 91' lang='lat' dir='ltr'><strong>non</strong></span> <span class='ocrx_word' id='word_1_565' title='bbox 3190 4734 3582 4814; x_wconf 85' lang='lat' dir='ltr'><strong>admittatur,</strong></span> <span class='ocrx_word' id='word_1_566' title='bbox 3613 4738 3789 4818; x_wconf 87' lang='lat' dir='ltr'><strong>quod</strong></span> <span class='ocrx_word' id='word_1_567' title='bbox 3816 4755 3956 4820; x_wconf 89' lang='lat' dir='ltr'><strong>pos-</strong></span> 
     </span>
     <span class='ocr_line' id='line_1_87' title="bbox 2419 4841 3948 4925; baseline 0.001 -19"><span class='ocrx_word' id='word_1_568' title='bbox 2419 4843 2599 4907; x_wconf 88' lang='lat' dir='ltr'><strong>sibile</strong></span> <span class='ocrx_word' id='word_1_569' title='bbox 2626 4841 2993 4925; x_wconf 89' lang='lat' dir='ltr'><strong>simpliciter</strong></span> <span class='ocrx_word' id='word_1_570' title='bbox 3017 4842 3096 4903; x_wconf 89' lang='lat' dir='ltr'><strong>sit</strong></span> <span class='ocrx_word' id='word_1_571' title='bbox 3122 4841 3201 4905; x_wconf 94' lang='lat' dir='ltr'><strong>de</strong></span> <span class='ocrx_word' id='word_1_572' title='bbox 3235 4860 3403 4905; x_wconf 81' lang='lat' dir='ltr'><strong>caeco</strong></span> <span class='ocrx_word' id='word_1_573' title='bbox 3430 4843 3569 4906; x_wconf 82' lang='lat' dir='ltr'><strong>fieri</strong></span> <span class='ocrx_word' id='word_1_574' title='bbox 3596 4844 3917 4908; x_wconf 84' lang='lat' dir='ltr'><strong>videntem</strong></span> <span class='ocrx_word' id='word_1_575' title='bbox 3933 4890 3948 4921; x_wconf 88' lang='lat'>‚</span> 
     </span>
     <span class='ocr_line' id='line_1_88' title="bbox 2419 4948 3951 5031; baseline 0.001 -20"><span class='ocrx_word' id='word_1_576' title='bbox 2419 4950 2549 5013; x_wconf 89' lang='lat' dir='ltr'><strong>imo</strong></span> <span class='ocrx_word' id='word_1_577' title='bbox 2592 4949 2824 5014; x_wconf 84' lang='lat' dir='ltr'><strong>dicitur</strong></span> <span class='ocrx_word' id='word_1_578' title='bbox 2867 4948 3253 5030; x_wconf 85' lang='lat' dir='ltr'><strong>impossibile</strong></span> <span class='ocrx_word' id='word_1_579' title='bbox 3300 4967 3317 5011; x_wconf 90' lang='lat'>:</span> <span class='ocrx_word' id='word_1_580' title='bbox 3362 4967 3518 5031; x_wconf 82' lang='lat' dir='ltr'><strong>ergo</strong></span> <span class='ocrx_word' id='word_1_581' title='bbox 3560 4950 3760 5016; x_wconf 89' lang='lat' dir='ltr'><strong>simul</strong></span> <span class='ocrx_word' id='word_1_582' title='bbox 3803 4954 3951 5015; x_wconf 86' lang='lat' dir='ltr'><strong>esset</strong></span> 
     </span>
     <span class='ocr_line' id='line_1_89' title="bbox 2419 5107 3946 5175; baseline 0.001 -15"><span class='ocrx_word' id='word_1_583' title='bbox 2419 5111 2439 5160; x_wconf 93' lang='lat' dir='ltr'><strong>l</strong></span> <span class='ocrx_word' id='word_1_584' title='bbox 2463 5110 2621 5167; x_wconf 68' lang='lat' dir='ltr'><strong>Sent„</strong></span> <span class='ocrx_word' id='word_1_585' title='bbox 2645 5108 2762 5158; x_wconf 89' lang='lat' dir='ltr'><strong>dist.</strong></span> <span class='ocrx_word' id='word_1_586' title='bbox 2782 5119 2910 5171; x_wconf 73' lang='grc' dir='ltr'><strong>ηπ,</strong></span> <span class='ocrx_word' id='word_1_587' title='bbox 2941 5121 2992 5171; x_wconf 90' lang='lat' dir='ltr'><strong>q.</strong></span> <span class='ocrx_word' id='word_1_588' title='bbox 3013 5117 3120 5170; x_wconf 79' lang='lat' dir='ltr'>v113</span> <span class='ocrx_word' id='word_1_589' title='bbox 3152 5108 3326 5172; x_wconf 89' lang='lat' dir='ltr'><strong>Steph.</strong></span> <span class='ocrx_word' id='word_1_590' title='bbox 3352 5107 3562 5173; x_wconf 83' lang='lat' dir='ltr'><strong>Brulef.‚</strong></span> <span class='ocrx_word' id='word_1_591' title='bbox 3598 5113 3617 5161; x_wconf 86' lang='grc' dir='ltr'>Ι</span> <span class='ocrx_word' id='word_1_592' title='bbox 3649 5110 3812 5175; x_wconf 65' lang='lat' dir='ltr'><strong>Seni„</strong></span> <span class='ocrx_word' id='word_1_593' title='bbox 3838 5111 3946 5161; x_wconf 88' lang='lat' dir='ltr'><strong>dist.</strong></span> 
     </span>
     <span class='ocr_line' id='line_1_90' title="bbox 2418 5179 3945 5246; baseline 0 -14"><span class='ocrx_word' id='word_1_594' title='bbox 2418 5192 2549 5244; x_wconf 73' lang='lat' dir='ltr'><strong>nn,</strong></span> <span class='ocrx_word' id='word_1_595' title='bbox 2571 5194 2624 5244; x_wconf 90' lang='lat' dir='ltr'><strong>q.</strong></span> <span class='ocrx_word' id='word_1_596' title='bbox 2646 5191 2724 5243; x_wconf 82' lang='lat' dir='ltr'><strong>1v3</strong></span> <span class='ocrx_word' id='word_1_597' title='bbox 2750 5180 2929 5228; x_wconf 85' lang='lat' dir='ltr'><strong>Petrus</strong></span> <span class='ocrx_word' id='word_1_598' title='bbox 2948 5179 3011 5229; x_wconf 92' lang='lat' dir='ltr'><strong>de</strong></span> <span class='ocrx_word' id='word_1_599' title='bbox 3034 5181 3259 5243; x_wconf 65' lang='lat' dir='ltr'><strong>Terent„</strong></span> <span class='ocrx_word' id='word_1_600' title='bbox 3288 5181 3303 5229; x_wconf 86' lang='grc' dir='ltr'>Ι</span> <span class='ocrx_word' id='word_1_601' title='bbox 3332 5180 3492 5244; x_wconf 66' lang='lat' dir='ltr'><strong>Seni„</strong></span> <span class='ocrx_word' id='word_1_602' title='bbox 3515 5181 3633 5232; x_wconf 80' lang='lat' dir='ltr'><strong>dist.</strong></span> <span class='ocrx_word' id='word_1_603' title='bbox 3650 5194 3784 5244; x_wconf 75' lang='lat' dir='ltr'><strong>XLn,</strong></span> <span class='ocrx_word' id='word_1_604' title='bbox 3806 5197 3854 5246; x_wconf 89' lang='lat' dir='ltr'><strong>q.</strong></span> <span class='ocrx_word' id='word_1_605' title='bbox 3876 5193 3945 5233; x_wconf 77' lang='lat'><strong>11.</strong></span> 
     </span>
     <span class='ocr_line' id='line_1_91' title="bbox 2421 5250 3947 5317; baseline 0.003 -17"><span class='ocrx_word' id='word_1_606' title='bbox 2421 5280 2476 5290; x_wconf 93' lang='lat'>-</span> <span class='ocrx_word' id='word_1_607' title='bbox 2507 5252 2683 5312; x_wconf 52' lang='grc' dir='ltr'><strong>Μυκη,</strong></span> <span class='ocrx_word' id='word_1_608' title='bbox 2708 5262 2755 5315; x_wconf 88' lang='lat'><strong>1,</strong></span> <span class='ocrx_word' id='word_1_609' title='bbox 2785 5253 2928 5299; x_wconf 76' lang='lat'><strong>37.—</strong></span> <span class='ocrx_word' id='word_1_610' title='bbox 2956 5250 2978 5284; x_wconf 78' lang='lat'>³</span> <span class='ocrx_word' id='word_1_611' title='bbox 3016 5252 3187 5317; x_wconf 56' lang='lat' dir='ltr'><strong>Arist,</strong></span> <span class='ocrx_word' id='word_1_612' title='bbox 3224 5250 3284 5301; x_wconf 85' lang='lat' dir='ltr'><strong>de</strong></span> <span class='ocrx_word' id='word_1_613' title='bbox 3320 5252 3606 5317; x_wconf 67' lang='lat' dir='ltr'><strong>Inter-pret„</strong></span> <span class='ocrx_word' id='word_1_614' title='bbox 3652 5254 3745 5304; x_wconf 87' lang='lat' dir='ltr'><strong>lib.</strong></span> <span class='ocrx_word' id='word_1_615' title='bbox 3792 5254 3852 5304; x_wconf 91' lang='grc' dir='ltr'><strong>ΙΙ.</strong></span> <span class='ocrx_word' id='word_1_616' title='bbox 3891 5277 3947 5291; x_wconf 92' lang='grc'>-</span> 
     </span>
    </p>
   </div>
   <div class='ocr_carea' id='block_1_14' title="bbox 2418 5321 3939 5460">
    <p class='ocr_par' dir='ltr' id='par_1_20' title="bbox 2418 5321 3939 5460">
     <span class='ocr_line' id='line_1_92' title="bbox 2419 5321 3939 5390; baseline 0.001 -17"><span class='ocrx_word' id='word_1_617' title='bbox 2419 5324 2479 5373; x_wconf 73' lang='lat'><strong>⁸1</strong></span> <span class='ocrx_word' id='word_1_618' title='bbox 2511 5323 2648 5385; x_wconf 70' lang='lat' dir='ltr'><strong>Cor„</strong></span> <span class='ocrx_word' id='word_1_619' title='bbox 2685 5333 2739 5382; x_wconf 91' lang='lat'><strong>1,</strong></span> <span class='ocrx_word' id='word_1_620' title='bbox 2766 5325 2845 5373; x_wconf 78' lang='lat'><strong>20.</strong></span> <span class='ocrx_word' id='word_1_621' title='bbox 2873 5346 2937 5359; x_wconf 92' lang='lat'><strong>—</strong></span> <span class='ocrx_word' id='word_1_622' title='bbox 2967 5321 2989 5356; x_wconf 81' lang='lat'>⁸</span> <span class='ocrx_word' id='word_1_623' title='bbox 3029 5324 3102 5373; x_wconf 85' lang='lat' dir='ltr'><strong>Ex</strong></span> <span class='ocrx_word' id='word_1_624' title='bbox 3129 5323 3389 5385; x_wconf 69' lang='lat' dir='ltr'><strong>Ambros„</strong></span> <span class='ocrx_word' id='word_1_625' title='bbox 3431 5323 3518 5375; x_wconf 74' lang='lat' dir='ltr'><strong>vel</strong></span> <span class='ocrx_word' id='word_1_626' title='bbox 3546 5324 3723 5390; x_wconf 84' lang='lat' dir='ltr'><strong>potius</strong></span> <span class='ocrx_word' id='word_1_627' title='bbox 3758 5326 3939 5378; x_wconf 70' lang='lat' dir='ltr'><strong>Eue-eh.</strong></span> 
     </span>
     <span class='ocr_line' id='line_1_93' title="bbox 2418 5394 3090 5460; baseline -0.001 -13"><span class='ocrx_word' id='word_1_628' title='bbox 2418 5396 2695 5460; x_wconf 64' lang='lat' dir='ltr'><strong>Emesam,</strong></span> <span class='ocrx_word' id='word_1_629' title='bbox 2720 5408 2831 5459; x_wconf 73' lang='lat' dir='ltr'><strong>sup.</strong></span> <span class='ocrx_word' id='word_1_630' title='bbox 2852 5394 2959 5445; x_wconf 75' lang='lat' dir='ltr'><strong>lad</strong></span> <span class='ocrx_word' id='word_1_631' title='bbox 2975 5394 3090 5446; x_wconf 82' lang='lat' dir='ltr'><strong>Cor.</strong></span> 
     </span>
    </p>
   </div>
  </div>
 </body>
</html>
