4125 6225
719 422 840 485 498

716 553 824 616 illa
851 552 1032 616 finita
1059 554 1152 614 est
1167 599 1185 627 ,
1215 566 1468 614 necesse
1497 547 1696 612 estad
1732 546 1853 611 hoc
1881 547 2053 630 quod
2080 566 2252 612 unus

714 658 984 741 angelus
1021 657 1404 743 intellectum
1439 655 1698 721 alterius
1726 654 1941 737 angeli
1979 655 2250 737 loquen-

713 767 795 832 do
812 816 828 845 ‚
858 766 978 830 hoc
1005 771 1100 830 est
1128 764 1301 829 illam
1329 764 1602 847 speciem
1627 763 2059 846 protendendo
2080 813 2097 842 ,
2128 782 2249 828 ex-

711 877 892 952 citet,
922 874 1094 958 quod
1130 874 1310 938 finita
1353 871 1648 937 distantia
1674 872 1753 936 ad
1796 871 2077 938 invicem
2118 871 2244 935 dis-

708 986 865 1048 tent.
896 981 994 1045 Ex
1017 981 1118 1045 his
1165 981 1365 1063 igitur
1398 983 1570 1064 patet
1594 979 1767 1062 quod
1817 997 1950 1042 non
1996 983 2246 1043 tantum

706 1090 956 1155 differat
975 1089 1045 1152 in
1064 1087 1295 1171 angelo
1320 1087 1576 1167 locutio,
1605 1091 1667 1150 et
1685 1086 2008 1166 cogitatio,
2033 1104 2244 1167 quan-

706 1200 848 1262 tum
883 1197 1092 1261 differt
1115 1196 1185 1260 in
1211 1195 1508 1274 homine;
1542 1192 1756 1257 differt
1780 1197 1999 1257 tamen
2024 1193 2242 1275 aliquo

705 1305 915 1370 modo.
938 1303 1085 1368 Ideo
1113 1302 1388 1367 rationes
1413 1300 1690 1366 inductae
1706 1300 1787 1365 ad
1806 1300 1973 1364 hanc
1991 1304 2239 1383 partem

704 1410 1121 1477 concedendae
1148 1412 1323 1475 sunt.

780 1528 842 1586 1.
888 1517 987 1582 Ad
1026 1517 1182 1581 illud
1221 1516 1393 1599 quod
1429 1514 1727 1599 objicitur
1767 1514 1846 1578 de
1890 1513 2233 1595 Gregorio,

699 1627 1039 1695 dicendum
1063 1625 1236 1708 quod
1259 1623 1607 1706 Gregorius
1643 1622 1929 1705 loquitur
1950 1621 2027 1685 de
2052 1622 2237 1687 locu-

698 1736 867 1801 tione
885 1734 1097 1817 angeli
1120 1734 1189 1797 in
1211 1751 1349 1797 com
1357 1731 1678 1815 paratione
1697 1728 1775 1793 ad
1802 1728 2029 1806 Deum,
2063 1728 2236 1811 apud

696 1860 891 1925 quem
929 1840 1105 1923 loqui
1149 1841 1428 1924 cogitare
1463 1840 1592 1919 est,
1629 1838 1784 1920 quia
1828 1856 2052 1902 aurem
2094 1838 2238 1919 eJus

698 1950 859 2014 nihil
880 1951 1051 2014 latet.

775 2062 836 2122 2.
867 2058 966 2122 Ad
992 2057 1152 2121 illud
1173 2055 1344 2138 quod
1371 2053 1669 2136 objicitur
1698 2053 1776 2117 de
1807 2053 2193 2119 Damasceno
2211 2102 2230 2135 ,

693 2166 1034 2231 dicendum
1065 2163 1237 2247 quod
1262 2163 1562 2246 quamvis
1588 2162 1821 2226 locutio
1853 2162 2070 2244 angeli
2099 2181 2231 2229 non

690 2273 939 2340 differat
963 2292 1002 2337 a
1031 2271 1412 2353 cogitatione
1436 2274 1691 2353 propter
1711 2269 1834 2333 hoc
1861 2270 2033 2352 quod
2061 2270 2231 2335 ultra

692 2385 1142 2467 cogitationem
1171 2382 1337 2446 dicat
1363 2399 1587 2445 vocem
1615 2381 2009 2459 sensibilem3
2053 2382 2230 2447 nihi-

687 2493 968 2558 lominus
993 2496 1210 2554 tamen
1235 2506 1364 2552 non
1392 2491 1488 2551 est
1513 2487 1776 2551 omnino
1819 2488 2187 2552 indifferens
2207 2535 2224 2565 ,

689 2600 843 2684 quia
868 2599 983 2663 etsi
1006 2615 1136 2661 non
1163 2595 1351 2660 addat
1383 2595 1550 2658 ultra
1575 2579 2025 2674 cogitationem
2055 2599 2227 2660 exte·

685 2705 824 2771 rius
850 2703 1146 2785 signum,
1176 2700 1349 2765 addit
1374 2704 1587 2763 tamen
1613 2699 1979 2763 ulteriorem
2008 2705 2224 2765 actum

684 2812 873 2891 atque
920 2808 1278 2889 respectum
1296 2851 1315 2883 ,
1373 2801 1615 2866 ratione
1660 2804 1851 2884 quus
1896 2804 2226 2868 concernit

670 2915 1043 2981 distantiam
1070 2912 1319 2977 finitam
1343 2960 1362 2990 ,
1393 2911 1691 2993 quamvis
1717 2911 2019 2993 cogitatio
2046 2916 2111 2976 et
2128 2912 2225 2975 in-

564 3050 569 3055 ·
680 3022 967 3087 tellectus
990 3021 1072 3085 ab
1099 3019 1281 3084 omni
1306 3018 1605 3083 distantia
1631 3018 1976 3083 abstrahat.

762 3135 821 3196 3.
851 3130 949 3195 Ad
974 3129 1135 3193 illud
1176 3127 1348 3211 quod
1392 3127 1689 3209 objicitur
1729 3127 1806 3191 de
1853 3128 2216 3193 manifesta-

678 3239 848 3305 tione
875 3237 1036 3301 lucis
1066 3239 1130 3300 et
1170 3234 1445 3318 speculi,
1481 3233 1820 3298 dicendum
1863 3237 2034 3318 quod
2085 3255 2220 3300 non

678 3350 775 3411 est
801 3345 1006 3409 simile
1023 3393 1041 3424 ,
1072 3343 1226 3426 quia
1247 3342 1409 3407 lucis
1451 3340 1553 3405 vel
1583 3341 1819 3423 speculi
1850 3343 2217 3408 manifesta-

675 3454 766 3518 tio
783 3456 878 3517 est
914 3449 1223 3515 naturalis
1240 3470 1258 3527 ;
1289 3447 1463 3513 unde
1482 3466 1599 3513 nec
1614 3447 1732 3512 lux
1753 3452 1953 3531 potest
1970 3451 2209 3529 lucere,

676 3578 794 3626 nec
819 3558 1149 3641 speculum
1177 3556 1493 3638 suscipere
1512 3603 1531 3634 ,
1563 3555 1728 3637 quin
1756 3557 1949 3620 etiam
1975 3577 2042 3621 se
2071 3575 2213 3623 ma-

675 3666 974 3731 nitestent
1004 3684 1021 3728 ε
1062 3663 1172 3727 sed
1195 3681 1329 3726 non
1367 3661 1456 3725 sic
1482 3664 1577 3725 est
1603 3660 1680 3725 de
1715 3662 2006 3743 angelica
2032 3666 2210 3746 cogi-

675 3772 915 3838 tatione
936 3821 954 3852 ,
984 3773 1170 3854 cujus
1215 3767 1636 3833 manifestatio
1676 3772 1773 3832 est
1815 3770 2209 3852 voluntaria,

674 3882 840 3946 sicut
874 3880 1025 3945 dicit
1061 3878 1465 3960 Augustinus
1490 3883 1535 3954 ¹,
1569 3892 1762 3960 super
1791 3878 2082 3946 Genesim
2123 3880 2212 3947 ad

673 3990 947 4057 literam.
999 3987 1127 4071 Ipsi
1173 3985 1386 4067 angeli
1431 3983 1848 4066 cogitationes
1899 4006 2082 4065 suas,
2132 3988 2214 4052 ad

674 4103 908 4163 nutum
954 4094 1327 4170 voluntatiS,
1371 4092 1563 4156 modo
1612 4092 1963 4174 occultant,
2021 4095 2212 4160 modo

674 4204 1180 4280 communicant,
1203 4197 1587 4284 quibusdam
1614 4199 2046 4282 spiritualibus
2071 4203 2215 4267 obs·

672 4312 899 4378 taculis
939 4310 1156 4396 positis
1182 4307 1285 4376 vel
1317 4305 1606 4386 remotis,
1638 4307 1803 4373 sicut
1833 4309 2212 4376 sensibiliter

672 4420 969 4487 videmus
995 4418 1163 4482 circa
1193 4432 1480 4498 corpora.
1796 4491 1803 4498 .

749 4532 812 4591 4.
867 4527 967 4591 Ad
1026 4523 1185 4590 illud
1229 4524 1401 4607 quod
1450 4523 1768 4607 objicitur,
1822 4526 1996 4608 quod
2043 4526 2208 4592 nihil

670 4633 839 4699 aliud
863 4637 957 4698 est
972 4631 1148 4716 loqui
1167 4648 1365 4714 quam
1378 4630 1593 4696 -dicere
1610 4651 1629 4712 ;
1654 4632 1991 4697 dicendum
2005 4633 2202 4716 quod,

667 4741 835 4806 sicut
867 4740 1047 4824 loqui
1084 4744 1180 4804 est
1204 4737 1563 4821 dupliciter,
1591 4739 1663 4801 in
1694 4757 1762 4803 se
1780 4788 1799 4818 ,
1845 4744 1912 4803 et
1936 4739 2016 4803 ad
2043 4740 2206 4805 alte-

667 4867 849 4928 rum,
876 4849 965 4913 sic
990 4849 1182 4913 etiam
1209 4852 1272 4912 et
1301 4847 1507 4912 dicere
1539 4868 1552 4909 :
1589 4850 1655 4911 et
1683 4848 1978 4930 quamvis
1998 4848 2206 4913 dicere

665 4957 738 5022 in
764 4977 832 5022 se
873 4957 1042 5022 idem
1072 4958 1153 5021 sit
1182 4955 1352 5039 quod
1382 4956 1698 5038 cogitare,
1732 4957 1837 5020 vel
1862 4957 2200 5039 cogitando

662 5066 1041 5150 intelligere,
1068 5071 1286 5130 tamen
1313 5065 1521 5130 dicere
1547 5064 1628 5129 ad
1649 5064 1922 5130 alterum
1941 5066 2203 5134 ulterio-

662 5191 802 5241 rem
832 5174 1024 5240 habet
1052 5181 1291 5239 actum.

742 5285 805 5347 δ.
836 5283 936 5349 Ad
956 5282 1115 5348 illud
1143 5282 1315 5365 quod
1340 5280 1658 5364 objicitur,
1679 5280 1853 5363 quod
1879 5280 1932 5343 si
1955 5280 2192 5349 locutio

726 5411 746 5443 ¹
767 5411 918 5473 Aug„
936 5408 998 5458 de
1018 5409 1139 5458 Gen.
1162 5407 1232 5457 ad
1251 5406 1378 5466 litt„
1403 5406 1492 5456 lib.
1514 5406 1625 5471 xn,
1652 5420 1698 5456 c.
1722 5416 1856 5471 xxu,
1883 5419 1937 5456 n.
1959 5410 2037 5458 48.

1832 410 2456 522 SENTENTIARUqa
2493 413 2641 483 LIB.
2690 415 2769 480 11.

2359 549 2530 614 addit
2550 550 2787 634 aliquid
2812 569 3008 635 supra
3034 553 3507 635 cogitationem,
3531 557 3708 638 quod
3733 561 3889 621 tunc

2359 675 2493 722 non
2521 658 2750 740 poterit
2784 660 3055 742 angelus
3086 661 3403 726 inferioris
3429 663 3673 727 ordinis
3716 665 3895 748 loqui

2358 764 2440 828 ad
2489 767 2794 846 angelum
2843 768 3221 850 superioris;
3277 770 3617 837 dicendum
3634 819 3655 850 ,
3721 773 3896 855 quod

2356 891 2586 939 verum
2609 878 2734 953 est,
2765 875 2820 937 si
2846 875 3021 958 loqui
3045 876 3301 941 adderet
3328 878 3735 944 influentiam
3772 899 3895 944 ve-

2357 989 2496 1034 ram
2534 971 2605 1034 in
2629 972 2903 1037 alterum
2936 995 2950 1037 :
2986 975 3094 1038 sed
3131 981 3308 1040 actus
3335 977 3670 1042 locutionis
3697 998 3898 1060 supe-

2353 1079 2636 1143 radditus
2696 1081 2867 1144 actui
2929 1082 3327 1162 cogitationis
3377 1103 3506 1181 non
3563 1085 3716 1148 dicit
3765 1086 3896 1149 nisi

2352 1187 2700 1268 quamdam
2730 1190 2960 1272 speciei
2986 1193 3452 1272 protensionem
3481 1192 3562 1254 ad
3588 1192 3891 1274 alterum,

2349 1314 2498 1378 quae
2524 1297 2786 1380 quidem
2811 1298 3134 1382 protensio
3168 1319 3299 1365 non
3336 1306 3430 1365 est
3458 1301 3632 1366 illius
3657 1304 3892 1385 speciei

2350 1402 2754 1487 impressiva,
2784 1406 2890 1470 sed
2916 1408 3127 1490 potius
3153 1408 3493 1472 excitativa
3532 1407 3894 1474 intellectus

2347 1512 2694 1593 audientia,
2744 1517 2818 1578 ut
2860 1515 3118 1598 propria
3159 1516 3399 1581 virtute
3448 1517 3782 1600 suscipiat,
3825 1522 3916 1582 et·
3987 1534 3998 1545 ·

2348 1617 2416 1682 in
2440 1619 2646 1701 seipso
2685 1620 2892 1685 faciat.
2941 1620 3120 1687 Unde
3158 1624 3394 1688 locutio
3440 1643 3523 1689 ex
3561 1631 3744 1707 parte
3786 1626 3890 1690 lo-

2345 1729 2596 1808 quentis
2613 1747 2744 1793 non
2768 1732 2946 1813 ponit
2961 1732 3083 1795 nisi
3110 1733 3557 1797 excitationem
3582 1735 3885 1812 activam,

2344 1850 2428 1896 ex
2447 1837 2623 1915 parte
2641 1836 2955 1901 audientis
2970 1857 3105 1903 non
3123 1840 3249 1903 nisi
3271 1841 3722 1906 excitationem
3749 1862 3887 1925 pas-

2344 1940 2571 2005 sivam.
2600 1942 2696 2007 Ex
2723 1943 2845 2008 hoc
2867 1949 3039 2027 patet
3064 1947 3218 2029 quid
3248 1948 3330 2011 sit
3356 1949 3618 2013 auditus
3643 1949 3883 2030 angeli,

2341 2049 2405 2111 et
2427 2051 2747 2130 quomodo
2772 2052 3022 2117 differat
3049 2055 3272 2120 audire
3319 2059 3383 2120 et
3422 2056 3680 2136 videre3
3729 2075 3882 2120 nam

2340 2157 2473 2217 tam
2494 2157 2745 2235 audire,
2773 2177 2972 2242 quam
2993 2161 3210 2227 videre
3231 2211 3247 2240 ,
3277 2166 3376 2226 est
3405 2163 3476 2225 in
3513 2163 3749 2244 angelo
3779 2164 3882 2227 in-

2337 2260 2622 2342 telligere
2656 2287 2669 2327 :
2716 2266 2823 2329 sed
2861 2272 3016 2331 tunc
3057 2268 3264 2349 videt,
3307 2287 3456 2334 cum
3488 2288 3574 2334 ex
3617 2272 3877 2353 proprio

2339 2374 2520 2433 motu
2542 2370 2838 2454 intelligit
2865 2374 3143 2457 aliquid3
3176 2381 3331 2440 tunc
3372 2377 3588 2457 audit,
3620 2378 3876 2459 quando

2336 2494 2452 2558 per
2477 2477 2860 2544 oblationem
2909 2482 3139 2564 speciei
3181 2482 3598 2564 intelligibilis
3622 2485 3706 2547 ab
3750 2484 3874 2548 alio

2337 2584 2728 2668 intelligente
2766 2589 3104 2669 excitatuS,
3136 2590 3347 2672 ipsum
3370 2590 3594 2671 ,quod
3625 2592 3873 2672 profer-

2333 2694 2462 2772 tur,
2508 2693 2833 2776 intelligit;
2875 2700 2938 2759 et
2980 2696 3068 2760 sic
3112 2698 3413 2780 competit
3460 2699 3691 2779 angelo
3733 2719 3867 2764 non

2330 2798 2539 2863 solum
2582 2806 2871 2884 respectu
2914 2803 3294 2886 superioriS,
3347 2804 3458 2869 sed
3501 2807 3693 2869 etiam
3728 2825 3866 2871 1·ae-

2326 2915 2518 2992 pectu
2547 2912 2719 2994 paris
2741 2912 2845 2977 vel
2873 2912 3226 2991 inferioris,
3258 2912 3412 2994 quia
3434 2913 3526 2976 sic
3550 2914 3730 2978 audit
3754 2934 3866 2979 su-

2327 3033 2589 3100 premus
2614 3018 2887 3101 angelus
2917 3019 2998 3082 ab
3040 3019 3296 3096 infimo,
3345 3019 3513 3084 sicut
3558 3023 3864 3103 magister

2325 3126 2547 3196 audire
2585 3131 2789 3210 potest
2815 3147 2856 3192 a
2890 3127 3202 3210 discipulo
3224 3176 3242 3207 ,
3289 3145 3422 3192 non
3461 3128 3617 3210 quia
3660 3130 3742 3193 ab
3787 3148 3861 3195 eo

2323 3234 2621 3317 suscipiat
2671 3235 3022 3299 doctrinam
3039 3282 3056 3311 ,
3103 3236 3238 3300 sive
3281 3235 3820 3302 illuminationem
3837 3285 3860 3317 ,

2321 3341 2433 3405 sed
2457 3341 2611 3425 quia
2647 3342 2880 3406 melius
2906 3342 3228 3425 cognoscit
3252 3344 3391 3425 ejus
3415 3342 3702 3409 defectus
3742 3363 3854 3428 per

2321 3447 2423 3512 sui
2449 3447 2650 3530 ipsius
2665 3448 3101 3514 defectionem.

2401 3559 2441 3618 6
2467 3560 2530 3620 et
2561 3560 2622 3620 7.
2665 3556 2765 3621 Ad
2807 3555 2968 3622 illud
3006 3557 3179 3641 quod
3223 3555 3551 3640 objicitur,
3590 3558 3765 3640 quod
3807 3559 3859 3622 si

2318 3663 2556 3729 locutio
2582 3665 2791 3729 differt
2814 3685 2855 3730 a
2873 3665 3287 3748 cogitatione,
3312 3664 3484 3746 quod
3513 3670 3716 3732 nutus
3740 3666 3858 3731 dif-

2319 3771 2440 3836 fert
2488 3791 2530 3836 a
2588 3772 2832 3855 specie3
2889 3773 3230 3838 dicendum
3278 3772 3450 3855 quod
3511 3773 3677 3838 illud
3730 3792 3859 3840 non

2319 3885 2566 3961 oportet
2614 3880 2785 3963 quod
2822 3880 3071 3944 differat
3118 3899 3224 3956 re,
3266 3880 3375 3944 sed
3420 3881 3659 3945 sufficit
3690 3882 3857 3965 quod

2320 3988 2567 4053 differat
2605 3990 3095 4071 comparatione.
3137 3987 3372 4053 Eadem
3415 3989 3589 4055 enim
3622 3990 3858 4072 species

2318 4102 2446 4173 est,
2476 4115 2627 4180 quae
2653 4097 3084 4161 consideratur
3114 4097 3185 4159 in
3225 4115 3326 4175 se,
3357 4099 3420 4160 et
3458 4115 3609 4178 quae
3655 4100 3858 4180 potest

2319 4204 2611 4285 protendi
2641 4204 2720 4268 ad
2747 4203 3021 4267 alterum
3048 4203 3350 4267 relatione
3374 4202 3712 4284 differens3
3748 4203 3854 4269 sed

2318 4314 2496 4375 actus
2536 4310 2972 4376 considerandi
3017 4330 3159 4376 eam
3195 4311 3263 4374 in
3303 4329 3407 4389 se,
3436 4312 3553 4393 qui
3591 4311 3852 4395 quidem

2318 4422 2412 4483 est
2455 4420 2754 4502 cogitatio
2776 4468 2794 4497 ,
2838 4423 2902 4484 et
2927 4423 3110 4484 actus
3131 4418 3543 4502 protendendi
3584 4417 3667 4483 ad
3692 4421 3853 4486 alte-

2317 4543 2489 4608 rum,
2519 4526 2635 4610 qui
2662 4530 2754 4590 est
2779 4525 3037 4604 locutio,
3068 4531 3245 4591 actus
3267 4529 3361 4590 est
3378 4525 3544 4590 alius
3559 4532 3626 4590 et
3649 4527 3847 4591 alius:

2316 4652 2489 4714 nam,
2510 4632 2613 4697 his
2634 4634 2898 4711 actibus,
2919 4634 3270 4699 intellectus
3286 4633 3618 4716 angelicus
3631 4613 3849 4699 eadem

2315 4743 2725 4808 similitudine
2769 4743 3190 4809 diversimode
3237 4743 3440 4807 utitur
3488 4765 3507 4808 ι
3549 4742 3642 4807 ita
3682 4742 3846 4826 quod

2313 4849 2384 4913 in
2412 4869 2543 4914 uno
2573 4849 2681 4914 illa
2705 4851 3051 4916 similitudo
3078 4856 3142 4915 et
3166 4849 3584 4931 intelligibilis
3613 4850 3847 4932 species

2311 4958 2545 5022 dicitur
2578 4962 2827 5023 tantum
2863 4959 3101 5041 species
3124 4962 3187 5022 et
3212 4958 3523 5035 verbum;
3556 4957 3626 5020 in
3653 4957 3842 5021 altero

2310 5083 2466 5131 vero
2501 5083 2634 5129 non
2668 5070 2919 5130 tantum
2946 5065 3216 5149 species,
3249 5065 3360 5130 sed
3393 5065 3590 5129 etiam
3625 5069 3834 5129 nutus.

2307 5169 2759 5238 Verumtamen
2789 5179 2998 5257 posset
3022 5173 3143 5238 dici
3169 5174 3340 5256 quod
3362 5222 3379 5252 ,
3411 5173 3578 5238 sicut
3611 5173 3837 5256 species

2307 5299 2455 5365 quae
2481 5289 2575 5346 est
2601 5282 2673 5346 in
2698 5282 2974 5366 speculo,
2998 5282 3152 5347 dum
3171 5281 3487 5367 protendit
3503 5299 3570 5346 se
3596 5281 3676 5346 ad
3693 5298 3835 5344 ocu-

2308 5388 2445 5452 lum
2466 5436 2483 5464 ,
2515 5407 2643 5452 non
2682 5397 2777 5453 est
2812 5391 3075 5454 omnino
3102 5390 3357 5469 eadem,
3390 5388 3500 5453 sed
3526 5407 3594 5452 se
3623 5386 3827 5451 multi-
