4125 6225
1150 428 1351 496 DIST.
1390 430 1525 497 Vll.
1568 430 1798 498 PART.
1844 429 1924 497 u.
1966 426 2152 494 ΛΒΤ.
2195 426 2247 491 1.
2293 423 2594 504 QUAEST.
2641 424 2690 489 1.

394 558 455 616 2.
506 553 668 620 Item
719 557 973 626 videtur
1012 562 1183 644 quod
1225 565 1427 629 errori
1472 568 1553 630 sit
1600 566 1853 649 penitus

303 661 622 743 subjecta,
652 665 806 746 quia
825 666 1158 751 Dionysius
1182 671 1225 750 ¹,
1252 671 1329 738 de
1355 672 1620 739 Divinis
1640 673 1852 739 Nomi-

304 769 528 849 nibus,
557 772 706 836 dicit
728 775 901 856 quod
922 776 991 839 in
1015 777 1415 844 daemonihus
1437 784 1531 844 est
1557 781 1736 845 furor
1764 781 1850 843 ir-

304 876 669 959 rationalis,
701 898 922 947 amens
947 886 1454 967 concupiscentia
1470 935 1487 965 ‚
1520 888 1851 971 phantasia

304 988 612 1065 proterva
642 1008 656 1049 ε
706 989 816 1052 sed
852 989 1185 1072 phantasia
1210 997 1304 1056 est
1331 995 1719 1079 principium
1745 1013 1850 1060 er-

304 1090 476 1153 roris
506 1112 521 1154 :
553 1110 711 1174 ergo
738 1096 994 1161 videtur
1021 1100 1191 1181 quod
1214 1101 1376 1166 ratio
1406 1120 1631 1167 eorum
1660 1101 1848 1186 peni-

306 1201 416 1262 tus
442 1198 524 1264 sit
551 1203 897 1285 subjugata
924 1208 1147 1272 errori.

390 1310 451 1371 3.
483 1307 639 1373 Item
668 1329 780 1392 per
802 1312 1046 1380 simile:
1069 1315 1331 1381 Homini
1347 1318 1588 1383 inflicta
1613 1322 1707 1383 est
1727 1337 1844 1401 pro

304 1419 564 1498 peccato
581 1417 965 1498 ignorantia,
987 1439 1120 1486 non
1144 1427 1396 1489 tantum
1416 1426 1839 1507 agendorum,

301 1524 412 1588 sed
445 1524 635 1589 etiam
660 1530 1287 1608 cognoscendorum:
1312 1550 1470 1613 ergo
1488 1533 1543 1595 si
1565 1552 1698 1598 non
1723 1533 1840 1597 mi-

303 1648 434 1695 nus
474 1638 801 1715 peccatum
834 1638 1053 1719 angeli
1073 1687 1089 1716 ‚
1135 1657 1288 1704 cum
1323 1640 1540 1705 debuit
1575 1641 1835 1723 puniri,

301 1740 515 1820 patet,
542 1744 662 1803 etc.
744 1776 749 1783 -
1466 1813 1476 1822 ,

383 1849 444 1909 4.
478 1844 637 1909 Item
664 1847 787 1912 hoc
808 1850 1065 1916 videtur
1101 1870 1215 1935 per
1248 1853 1457 1919 simile
1500 1876 1514 1919 ε
1560 1854 1738 1920 Sicut
1770 1874 1838 1920 se

297 1950 492 2016 habet
502 1953 768 2019 affectus
780 1956 858 2021 ad
876 1958 1141 2039 bonum,
1159 1960 1248 2024 ita
1260 1961 1617 2026 intellectus
1636 1964 1717 2027 ad
1731 1981 1839 2027 ve-

296 2077 447 2124 rum
479 2082 496 2125 ι
540 2062 651 2126 sed
693 2062 957 2129 affectus
993 2066 1366 2134 daemonum
1396 2070 1554 2135 adeo
1589 2075 1683 2135 ost
1718 2071 1836 2136 de-

294 2186 577 2251 pressus„
602 2171 775 2252 quod
798 2192 930 2237 non
957 2179 1163 2257 potest
1187 2179 1432 2243 moveri
1452 2179 1524 2241 in
1548 2198 1834 2244 amorem

292 2276 449 2340 boni
464 2324 481 2353 ‚
511 2281 624 2340 aut
651 2278 1002 2346 inordinate
1029 2288 1325 2349 movetur
1349 2285 1405 2349 si
1432 2290 1604 2350 amat
1631 2309 1646 2351 ε
1675 2306 1834 2370 ergo

292 2402 413 2447 nec
438 2384 794 2451 intellectus
819 2387 889 2452 in
935 2391 1426 2473 speculationem
1462 2395 1620 2459 veri.
1660 2395 1728 2459 Si
1761 2400 1833 2461 tu

290 2490 464 2555 dicas
489 2492 659 2574 quod
680 2500 1005 2576 peccatum
1038 2501 1248 2581 magis
1269 2503 1621 2584 corrumpit
1644 2504 1830 2567 affec-

289 2604 435 2663 tum
463 2601 833 2667 daemonum
848 2653 866 2683 ,
894 2624 1090 2687 quam
1116 2608 1506 2674 intellectum
1530 2629 1547 2690 ;
1570 2615 1828 2675 contra-

284 2708 465 2772 rium
489 2709 746 2775 videtur
770 2730 787 2775 :
811 2731 965 2777 nam
990 2732 1250 2779 omnem
1280 2736 1546 2799 pravam
1573 2718 1830 2783 electio-

284 2833 442 2879 nem
481 2818 778 2899 praecedit
815 2838 1092 2902 pravum
1122 2824 1472 2905 Judicium,
1505 2827 1658 2908 quia
1694 2846 1826 2891 non

282 2922 483 3005 elegit
524 2925 819 2990 voluntas
856 2929 1268 2997 deliberativa
1283 2982 1301 3013 ,
1347 2933 1468 2997 nisi
1511 2934 1828 3016 praecedat

274 3030 603 3112 judicium
650 3049 669 3095 ε
710 3051 869 3116 ergo
914 3036 1167 3103 videtur
1197 3040 1371 3123 quod
1411 3041 1620 3124 prima
1663 3042 1824 3106 ratio

282 3135 700 3204 deordinandi
718 3141 884 3208 sitin
908 3144 1148 3225 ,iudicio
1163 3194 1180 3224 ,
1201 3150 1266 3211 et
1296 3148 1385 3212 ita
1406 3148 1476 3210 in
1510 3149 1825 3230 coguitio-

280 3261 404 3307 ne:
430 3262 588 3327 ergo
614 3246 681 3310 iu
708 3250 1035 3330 cognitiva
1058 3253 1265 3335 magis
1282 3273 1480 3337 quam
1505 3256 1573 3319 in
1597 3258 1824 3322 volun-

280 3352 414 3414 tate
441 3351 583 3416 :vel
611 3371 828 3436 aeque,
860 3357 1046 3424 debet
1067 3379 1203 3424 esse
1229 3362 1501 3444 punitio.

367 3460 427 3522 5.
453 3456 609 3524 Item
623 3461 746 3525 hoc
762 3465 1199 3547 confirmatur,
1222 3469 1374 3550 quia
1390 3472 1728 3536 excaecatio
1760 3476 1822 3537 et

277 3564 628 3631 obstinatio
644 3575 795 3634 sunt
820 3590 1029 3654 poenae
1052 3577 1288 3657 peccati
1312 3599 1326 3640 ε
1354 3596 1512 3659 ergo
1534 3579 1695 3643 sicut
1723 3581 1820 3645 af-

277 3671 469 3735 fectio
492 3680 926 3760 praesupponit
949 3683 1402 3764 cognitionem,
1430 3685 1518 3749 ita
1538 3687 1820 3752 obstina-

278 3778 395 3852 tio,
422 3797 569 3861 quae
588 3786 683 3845 est
696 3802 889 3866 poena
908 3787 1281 3868 affectioniS‚
1302 3793 1814 3874 excaecationem,

274 3902 429 3967 quae
454 3891 548 3949 est
574 3906 761 3968 poena
787 3892 1170 3973 cognitionis
1195 3914 1211 3959 ε
1243 3915 1402 3978 ergo
1422 3917 1574 3962 cum
1598 3900 1815 3965 diabo-

273 3992 383 4055 lus
411 3992 491 4055 sit
514 3994 866 4060 obstinatus
882 4046 900 4077 ,
936 4000 1128 4064 etiam
1153 4007 1247 4065 est
1272 4008 1650 4069 excaecatus.

361 4102 422 4161 6.
455 4097 612 4162 Item
640 4101 887 4168 bonum
914 4111 1009 4169 est
1030 4106 1403 4173 diffusivum
1442 4112 1573 4189 sui,
1606 4116 1671 4176 et
1696 4131 1815 4178 ve-

270 4222 427 4268 rum
468 4206 802 4290 similiter3
850 4216 914 4276 et
940 4215 1148 4296 magis
1176 4220 1272 4280 est
1303 4218 1681 4283 diffusivum
1714 4220 1814 4284 sui

270 4312 520 4376 bonum
548 4334 745 4397 quam
770 4335 997 4383 verum
1020 4368 1037 4400 ,
1064 4322 1218 4403 quia
1234 4322 1357 4388 hoc
1382 4325 1575 4389 hahet
1596 4326 1675 4390 de
1696 4346 1815 4392 sua

266 4419 518 4485 ratione
568 4441 585 4485 ε
637 4423 690 4488 si
736 4442 893 4507 ergo
927 4426 1116 4507 Deu5‚
1145 4428 1213 4492 in
1240 4436 1555 4513 quantum
1580 4434 1808 4514 houm,

267 4526 597 4592 subtrahit
621 4529 1023 4596 influentiam
1050 4534 1347 4600 honitatis
1372 4539 1681 4604 affectivae
1712 4541 1807 4622 ip-

265 4651 495 4696 sorum
520 4635 933 4717 daemonum;
962 4657 1141 4721 ergo,
1180 4644 1252 4706 in
1291 4649 1608 4728 quantum
1636 4649 1810 4711 veri-

265 4741 364 4803 tas
396 4740 511 4821 (a),
557 4741 961 4809 diffusionem
987 4744 1254 4812 luminis
1281 4749 1402 4832 ipsi
1439 4753 1806 4835 cognitivae.

345 4849 407 4908 7.
441 4845 621 4926 Item,
651 4849 958 4933 quidquid
986 4852 1067 4916 sit
1092 4854 1169 4918 de
1196 4859 1672 4924 conservatione
1700 4860 1808 4928 lu-

262 4951 460 5016 minis
486 4952 647 5030 dati,
681 4959 897 5021 tamen
928 4958 1363 5042 daemonibus,
1397 4984 1546 5030 cum
1586 4968 1712 5033 sint
1740 4969 1809 5033 in

257 5063 431 5124 statu
470 5061 898 5133 damnationis
921 5116 939 5146 ,
981 5087 1154 5133 nova
1194 5071 1360 5135 dona
1407 5092 1537 5139 non
1577 5075 1809 5140 debent

255 5165 396 5230 dari
425 5186 465 5231 a
487 5168 653 5234 Deo:
679 5173 789 5237 sed
815 5173 975 5238 nihil
1003 5181 1204 5259 potest
1229 5179 1457 5263 aliquis
1488 5182 1807 5249 addiscere

317 5326 336 5360 ¹
385 5327 538 5378 Dion.
590 5332 800 5396 Areop„
843 5334 904 5383 de
949 5336 1119 5385 Divin.
1173 5338 1374 5390 Nomia.
1397 5380 1414 5400 ,
1464 5356 1578 5404 cap.
1625 5357 1690 5393 lv.
1742 5373 1806 5384 --

251 5397 446 5468 ’Augq
473 5399 536 5452 de
566 5401 793 5476 noym„
823 5418 869 5460 c.
891 5416 974 5464 ιιι
1000 5411 1050 5462 et
1072 5419 1180 5464 xlv.
1213 5411 1314 5452 -δ
1345 5413 1479 5476 Luc„
1518 5426 1611 5468 xv1
1621 5452 1641 5482 ,
1672 5418 1803 5468 8.-

3394 434 3508 494 411

1958 560 2087 627 nisi
2111 559 2357 627 Christo
2381 559 2667 634 docente,
2699 559 2866 623 sicut
2883 559 3035 624 dicit
3057 561 3463 643 Augustinus
3488 564 3512 599 ¹

1958 668 2029 732 in
2054 668 2217 731 libro
2245 666 2324 733 de
2353 667 2666 749 Maqistro
2692 687 2717 728 .·
2758 684 2916 749 ergo
2960 668 3015 731 si
3053 668 3336 735 Christus
3374 687 3511 734 non

1958 774 2143 839 debet
2167 792 2338 839 nova
2353 774 2522 838 dona
2538 773 2629 837 eis
2656 774 2919 855 donare,
2948 793 3108 857 ergo
3126 794 3244 840 nec
3268 794 3509 842 novam

1958 883 2390 964 cognitionem
2427 905 2441 946 :
2471 900 2631 964 ergo
2657 883 2726 946 in
2750 883 2853 947 his
2888 901 3037 966 quae
3073 887 3220 948 ante
3253 884 3508 967 lapsum

1957 1008 2092 1055 non
2121 995 2586 1073 cognoverunt,
2609 1008 2692 1053 ex
2722 1009 2851 1072 quo
2880 1009 3011 1054 non
3035 991 3274 1055 habent
3298 992 3507 1057 docto—

1954 1114 2095 1160 rem
2122 1096 2427 1174 veritatiS‚
2454 1097 2810 1161 necessario
2836 1100 3053 1161 errant
3079 1099 3143 1161 et
3168 1097 3503 1181 decipiun-

1958 1207 2090 1269 tur.

2036 1310 2159 1376 Sed
2186 1316 2406 1375 contra
2429 1310 2500 1374 in
2520 1313 2699 1377 Luca
2718 1310 2949 1375 dicitur
2970 1316 3019 1391 ⁸,
3044 1312 3215 1394 quod
3234 1312 3368 1392 filii
3383 1330 3502 1379 sce-

1949 1419 2084 1485 culi
2109 1418 2303 1501 huJ'us
2339 1417 2790 1500 prudentiores
2826 1423 2983 1485 sunt
3018 1418 3183 1499 filiis
3220 1420 3387 1486 lucis
3428 1421 3504 1487 in

1946 1527 2351 1610 qeneratione
2363 1543 2485 1592 sua
2503 1549 2520 1605 ;
2546 1526 2832 1608 loquitur
2845 1526 2923 1590 de
2941 1527 3126 1590 malis
3145 1549 3159 1590 z
3181 1545 3360 1608 erg0‚
3378 1532 3498 1594 etc.

2030 1633 2191 1698 Item
2219 1634 2559 1717 Dionysius
2582 1634 2604 1669 ”
2631 1633 2709 1700 de
2747 1634 3010 1700 Divinis
3038 1634 3426 1701 Nominibus
3475 1659 3502 1702 .·

1955 1765 1989 1803 (ι
2027 1742 2184 1807 Data
2222 1744 2375 1826 ipsis
2416 1744 2585 1808 dona
2623 1760 3033 1826 nequaquam
3079 1742 3372 1806 mutilata
3420 1743 3494 1827 (b)

1945 1825 2249 1927 dicimu33
2297 1849 2407 1913 sed
2453 1852 2606 1912 sunt
2659 1849 2914 1929 integra
2936 1896 2955 1923 ,
3009 1852 3075 1912 et
3123 1849 3500 1932 splendidis-

1944 1956 2108 2020 sima
2153 1975 2169 2020 ε
2224 1977 2255 2015 n
2304 1955 2592 2038 loquitur
2620 1955 2698 2019 de
2745 1955 3149 2020 daemonihus
3186 1973 3203 2017 z
3239 1975 3398 2038 ergo
3443 1959 3497 2022 si

1943 2063 2315 2128 habuerunt
2348 2062 2638 2127 naturale
2667 2062 3126 2144 judicatorium
3164 2063 3496 2129 illumina-

1943 2174 2119 2251 tum,
2150 2176 2213 2235 et
2235 2175 2459 2254 potens
2484 2169 2677 2251 dirigi
2705 2171 2775 2233 in
2800 2171 3284 2253 cognoscendis,
3311 2173 3496 2238 vide-

1943 2283 2074 2359 tur,
2109 2282 2228 2342 etc.

2022 2385 2181 2451 Item
2206 2385 2485 2450 Isidorus
2502 2392 2548 2462 ⁸,
2569 2386 2649 2451 de
2672 2386 2930 2452 Summo
2946 2387 3120 2453 Bono
3142 2408 3165 2451 .·
3189 2409 3220 2447 α
3238 2386 3492 2456 Praeva—

1936 2492 2214 2557 ricantes
2229 2493 2468 2574 angeli,
2490 2493 2683 2557 etiam
2707 2492 3036 2558 sanctitate
3054 2494 3310 2575 amissa,
3334 2514 3490 2561 sen-

1937 2618 2085 2664 sum
2113 2600 2419 2681 angelicae
2446 2605 2694 2664 naturae
2722 2619 2855 2665 non
2882 2601 3255 2666 amiserunt.
3287 2624 3318 2662 n

2020 2705 2178 2772 Item
2209 2710 2538 2790 peccatum
2564 2725 2698 2773 nou
2730 2711 2826 2772 est
2852 2711 3074 2771 contra
3105 2713 3344 2786 actum,
3377 2711 3487 2776 sed

1937 2819 2155 2880 contra
2191 2816 2481 2880 ordinem
2508 2820 2687 2880 actus
2722 2838 2737 2879 ι
2770 2834 2929 2898 ergo
2972 2833 3104 2880 non
3133 2825 3229 2880 ost
3268 2823 3488 2882 contra

1936 2923 2371 3004 cognitionem
2397 2922 2798 3004 simpliciter,
2842 2922 2952 2986 sed
2992 2928 3211 2987 contra
3250 2925 3484 3005 cogni-

1932 3030 2172 3094 tionem
2201 3028 2559 3095 ordinatam
2584 3030 2654 3093 in
2677 3030 2874 3094 finem
2904 3052 2918 3093 ε
2944 3030 2997 3092 si
3014 3048 3173 3111 ergo
3199 3033 3482 3115 cognitio

1931 3139 2320 3222 speculativa
2337 3187 2356 3219 ,
2407 3142 2725 3222 quantum
2760 3141 2856 3203 est
2896 3139 2976 3204 de
3018 3158 3119 3217 se,
3164 3158 3291 3204 non
3329 3141 3482 3206 dicit

1932 3245 2366 3327 cognitionem
2389 3246 2747 3311 ordinatam
2762 3246 2833 3310 in
2851 3247 3072 3326 finem,
3093 3250 3286 3329 patet,
3309 3247 3480 3331 quod

1931 3370 2046 3435 per
2072 3357 2404 3436 peccatum
2431 3372 2567 3418 non
2585 3354 2768 3418 debet
2796 3352 3155 3436 depravari.

2447 3570 2960 3638 CONCLUSIO.

1929 3718 1996 3773 In
2024 3716 2349 3773 daemonibus
2368 3716 2640 3789 judicium
2667 3717 2972 3773 intellectus
2996 3719 3346 3790 speculativi,
3378 3722 3479 3775 etsi

1998 3812 2221 3862 maneat
2263 3811 2536 3877 inteqrum
2574 3813 2838 3878 quantum
2876 3808 2950 3863 ad
2973 3809 3337 3864 substantiam
3376 3825 3477 3879 po·

2003 3898 2204 3964 lentim,
2239 3900 2420 3953 tamen
2443 3912 2543 3967 per
2572 3897 2786 3967 culpam
2815 3901 2890 3952 est
2917 3897 3104 3968 aliquo
3127 3896 3279 3952 modo
3306 3897 3478 3953 obnu-

2000 3987 2267 4054 bilatum3
2301 3986 2572 4057 judicium
2601 4002 2723 4042 vero
2761 3988 3064 4044 intellectus
3098 3990 3338 4059 practici
3381 3991 3458 4043 est

1998 4065 2214 4133 omnino
2242 4076 2568 4132 subversum.

2009 4213 2199 4295 Resp.
2220 4214 2300 4277 ad
2319 4212 2598 4294 Argum.
2625 4213 2972 4277 Dicendum
3000 4213 3172 4296 quod
3195 4212 3476 4295 deceptio

1925 4325 1987 4385 et
2009 4339 2190 4386 error
2220 4321 2398 4385 venit
2435 4339 2518 4384 ex
2541 4321 3017 4385 deordinatione
3039 4369 3058 4401 ,
3088 4321 3223 4386 sive
3251 4321 3473 4385 devia-

1924 4429 2096 4494 tione
2128 4428 2376 4510 judicii.
2404 4426 2731 4493 Judicium
2767 4433 2984 4493 autem
3011 4429 3248 4512 duplex
3275 4431 3370 4494 est
3404 4430 3475 4495 in

1923 4537 2210 4620 quolibet
2248 4536 2664 4600 ratiocinante
2706 4559 2723 4601 ε
2779 4555 2985 4602 unum
3025 4537 3197 4620 quod
3236 4541 3332 4601 est
3365 4557 3476 4603 co-

1922 4647 2441 4731 gnoscendorum
2459 4696 2477 4727 ,
2525 4647 2697 4729 quod
2738 4653 2833 4713 est
2874 4648 3011 4713 veri
3056 4648 3178 4711 sub
3226 4649 3473 4715 ratione

1921 4756 2090 4833 veri3
2140 4755 2314 4819 aliud
2359 4754 2794 4836 agendorum,
2838 4754 3005 4837 quod
3050 4758 3144 4818 est
3170 4754 3324 4819 honi
3349 4756 3472 4820 sub

1919 4864 2165 4928 ratione
2194 4862 2371 4926 boni.
2404 4862 2482 4926 Et
2505 4861 2790 4944 primum
2818 4866 2912 4925 est
2938 4863 3291 4928 intellectus
3325 4883 3472 4947 spe·

1919 4970 2182 5036 culativi
2203 5019 2221 5050 ,
2261 4988 2379 5034 nec
2407 4973 2645 5052 spectat
2671 4969 2752 5033 ad
2775 4970 3049 5034 liberum
3088 4971 3463 5051 arbitrium3

1919 5078 2275 5142 secundum
2301 5095 2455 5142 vero
2480 5080 2574 5140 est
2599 5076 2955 5141 intellectus
2983 5079 3266 5162 practici,
3291 5085 3468 5145 otest

1916 5241 1938 5276 δ
1960 5240 2111 5290 Dion.
2143 5243 2354 5303 Areop„
2396 5238 2457 5288 de
2484 5239 2591 5287 Div-
2630 5237 2853 5302 Nomia„
2883 5252 2929 5289 c.
2958 5250 3028 5287 lv,
3051 5265 3111 5277 —
3139 5239 3380 5305 ¹‘lsid0r.,
3407 5240 3467 5291 de

1917 5311 2123 5363 Summo
2147 5313 2302 5373 Bone,
2329 5310 2419 5361 lib.
2445 5312 2497 5375 l,
2523 5324 2570 5360 c.
2592 5321 2687 5360 xu.

1980 5419 2045 5486 (α)
2078 5418 2166 5469 ΑΙ.
2191 5432 2389 5470 verum.
2413 5443 2479 5455 —
2510 5414 2578 5484 (ὁ)
2612 5413 2876 5467 caet.ed1·t.
2904 5419 3114 5472 mutata.
