4125 6225
1116 425 1309 491 ms‘r..
1355 422 1680 492 XXXVIII.
1726 421 1907 488 ΛΒΤ.
1954 420 2033 488 ΙΙ.
2081 420 2378 500 QUAEST.
2425 424 2502 489 11.

296 554 465 633 Item,
494 557 731 638 regula
759 560 1059 643 estquod
1085 562 1449 646 oppositum
1478 560 1736 626 contin-

234 666 405 748 gentis
418 670 514 730 est
531 668 949 751 contingens,
971 675 1035 735 et
1060 672 1422 755 oppositum
1452 687 1737 736 necessa-

233 774 386 838 riiest
400 774 809 857 impossibile.
838 777 913 842 Et
932 780 1159 861 regula
1173 781 1407 845 iterum
1424 783 1540 860 est,
1566 778 1737 862 quod

237 882 279 945 si
315 882 383 945 ad
421 884 801 949 antecedens
843 888 1134 970 sequitur
1181 906 1575 972 consequens
1590 936 1607 962 ‚
1656 886 1738 950 ad

238 989 563 1072 oppositum
604 1011 1033 1076 consequenS‚
1068 996 1147 1058 ad
1183 998 1548 1078 oppositum
1583 1015 1738 1061 0011-

238 1098 518 1178 sequentis
552 1100 845 1182 sequitur
877 1102 1241 1183 oppositum
1283 1104 1731 1167 antecedentis,
1777 1083 1783 1088 ¹

240 1202 315 1268 Ex
337 1201 429 1270 his
457 1221 670 1286 arguo
696 1205 788 1268 sic
820 1228 835 1270 ε
868 1205 964 1270 Sit
988 1205 1045 1270 A
1066 1208 1445 1291 contingens
1470 1209 1734 1293 praesci-

240 1314 353 1373 tum
372 1328 407 1372 a
428 1309 551 1374 Deo
582 1332 599 1374 :
626 1311 681 1374 si
713 1311 878 1376 Deus
901 1315 1154 1397 praescit
1170 1315 1223 1377 A
1239 1364 1256 1395 ,
1288 1316 1412 1380 erit
1436 1334 1594 1396 ergo
1620 1334 1737 1399 per

240 1417 529 1498 regulam3
560 1418 615 1480 si
645 1416 702 1481 A
726 1437 860 1482 non
882 1420 1029 1501 erit,
1072 1422 1237 1485 Deus
1269 1439 1404 1485 non
1431 1423 1683 1504 praescit
1714 1445 1728 1486 t

240 1523 327 1586 sed
355 1523 405 1586 A
434 1543 559 1587 non
585 1543 745 1604 esse,
780 1526 902 1589 fuit
929 1529 1335 1609 contingens;
1372 1529 1573 1593 Deum
1600 1547 1733 1595 non

241 1630 549 1712 praescisse,
578 1633 701 1696 fuit
726 1634 1119 1716 impossibile
1149 1657 1164 1698 ε
1197 1654 1357 1718 ergo
1384 1636 1461 1700 ad
1492 1638 1732 1700 contin-

238 1755 371 1818 gens
392 1739 669 1821 sequitur
686 1740 1079 1822 impossibile
1090 1765 1107 1820 ;
1131 1742 1252 1807 hoc
1270 1749 1365 1807 est
1387 1748 1605 1808 contra
1627 1762 1729 1808 ar-

237 1849 342 1908 tem
371 1868 384 1908 :
409 1864 653 1911 necesse
680 1852 779 1912 est
814 1867 973 1930 ergo
999 1850 1120 1913 hoc
1159 1869 1293 1915 esse
1321 1851 1725 1932 contingens,

237 1949 405 2015 Deum
427 1952 648 2017 scilicet
664 1954 965 2036 praescire
991 1955 1132 2020 hoc.

300 2057 435 2121 Item
455 2107 470 2137 ‚
499 2062 710 2124 omnis
734 2062 957 2126 divina
983 2064 1143 2127 actio
1161 2082 1309 2146 quas
1328 2064 1584 2147 respicit
1608 2065 1731 2129 ob-

224 2166 434 2246 jectum
450 2168 615 2249 quod
635 2173 844 2251 potest
859 2188 989 2233 non
1010 2190 1168 2247 esse,
1190 2177 1394 2254 potest
1406 2173 1692 2237 desinere
1711 2196 1726 2236 :

224 2272 369 2337 unde
393 2291 533 2337 cum
563 2275 735 2340 Deus
758 2282 1091 2341 conservet
1118 2296 1253 2342 rem
1282 2285 1590 2359 creatam,
1621 2299 1734 2364 po-

224 2382 326 2442 test
337 2379 612 2446 desinere
631 2401 1018 2448 conservare
1044 2406 1058 2448 :
1082 2403 1240 2466 ergo
1266 2403 1414 2449 cum
1439 2387 1730 2470 praescire

220 2487 285 2549 sit
306 2494 575 2571 respectu
605 2493 1072 2574 contingentiS,
1105 2494 1227 2557 erit
1250 2494 1646 2575 contingens,

753 2732 1209 2801 CONCLUSIO.

217 2892 342 2949 Licet
366 2898 612 2965 prescire
640 2898 706 2952 in
746 2900 857 2952 Deo
883 2900 956 2953 sit
982 2903 1134 2956 actus
1159 2902 1386 2956 eternus
1422 2902 1475 2956 et
1499 2914 1732 2956 necessa-

276 2985 407 3051 rius,
435 3001 549 3040 eum
585 2990 769 3043 tamen
808 2994 1046 3046 versetur
1072 2991 1216 3046 circa
1242 2992 1489 3059 futurum
1516 2993 1729 3047 contin-

278 3088 410 3142 uem,
440 3089 504 3131 ezr
522 3080 690 3148 purte
716 3078 1068 3147 futuritionis
1094 3078 1297 3136 dicitur
1323 3083 1633 3151 continqens
1651 3078 1689 3135 ¹.

290 3242 453 3329 Resp.
475 3247 553 3311 ad
578 3248 743 3331 Arg.
771 3249 1119 3317 Dicendum
1148 3254 1356 3336 quod,
1386 3253 1550 3319 sicut
1576 3272 1727 3336 pro-

230 3348 413 3415 batum
438 3359 562 3433 est,
592 3355 751 3420 illud
779 3363 1060 3436 constat,
1088 3364 1151 3423 et
1174 3378 1306 3424 non
1338 3365 1430 3424 est
1458 3360 1728 3425 dubium

236 3455 368 3533 quod
389 3455 580 3521 Deum
597 3461 896 3541 praescire
916 3463 1291 3543 contingens
1305 3463 1559 3546 aliquod
1578 3482 1729 3528 cum

237 3563 501 3627 antecedit
517 3566 598 3628 ad
632 3566 1044 3647 contingenS,
1076 3571 1141 3631 et
1164 3570 1726 3652 connotat·aliquid

240 3668 374 3746 quod
406 3669 587 3734 habet
621 3672 960 3736 veritatem
999 3674 1506 3755 contingentem,
1551 3676 1725 3759 quod

239 3769 408 3852 ipsum
420 3777 837 3858 judicandum
852 3784 949 3844 est
965 3782 1346 3861 contingens
1370 3803 1385 3844 z
1405 3783 1510 3847 sed
1528 3782 1726 3865 aliqui

241 3880 533 3948 voluerunt
565 3887 781 3969 ipsum
802 3888 1091 3971 judicare
1126 3889 1537 3971 contingenS‚
1576 3890 1727 3972 quia

241 3991 404 4053 tomm
427 3994 590 4074 quod
620 3993 803 4074 dicit,
845 3995 995 4060 dicit
1024 3995 1101 4059 de
1131 3996 1373 4060 futuro.
1415 3996 1539 4061 Sed
1567 3997 1726 4062 illud

244 4093 617 4178 improbatum
641 4107 767 4177 est,
798 4103 953 4184 quia
970 4103 1199 4166 falsum
1229 4108 1358 4184 est,
1385 4107 1448 4169 et
1477 4123 1604 4169 non
1633 4105 1729 4169 in-

248 4204 540 4287 telligibile.
572 4208 794 4272 Omnis
820 4209 997 4273 enim
1024 4210 1376 4275 intellectus
1401 4213 1513 4295 qui
1540 4212 1724 4277 intel-

247 4308 356 4390 ligit
395 4313 536 4393 hoc,
575 4318 876 4398 quamvis
917 4334 1051 4381 non
1104 4317 1419 4400 intelligat
1469 4322 1725 4401 tempus

252 4415 381 4479 eirca
426 4418 613 4485 Deum
631 4470 646 4498 ,
693 4422 998 4506 intelligit
1039 4425 1211 4507 quod
1268 4430 1446 4489 actus
1486 4425 1724 4491 divinae

256 4527 705 4607 praeoegnitionis
731 4531 814 4595 ab
844 4535 1085 4595 aeterno
1112 4533 1231 4597 fuit
1255 4533 1322 4597 in
1348 4534 1472 4598 Deo
1488 4583 1505 4611 ‚
1531 4539 1596 4598 et
1619 4535 1726 4599 ille

258 4626 426 4694 differt
439 4652 550 4699 are
570 4637 783 4701 futura
802 4642 901 4702 :et
916 4643 1270 4722 propterea,
1294 4641 1460 4706 sicut
1479 4642 1723 4707 dictum

262 4740 359 4814 est,
382 4738 487 4803 1100
518 4760 641 4807 11011
665 4745 871 4809 solvit.
910 4746 1035 4809 Alii
1063 4747 1410 4812 voluerunt
1432 4750 1722 4831 judicare

265 4845 611 4928 contingens,
643 4851 791 4933 quia
825 4870 973 4916 cum
1008 4854 1091 4917 sit
1120 4854 1360 4918 dictum
1393 4856 1471 4920 de
1499 4863 1724 4938 praete-

267 4946 389 5042 rito,
407 4957 617 5034 pendet
642 4962 853 5024 tamen
875 4979 957 5025 ex
989 4962 1230 5026 futuro.
1258 4960 1336 5027 Et
1356 4962 1479 5027 1100
1503 4965 1727 5029 dicunt

270 5051 538 5125 inu-edito
557 5111 572 5139 ,
598 5068 659 5128 et
679 5068 1043 5149 prophetico
1060 5117 1081 5149 ,
1111 5075 1174 5133 et
1201 5070 1365 5134 dicto
1391 5091 1428 5134 a
1453 5070 1720 5152 Christ0‚

274 5164 327 5221 et
342 5166 752 5251 consimilibus,
781 5192 925 5256 quae
956 5176 1241 5241 inierunt
1260 5177 1336 5241 de
1353 5181 1723 5245 necessitate

279 5273 706 5350 propositionem
728 5278 800 5345 de
825 5283 1062 5348 tuturo.
1085 5282 1164 5348 Et
1188 5284 1345 5351 illud
1362 5290 1457 5352 est
1482 5288 1722 5371 impro-

335 5387 604 5460 ¹80Thom.‚
629 5412 678 5465 q.
699 5412 764 5467 iv,
786 5407 878 5456 art.
903 5407 981 5459 13.

3303 423 3381 488 73

1845 558 2081 639 babile,
2117 562 2193 624 ut
2217 560 2472 624 videtur
2498 582 2514 624 ε
2537 560 2842 643 quoniam
2869 558 2924 622 si
2942 562 3119 622 actus
3145 558 3380 642 divinas

1842 667 2369 749 praecognitionis
2395 667 2624 751 pendet
2652 685 2735 731 ex
2761 667 2982 731 futuro
3001 714 3019 742 ‚
3046 669 3203 729 tunc
3228 684 3379 730 cum

1842 772 1914 835 in
1938 773 2155 838 futuro
2174 824 2191 855 ,
2217 780 2535 858 quantum
2560 779 2656 839 est
2681 792 2763 837 ex
2793 777 2970 858 parte
2996 773 3091 837 rei
3124 773 3377 837 contin-

1844 881 2053 962 gentis
2075 931 2092 960 ,
2148 882 2326 947 nulla
2363 884 2448 947 sit
2490 882 2800 947 certitudo
2820 929 2837 959 ‚
2892 899 3012 945 nec
3053 881 3121 943 111
3162 880 3380 945 divina

1842 987 2346 1068 praecognitione
2414 993 2596 1053 esset.
2624 987 2994 1064 Praeterea,
3058 987 3378 1070 quomodo

1842 1093 2184 1176 dependet,
2227 1113 2376 1160 cum
2411 1098 2493 1161 ab
2533 1115 2609 1161 eo
2653 1115 2785 1160 non
2826 1098 3121 1159 causetur
3162 1095 3376 1177 aliquo

1844 1201 2074 1264 modo?
2105 1202 2182 1266 Et
2207 1205 2479 1284 iterum,
2523 1205 2847 1288 quomodo
2874 1204 3184 1286 dependet
3220 1203 3375 1266 iilud

1842 1309 2015 1389 quod
2037 1311 2464 1376 necessarium
2482 1319 2578 1376 est
2594 1313 2809 1388 fuisse,
2831 1316 2902 1376 ut
2919 1315 3097 1375 actus
3115 1327 3378 1391 cognos-

1841 1417 2045 1493 cendi,
2070 1422 2133 1481 et
2159 1420 2475 1495 credendi,
2497 1424 2559 1483 et
2576 1419 2983 1502 praedicendi,
3011 1419 3092 1482 ab
3112 1435 3188 1481 eo
3206 1415 3376 1499 quod

1837 1521 2132 1587 futurum
2151 1529 2280 1589 est?
2305 1524 2444 1590 Non
2471 1528 2724 1591 videtur
2750 1544 2868 1590 nec
2888 1524 3232 1607 probabile,
3260 1541 3378 1587 nec

1839 1628 2257 1711 intelligibile.
2307 1633 2383 1697 Et
2417 1633 2559 1697 ideo
2598 1634 2722 1698 alio
2763 1631 2954 1698 modo
2997 1630 3371 1708 dicendum,

1838 1736 2010 1817 quod
2051 1739 2371 1819 quoddam
2401 1745 2495 1804 est
2525 1741 2766 1805 dictum
2804 1741 2882 1805 de
2914 1739 3270 1822 praeterito,
3314 1738 3378 1799 et

1838 1855 1955 1919 pro
1981 1841 2335 1921 praeterito,
2370 1843 2537 1907 sicut
2577 1846 2629 1908 si
2670 1844 2942 1919 dicatur,
2989 1840 3249 1906 Petrum
3286 1839 3379 1903 le-

1828 1944 2040 2024 ·gisse;
2066 1948 2384 2029 quoddam
2403 1951 2480 2014 de
2501 1952 2843 2033 praeterim,
2866 1950 2973 2014 sed
2993 1967 3110 2031 pro
3129 1949 3372 2026 futuro,

1838 2055 1914 2114 ut
1933 2074 1993 2116 :a
2009 2053 2437 2121 Antichristus
2453 2057 2577 2121 fuit
2593 2058 2978 2134 nasciturus3
3004 2077 3036 2115 1)
3057 2053 3375 2137 quoddam

1836 2176 1954 2241 pro
1981 2165 2301 2242 praeterito
2320 2212 2337 2243 ,
2361 2169 2574 2228 tamen
2598 2164 2908 2239 dependet
2926 2182 3008 2227 ex
3042 2162 3286 2242 futuro,
3303 2164 3377 2224 ut

1837 2266 1960 2343 1100
1982 2268 2259 2351 dictum,
2292 2270 2556 2336 Petrum
2596 2272 2828 2336 dixisse
2855 2287 3118 2345 verum,
3148 2267 3376 2331 navale
3461 2341 3472 2360 Ι

1836 2374 2077 2440 bellum
2098 2379 2229 2442 fore
2248 2403 2262 2444 :
2285 2380 2365 2443 ad
2383 2381 2503 2444 hoc
2518 2381 2692 2445 enim
2707 2379 3132 2462 quoddictum
3145 2376 3376 2440 babeat

1839 2482 2202 2565 veritatem,
2231 2487 2521 2568 exigitur
2548 2487 2698 2552 belii
2725 2491 3026 2564 eventu8‚
3062 2487 3126 2548 et
3160 2482 3375 2548 abillo

1837 2589 2147 2671 dependet
2163 2595 2398 2658 veritas
2414 2600 2650 2680 nostrae
2669 2594 3034 2659 assertionis
3052 2608 3200 2674 quae
3229 2609 3375 2653 cau-

1836 2699 2016 2759 satur
2036 2717 2077 2761 a
2101 2717 2193 2763 re.
2218 2699 2546 2777 Quoddam
2571 2708 2663 2767 est
2684 2704 2926 2767 dictum
2946 2701 3023 2765 de
3049 2698 3374 2783 praeterito

1838 2804 2008 2885 quod
2033 2824 2165 2870 non
2194 2808 2538 2891 dependet,
2566 2810 2673 2875 sed
2702 2812 3002 2874 connotat
3039 2807 3371 2871 veritatem

1838 2910 2004 2975 circa
2030 2913 2186 2978 illud
2211 2915 2503 2980 futurum
2521 2966 2537 2996 ,
2566 2918 2729 2981 sicut
2757 2917 2810 2980 si
2836 2917 3126 2981 dicatur:
3155 2938 3186 2975 α
3210 2913 3374 2976 Deus

1836 3019 2155 3098 praescivit
2199 3022 2321 3086 1100
2363 3024 2682 3087 futurum.
2737 3046 2767 3083 n
2823 3023 2984 3101 Quia
3038 3021 3212 3085 enim
3265 3019 3374 3082 Dei

1838 3127 2105 3192 scientia
2130 3136 2223 3194 est
2257 3133 2468 3197 solum
2506 3138 2799 3217 respectu
2838 3132 2974 3198 veri
2988 3180 3006 3212 ,
3036 3130 3176 3195 ideo
3217 3141 3398 3193 con-³·

1836 3240 2013 3300 notat
2039 3239 2376 3305 veritatem
2400 3242 2564 3305 circa
2589 3241 2748 3306 illud
2771 3241 3013 3305 dictum
3039 3240 3368 3314 futurum3

1836 3345 1945 3408 sed
1972 3350 2279 3433 quoniam
2308 3350 2525 3413 divina
2551 3349 2832 3431 cognitio
2867 3343 2998 3411 non
3017 3346 3208 3410 habet
3233 3362 3375 3408 cer—

1833 3457 2223 3523 titudinema
2238 3476 2330 3534 re,
2354 3458 2508 3540 quia
2526 3458 2605 3521 ab
2623 3458 2763 3540 ipsa
2779 3475 2898 3521 nec
2914 3458 3238 3531 causatur,
3255 3469 3374 3515 nec

1835 3566 2060 3645 oritur,
2082 3566 2223 3631 ideo
2242 3566 2323 3630 ab
2336 3566 2445 3630 illa
2466 3585 2591 3630 non
2619 3566 2933 3648 dependet
2963 3586 2980 3629 ε
3002 3569 3066 3628 et
3090 3568 3372 3646 propter-

1835 3693 1913 3739 ea
1935 3675 2068 3739 falli
2092 3694 2225 3740 non
2257 3679 2489 3757 potest,
2532 3675 2830 3757 quamvis
2864 3677 3162 3738 connotet
3192 3673 3375 3736 futu-

1834 3800 2008 3846 rum.
2039 3781 2217 3847 Unde
2236 3782 2302 3845 in
2328 3782 2724 3864 praescientia
2742 3781 2880 3846 haec
2897 3781 3025 3845 duo
3046 3780 3368 3855 dicuntur,

1836 3891 2073 3955 scilicet
2114 3896 2294 3955 actus
2347 3890 2584 3954 divinae
2625 3890 3013 3972 cognitionis
3028 3938 3045 3967 ,
3096 3895 3160 3953 et
3198 3888 3374 3951 hunc

1834 4000 2269 4063 necessarium
2288 4004 2381 4062 est
2398 4016 2533 4062 esse
2551 3999 2688 4062 sive
2709 3999 2903 4063 fuisse
2922 4020 2939 4077 ;
2970 4003 3036 4061 et
3058 3997 3373 4061 ordinatio

1832 4105 2034 4169 futuri
2063 4106 2141 4170 ad
2165 4106 2352 4169 illum
2372 4109 2623 4184 actum,
2655 4110 2719 4170 et
2745 4107 2886 4170 haec
2918 4104 3231 4169 ordinatio
3264 4105 3372 4167 fu-

1834 4213 1965 4276 turi
1988 4213 2069 4275 ad
2095 4213 2280 4276 illum
2318 4216 2533 4278 actum
2563 4232 2695 4277 non
2734 4218 2828 4276 est
2871 4213 3227 4277 necessaria
3247 4234 3264 4289 ;
3312 4213 3376 4275 et

1828 4319 2175 4403 judicanda
2192 4324 2286 4383 est
2302 4321 2736 4401 contingentia
2753 4321 2822 4384 in
2840 4320 3016 4384 totali
3034 4319 3219 4398 dicto,
3242 4336 3372 4381 non

1834 4427 2080 4491 ratione
2098 4427 2442 4507 totalitatis,
2464 4429 2601 4492 sive
2623 4428 2987 4509 principalis
3003 4428 3051 4490 si
3059 4427 3369 4509 gnificati‚

1834 4536 1944 4600 sed
1961 4538 2303 4600 connotati.
2331 4536 2402 4600 Et
2420 4537 2474 4600 si
2490 4540 2788 4619 ponatur,
2808 4537 3009 4600 Deum
3030 4554 3161 4600 non
3181 4552 3373 4616 praes-

1835 4644 1962 4706 cire
1989 4643 2231 4725 aliquid
2254 4644 2423 4727 quod
2451 4645 2698 4727 praescit
2716 4692 2733 4723 ,
2764 4648 2971 4726 potest
2986 4648 3049 4706 et
3067 4643 3252 4707 debet
3275 4642 3372 4704 in-

1832 4751 2070 4832 telligi,
2095 4770 2226 4815 non
2252 4770 2366 4834 per
2392 4753 2810 4816 remotionem
2839 4751 3203 4834 principalis
3233 4751 3368 4831 sig-

1831 4859 2072 4922 nificati
2089 4907 2107 4936 ,
2138 4860 2247 4923 sed
2265 4860 2464 4942 ipsius
2483 4861 2803 4925 connotati
2818 4909 2835 4938 ,
2857 4861 2992 4925 sive
3014 4860 3103 4924 illi
3113 4879 3187 4923 us
3205 4859 3370 4924 ordi-

1833 4966 2627 5051 nisiipsiustemporalisad
2640 4968 3369 5049 aeoernum,q11iquiden1

1832 5078 1927 5138 est
1949 5075 2327 5155 contingens
2352 5076 2597 5139 ratione
2623 5075 2906 5154 alterius,
2937 5075 3169 5155 scilicet
3198 5079 3368 5139 tem-

1834 5181 2090 5263 poralis,
2113 5181 2562 5263 Contingentia
2578 5200 2734 5264 ergo
2759 5184 2941 5247 estin
2966 5183 3145 5247 totali
3173 5184 3362 5263 dicto,

1833 5287 1986 5371 quia
2007 5293 2307 5353 connotat
2327 5289 2565 5372 aliquid
2595 5307 2729 5354 esse
2752 5307 2984 5354 verum
3020 5290 3099 5354 de
3123 5291 3364 5372 futuro,

1835 5394 2005 5483 quod
2024 5397 2283 5480 quidem
2301 5402 2396 5463 est
2407 5398 2782 5486 contingens
2800 5420 2814 5463 :
2834 5403 2898 5464 et
2912 5398 3036 5465 1100
3053 5403 3230 5489 patet
3252 5401 3364 5471 sic.
