4125 6225
1192 444 1390 514 DIST.
1435 443 1620 513 XLll.
1660 441 1839 514 ΛΒΤ.
1887 448 1933 514 1.
1980 446 2279 528 QUAEST.
2325 453 2375 520 1.

236 594 279 656 ct
294 588 473 655 confla
485 586 664 650 hunc
681 587 780 650 aet
801 586 1000 663 vinci,
1021 590 1084 667 et
1115 587 1429 668 superari.
1464 587 1542 650 Et
1565 590 1721 649 nota

235 698 357 783 quod
381 714 450 761 ex
489 695 588 758 his
613 712 765 778 quae
790 694 1093 759 dicuntur
1114 742 1134 774 ,
1160 697 1440 777 quatuor
1482 711 1723 775 genera

235 812 436 871 actuum
474 806 890 868 removentur
921 823 961 867 a
997 802 1124 868 Deo
1147 852 1166 883 ,
1215 802 1449 867 scilicet
1496 819 1725 883 corpo-

236 914 355 979 rales
376 914 498 977 sive
529 911 1075 991 instrumentaleS,
1110 915 1186 975 ut
1213 929 1509 991 currere3
1543 913 1724 974 actus

238 1020 541 1104 culpabiles,
563 1024 636 1085 ut
652 1039 937 1104 peccare,
958 1019 1246 1100 mentiri;
1265 1024 1444 1085 actus
1462 1019 1720 1104 passivi,

237 1133 289 1192 ut
301 1128 462 1207 vinci,
485 1130 545 1190 et
561 1126 849 1210 superari
866 1149 884 1206 ;
908 1130 1087 1192 actus
1104 1126 1421 1207 defectivi,
1442 1130 1515 1191 ut
1533 1125 1720 1206 mori,

237 1239 282 1299 ct
299 1234 430 1312 falli,
460 1234 609 1317 quia
643 1235 886 1298 habent
925 1234 1272 1317 potentiam
1319 1236 1729 1317 conjunctam

239 1340 475 1405 defectui.
520 1339 598 1404 Et
633 1341 783 1406 inde
823 1341 994 1405 elicit
1038 1340 1338 1424 Magister
1383 1341 1726 1425 perfectam

237 1448 500 1512 rationem
515 1448 839 1531 potentiae,
861 1467 1010 1532 quae
1038 1453 1243 1533 potest
1257 1449 1481 1515 omnia
1497 1450 1724 1530 facere,

240 1557 284 1618 ct
300 1555 438 1618 nihil
460 1556 608 1639 pati.

826 1690 965 1736 nun.
1013 1688 1103 1735 ιν.

237 1798 332 1850 'ram
344 1799 498 1866 ample
524 1806 576 1852 et
591 1800 1117 1924 generaliteglagceptit
1134 1799 1327 1865 omnia,
1347 1802 1407 1852 ut
1425 1801 1579 1853 etiam
1595 1800 1732 1854 mala

809 1886 864 1923 m
915 1888 948 1923 u
983 1887 1070 1924 ere
1096 1908 1111 1923 .

297 1987 531 2055 Videtur
565 1991 796 2056 falsum
840 1990 1048 2056 dicere
1070 2040 1088 2071 ,
1140 1990 1293 2074 quia
1330 1994 1443 2055 aut
1486 1991 1731 2056 malum

241 2095 539 2162 includitur
562 2099 808 2163 ratione
836 2097 1180 2174 substrati,
1209 2100 1323 2161 aut
1348 2096 1590 2161 ratione
1616 2095 1734 2162 de·-

240 2201 527 2269 formitatis
556 2227 572 2269 :
599 2223 731 2269 non
756 2205 1003 2270 ratione
1036 2203 1333 2269 substrati
1359 2202 1730 2285 includitur,

243 2310 361 2391 quia
392 2312 540 2374 actio
575 2313 743 2378 mala
763 2362 782 2393 ,
815 2313 1059 2378 ratione
1103 2312 1366 2377 actionis
1391 2312 1731 2393 substrati,

242 2421 317 2480 est
341 2437 376 2482 a
406 2419 611 2484 divina
637 2422 954 2504 potentia;
983 2438 1116 2485 non
1149 2420 1392 2485 ratione
1431 2420 1737 2485 deformi-

245 2526 387 2607 tatis,
415 2529 556 2610 quia
582 2548 729 2594 cum
753 2530 863 2594 illa
895 2530 977 2595 sit
1014 2529 1381 2614 simpliciter
1420 2547 1554 2595 non
1578 2547 1694 2594 ens
1713 2577 1731 2610 ‚

245 2648 350 2697 uon
370 2635 607 2700 videtur
631 2654 815 2720 posse
839 2635 1102 2701 includi.

308 2738 468 2824 Resp.
513 2741 862 2807 Dicendum
904 2743 1079 2826 quod
1131 2741 1378 2806 malum
1429 2741 1740 2825 accipitur

247 2848 446 2913 ratione
471 2849 878 2915 deformitatis
905 2870 922 2914 ε
949 2854 1013 2916 et
1037 2849 1347 2935 quoniam
1375 2850 1593 2917 omnia
1618 2850 1743 2915 dis-

247 2954 429 3021 tribuit
451 2958 535 3022 ibi
551 2977 668 3041 pro
685 2959 1117 3043 possibilibuS,
1140 2963 1203 3024 et
1217 2958 1519 3041 possibile
1538 2962 1743 3042 potest

248 3063 408 3147 accipi
426 3066 802 3148 generaliter
817 3070 951 3132 tam
964 3086 1001 3132 a
1023 3066 1300 3150 potentia
1319 3066 1528 3132 activa
1544 3084 1743 3149 quam

247 3166 503 3238 defectiva
521 3222 538 3251 ‚
581 3174 674 3239 sic
714 3174 1018 3258 accipitur
1056 3174 1266 3257 ample
1284 3222 1301 3253 ,
1346 3177 1410 3237 et
1454 3191 1742 3256 compre-

248 3273 431 3343 hendit
449 3280 728 3361 malum,
760 3284 823 3345 et
861 3280 952 3344 sic
976 3280 1276 3362 intelligit
1310 3280 1738 3362 Augustinus,

253 3381 364 3448 Alio
393 3386 571 3452 modo
591 3436 608 3466 ‚
640 3390 717 3452 ut
758 3387 1057 3470 possibile
1094 3386 1342 3451 dicatur
1382 3406 1421 3451 a
1464 3386 1745 3470 potentia

257 3508 370 3573 quae
392 3494 730 3560 secundum
757 3513 897 3559 rem
922 3498 987 3560 et
1013 3494 1277 3559 modum
1307 3499 1402 3559 est
1424 3493 1740 3577 potentia;

259 3603 309 3662 et
324 3605 454 3665 tunc
475 3603 726 3685 proprie
753 3603 1096 3686 accipitur;
1125 3605 1192 3667 et
1213 3606 1369 3666 tunc
1391 3620 1523 3666 non
1552 3601 1747 3666 conti-

259 3709 404 3771 netur
416 3708 500 3773 ibi
516 3709 784 3790 malum,
806 3713 869 3774 et
891 3710 981 3773 sic
1001 3709 1309 3793 accipitur
1325 3708 1396 3772 in
1419 3706 1747 3773 communi

259 3824 380 3893 usu,
405 3833 542 3880 cum
568 3817 842 3882 dicimus
877 3816 1081 3882 Deum
1118 3818 1637 3900 omnipotentem.
1668 3814 1748 3882 Et

262 3917 328 3982 sic
344 3925 491 4003 patet
518 3925 688 4008 quod
711 3926 1010 4009 quamvis
1036 3944 1168 3991 non
1195 3926 1595 3991 contineatur
1623 3925 1746 3990 sub

266 4029 389 4109 ente,
409 4048 527 4096 non
553 4035 768 4099 tamen
787 4037 883 4099 est
910 4033 1120 4099 simile
1144 4035 1224 4100 de
1249 4034 1555 4118 potentia.

853 4228 998 4278 mm.
1027 4230 1098 4278 V·

274 4346 398 4405 Homo
414 4358 589 4423 autem,
616 4358 700 4409 vel
729 4359 961 4425 angelus,
989 4359 1261 4425 gratuitam
1282 4360 1440 4413 habet
1462 4361 1746 4426 potentiam

760 4445 864 4497 qua
887 4437 1071 4497 potens
1094 4436 1187 4484 est.

330 4560 552 4630 Videtur
581 4568 746 4633 male
784 4569 994 4635 dicere
1015 4618 1035 4647 ‚
1085 4571 1239 4654 quia
1281 4571 1613 4653 generatio
1656 4576 1751 4637 est

279 4670 412 4733 aetus
439 4674 721 4739 naturalis
732 4723 756 4756 ,
794 4695 948 4741 cum
988 4677 1132 4760 quis
1172 4681 1436 4760 generet
1476 4678 1749 4743 similem

279 4776 334 4841 in
351 4781 587 4846 natura:
615 4802 769 4866 ergo
810 4789 904 4848 est
930 4785 1212 4869 potentia
1251 4786 1565 4850 naturalis
1594 4808 1610 4851 ;
1641 4785 1751 4851 sed

283 4892 383 4944 non
401 4881 509 4966 Dei,
529 4890 669 4971 quia
694 4888 860 4955 Deus
884 4909 1017 4957 non
1052 4892 1427 4957 naturaliter
1455 4892 1751 4976 producit

285 4980 549 5057 hominem
576 5019 590 5060 z
634 5016 789 5080 ergo
828 5002 925 5064 est
966 4999 1249 5064 hominis
1288 5020 1306 5065 ε
1354 5020 1512 5084 ergo
1554 5001 1749 5066 homo

291 5087 437 5160 habet
453 5105 764 5180 potentiam
791 5106 1173 5173 naturalem.

344 5216 538 5290 walth„
556 5239 726 5297 xxvm,
749 5235 825 5284 18.
842 5257 909 5271 -
929 5233 1147 5298 'Marc.,
1171 5243 1247 5297 1¹,
1270 5236 1347 5286 22.

569 5548 808 5601 ῚὉΙ.Πο

1836 1771 2021 1837 tuita.

3252 462 3369 529 {29

1910 585 2094 669 Resp.
2162 589 2511 655 Dicendum
2565 593 2737 674 quod
2795 597 3081 660 naturale
3137 597 3371 666 dicitur

1828 690 2170 776 dupliciter
2202 718 2217 761 ε
2239 715 2374 762 uuo
2396 699 2583 763 modo
2601 699 3168 784 diciturnaturale,
3194 705 3369 788 quod

1828 798 2105 866 habetur
2131 822 2171 867 a
2210 807 2440 869 natura
2455 855 2474 887 ,
2521 809 2585 871 et
2620 808 2970 873 secundum
3015 828 3369 877 consonan-

1829 907 1983 972 tiam
2015 914 2299 991 naturae3
2328 916 2391 977 et
2415 913 2509 978 sic
2548 920 2854 980 creaturae
2887 917 3107 983 multae
3130 919 3370 987 habent

1829 1017 2140 1099 potentias
2162 1020 2505 1085 naturales.
2534 1021 2677 1086 Alio
2702 1023 2890 1088 modo
2917 1024 3147 1091 dicitur
3172 1030 3370 1093 natu-

1831 1125 1983 1189 ralis
2004 1128 2307 1209 potentia,
2338 1147 2487 1211 quae
2513 1129 2678 1195 inest
2698 1131 2886 1196 alicui
2911 1150 3026 1216 per
3045 1134 3370 1217 propriam

1832 1237 2130 1299 naturam
2149 1284 2168 1316 ,
2198 1237 2287 1301 ita
2312 1239 2502 1320 quod¹
2526 1256 2657 1304 non
2690 1258 2806 1323 per
2830 1239 3021 1305 aliam
3055 1259 3174 1307 nec
3208 1242 3371 1309 dan-

1835 1344 1964 1406 tem
1987 1390 2004 1419 ,
2036 1362 2161 1409 nec·
2190 1328 2667 1412 conservantem
2700 1369 2714 1412 ε
2759 1350 2823 1411 et
2857 1348 2980 1413 hoc
3026 1350 3213 1416 modo
3239 1350 3374 1418 sola

1833 1449 2041 1514 virtus
2069 1451 2286 1517 divina
2301 1457 2396 1517 est
2420 1453 2761 1536 naturalis3
2782 1456 2993 1520 omnis
3008 1459 3226 1522 autem
3250 1459 3375 1525 alia

1834 1575 1876 1620 a
1897 1555 2025 1622 Deo
2058 1562 2153 1623 est
2177 1558 2519 1626 liberaliter
2544 1562 2719 1643 data,
2749 1567 2812 1627 et
2833 1563 3179 1631 liberaliter
3217 1584 3370 1632 con-

1835 1667 2149 1747 servatur,
2177 1669 2242 1731 et
2274 1666 2619 1749 adjuvatur
2644 1672 2721 1736 ut
2745 1673 2920 1753 agat,
2956 1673 3021 1735 et
3049 1669 3191 1737 ideo
3220 1689 3373 1755 gra-

2484 1875 2623 1923 DUB.
2667 1876 2734 1923 V.

1889 1978 2023 2031 Vere
2050 1992 2112 2031 ac
2137 1980 2344 2044 proprie
2368 1980 2586 2033 Trinitas
2614 1985 2750 2034 Deus
2770 1984 3097 2051 omnipotens
3123 1986 3325 2039 dicitur.

1918 2091 2185 2159 Videtur
2209 2112 2342 2161 non
2363 2115 2594 2163 verum
2621 2099 2824 2166 dicere
2839 2150 2856 2180 ‚
2883 2102 3035 2185 quia
3061 2122 3193 2168 non
3221 2104 3377 2169 dici-

1840 2200 1950 2264 tur
1981 2201 2236 2284 proprie
2270 2202 2653 2269 omnisciens
2681 2225 2700 2270 ε
2740 2225 2897 2290 ergo
2937 2227 3056 2274 nec
3084 2210 3380 2294 omnipo-

1840 2311 2001 2372 tens,
2025 2308 2185 2374 Item
2204 2315 2223 2351 ¹
2247 2311 2448 2378 :Data
2467 2316 2561 2379 cst
2585 2313 2752 2379 mihi
2774 2316 2982 2381 omnis
2996 2320 3278 2398 potestas
3306 2317 3383 2383 in

1842 2415 2017 2495 caele,
2044 2422 2106 2483 et
2134 2419 2427 2486 interra.
2456 2418 2534 2485 Et
2560 2420 2638 2486 de
2658 2420 2798 2486 aliis
2828 2422 3101 2504 videtur,
3136 2423 3290 2506 quia
3308 2424 3332 2459 ¹
3363 2445 3378 2489 ι

1848 2524 1922 2591 Si
1950 2530 2131 2607 potes
2158 2525 2405 2594 credere
2420 2575 2438 2607 ‚
2468 2529 2688 2596 omnia
2704 2529 3043 2612 possibilia
3070 2538 3224 2600 sunt
3247 2548 3385 2599 cre-

1845 2631 2051 2701 denti.

1929 2740 2113 2826 Resp.
2165 2741 2510 2810 Dicendum
2564 2745 2737 2828 quod
2790 2745 3246 2830 omnipotentia
3292 2751 3388 2813 est

1845 2850 2042 2915 solius
2067 2848 2177 2914 Dei
2202 2851 2477 2934 proprie,
2507 2853 2664 2935 quia
2688 2852 2838 2918 dicit
2866 2854 3215 2937 potentiam
3242 2854 3388 2919 infl-

1847 2956 2049 3020 nitam
2072 3005 2091 3035 ,
2132 2975 2279 3039 quae
2314 2957 2386 3022 in
2426 2958 2607 3023 nulla
2635 2964 2839 3043 potest
2878 2979 3016 3027 esse
3056 2965 3344 3027 creatura
3366 3011 3384 3041 ‚

1848 3063 2059 3127 necin
2087 3061 2354 3146 Christo,
2384 3083 2503 3131 nec
2531 3066 2598 3130 in
2624 3066 2751 3132 alio
2777 3068 3132 3135 secundum
3161 3069 3390 3135 huma-

1850 3188 2004 3235 nam
2037 3177 2359 3237 naturam.
2401 3172 2477 3238 Et
2520 3173 2644 3239 hoc
2679 3175 2909 3240 melius
2942 3176 3182 3260 patebit
3214 3176 3385 3242 alibi.

1851 3275 2028 3343 Unde
2054 3279 2109 3342 si
2128 3280 2374 3345 dicatur
2398 3281 2477 3346 de
2495 3280 2740 3347 Christo
2761 3284 3243 3367 omnipotentia,
3268 3286 3393 3352 hoc

1850 3384 2229 3469 intelligitur
2253 3388 2606 3454 secundum
2629 3390 3007 3458 idiomatum
3030 3395 3394 3459 communi-

1852 3492 2188 3560 cationem.
2229 3494 2295 3561 Si
2321 3501 2535 3562 autem
2563 3499 2808 3564 dicatur
2845 3500 2924 3566 de
2960 3502 3356 3568 credentibus
3371 3553 3390 3582 ,

1852 3600 2209 3669 distributio
2232 3608 2326 3669 est
2351 3606 2758 3674 accommoda
2780 3608 2991 3675 solum
3011 3609 3090 3676 de
3115 3593 3393 3677 miraeu—

1851 3707 1931 3774 lis
1957 3728 1976 3775 :
2004 3714 2070 3775 et
2094 3710 2188 3776 sic
2212 3715 2383 3796 patet
2402 3714 2580 3781 illud.

2320 3968 2806 4044 ARTICULUS
2860 3974 2917 4044 Ι.

1914 4142 2034 4207 'Ad
2057 4141 2543 4226 intelligentiam
2568 4146 2770 4232 hujus
2803 4148 3217 4216 distinctionis
3243 4170 3397 4235 qua-

1854 4252 2005 4315 tuor
2026 4255 2452 4334 quaeruntur:
2489 4253 2699 4337 primo
2713 4303 2730 4333 ‚
2760 4259 2978 4322 utrum
3009 4256 3176 4323 Deus
3202 4260 3398 4342 possit

1857 4357 2100 4442 aliquid
2117 4359 2293 4425 aliud
2316 4378 2355 4425 a
2374 4378 2443 4426 se
2461 4379 2479 4443 ;
2504 4362 2802 4445 secundo,
2823 4363 2969 4431 dato
2985 4366 3153 4449 quod
3174 4366 3392 4450 possit,

1858 4468 2173 4549 quaeritur
2215 4472 2439 4534 utrum
2481 4470 2678 4553 possit
2716 4471 2785 4535 in
2830 4488 3023 4538 omne
3068 4474 3240 4557 quod
3289 4475 3395 4539 alii

1858 4576 2076 4656 agenti
2126 4578 2220 4640 est
2256 4577 2585 4660 possibile3
2630 4579 2818 4643 tertio
2839 4627 2856 4659 ,
2905 4583 3129 4645 utrum
3179 4582 3395 4648 divina

1859 4682 2142 4763 potentia
2185 4703 2252 4750 se
2287 4685 2585 4751 extendat
2624 4686 2704 4751 ad
2753 4705 2946 4752 omne
2988 4688 3146 4754 illud
3165 4737 3182 4767 ‚
3225 4691 3396 4773 quod

1859 4789 1969 4853 alii
2007 4793 2228 4872 agenti
2263 4796 2357 4857 est
2391 4794 2809 4878 impossibile3
2860 4802 3088 4879 quarto
3105 4844 3124 4878 ,
3172 4799 3395 4862 utrum

1858 4897 2155 4979 possibile
2189 4898 2438 4966 dicatur
2476 4900 2711 4985 aliquid
2753 4902 3118 4987 simpliciter
3160 4921 3396 4970 secuu-

1859 5004 2017 5069 dum
2058 5024 2279 5072 causas
2304 5009 2693 5092 superiores,
2737 5010 2871 5075 sive
2892 5011 3250 5076 secundum
3275 5029 3395 5095 po-

1857 5111 2123 5176 tentiam
2150 5114 2434 5180 divinam
2448 5164 2467 5193 ‚
2498 5116 2603 5181 vel
2635 5116 2987 5182 secundum
3025 5117 3355 5184 inferiores
3368 5168 3390 5201 ,

1856 5218 1992 5284 sive
2014 5220 2366 5287 secundum
2390 5224 2731 5307 potentiam
2764 5227 3061 5290 creatam.
