4125 6225
1260 393 1454 460 DIST.
1496 393 1674 462 XLV.
1718 394 1902 459 ΛΒΤ.
1948 395 2056 460 ΙΙΙ.
2103 395 2402 474 QUAEST.
2446 398 2526 461 Il.

319 531 474 597 Item
518 530 681 596 ratio
726 531 919 596 dictat
933 580 953 612 ,
1006 531 1160 614 quia
1201 530 1528 595 communi
1580 548 1707 593 usu
1754 530 1854 593 lo·-

318 637 553 723 quendi
607 639 1063 703 consuevimus
1120 641 1513 721 praeceptum
1566 641 1857 701 nostrum

318 751 713 816 voluntatem
757 751 1095 833 appellare.
1141 748 1405 832 Propter
1447 748 1571 812 hoc
1615 748 1855 812 intelli-

319 857 625 939 gendum,
654 858 827 939 quod
851 857 1015 922 sicut
1044 875 1173 922 non
1203 855 1473 920 absurde
1504 855 1857 920 intellectus

320 963 550 1027 dicitur
571 964 671 1027 vis
700 963 1084 1028 intellectiva
1108 968 1172 1026 et
1196 963 1405 1046 ipsum
1440 962 1851 1042 intellectum,

320 1069 405 1134 ita
429 1070 727 1134 voluntas
748 1069 979 1134 dicitur
1000 1070 1135 1153 ipsa
1153 1070 1251 1134 vis
1276 1067 1530 1132 volendi
1550 1072 1614 1132 et
1642 1067 1855 1149 ipsum

319 1177 608 1241 volitum.
630 1177 707 1242 Et
724 1177 879 1258 quia
891 1178 1187 1241 voluntas
1203 1176 1308 1240 Dei
1321 1175 1656 1240 innotescit
1674 1175 1856 1240 nobis

318 1301 429 1365 per
468 1284 736 1349 volitum
770 1289 1076 1366 tanquam
1118 1302 1233 1366 per
1272 1283 1519 1347 visibile
1565 1282 1849 1363 signum,

319 1394 380 1454 et
401 1392 664 1472 signum
692 1392 977 1474 estquod
1000 1391 1147 1455 facit
1167 1392 1233 1454 in
1262 1390 1435 1454 aliud
1460 1390 1678 1454 venire
1697 1389 1852 1452 dum

317 1498 497 1561 offert
533 1517 602 1562 se
642 1500 898 1576 sensui;
942 1498 1093 1563 inde
1120 1501 1216 1562 est
1242 1497 1415 1578 quod
1456 1496 1854 1560 voluntatem

316 1602 422 1666 Dei
453 1605 801 1669 dividimus
827 1604 899 1668 in
929 1605 1325 1670 voluntatem
1351 1603 1723 1686 beneplaciti
1741 1652 1759 1681 ,
1788 1610 1853 1667 et

316 1710 382 1773 in
412 1712 811 1777 voluntatem
837 1712 1032 1793 signi.

394 1823 451 1880 1.
490 1819 588 1883 Ad
626 1820 788 1884 illud
828 1820 995 1902 quod
1040 1819 1338 1902 obJ’icitur
1369 1821 1446 1885 de
1488 1819 1747 1884 scientia
1789 1823 1851 1883 et
1926 1895 1932 1902 .

316 1926 620 2006 potentia,
661 1926 1035 2003 dicendum,
1080 1927 1252 2009 quod
1298 1928 1435 2010 ipsa
1464 1927 1757 1991 voluntas
1783 1945 1851 1991 se

314 2029 501 2095 habet
528 2032 962 2098 immediatius
991 2033 1072 2098 ad
1099 2052 1222 2110 185,
1253 2037 1316 2097 et
1349 2038 1563 2097 tamen
1602 2052 1733 2099 non
1761 2035 1851 2097 sic

314 2136 720 2203 determinate
759 2140 826 2201 in
859 2139 1096 2204 futuris
1132 2139 1673 2204 indifferentibus:
1706 2141 1848 2205 ideo

313 2244 599 2327 indigent
626 2247 811 2310 certis
848 2246 1073 2328 signis.
1116 2245 1193 2310 Et
1224 2251 1530 2328 praeterea
1559 2265 1706 2311 cum
1735 2247 1843 2310 de-

312 2353 572 2418 beamus
602 2372 720 2417 nos
765 2354 857 2417 illi
901 2354 1294 2418 conformare
1313 2401 1330 2431 ,
1377 2358 1691 2437 oporteret
1728 2372 1847 2417 nos

311 2457 510 2541 ipsam
550 2478 971 2541 cognoscere:
1022 2461 1131 2524 sed
1180 2461 1398 2524 divina
1444 2461 1707 2525 scientia
1752 2465 1848 2525 est

310 2570 593 2648 respectu
637 2568 961 2647 omnium,
1009 2568 1298 2632 similiter
1338 2572 1399 2633 et
1440 2569 1747 2651 potentia,
1784 2573 1846 2632 et

312 2680 612 2756 praeterea
631 2676 842 2740 neutri
860 2680 1108 2759 oportet
1126 2695 1241 2740 nos
1255 2677 1681 2741 conformare:
1704 2676 1843 2740 ideo

310 2798 431 2844 non
466 2781 559 2845 sic
593 2783 825 2847 dicitur
866 2783 1124 2847 scientia
1154 2783 1323 2864 signi
1342 2831 1360 2863 ,
1393 2783 1498 2847 vel
1527 2783 1838 2865 potentia,

309 2886 469 2951 sicut
490 2889 788 2954 voluntas
815 2889 1072 2953 dicitur.

385 3000 443 3059 Ξ.
489 2996 585 3060 Ad
636 2997 795 3061 illud
839 2997 1012 3080 quod
1056 2997 1388 3079 objicitur,
1443 3001 1663 3062 utrum
1716 2998 1843 3062 sint

306 3102 488 3185 signa
530 3106 875 3186 naturalia,
923 3107 1026 3173 vel
1072 3107 1466 3186 voluntaria,
1497 3107 1839 3172 dicendum

305 3207 471 3289 quod
495 3209 760 3289 signum
787 3214 882 3273 est
919 3228 1062 3288 ens,
1092 3215 1155 3274 et
1180 3215 1273 3275 est
1299 3211 1560 3292 signum
1588 3233 1602 3275 :
1636 3215 1843 3294 potest

304 3332 456 3396 ergo
498 3316 621 3380 dici
660 3317 947 3381 naturale
993 3318 1061 3381 in
1096 3321 1411 3399 quantum
1447 3337 1594 3397 ens,
1636 3320 1737 3383 vel
1770 3320 1839 3381 in

303 3430 613 3504 quantum
643 3424 922 3505 signum.
956 3422 1159 3506 Signa
1181 3443 1337 3505 ergo
1363 3426 1733 3501 voluntatiS,
1768 3426 1837 3489 in

304 3536 613 3611 quantum
642 3531 834 3609 entia,
865 3530 1227 3594 voluntaria
1253 3538 1433 3609 sunt,
1473 3535 1626 3616 quia
1654 3552 1692 3597 a
1720 3553 1837 3597 vo-

302 3633 567 3715 luntate3
587 3637 695 3702 sed
713 3636 1028 3701 naturalia
1041 3639 1272 3702 suntin
1290 3643 1603 3721 quantum
1625 3641 1831 3721 signa,

303 3743 446 3823 quia
500 3744 873 3808 naturaliter
916 3746 1312 3826 significant,
1364 3747 1530 3811 sicut
1575 3749 1835 3812 effectus

303 3851 667 3915 naturaliter
697 3852 1060 3933 significant
1083 3872 1361 3917 causam.

377 3962 433 4021 3.
479 3959 575 4023 Ex
621 3958 741 4022 hoc
784 3962 953 4040 patet
1003 3978 1306 4041 sequenS,
1357 3962 1510 4042 quia
1547 3979 1650 4025 res
1697 3980 1831 4027 non

303 4068 768 4131 communicant
796 4068 982 4149 signo
1009 4069 1192 4132 dato:
1226 4072 1703 4135 communicant
1733 4077 1830 4135 ta-

306 4192 446 4239 men
486 4176 675 4256 signo
720 4176 1033 4255 naturali,
1079 4181 1155 4239 ut
1197 4182 1405 4259 patet,
1442 4197 1595 4241 nam
1643 4180 1832 4243 urina

301 4282 522 4347 dicitur
546 4301 701 4346 sana
718 4330 734 4358 ,
765 4283 919 4364 quia
945 4286 1039 4346 est
1065 4285 1332 4363 signum
1356 4285 1692 4349 sanitatis:
1736 4292 1832 4350 est

303 4390 463 4455 enim
487 4390 752 4471 signum
773 4390 945 4471 quod
963 4396 1260 4455 causatur
1277 4393 1649 4456 naturaliter
1670 4412 1686 4456 ε
1707 4393 1830 4458 1100

301 4514 423 4561 11011
437 4502 530 4561 est
543 4496 643 4560 vel
661 4497 1040 4576 generaliter
1058 4516 1310 4577 verum,
1328 4517 1447 4562 nec
1471 4501 1826 4565 secundum

302 4604 600 4669 sermonis
608 4604 1073 4686 proprietatem,
1087 4604 1195 4667 sed
1208 4605 1558 4669 secundum
1570 4612 1827 4690 tropum

265 4704 276 4716 '
303 4709 623 4793 loquendi,
652 4711 817 4775 sicut
851 4711 1056 4791 tangit
1077 4710 1378 4792 Magister
1399 4713 1468 4777 in
1493 4713 1730 4793 littera;
1764 4711 1828 4779 et

301 4819 450 4883 ratio
496 4816 914 4882 transferendi
960 4820 1055 4880 est
1106 4817 1452 4884 similitudo
1507 4827 1826 4904 comperta

358 5014 376 5048 ¹
404 5014 481 5078 Cf.
522 5014 665 5065 Alex.
700 5013 893 5077 Alens„
934 5016 1067 5077 part.
1103 5016 1152 5077 1,
1192 5031 1247 5080 q.
1283 5028 1478 5082 xxxvr,
1525 5022 1718 5071 memb.
1762 5026 1819 5087 15

303 5084 349 5135 S.
385 5086 585 5150 Thom.,
625 5087 759 5149 part.
804 5086 857 5146 Ι,
910 5099 963 5148 q.
1022 5096 1141 5148 xlx,
1182 5092 1278 5139 art.
1334 5092 1422 5153 123
1479 5095 1531 5141 et
1587 5094 1602 5141 l
1659 5094 1820 5155 Seni„

305 5156 410 5206 dist.
439 5170 566 5221 xm,
597 5172 651 5222 q.
680 5169 732 5219 1,
773 5160 869 5206 art.
897 5160 957 5219 43
987 5162 1039 5208 et
1077 5158 1138 5207 de
1173 5159 1352 5219 Verit„
1380 5176 1430 5226 q.
1461 5174 1558 5213 1111
1581 5203 1592 5222 ,
1631 5170 1728 5215 art.
1760 5169 1821 5231 33

303 5227 459 5293 AEgid.
488 5232 658 5292 Rom„
682 5229 702 5278 1
727 5229 883 5288 Sent„
913 5229 1027 5281 dist.
1050 5242 1169 5295 ην,
1191 5247 1245 5298 p.
1277 5233 1366 5291 111,
1397 5249 1450 5299 q.
1478 5248 1530 5298 1;
1564 5238 1822 5306 Richard.,

305 5297 499 5365 lSeut.‚
543 5302 659 5352 dist.
686 5312 816 5362 ην,
848 5306 943 5350 art.
967 5306 1028 5365 3,
1073 5318 1124 5368 q.
1157 5317 1207 5368 13
1249 5305 1500 5357 Francisc.
1536 5309 1599 5359 de
1636 5313 1820 5379 Mayr.,

304 5369 318 5418 1
346 5371 496 5436 sent„
528 5373 644 5425 dist.
673 5383 803 5434 nx,
839 5386 891 5439 q.
914 5384 1007 5437 11¹3
1053 5377 1308 5429 Μαι-51111111
1337 5380 1571 5444 luguen„
1608 5383 1625 5435 1
1660 5382 1820 5448 Seni„

3381 402 3496 462 18¹1

1962 531 2130 596 inter
2156 532 2420 613 signum
2440 533 2612 615 quod
2630 533 3001 598 naturaliter
3019 533 3254 614 signat,
3283 535 3348 596 et
3371 532 3501 614 sig-

1972 643 2222 703 natum.

2043 750 2105 809 4.
2149 746 2247 810 Ad
2289 745 2447 809 illud
2472 746 2645 828 quod
2677 747 3004 830 objicitur,
3037 746 3285 810 ratione
3313 747 3502 828 cujus

1962 858 2113 917 sunt
2155 855 2379 935 signa,
2434 854 2774 918 dicendum
2817 854 2987 937 quod
3031 854 3276 918 ratione
3321 857 3501 916 actus

1963 963 2154 1026 creati
2181 980 2294 1044 per
2324 963 2863 1045 comparationem
2887 963 2965 1026 ad
2993 962 3350 1043 objectum:
3383 960 3499 1025 ob-

1956 1069 2200 1150 jectum
2224 1070 2397 1132 enim
2416 1070 2806 1144 innotescere
2833 1069 2980 1132 facit
2998 1069 3392 1132 voluntatem
3424 1070 3499 1130 ut

1961 1179 2055 1239 est
2086 1176 2205 1239 sub
2232 1181 2377 1241 actu
2420 1176 2881 1259 praeceptioniS,
2924 1181 2987 1239 et
3030 1174 3494 1258 prohibitionis,

1960 1288 2024 1347 et
2074 1284 2463 1366 huiusmodi.
2505 1283 2681 1348 Unde
2723 1283 2846 1347 hoc
2888 1284 3058 1366 quod
3103 1281 3495 1364 praecipitur,

1960 1390 2221 1471 signum
2239 1395 2333 1455 est
2360 1391 2730 1467 voluntatis,
2755 1392 2824 1453 in
2846 1395 3162 1473 quantum
3187 1388 3493 1471 praecipit.

2484 1624 2840 1704 QUAESTIO
2884 1624 2962 1690 11.

2079 1777 2205 1846 Quoe
2231 1782 2282 1833 et
2310 1782 2438 1850 quot
2460 1781 2574 1835 sint
2596 1782 2757 1849 siqua
2786 1778 2986 1835 divinoe
3004 1779 3307 1835 voluntatis
3324 1784 3367 1833 ¹.

2037 1924 2412 1992 Denumero
2425 1933 2488 1992 et
2505 1927 2880 1992 sufficientia
2898 1926 3233 2009 signorum
3255 1926 3493 1991 divinae
3525 1953 3595 1997 Aa
3627 1966 3731 2009 opp.

1958 2032 2325 2097 voluntatis.
2367 2034 2442 2099 Et
2469 2036 2645 2118 ponit
2672 2034 2971 2116 Magister
2996 2034 3279 2116 quinque
3305 2033 3496 2115 signa

1956 2155 2105 2219 quae
2137 2140 2543 2238 continentur
2567 2141 2636 2203 in
2666 2141 2790 2205 hoc
2818 2158 3050 2204 versu:

2017 2300 2272 2366 Praecipit,
2301 2306 2353 2352 et
2372 2302 2627 2367 prohibet,
2654 2302 2918 2367 permittit,
2942 2303 3179 2367 consulit,
3200 2302 3395 2368 implet.

2034 2461 2112 2524 Et
2137 2462 2389 2527 videtur
2429 2464 2599 2546 quod
2633 2464 2853 2528 debeat
2883 2481 3119 2546 ponere
3162 2465 3484 2547 pauciora,

1952 2571 2255 2651 quoniam
2283 2572 2545 2652 signum
2577 2576 2640 2636 et
2663 2571 2988 2652 signatum
3010 2573 3312 2635 dicuntur
3338 2591 3489 2636 cor-

1951 2677 2253 2756 relative3
2307 2683 2372 2742 et
2418 2680 2468 2741 si
2515 2696 2723 2742 unum
2772 2678 3204 2759 oppositorum
3254 2678 3491 2742 dicitur

1951 2784 2400 2867 multipliciter,
2437 2790 2500 2848 et
2542 2785 2901 2867 reliquum;
2940 2789 3005 2848 et
3040 2786 3090 2847 si
3122 2803 3330 2849 unum
3361 2802 3492 2848 non

1950 2891 2186 2954 dicitur
2212 2892 2645 2975 multipliciter
2661 2941 2679 2969 ,
2709 2910 2826 2955 nec
2851 2892 3171 2973 reliquum
3187 2938 3204 2968 ,
3239 2910 3352 2973 per
3378 2911 3489 2956 ar-

1949 3003 2077 3061 tem
2107 3000 2544 3081 topicorum¹:
2581 3000 2690 3064 sed
2735 3000 3031 3063 voluntas
3062 2998 3168 3062 Dei
3198 3003 3294 3062 est
3328 3018 3484 3078 una,

1948 3110 2013 3171 et
2038 3126 2171 3172 uno
2197 3109 2386 3173 modo
2422 3128 2490 3173 58
2535 3091 2816 3172 habens:
2870 3126 3028 3190 ergo
3064 3126 3270 3172 unum
3302 3106 3490 3173 debet

1950 3217 2182 3281 babere
2205 3218 2492 3299 signum.

2026 3330 2088 3388 2.
2123 3324 2303 3404 Item,
2331 3330 2445 3389 aut
2483 3325 2673 3406 signa
2696 3323 2836 3387 baec
2872 3322 3357 3403 distinguuntur
3382 3340 3490 3385 ra-

1945 3431 2122 3496 tione
2149 3433 2320 3496 modi
2337 3431 2760 3513 significandi,
2784 3434 2896 3494 aut
2912 3431 3155 3493 ratione
3173 3430 3263 3493 rei
3281 3430 3487 3512 signi-

1947 3540 2148 3602 ficatae
2190 3558 2207 3602 :
2238 3540 2291 3601 si
2322 3539 2567 3602 ratione
2607 3537 2700 3601 rei
2739 3536 3116 3617 significatae
3140 3583 3156 3611 ,
3188 3553 3347 3616 ergo
3391 3540 3486 3599 tot

1944 3647 2175 3711 debent
2202 3666 2337 3710 esse
2364 3647 2572 3728 signa,
2602 3652 2759 3728 quot
2784 3663 2906 3723 185,
2950 3644 3103 3726 quia
3139 3643 3352 3707 omnis
3383 3662 3486 3707 res

1943 3754 2207 3836 signum
2230 3760 2323 3819 est
2351 3754 2585 3819 divinae
2614 3753 2955 3817 voluntatis
2981 3757 3287 3834 tanquam
3328 3771 3486 3816 cau-

1942 3879 2061 3940 sae3
2094 3863 2146 3924 si
2184 3862 2426 3925 ratione
2464 3860 2634 3923 modi
2664 3857 3093 3941 significandi,
3124 3857 3230 3921 sed
3259 3858 3480 3921 eodem

1943 3974 2132 4036 modo
2150 3972 2197 4035 si
2205 3977 2406 4053 gnant
2423 3973 2705 4036 divinam
2732 3972 3126 4035 voluntatem
3145 3970 3483 4053 praeceptio

1939 4085 2003 4144 ct
2025 4080 2405 4163 prohibitio:
2437 4097 2593 4159 ergo
2612 4083 2762 4142 sunt
2786 4096 2989 4141 unum
3015 4078 3301 4157 signum.

2020 4193 2080 4251 3.
2109 4187 2288 4267 Item,
2310 4190 2606 4252 voluntas
2633 4185 2763 4265 Dei,
2794 4186 2958 4252 sicut
2984 4186 3151 4248 infra
3172 4189 3195 4225 ⁸
3219 4187 3477 4268 patebit,

1938 4314 2073 4359 non
2095 4302 2188 4360 est
2206 4300 2495 4378 respectu
2522 4296 2675 4359 mali
2701 4315 2717 4359 :
2750 4313 2910 4377 ergo
2935 4294 3188 4357 nullum
3213 4296 3479 4376 signum

1939 4405 2081 4485 ejus
2106 4404 2290 4467 debet
2315 4404 2511 4487 accipi
2537 4422 2650 4486 per
2672 4402 3207 4484 comparationem
3227 4402 3303 4463 ad
3339 4420 3479 4466 ma-

1938 4511 2112 4574 lum:
2140 4530 2288 4577 cum
2315 4530 2473 4592 ergo
2516 4512 2848 4594 permissio
2889 4514 2951 4574 et
2987 4508 3325 4591 prohibitio
3354 4509 3480 4574 sint

1937 4623 2229 4701 respectu
2255 4619 2430 4696 mali,
2460 4637 2594 4683 non
2616 4623 2768 4682 sunt
2793 4619 2979 4698 signa
3003 4615 3351 4679 voluntatis
3377 4616 3479 4680 di-

1937 4743 2134 4789 vlnae.

2016 4832 2292 4896 Contra:
2345 4831 2525 4910 Quod
2570 4832 2699 4896 sint
2743 4832 2951 4916 plura,
2998 4832 3272 4912 videtur,
3320 4832 3478 4914 qula
3505 4857 3717 4902 Fundam.

1936 4941 2190 5004 cuilibet
2218 4941 2387 5004 bono
2410 4941 2747 5023 respondet
2774 4939 3013 5003 malum
3040 4957 3123 5002 ex
3144 4940 3432 5022 opposito
3454 4958 3470 5017 ;

1935 5049 2068 5112 imo
2107 5049 2222 5112 uni
2269 5049 2437 5112 bono
2481 5048 2666 5130 plura
2709 5047 2877 5110 mala
2927 5069 2941 5109 z
2991 5063 3148 5127 ergo
3184 5051 3316 5124 tot,
3366 5045 3475 5109 vel

1935 5188 1987 5233 α.
2006 5186 2150 5236 xnus,
2165 5176 2262 5224 art.
2280 5178 2334 5236 2;
2363 5172 2538 5237 Steph.
2558 5171 2765 5234 Bruler.,
2787 5172 2984 5232 ISent„
3004 5170 3122 5221 dist.
3145 5182 3265 5235 ην,
3288 5184 3339 5235 q.
3358 5170 3471 5232 ult.;

1936 5247 2114 5295 Petrus
2133 5246 2197 5295 de
2223 5248 2445 5307 Tan-ant„
2474 5245 2488 5291 1
2512 5244 2669 5301 Seni„
2694 5242 2811 5291 dist.
2831 5254 2952 5305 nv,
2974 5257 3027 5306 q.
3053 5253 3168 5291 vm.
3188 5268 3247 5279 —
3265 5247 3284 5275 ¹
3302 5242 3474 5303 Arist„

1937 5317 2097 5380 Topic.
2124 5316 2214 5366 lib.
2242 5318 2295 5378 1,
2323 5331 2367 5367 c.
2404 5328 2462 5380 11,
2489 5318 2635 5365 tract.
2659 5324 2708 5365 lv
2737 5314 2874 5364 med.
2900 5341 2961 5351 —
2991 5317 3012 5348 ὃ
3032 5313 3158 5364 Dist.
3185 5326 3311 5366 nvi
3342 5327 3472 5387 aeq.⁸

1933 5401 1986 5455 q.
2007 5397 2069 5441 11,
