4125 6225
760 499 878 559 276

755 633 946 694 testas
964 624 1292 692 coercendi
1317 623 1633 703 subditos,
1664 626 1727 687 et
1748 621 1870 686 hoc
1894 621 2018 686 fuit
2037 637 2288 702 semper

754 731 824 796 in
852 730 999 795 Deo.
1028 728 1426 793 Contrarium
1448 731 1666 790 autem
1701 725 1976 804 videtur,
2004 723 2159 804 quia
2179 739 2287 786 re-

756 839 950 903 lativa
971 836 1165 900 simul
1188 840 1340 900 sunt
1368 837 1596 898 natura
1627 856 1642 897 :
1674 836 1735 897 et
1756 849 1980 896 servus
2005 849 2138 895 non
2166 830 2290 893 fuit

756 951 838 1015 ab
863 953 1105 1013 aeterno
1137 970 1152 1011 ι
1184 965 1342 1028 ergo
1368 965 1486 1010 nec
1518 945 1845 1009 Dominus,

836 1057 1021 1141 Resp.
1061 1054 1408 1120 Dicendum
1447 1052 1619 1135 quod
1659 1052 1868 1116 differt
1908 1051 2151 1129 dicere,
2182 1067 2288 1114 se-

756 1166 1041 1229 cundum
1066 1162 1508 1243 Augustinum
1526 1168 1570 1236 ¹,
1597 1158 1835 1241 aliquid
1852 1158 2089 1223 fieriex
2116 1160 2287 1220 tem-

754 1290 945 1354 pore,
974 1275 1036 1335 et
1075 1272 1150 1335 in
1185 1273 1500 1350 tempore,
1527 1270 1591 1329 et
1628 1282 1771 1330 cum
1807 1267 2136 1346 tempore:
2173 1263 2288 1326 Ea·

755 1378 930 1442 enim
959 1376 1258 1458 importat
1291 1375 1610 1450 ordinem;
1643 1374 1717 1437 in
1748 1372 2050 1454 importat
2077 1370 2288 1433 conti-

752 1484 1067 1561 nentiam;
1096 1500 1239 1548 cum
1265 1483 1567 1563 importat
1587 1479 1977 1543 simultatem
2008 1500 2023 1541 :
2054 1482 2120 1541 et
2146 1477 2288 1541 ideo

751 1592 915 1656 nihil
938 1591 1289 1655 estfactum
1311 1590 1378 1652 in
1403 1593 1710 1670 tempore,
1733 1605 1851 1650 nec
1872 1603 1954 1650 ex
1976 1589 2285 1667 tempore,

752 1699 878 1763 nisi
902 1698 1076 1782 quod
1102 1696 1430 1762 exceditur
1466 1713 1507 1758 a
1544 1698 1852 1775 tempore.
1887 1691 2048 1768 Quia
2088 1690 2290 1772 igitur

752 1809 1039 1887 tempus,
1085 1807 1147 1868 et
1183 1822 1260 1867 ea
1304 1819 1450 1884 quae
1489 1802 1559 1864 in
1599 1800 1945 1883 primordio
1985 1797 2290 1881 temporis

754 1915 965 1974 creata
982 1914 1152 1989 sunt,
1169 1929 1208 1973 a
1225 1913 1513 1991 tempore
1538 1925 1668 1971 non
1690 1906 2116 1984 exceduntur3
2145 1905 2290 1969 ideo

754 2017 903 2081 dicit
941 2037 1018 2082 ea
1061 2036 1196 2082 esse
1241 2019 1451 2080 creata
1496 2033 1646 2078 cum
1689 2018 2005 2096 tempore,
2041 2030 2175 2076 non
2220 2013 2290 2075 in

753 2128 1069 2208 tempore,
1095 2143 1213 2190 nec
1239 2142 1321 2189 ex
1343 2127 1650 2206 tempore.
1678 2123 1757 2187 Et
1780 2123 1922 2187 ideo
1949 2139 2095 2185 cum
2127 2120 2292 2184 Deus

754 2232 999 2296 dicatur
1016 2232 1324 2297 Dominus
1351 2234 1643 2312 respectu
1667 2229 1878 2293 omnis
1906 2227 2000 2293 rei
2027 2231 2253 2291 creatae
2271 2274 2289 2304 ,

754 2339 923 2405 Deus
960 2359 1094 2404 non
1130 2340 1338 2423 potuit
1372 2339 1650 2422 incipere
1691 2338 1990 2402 dominus
2029 2353 2165 2399 esse
2209 2353 2293 2399 ex

753 2451 1064 2531 tempore,
1095 2467 1214 2512 nec
1235 2448 1305 2510 in
1321 2452 1629 2528 tempore,
1660 2443 1914 2528 proprie
1932 2441 2292 2524 accipiendo

753 2553 1198 2620 habitudinem
1215 2557 1378 2636 ejuS‚
1400 2553 1573 2636 quod
1595 2556 1689 2616 est
1711 2567 1796 2616 ea*
1815 2556 1877 2614 et
1902 2553 2013 2629 im
2039 2567 2157 2612 nos
2175 2567 2292 2612 au-

755 2670 887 2731 tem
913 2668 982 2730 in
1008 2665 1335 2732 communi
1364 2682 1657 2728 sermone
1699 2663 1879 2744 large
1919 2661 2289 2744 accipimus·

756 2773 938 2854 Quod
963 2778 1180 2839 autem
1206 2772 1543 2855 quaeritur,
1569 2775 1794 2835 utrum
1826 2769 1991 2834 Deus
2016 2769 2294 2850 incoepe-

754 2886 840 2945 rit
861 2898 996 2946 esse
1022 2880 1351 2959 dominus,
1397 2879 1737 2944 dicendum
1772 2876 1944 2960 quod
1978 2877 2294 2942 Dominus

754 3003 888 3049 uno
944 2986 1134 3050 modo
1186 2985 1488 3069 importat
1540 2988 1912 3069 potestatem
1961 2984 2293 3048 coercendi

754 3092 1061 3173 subditoS,
1084 3096 1148 3157 et
1169 3092 1259 3157 sic
1284 3092 1435 3158 dicit
1452 3090 1926 3176 praesidentiam
1939 3090 2294 3156 secundum

755 3199 1051 3266 habitum
1067 3249 1084 3281 ,
1125 3205 1188 3265 et
1221 3201 1522 3265 convenit
1562 3200 1689 3264 Deo
1724 3199 1805 3264 ab
1850 3203 2110 3263 aeterno·
2153 3198 2296 3262 Alio

757 3307 947 3371 modo
974 3307 1278 3390 importat
1307 3306 1780 3391 praesidentiam
1808 3306 2125 3371 actualem
2152 3323 2293 3369 res-

757 3417 944 3496 pectu
965 3414 1168 3490 servi,
1194 3416 1259 3478 et
1283 3414 1373 3478 sic
1398 3414 1656 3497 incoepit
1682 3431 1816 3478 esse
1834 3413 2137 3479 dominus
2162 3430 2298 3477 non

757 3522 1004 3586 ratione
1032 3522 1404 3587 mutationis
1424 3523 1606 3587 factae
1624 3522 1695 3586 in
1721 3523 1859 3607 ipso
1875 3572 1892 3600 ,
1921 3521 2034 3587 sed
2050 3520 2296 3586 ratione

760 3630 1131 3695 mutationis
1154 3631 1336 3696 factae
1358 3630 1431 3695 in
1456 3648 1577 3695 suo
1604 3629 2000 3696 correlativo.

1232 3869 1717 3943 ARTICULUS
1762 3872 1816 3940 Ι.

841 4058 942 4123 Ad
982 4056 1470 4138 intelligentiam
1515 4057 1714 4138 huius
1762 4055 1959 4140 partis
1974 4104 1993 4136 ,
2051 4056 2120 4119 in
2175 4074 2303 4139 qua

764 4162 1079 4247 quaeritur
1119 4164 1197 4229 de
1236 4182 1539 4228 mensura
1580 4163 1956 4227 conditionis
1995 4163 2303 4243 angelicae

762 4276 1037 4350 naturae,
1057 4271 1184 4334 duo
1194 4269 1622 4353 principaliter
1634 4274 2049 4352 quaeruntur:
2070 4273 2301 4352 primo,

765 4379 842 4444 de
871 4395 1171 4442 mensura
1201 4379 1345 4459 ejus
1383 4377 1452 4440 in
1489 4395 1585 4457 se;
1620 4377 1897 4443 secundo
1915 4425 1932 4457 ,
1972 4396 2087 4462 per
2124 4397 2303 4443 com-

763 4484 1159 4567 parationem
1209 4484 1290 4549 ad
1343 4502 1715 4548 mensuram
1780 4503 1914 4549 esse
1966 4486 2308 4570 corporalis

764 4597 1038 4657 naturae.
1099 4592 1276 4658 Circa
1328 4592 1613 4676 primum
1669 4592 1796 4658 tria
1847 4597 2233 4677 quaeruntur
2287 4617 2303 4659 ε

766 4701 999 4782 primo,
1021 4703 1244 4763 utrum
1261 4698 1617 4781 spiritualia
1641 4700 1919 4765 habeant
1935 4718 2308 4766 mensuram

784 4880 789 4891 “
834 4897 855 4932 ¹
893 4896 1130 4960 August„
1173 4894 1233 4944 de
1277 4894 1430 4945 civit.
1474 4894 1599 4955 net,
1653 4894 1746 4946 m).
1789 4897 1853 4948 xi
1880 4934 1896 4961 ,
1945 4910 2058 4961 cap.
2119 4908 2192 4947 v1.
2246 4923 2309 4936 -

828 4968 852 5003 ¹
870 4968 952 5031 Cf.
974 4969 1137 5030 Scot.‚
1161 4967 1203 5018 ΙΙ
1229 4966 1388 5030 Seni„
1413 4966 1532 5016 dist.
1551 4978 1609 5029 11,
1630 4980 1681 5032 q.
1707 4980 1778 5031 ¹¹3
1806 4969 2055 5033 Durand.‚
2083 4969 2126 5019 11
2150 4968 2307 5033 Sena,

768 5040 885 5091 dist.
908 5052 980 5104 11,
1009 5054 1059 5104 q.
1080 5052 1136 5104 v,
1170 5040 1351 5090 Franc.
1377 5039 1441 5089 de
1468 5041 1652 5105 mayr„
1684 5040 1727 5089 11
1759 5041 1918 5101 sent„
1951 5041 2071 5091 dist.
2095 5052 2152 5102 11,
2178 5056 2230 5106 q.
2253 5054 2304 5105 13

766 5112 951 5162 Thom.
976 5116 1119 5177 Arg„
1152 5112 1192 5161 ΙΙ
1225 5112 1383 5171 Seni„
1412 5110 1530 5161 dist.
1559 5123 1631 5175 11,
1660 5124 1713 5175 q.
1736 5123 1786 5174 1,
1814 5117 1910 5161 art.
1938 5116 1997 5176 ¹3
2037 5111 2171 5161 Guil.
2202 5113 2307 5162 Vo-

766 5184 943 5248 rilon.‚
975 5185 1015 5234 ll
1041 5185 1200 5248 Sent„
1228 5184 1348 5233 dist.
1370 5195 1409 5234 11
1425 5220 1442 5247 ,
1469 5196 1521 5247 q.
1547 5194 1598 5244 13
1630 5182 1806 5245 Stepb.
1831 5183 2041 5247 Bruler„
2080 5186 2118 5234 ΙΙ
2149 5185 2309 5243 8εηέ.,

770 5256 886 5307 dist.
916 5268 988 5320 11,
1028 5270 1078 5320 q.
1111 5269 1162 5320 13
1203 5256 1360 5306 Gabr.
1390 5255 1529 5319 niel,
1574 5255 1616 5304 ll
1656 5253 1814 5318 Sena,
1851 5255 1966 5306 dist.
1998 5268 2070 5320 11,
2099 5270 2151 5321 q.
2181 5268 2220 5307 1.
2247 5281 2311 5293 —

771 5326 793 5361 ⁸
811 5329 999 5377 Auctor
1036 5327 1126 5377 lib.
1162 5326 1222 5376 de
1252 5328 1462 5390 Caucis,
1501 5339 1652 5390 prop.
1679 5329 1726 5376 7.
1751 5352 1812 5363 —
1839 5326 1861 5361 ⁸
1879 5326 2060 5392 Eccli„
2090 5339 2142 5391 1,
2173 5332 2218 5378 ¹.
2246 5353 2309 5366 —

772 5398 794 5432 ⁸
809 5400 976 5461 Boot„
995 5398 1058 5447 de
1078 5398 1350 5462 Con-solat„
1369 5398 1459 5450 lib.
1481 5399 1568 5463 111,
1587 5402 1737 5449 metr.
1754 5401 1801 5450 9.
1814 5424 1870 5436 -
1886 5400 1908 5434 θ
1921 5398 2075 5450 Dion.
2097 5402 2307 5464 Areop„

770 5467 830 5518 de
856 5470 971 5519 Dio.
998 5469 1222 5534 Nomia„
1239 5482 1360 5522 c.x.

1869 483 2487 552 SENTENTIARUM
2527 485 2676 553 LIB.
2722 485 2802 578 ll.

2401 621 2758 703 propriam;
2789 621 3092 699 secundo,
3121 624 3340 685 utrum
3377 624 3655 689 habeant
3686 643 3945 691 mensu-

2400 746 2538 792 ram
2572 728 2856 806 unicam;
2892 727 3101 806 tertio,
3125 733 3344 792 utrum
3373 730 3647 796 habeant
3674 752 3946 798 mensu-

2398 852 2540 897 ram
2566 835 2915 916 simplicem
2940 883 2955 911 ‚
2986 839 3098 898 aut
3124 838 3536 919 compositam
3554 888 3572 918 ,
3603 840 3740 904 sive
3774 845 3945 905 stan-

2399 945 2555 1022 tem,
2581 942 2683 1009 vel
2706 943 3143 1008 successivam.

2908 1173 3313 1252 QUAESTIO
3357 1177 3419 1243 1.

2473 1327 2567 1381 An
2590 1327 2913 1400 spiritualia
2939 1328 3175 1385 habeant
3199 1334 3482 1404 propriam
3508 1347 3810 1388 mensuram
3825 1335 3871 1390 ¹.

2482 1477 2662 1554 Quod
2678 1477 2952 1542 habeant
2969 1480 3294 1563 propriam
3314 1500 3708 1563 mensuram,
3736 1485 3946 1566 primo
3977 1487 4125 1529 rumim

2402 1584 2656 1650 videtur
2681 1603 2796 1668 per
2813 1583 3299 1669 Philosophum,
3324 1588 3397 1652 in
3415 1588 3577 1653 libro
3601 1590 3679 1656 de
3711 1591 3941 1658 Canai-3

2401 1691 2469 1754 in
2508 1692 2859 1774 penultima
2885 1694 3336 1776 propositione.
3382 1694 3552 1760 Inter
3587 1716 3726 1761 rem
3756 1702 3946 1780 cujus

2402 1798 2753 1863 substantia
2789 1804 2852 1865 et
2884 1801 3165 1883 operatio
3196 1806 3292 1898 est
3338 1804 3406 1865 in
3450 1806 3803 1870 aeternitate
3819 1854 3838 1885 ,
3885 1811 3951 1871 et

2402 1924 2540 1970 rem
2564 1908 2749 1990 cujus
2784 1908 3135 1972 substantia
3159 1914 3224 1973 et
3246 1911 3532 1991 operatio
3559 1916 3653 1975 est
3678 1912 3750 1977 in
3776 1918 3946 1977 tem-

2402 2031 2592 2095 pore,
2623 2018 2717 2077 aet
2751 2017 2852 2078 res
2878 2014 3087 2078 media
3105 2063 3121 2094 ,
3157 2017 3345 2096 cujus
3371 2016 3723 2082 substantia
3753 2020 3948 2084 estin

2404 2122 2773 2201 aeternitate,
2803 2127 2868 2186 et
2890 2122 3053 2187 actio
3079 2122 3458 2205 intempore
3482 2143 3499 2188 :
3532 2125 3641 2189 sed
3668 2125 3793 2190 hoc
3813 2125 3951 2191 no'n

2405 2233 2608 2311 potest
2634 2229 2907 2311 intelligi
2941 2230 3018 2294 de
3049 2231 3400 2294 aeternitate
3427 2232 3706 2296 increata
3739 2255 3753 2298 :
3791 2252 3952 2316 ergo

2403 2337 2482 2400 de
2508 2341 2716 2400 creata
2747 2359 2761 2399 :
2795 2340 2858 2400 et
2881 2336 3047 2400 hanc
3082 2337 3425 2418 distinguit
3451 2358 3492 2402 a
3526 2345 3850 2423 tempore,
3889 2347 3956 2406 et

2405 2444 2584 2525 ponit
2601 2462 2970 2508 mensuram
2988 2445 3488 2511 substantiarum
3511 2449 3952 2530 spiritualium

2404 2554 2468 2614 et
2492 2551 3075 2633 incorruptibilium
3110 2574 3124 2616 ε
3156 2570 3313 2634 ergo
3342 2555 3618 2634 videtur,
3649 2559 3768 2620 etc.

2487 2656 2646 2721 Item
2680 2661 2748 2721 ⁴:
2792 2659 3013 2725 Omnis
3053 2662 3384 2741 sapientia
3431 2678 3475 2726 a
3515 2662 3784 2730 Domino
3827 2664 3956 2731 Deo

2405 2771 2519 2835 est,
2549 2771 2611 2831 et
2627 2765 2893 2831 camillo
2916 2767 3047 2845 fuit
3060 2783 3324 2847 semper,
3347 2773 3406 2833 et
3424 2773 3515 2834 est
3534 2776 3679 2834 ante
3696 2785 3906 2836 oevum
3931 2792 3956 2832 .-

2407 2889 2564 2953 ergo
2578 2890 2794 2938 aevum
2813 2874 2964 2937 dicit
2985 2874 3143 2956 quid
3163 2879 3449 2938 creatum
3481 2893 3651 2939 :non
3665 2876 3960 2941 substan-

2406 2980 2562 3043 tiam
2610 3003 2624 3044 :
2659 3000 2816 3063 ergo
2849 3000 3218 3046 mensuram
3249 3001 3380 3047 non
3408 3001 3626 3048 rerum
3666 2986 3960 3049 materia·

2405 3086 2588 3168 lium,
2617 3090 2724 3154 sed
2756 3089 3207 3173 spiritualium,
3237 3094 3297 3156 et
3323 3090 3466 3155 haec
3491 3090 3705 3156 differt
3734 3111 3774 3156 a
3797 3097 3954 3157 tem-

2408 3212 2583 3277 pore.
2620 3195 2791 3262 Unde
2817 3196 3095 3271 Boetius.
3126 3197 3205 3264 de
3228 3197 3670 3267 Consolatione
3696 3200 3719 3235 ⁸
3746 3220 3773 3262 .-

3033 3407 3128 3424 .....
3154 3373 3254 3434 Qui
3279 3375 3482 3438 tempus
3506 3373 3572 3425 ab
3588 3387 3702 3426 oevo

2595 3442 2674 3493 Ire
2695 3442 2847 3508 jubes
2850 3476 2949 3495 .....

2410 3642 2590 3707 ergo,
2610 3628 2729 3691 etc.
2760 3624 2962 3692 Omne
2987 3626 3162 3691 enim
3189 3626 3363 3710 quod
3392 3629 3525 3692 exit
3551 3628 3634 3693 ab
3655 3628 3804 3709 alio,
3829 3629 3961 3695 dif-

2409 3731 2532 3797 fert
2555 3733 2637 3798 ab
2666 3751 2765 3798 eo.

2478 3838 2653 3935 ,Item
2690 3859 2804 3924 per
2833 3841 3236 3924 Dionysium,
3268 3841 3347 3908 de
3378 3843 3638 3910 Divinis
3667 3843 3964 3911 Nomini-

2414 3947 2568 4028 bu8,
2598 3949 2672 4013 in
2704 3947 2909 4031 capite
2933 3948 3012 4015 de
3049 3949 3209 4017 AEvo
3238 3954 3261 3991 ⁶
3299 3972 3326 4014 .·
3367 3973 3402 4012 α
3442 3948 3799 4033 Proprietas
3834 3953 3962 4018 aevi

2414 4060 2510 4121 est
2532 4056 2961 4121 inveteratum
2998 4061 3062 4121 et
3101 4057 3443 4139 antiquum
3475 4058 3833 4123 secundum
3858 4064 3962 4123 to-

2412 4164 2555 4225 tum
2581 4180 2717 4226 esse
2747 4180 3162 4242 mensurans3
3190 4163 3493 4245 temporis
3521 4182 3677 4229 vero
3707 4163 3776 4227 in
3805 4164 3960 4228 alte-

2415 4268 2658 4333 ratione
2686 4267 2866 4332 aliter
2890 4273 2954 4333 et
2985 4270 3169 4349 aliter
3196 4288 3264 4334 se
3285 4269 3529 4335 habens
3563 4272 3644 4354 (a)
3682 4293 3697 4335 ε
3733 4292 3765 4330 ι»
3797 4289 3960 4353 ergo

2417 4374 2471 4437 si
2505 4374 2675 4439 idem
2698 4392 2833 4439 non
2875 4393 2942 4441 se
2975 4376 3168 4441 habet
3202 4377 3291 4442 sic
3308 4426 3327 4458 ,
3359 4380 3421 4441 et
3455 4378 3638 4443 aliter
3676 4378 3871 4443 simul
3898 4382 3964 4443 et

2417 4483 2651 4560 semel,
2686 4500 2818 4547 non
2860 4487 2956 4548 est
2993 4483 3215 4549 eadem
3256 4503 3561 4550 mensura
3602 4490 3857 4569 tempus
3898 4490 3968 4551 et

2418 4605 2636 4653 aevum
2670 4606 2687 4652 ε
2721 4580 2832 4655 sed
2862 4608 3080 4655 aevum
3118 4596 3214 4657 est
3245 4610 3550 4663 mensura
3587 4593 3964 4659 durantium

2418 4702 2724 4780 perpetuo
2745 4746 2764 4776 ‚
2824 4703 2887 4764 et
2941 4699 3087 4764 talis
3142 4704 3236 4765 est
3292 4704 3524 4766 natura
3589 4702 3884 4785 angelica
3943 4723 3960 4766 ε

2418 4823 2599 4887 ergo,
2628 4809 2745 4871 etc.
2943 4841 2950 4847 ·

2482 4970 2553 5037 (a)
2581 4973 2842 5036 Inter-pret.
2884 4970 3114 5022 Corda-iz·
3151 4987 3171 5025 .·
3199 4975 3568 5037 Saepenumero
3605 4975 3963 5041 antiquissima

2420 5058 2635 5109 quaeque
2666 5044 2962 5095 aeternitatis
2984 5044 3321 5109 appellatione
3345 5047 3693 5110 significant...
3709 5054 3966 5111 quatenu·

2418 5114 2659 5166 videlicet
2697 5120 2964 5181 antiquum
3012 5131 3125 5167 esse
3176 5122 3227 5167 et
3294 5116 3645 5183 immutabile,
3691 5123 3962 5185 totumque

2416 5200 2592 5236 rerum
2631 5191 2816 5237 statum
2861 5202 3158 5239 mensurare
3211 5189 3476 5252 proprium
3519 5194 3596 5239 est
3642 5192 3960 5242 aeternitatis.

2418 5260 2638 5322 Tempus
2673 5273 2796 5310 vero
2821 5260 3075 5323 appellant
3118 5260 3172 5311 id
3193 5260 3331 5325 quod
3367 5264 3632 5311 mensurat
3673 5264 3964 5326 generatio·

2418 5343 2566 5393 nem,
2597 5333 2648 5380 et
2685 5332 3065 5395 corruptionem
3108 5336 3264 5396 atque
3303 5333 3676 5397 alterationem,
3716 5336 3959 5400 quodque

2418 5401 2716 5524 αιῑέἒῦαιὶιω·
2745 5391 2804 5452 so·
2835 5402 3006 5456 habet.
3031 5402 3168 5455 Βῑω.
3196 5404 3340 5453 Patr.
3369 5403 3548 5468 Lnga„
3573 5408 3706 5468 pm.
3734 5405 3789 5469 1,
3818 5410 3860 5456 ι.
3882 5407 3961 5468 ιι,

2417 5486 2474 5538 p.
2589 5511 2603 5525 .
3353 5510 3357 5514 Α
