4125 6225
689 355 806 419 374

673 488 948 552 verbum
969 483 1335 568 Philosophi
1351 484 1538 549 debet
1559 482 1851 564 intelligi,
1873 485 1948 546 ιιι
1962 481 2209 544 dicatur

672 612 926 678 semper
950 612 1085 658 esse
1114 596 1326 657 rectus
1351 593 1645 674 respectu
1670 590 1929 653 illorum
1951 587 2034 652 ad
2058 604 2208 669 quae

673 706 970 768 movetur
1004 705 1078 765 ut
1114 705 1347 764 natura
1362 748 1379 778 ,
1422 699 1559 763 sive
1590 697 1996 774 naturaliter3
2026 697 2092 759 et
2117 695 2207 757 sic

671 829 790 875 nos
813 810 1085 874 dicimus
1107 808 1176 871 in
1201 806 1522 887 theologia
1538 803 1930 887 synderesim
1953 818 2206 883 semper

670 923 933 985 rectam.
973 916 1040 982 Si
1084 919 1299 980 autem
1329 913 1721 994 intelligatur
1762 913 2050 993 respectu
2090 926 2202 972 eo-

669 1046 822 1092 rum
849 1028 927 1091 ad
957 1042 1104 1109 quae
1130 1025 1427 1087 movetur
1447 1024 1522 1086 ιιι
1549 1019 1905 1084 deliberans
1922 1066 1938 1090 ,
1971 1018 2203 1081 falsum

671 1139 800 1214 est3
830 1135 984 1211 imo,
1018 1129 1489 1211 circumscripto
1512 1126 1689 1191 omni
1714 1122 2111 1205 imaginabili
2139 1126 2204 1186 et

668 1242 1132 1325 phantasmate,
1161 1241 1366 1321 posset
1381 1235 1734 1300 intellectus
1758 1250 2038 1316 peccare,
2067 1231 2203 1295 sive

669 1348 1073 1431 praevaricari
1101 1366 1117 1410 ι
1142 1350 1206 1411 et
1230 1346 1322 1409 sic
1346 1345 1505 1408 forte
1533 1342 1676 1406 fecit
1699 1340 1989 1422 angeluS.
2081 1425 2088 1432 ἡ

751 1459 811 1519 3.
853 1454 949 1518 Ad
978 1454 1135 1518 illud
1172 1451 1342 1534 quod
1380 1450 1710 1533 objicitur,
1751 1448 1921 1531 quod
1955 1447 2203 1511 facilius

671 1565 875 1645 potest
898 1560 1042 1644 quis
1065 1559 1223 1623 inid
1246 1559 1326 1623 ad
1352 1557 1528 1641 quod
1548 1557 1902 1635 ordinatur,
1934 1559 2079 1634 etc.,
2112 1554 2205 1618 di-

670 1670 943 1735 cendum
986 1668 1157 1750 quod
1193 1684 1422 1731 verum
1457 1670 1552 1729 est
1569 1713 1585 1742 ‚
1614 1666 1671 1728 si
1711 1663 1870 1727 illud
1908 1663 1989 1725 sit
2033 1663 2205 1727 intra

666 1776 974 1842 terminos
996 1781 1246 1839 naturae
1277 1798 1291 1839 :
1333 1774 1443 1838 sed
1470 1772 1755 1838 converti
1792 1771 2203 1835 conversione

666 1883 943 1967 perfecta
960 1886 1024 1947 et
1040 1882 1388 1960 meritoria,
1407 1882 1529 1945 hoc
1543 1885 1637 1944 est
1654 1898 1845 1961 supra
1863 1881 2162 1942 naturam
2182 1895 2200 1941 z

667 1991 778 2057 sed
799 1991 1090 2069 deficere,
1117 1989 1240 2053 hoc
1266 1993 1361 2052 est
1384 1988 1552 2051 infra
1590 2010 1604 2051 ε
1637 1992 1700 2051 et
1724 1987 1864 2050 ideo·
1909 1986 2070 2049 ratio
2097 1984 2204 2049 illa

666 2115 798 2161 non
841 2096 1034 2177 cogit.
1081 2093 1194 2159 Vel
1237 2094 1335 2158 dic
1379 2094 1549 2177 quod
1596 2093 1747 2157 illud
1797 2096 1890 2156 est
1933 2108 2163 2157 verum
2180 2139 2199 2169 ,

668 2203 923 2286 quando
948 2220 1158 2284 genus
1180 2202 1418 2284 operia,
1453 2201 1533 2264 ad
1566 2200 1912 2282 potentiam
1940 2216 2202 2281 compa-

667 2315 880 2375 ratum
900 2358 917 2388 ,
948 2314 1042 2374 est
1076 2309 1342 2392 aequalis
1382 2308 1767 2373 difficultatis
1784 2356 1800 2384 ,
1833 2307 1995 2370 sicut
2032 2307 2103 2369 in
2133 2324 2204 2396 se

669 2418 1100 2483 consideratur
1148 2438 1161 2479 z
1213 2417 1365 2480 alias
1407 2433 1538 2479 non
1586 2415 1782 2479 habet
1824 2414 2159 2478 veritatem
2184 2459 2201 2489 ,

668 2525 832 2590 sicut
853 2530 1023 2608 patet
1042 2526 1109 2587 in
1135 2524 1356 2588 multis
1380 2519 1711 2604 exemplis.

747 2639 809 2697 4.
841 2633 941 2698 Ad
969 2633 1128 2698 illud
1150 2632 1323 2716 quod
1345 2631 1641 2714 objicitur
1662 2632 1740 2696 de
1763 2629 2200 2709 conversione,

669 2740 843 2824 quod
872 2740 1158 2823 sequitur
1185 2739 1616 2818 dilectionem3
1658 2735 2000 2803 dicendum
2033 2739 2205 2820 quod

669 2848 1068 2914 uniformiter
1114 2852 1368 2930 sumpta
1414 2846 1825 2910 conversione
1872 2864 2020 2909 cum
2070 2846 2208 2927 ipsa

669 2955 1018 3034 dilectione,
1046 2973 1178 3018 non
1203 2954 1395 3018 habet
1415 2953 1782 3017 instantiam
1806 2974 1821 3015 ι
1845 2952 2010 3015 sicut
2030 2952 2206 3016 enim

668 3061 965 3145 quaedam
989 3060 1236 3141 dilectio
1262 3064 1355 3125 est
1381 3078 1420 3123 a
1445 3060 1772 3125 voluntate
1795 3058 2101 3138 naturali,
2132 3062 2209 3122 ut

670 3186 799 3251 qua
839 3168 1230 3233 desideratur
1265 3167 1431 3231 Deus
1471 3171 1546 3231 ut
1584 3167 1981 3245 beatificans;
2025 3184 2207 3248 quae-

669 3258 817 3340 dam
862 3293 902 3338 a
948 3275 1277 3338 voluntate
1322 3273 1585 3337 electiva
1602 3321 1618 3350 ,
1672 3292 1801 3356 qua
1846 3275 1992 3356 quis
2036 3279 2210 3357 optat

672 3382 799 3447 Deo
840 3382 1152 3447 honorem
1195 3386 1259 3445 et
1302 3382 1611 3463 gloriam;
1658 3383 1955 3464 quaedam
1985 3402 2025 3446 a
2050 3400 2208 3463 gra-

671 3488 867 3567 tuita,
906 3507 1036 3571 qua
1073 3489 1139 3551 in
1177 3488 1553 3570 obsequium
1592 3489 1883 3553 divinum
1924 3490 2208 3572 captiva-

670 3601 780 3659 tur
816 3596 952 3678 ipsa
985 3596 1278 3660 voluntas
1303 3599 1434 3659 tota
1467 3616 1482 3658 ε
1515 3596 1603 3660 sic
1638 3598 1701 3660 et
1734 3597 2061 3660 conversio
2095 3613 2210 3678 per

673 3703 1027 3786 appetitum
1049 3704 1572 3787 concupiscentiae
1595 3708 1689 3768 est
1711 3723 1749 3767 a
1771 3707 2029 3784 natura3
2061 3721 2211 3768 con-

672 3811 883 3876 versio
908 3829 1022 3893 per
1047 3812 1444 3877 affectionem
1473 3811 1773 3877 amicitiae
1800 3815 1893 3876 est
1918 3829 1958 3874 a
1982 3810 2207 3874 volun·

670 3919 800 3981 tate
845 3917 1253 3982 deliberativa
1270 3967 1287 3997 ,
1333 3919 1468 3983 sive
1513 3920 1821 3985 electiva:
1876 3918 2208 3984 conversio

672 4043 828 4091 vero
847 4045 961 4108 per
977 4027 1356 4110 obsequium
1369 4027 1746 4092 obedientiae
1764 4027 1991 4107 gratiae
2010 4027 2090 4109 (a)
2112 4032 2209 4091 est

671 4132 751 4195 ab
774 4132 912 4215 ipsa
937 4133 1174 4214 gratia,
1212 4137 1276 4198 et
1303 4134 1392 4197 sic
1422 4136 1589 4215 patet
1611 4133 1789 4198 illud.

748 4240 807 4300 5.
841 4237 937 4301 Ad
972 4238 1131 4302 illud
1161 4239 1331 4322 quod
1370 4240 1691 4322 objicitur,
1724 4240 1895 4322 quod
1932 4240 2004 4304 in
2029 4240 2205 4303 nullo

666 4345 1075 4425 differebant3
1110 4346 1451 4411 dicendum
1487 4347 1659 4429 quod
1694 4347 1852 4412 illud
1886 4348 2204 4412 concludit

666 4454 839 4534 quod
861 4455 1069 4534 gratia
1090 4472 1223 4519 non
1247 4454 1668 4535 inchoaverit,
1700 4455 1808 4519 sed
1834 4473 1965 4520 non
1990 4454 2203 4519 exclu-

666 4560 761 4625 dit
784 4560 943 4642 quin
969 4562 1429 4626 consummarit
1457 4585 1471 4626 ε
1498 4565 1562 4626 et
1586 4562 1707 4625 boc
1734 4566 1828 4627 est
1854 4580 2106 4627 verum.

746 4671 807 4731 6.
839 4667 938 4733 Ad
960 4668 1118 4733 illud
1145 4669 1315 4752 quod
1342 4669 1660 4752 objicitur,
1689 4670 1863 4753 quod
1887 4688 2020 4734 non
2043 4674 2204 4734 esset

665 4775 1115 4858 imputandum
1144 4776 1348 4853 malis,
1375 4777 1429 4840 si
1455 4777 1784 4841 conversio
1811 4780 1975 4842 esset
1995 4797 2035 4842 a
2055 4795 2204 4859 gra-

665 4881 789 4959 tia3
828 4882 1171 4948 dicendum
1202 4884 1374 4967 quod
1406 4884 1640 4949 falsum
1678 4890 1774 4948 est
1788 4933 1805 4965 ,
1845 4885 1998 4967 quia
2031 4889 2199 4948 stare

735 5040 754 5076 ¹
771 5041 853 5104 Cs.
873 5041 1017 5093 Alex.
1039 5043 1234 5107 Alens„
1253 5058 1303 5108 p.
1326 5045 1391 5110 ΙΙ,
1410 5059 1462 5109 q.
1479 5055 1585 5108 c1x,
1602 5044 1794 5097 memb.
1814 5048 1863 5095 11
1882 5061 1898 5108 3
1923 5047 1977 5097 S.
1997 5047 2199 5113 Thom.,

669 5126 720 5177 p.
745 5116 796 5177 1,
842 5128 894 5178 q.
924 5126 1054 5179 Lxlr,
1082 5120 1178 5167 art.
1200 5120 1227 5166 4
1243 5131 1260 5179 3
1293 5122 1345 5168 et
1371 5118 1414 5167 ll
1444 5118 1604 5181 Seni„
1633 5117 1750 5168 dist.
1768 5129 1819 5182 v,
1847 5131 1899 5181 q.
1922 5131 1993 5181 11,
2021 5123 2117 5169 art.
2137 5124 2197 5183 23

672 5184 831 5250 Scot„
862 5186 903 5236 ΙΙ
931 5188 1085 5244 Seni..
1125 5187 1240 5238 dist.
1264 5200 1321 5253 ν,
1365 5204 1415 5254 q.
1445 5203 1516 5253 113
1554 5189 1723 5254 AEgid.
1754 5191 1923 5253 Rom„
1960 5190 1998 5239 ll
2039 5192 2197 5252 Seni„

673 5256 788 5306 dist.
812 5268 862 5322 v,
891 5271 942 5321 q.
969 5269 1037 5318 11,
1063 5262 1158 5309 art.
1179 5263 1242 5323 23
1272 5265 1324 5312 et
1351 5260 1547 5324 Quolib.
1578 5261 1648 5320 11,
1678 5276 1729 5325 q.
1753 5273 1878 5311 xxix
1893 5276 1910 5324 3
1943 5262 2199 5327 Richard.‚

673 5326 716 5376 Η
735 5327 894 5391 Seni„
919 5328 1037 5380 dist.
1058 5333 1109 5394 v,
1126 5335 1222 5381 art.
1243 5333 1292 5396 2,
1316 5347 1369 5398 q.
1388 5345 1459 5398 113
1490 5333 1740 5395 Dux-and„
1764 5334 1804 5382 ll
1828 5333 1984 5395 Sem„
2008 5332 2128 5385 dist.
2149 5342 2199 5400 v,

1795 336 2420 413 SENTEN'I'IARUM
2461 341 2610 408 LIB.
2656 335 2734 408 Π.

2313 482 2603 561 poterant
2633 483 2698 543 et
2730 496 2862 543 non
2892 480 3130 557 averti,
3163 479 3218 543 si
3242 477 3543 545 volebant
3567 496 3584 541 ε
3609 480 3673 540 et
3700 475 3836 541 ideo

2312 587 2560 652 aversio
2588 587 2683 652 eis
2707 586 3062 669 imputatur
3090 587 3160 650 in
3187 586 3464 669 culpam.

2831 835 3184 914 QUAESTIO
3224 835 3304 900 Il.

2308 990 2403 1046 An
2447 993 2509 1047 in
2539 992 2877 1046 conversione
2919 990 3170 1045 bononem
3203 990 3545 1059 angelorum,
3592 989 3834 1045 meritum

2732 1080 3056 1150 praecesserit
3077 1080 3362 1150 proemium
3382 1079 3424 1133 ¹.

2387 1238 2474 1304 De
2494 1239 2904 1304 conversione
2929 1240 3248 1303 bonorum
3271 1239 3344 1303 in
3367 1238 3833 1320 comparatione
3859 1260 4035 1304 ranan.

2307 1347 2387 1411 ad
2422 1347 2802 1430 praemium3
2835 1351 2899 1411 et
2926 1347 3239 1429 quaeritur
3263 1349 3485 1409 utrum
3516 1345 3587 1407 in
3617 1362 3831 1408 eorum

2307 1455 2720 1520 conversione
2764 1454 3066 1519 meritum
3116 1456 3418 1534 sequatur
3464 1451 3831 1534 praemium,

2305 1562 2408 1628 vel
2433 1561 2766 1644 praecedat.
2792 1561 2871 1625 Et
2895 1560 3066 1644 quod
3094 1559 3426 1642 praecedat,
3451 1558 3706 1622 videtur
3730 1576 3836 1640 per

2305 1669 2741 1751 Augustinum
2760 1717 2778 1748 ,
2830 1667 2908 1734 de
2961 1667 3348 1734 correctione
3404 1671 3465 1732 et
3509 1667 3736 1732 Gratia
3768 1667 3790 1701 ¹
3810 1688 3835 1730 .-

2314 1799 2346 1837 (ι
2382 1776 2612 1858 Angeli
2658 1777 2859 1840 sancti
2903 1775 3017 1857 qui
3060 1774 3424 1838 cadentibus
3467 1773 3608 1837 aliis
3647 1777 3832 1837 stete—

2306 1887 2463 1946 runt
2478 1931 2496 1960 ,
2522 1882 2694 1947 illius
2721 1882 2871 1946 vitae
2894 1882 3250 1946 mercedem
3275 1881 3553 1963 recipere
3583 1896 3833 1943 merue-

2307 1994 2480 2054 runt.
2510 2011 2541 2048 n
2575 1988 2644 2052 Si
2677 2007 2835 2070 ergo
2867 1989 3223 2053 mercedem
3261 1991 3638 2052 meruerunt
3672 1986 3833 2051 reci-

2307 2114 2457 2179 pere
2475 2144 2492 2172 ,
2524 2095 2828 2160 meritum
2864 2095 3181 2178 praecessit
3208 2095 3632 2178 receptionem
3662 2112 3835 2158 mer-

2306 2204 2493 2268 cedis.
2906 2201 2910 2205 ’

2389 2310 2546 2375 Item
2582 2310 2888 2375 meritum
2926 2315 3021 2375 est
3053 2311 3161 2375 via
3193 2310 3276 2374 ad
3313 2310 3658 2392 praemium
3687 2327 3704 2372 z
3732 2309 3835 2373 sed

2307 2419 2479 2482 recto
2528 2418 2748 2482 ordine
2796 2418 3190 2499 procedendo
3208 2463 3226 2493 ,
3283 2418 3457 2500 prior
3500 2421 3595 2481 est
3643 2419 3835 2480 status

2307 2525 2571 2590 viatoris
2589 2573 2608 2603 ‚
2664 2543 2859 2607 quam
2915 2523 3494 2606 comprehensoris;
3553 2528 3615 2587 et
3671 2523 3793 2587 viae
3813 2572 3829 2597 ,

2309 2649 2505 2714 quam
2538 2631 2762 2713 patriae
2790 2653 2805 2695 z
2832 2649 2989 2714 ergo
3013 2632 3085 2695 in
3111 2631 3359 2713 angelis
3392 2631 3513 2695 fuit
3540 2630 3833 2695 meritum

2308 2741 2455 2802 ante
2485 2739 2850 2820 praemium.
3721 2726 3734 2737 “

2391 2844 2550 2909 Item
2572 2845 2893 2928 dispositio
2920 2844 3214 2927 praecedit
3242 2844 3397 2909 illud
3424 2845 3502 2909 ad
3528 2845 3699 2928 quod
3720 2846 3838 2910 dis-

2310 2953 2490 3035 ponit
2526 2953 2629 3016 vel
2674 2957 2960 3035 tempore
2977 3001 2994 3031 ,
3037 2952 3141 3017 vel
3179 2957 3454 3016 natura:
3486 2953 3594 3017 sed
3638 2954 3840 3034 gratia

2311 3062 2404 3123 est
2431 3059 2752 3142 dispositio
2777 3061 2854 3125 ad
2878 3060 3151 3141 gloriam
3179 3082 3193 3125 ε
3221 3077 3377 3142 ergo
3406 3060 3458 3123 si
3487 3059 3649 3125 Deus
3675 3061 3841 3126 dedit

2311 3168 2556 3248 angelis
2583 3169 2858 3250 gratiam
2883 3187 3013 3251 qua
3041 3172 3290 3250 possent
3321 3169 3576 3247 mereri,
3606 3175 3669 3233 et
3702 3169 3837 3251 glo-

2310 3274 2477 3338 riam
2503 3294 2629 3357 qua
2669 3279 2821 3340 sunt
2849 3276 3052 3355 beati,
3083 3275 3263 3356 prius
3291 3275 3658 3338 habuerunt
3694 3294 3837 3357 gra-

2311 3382 2466 3445 tiam
2493 3400 2691 3465 quam
2715 3382 2988 3464 gloriam
3019 3404 3035 3447 ι
3064 3383 3171 3446 sed
3198 3382 3433 3462 gratia,
3466 3383 3718 3465 quando
3744 3383 3837 3446 in-

2320 3490 2495 3554 venit
2519 3489 2787 3555 liberum
2813 3489 3150 3554 arbitrium
3176 3491 3247 3554 in
3271 3495 3417 3554 actu
3443 3489 3673 3570 debito,
3703 3490 3844 3555 facit

2318 3595 2503 3660 illum
2530 3601 2801 3677 motum,
2828 3598 2961 3662 sive
2986 3602 3222 3674 actum,
3250 3616 3382 3662 esse
3409 3598 3834 3661 meritorium:

2320 3719 2476 3783 ergo
2496 3704 2551 3766 si
2574 3704 2846 3768 liberum
2869 3704 3205 3769 arbitrium
3227 3704 3441 3786 angeli
3459 3705 3528 3767 in
3550 3705 3838 3785 ingressu

2317 3810 2544 3889 gratiae
2586 3817 2650 3875 et
2692 3812 2918 3891 gloriae
2961 3814 3098 3875 erat
3135 3813 3204 3874 in
3248 3815 3393 3876 actu
3408 3860 3426 3890 ,
3466 3829 3624 3892 ergo
3668 3812 3842 3894 prius

2317 3915 2543 3981 habuit
2551 3921 2800 3982 motum
2812 3918 3233 3992 meritorium,
3252 3935 3448 3999 qnam
3468 3917 3836 3999 gloriosum.

2397 4023 2556 4089 Item
2585 4045 2698 4108 per
2723 4027 3108 4109 impossibile
3131 4028 3403 4106 videtur,
3427 4027 3579 4107 quia
3605 4027 3658 4088 si
3680 4025 3839 4090 Deus

2316 4131 2486 4195 dedit
2513 4133 2757 4214 angelis
2793 4133 3067 4214 gloriam
3085 4181 3103 4213 ,
3134 4137 3246 4196 aut
3279 4151 3436 4214 ergo
3464 4133 3704 4214 dignis,
3738 4135 3844 4196 ant

2314 4238 2640 4320 indignis:
2672 4240 2726 4303 si
2763 4240 3082 4321 indignis,
3123 4241 3360 4321 injuste
3395 4243 3458 4303 et
3491 4240 3842 4304 inordinate

2313 4345 2459 4408 fecit
2488 4364 2505 4408 ε
2536 4347 2707 4428 quod
2733 4351 2825 4411 est
2854 4346 3239 4429 impossibile
3270 4365 3286 4410 ε
3317 4364 3475 4427 ergo
3499 4346 3671 4411 dedit
3702 4347 3838 4428 dig-

2314 4452 2413 4515 nis
2444 4474 2459 4516 :
2492 4454 2600 4518 sed
2633 4452 2853 4517 nullus
2885 4458 2979 4516 est
3012 4453 3250 4534 dignus
3279 4472 3511 4518 corona
3530 4503 3546 4533 ,
3577 4455 3697 4517 nisi
3734 4472 3841 4537 per

2313 4559 2541 4624 merita
2571 4579 2588 4623 ε
2617 4578 2796 4641 erg-0,
2826 4563 2943 4623 etc.

2392 4666 2584 4745 Item,
2605 4665 2674 4761 =si
2714 4667 2953 4731 mereri·
2987 4667 3300 4749 contingit
3333 4666 3658 4748 habitum,
3691 4669 3840 4733 dum

2313 4775 2456 4856 quis
2482 4775 2680 4839 servit
2715 4774 2864 4855 Dec,
2895 4779 2959 4840 et
2987 4775 3150 4839 bene
3176 4775 3379 4840 utitur
3411 4776 3662 4855 habito;
3689 4796 3839 4859 ergo

2310 4986 2363 5036 q.
2383 4983 2477 5036 1115
2505 4972 2685 5023 Thom.
2711 4975 2853 5037 Arg„
2886 4972 2927 5020 ll
2951 4971 3111 5033 Sene„
3137 4970 3253 5022 dist.
3274 4982 3325 5034 V,
3350 4986 3399 5037 q.
3422 4985 3461 5035 ι,
3482 4977 3579 5023 art.
3599 4976 3628 5024 4
3642 4989 3660 5037 ς
3690 4975 3836 5038 Greg.

2310 5044 2545 5107 Arimin„
2576 5045 2614 5093 11
2645 5045 2804 5108 Seni„
2832 5042 2948 5093 dist.
2967 5053 3110 5105 mir,
3140 5055 3189 5105 q.
3210 5054 3250 5105 1,
3279 5048 3371 5093 art.
3393 5046 3455 5107 33
3499 5044 3752 5093 Francisc.
3776 5045 3834 5093 de

2310 5118 2493 5181 Mayr.‚
2518 5115 2557 5165 ll
2579 5116 2736 5179 Sent„
2752 5115 2868 5165 dist.
2891 5126 2962 5177 vx,
2981 5128 3031 5179 q.
3055 5127 3075 5164 1
3089 5131 3105 5178 ;
3129 5116 3261 5164 Joan
3281 5114 3344 5164 de
3375 5115 3588 5178 Bassol.,
3615 5117 3658 5166 ll
3683 5116 3833 5178 Seni„
3865 5152 3866 5161 ,

2310 5186 2425 5238 dist.
2445 5198 2497 5251 V,
2517 5201 2568 5250 q.
2592 5198 2606 5235 1
2621 5201 2638 5250 ;
2673 5186 2825 5236 Gabr.
2856 5186 2961 5236 Biel
2979 5222 2991 5245 ,
3025 5187 3066 5235 ΙΙ
3094 5185 3252 5245 Seni„
3280 5186 3400 5237 dist.
3421 5199 3471 5250 v,
3500 5200 3551 5250 q.
3573 5198 3594 5236 1
3620 5190 3673 5236 et
3700 5198 3758 5236 11.
3778 5210 3835 5221 —

2308 5261 2331 5293 ²
2349 5260 2497 5325 Aug„
2527 5257 2590 5308 de
2636 5258 2849 5310 Cos-rect.
2875 5260 2925 5309 et
2950 5257 3116 5320 Grae„
3159 5271 3204 5308 c.
3251 5269 3326 5323 xl,
3353 5272 3409 5308 n.
3430 5260 3509 5309 32.
3540 5285 3596 5297 -
3616 5258 3688 5323 (a)
3715 5257 3829 5315 Goet,

2308 5330 2433 5383 edit.
2458 5335 2636 5396 gratae.
