4125 6225
92 2973 152 3018 Ad
168 2988 263 3034 opp.

103 4148 255 4206 Replic-

1165 464 1359 531 DIST.
1402 466 1450 531 l.
1494 463 1726 533 PART.
1772 469 1823 532 Ι.
1866 468 2048 533 ART.
2095 467 2173 534 11.
2219 467 2515 546 QUAEST.
2565 470 2641 533 ll.

300 594 633 658 invenire?
660 594 908 659 Rursus
934 595 1101 661 idem
1130 601 1445 677 medicus,
1480 601 1832 667 secundum

298 701 583 765 eamdem
641 708 843 766 artem
896 705 1226 770 medicinae
1244 755 1261 784 ‚
1319 707 1569 772 diversa
1624 708 1830 772 eidem

299 812 576 890 aegroto,
611 809 964 874 secundum
993 811 1277 876 diversos
1314 818 1541 895 statuS,
1570 817 1834 898 apponit

298 916 777 993 medicamenta,
795 920 859 980 et
875 916 1126 982 diversa
1140 920 1247 983 dat
1259 925 1592 1003 praecepta,
1606 926 1671 987 et
1685 941 1833 987 con-

298 1023 519 1103 trarIa,
549 1025 905 1089 seeundum
933 1025 1324 1093 diversitates
1364 1030 1770 1096 infirmorum
1811 1055 1825 1097 ε

295 1130 425 1193 imo
457 1130 690 1194 stultus
731 1136 895 1195 esset
930 1134 1238 1214 medicuS,
1261 1138 1376 1219 qui
1410 1140 1633 1203 eadem
1653 1140 1831 1205 daret

296 1253 545 1318 semper
585 1237 1073 1319 medicamenta,
1104 1245 1169 1304 et
1213 1243 1533 1307 mandata.
1578 1244 1644 1308 Si
1674 1264 1830 1326 ergo

295 1345 583 1409 diversus
604 1346 728 1410 fuit
751 1351 949 1410 status
979 1348 1318 1413 hominum
1354 1351 1825 1434 incipientium,

293 1459 368 1516 ut
391 1453 421 1516 J
431 1454 794 1534 udaeorum,
838 1457 900 1517 et
940 1454 1227 1519 virorum
1268 1459 1789 1540 evangelicorum
1807 1508 1824 1538 ,

295 1560 445 1642 quid
474 1560 766 1642 prohihet
793 1579 1000 1626 unum
1039 1566 1103 1625 et
1129 1563 1425 1628 eumdem
1443 1613 1462 1644 ,
1494 1564 1741 1630 diversa
1766 1569 1830 1630 et

293 1668 609 1730 contraria
624 1667 993 1750 praecepisse
1006 1670 1037 1731 Ἰ
1051 1671 1349 1735 Attamen
1369 1672 1682 1736 contraria
1696 1691 1828 1738 non

294 1779 472 1853 sunt,
504 1775 913 1858 spiritualiter
928 1776 1265 1841 intellecta.

371 1886 429 1944 7.
464 1879 643 1957 Quod
671 1882 897 1946 ultimo
925 1883 1220 1964 objicitur
1237 1887 1374 1968 jam
1398 1885 1676 1950 solutum
1706 1891 1821 1965 est,

292 1988 447 2071 quia
504 1988 811 2052 vitiositas
863 1990 1342 2055 mundanorum
1389 1995 1484 2055 est
1536 1999 1824 2058 contem-

290 2096 528 2175 nenda,
564 2097 673 2161 sed
700 2100 991 2162 creatura
1037 2099 1339 2180 amanda,
1370 2103 1433 2164 et
1460 2100 1624 2164 Deus
1653 2101 1721 2165 in
1749 2121 1825 2167 ea

289 2201 664 2282 laudanduS,
685 2206 752 2266 et
764 2221 987 2267 omnes
1001 2208 1309 2270 creaturae
1318 2206 1580 2271 laudant
1594 2207 1820 2285 Deum,

291 2310 351 2371 et
376 2308 563 2373 bonae
588 2313 761 2374 sunt.
792 2309 872 2374 Et
896 2310 1038 2374 haec
1064 2312 1403 2376 sufficiant.

815 2548 1169 2626 QUAESTIO
1210 2551 1289 2616 11.

292 2703 383 2759 An
412 2706 655 2791 primum
673 2706 1017 2777 principium
1052 2705 1375 2778 produ-‘emt
1410 2710 1595 2765 omnia
1619 2711 1820 2781 seipse,

758 2797 857 2850 aut
879 2794 1150 2851 mediante
1176 2797 1289 2852 alio
1310 2797 1350 2854 ¹.

366 2953 704 3038 Supposito
733 2955 903 3037 quod
934 2957 1151 3021 omnia
1177 2957 1307 3021 sint
1323 2960 1404 3022 ab
1430 2977 1562 3024 uno
1589 2959 1821 3042 princi·

288 3060 391 3144 pio
407 3109 425 3138 ‚
455 3061 769 3144 quaeritur
785 3066 1007 3127 utrum
1030 3063 1187 3128 illud
1207 3064 1582 3146 produxerit
1604 3065 1822 3129 omnia

285 3168 486 3250 seipso
504 3217 522 3247 ,
548 3172 661 3232 aut
682 3169 999 3233 mediante
1027 3170 1186 3250 ali03
1219 3175 1283 3236 et
1308 3172 1476 3252 quod
1503 3172 1822 3238 mediante

284 3276 429 3355 alio,
455 3276 707 3339 videtur
725 3293 1093 3357 congruum
1115 3298 1131 3341 z
1155 3277 1233 3341 de
1256 3278 1625 3343 liberalitate
1645 3281 1818 3344 enim

284 3383 534 3465 agentis
566 3387 688 3461 est,
721 3386 950 3447 utnon
978 3386 1229 3448 tantum
1254 3386 1685 3450 communicet
1710 3387 1819 3451 alii

283 3495 496 3555 actum
518 3539 534 3568 ‚
574 3491 684 3555 sed
723 3489 916 3553 etiam
944 3491 1292 3573 potentiam
1321 3492 1815 3575 multiplicandi,

284 3601 344 3660 et
369 3596 767 3660 diffundendi
795 3615 862 3660 se
889 3615 907 3661 t
930 3597 1039 3661 sed
1062 3597 1227 3661 Deus
1256 3602 1348 3662 est
1377 3614 1575 3678 agens
1594 3597 1818 3662 libera-

281 3703 600 3767 lissimum
635 3725 652 3766 ι
686 3722 845 3784 ergo
874 3704 1128 3768 videtur
1156 3706 1326 3788 quod
1374 3706 1601 3787 primae
1640 3724 1819 3770 crea-

282 3816 467 3891 turae,
490 3829 686 3893 quam
715 3811 860 3875 fecit
874 3859 893 3891 ,
919 3812 1161 3876 dederit
1185 3813 1531 3895 potentiam
1547 3813 1817 3877 faciendi

284 3918 473 3982 aliam
491 3966 509 3995 ,
540 3923 605 3982 et
628 3919 739 3981 illa
755 3918 859 3983 det
883 3917 1023 3996 alii,
1053 3920 1228 3984 etsie
1255 3920 1679 4001 procedendO,
1711 3939 1819 3984 us-

284 4044 410 4110 que
438 4027 520 4091 ad
542 4025 855 4090 ultimam.

362 4133 429 4197 Si
450 4134 622 4197 dicas
642 4133 811 4215 quod
831 4137 1119 4197 creatura
1139 4151 1270 4199 non
1283 4139 1380 4199 est
1399 4155 1599 4219 capax
1621 4141 1816 4201 tantae

280 4241 615 4324 potentiae3
647 4239 918 4305 Contra:
950 4239 1155 4321 Majus
1188 4245 1282 4305 est
1320 4241 1525 4306 facere
1570 4244 1815 4326 aliquid

281 4365 429 4410 cum
456 4351 552 4410 est
589 4347 976 4426 resistentia,
1024 4364 1223 4428 quam
1269 4349 1383 4412 ubi
1426 4350 1604 4414 nulla
1651 4373 1666 4414 :
1708 4352 1818 4416 sed

282 4458 571 4517 creatura
595 4453 664 4516 in
686 4452 969 4517 faciendo
994 4452 1235 4535 aliquid
1252 4473 1335 4519 ex
1364 4457 1681 4521 contrario
1705 4459 1813 4522 ha-

280 4562 383 4626 bet
406 4563 863 4641 resistentiam,
897 4566 962 4625 et
1003 4560 1284 4626 faciendo
1316 4581 1397 4627 ex
1424 4564 1628 4630 nihilo
1662 4567 1818 4629 nul-

282 4670 407 4734 lam
441 4693 457 4735 2
491 4689 651 4753 ergo
676 4670 732 4734 si
766 4689 969 4753 capax
1008 4675 1102 4734 est
1140 4670 1367 4753 primae
1390 4675 1721 4756 potentiae,
1754 4680 1818 4739 et

280 4777 596 4843 secundae.

356 4891 420 4951 2.
441 4887 601 4951 Item
627 4885 708 4949 de
732 4884 1059 4950 nobilitate
1086 4888 1336 4968 agentis
1362 4893 1457 4951 est
1478 4889 1683 4954 tacere
1701 4909 1816 4955 no·

280 4993 586 5056 bilissima
611 5010 806 5074 opera
849 5010 964 5074 per
990 5011 1058 5057 se
1084 4993 1330 5076 ipsum,
1362 4999 1425 5058 et
1450 4996 1666 5061 minus
1695 5016 1815 5063 no-

280 5101 428 5165 bilia
463 5118 579 5183 per
616 5099 1020 5179 ministrum,
1060 5113 1133 5165 ut
1169 5105 1341 5184 patet
1374 5124 1387 5165 ε
1425 5102 1600 5167 decet
1640 5106 1814 5170 enim

341 5297 360 5333 ¹
385 5298 466 5359 Cf.
495 5296 641 5347 Alex.
666 5295 885 5359 Alensis,
909 5309 963 5359 p.
992 5297 1053 5359 ll,
1080 5311 1132 5361 q.
1155 5308 1204 5360 v,
1234 5300 1426 5350 memb.
1449 5303 1509 5363 33
1532 5303 1584 5353 S.
1610 5303 1811 5368 Thom.,

279 5384 330 5434 p.
360 5372 415 5429 1,
444 5383 496 5432 q.
524 5379 648 5430 xm,
676 5370 771 5416 art.
795 5368 858 5430 55
904 5370 955 5416 et
988 5368 1029 5419 ll
1059 5366 1213 5433 Seni„
1246 5370 1364 5421 dist.
1388 5384 1437 5434 1,
1470 5387 1523 5436 q.
1546 5386 1597 5437 1,
1626 5381 1723 5425 art.
1746 5380 1809 5440 33

278 5446 332 5492 et
368 5440 412 5491 u
451 5440 644 5491 Cenem
684 5438 852 5499 cent,
886 5452 933 5488 c.
973 5450 1096 5505 1113
1140 5442 1302 5505 Soet,
1344 5443 1385 5494 11
1417 5444 1576 5505 sent„
1613 5445 1732 5499 dist.
1759 5458 1811 5510 1,

3361 474 3471 534 251

1943 621 2167 685 regem
2206 606 2494 686 judicare
2508 651 2530 682 ‚
2574 605 2685 669 sed
2710 621 2841 669 non
2866 604 3043 668 decet
3079 622 3231 668 eum
3258 591 3481 686 coqui-

1941 728 2093 773 nam
2119 711 2322 775 facere
2352 734 2366 775 ε
2395 730 2552 794 ergo
2580 712 2635 775 si
2660 713 2906 794 primus
2934 730 3052 776 rex
3091 715 3185 776 est
3212 712 3478 775 nobilis-

1940 818 2144 881 simus
2161 867 2179 897 ,
2207 822 2269 881 et
2287 818 2582 899 producit
2610 838 2711 882 res
2728 819 3082 882 secundum
3108 818 3279 900 quod
3305 818 3481 882 decet

1941 926 1994 1007 ej
2009 944 2081 988 us
2108 926 2499 989 nobilitatem
2518 975 2534 1005 ,
2583 927 2838 990 videtur
2883 926 3056 1008 quod
3101 926 3234 1008 ipse
3262 924 3481 990 debuit

1939 1031 2178 1114 aliquid
2199 1052 2405 1098 unum
2435 1034 2782 1116 producere
2802 1083 2820 1112 ,
2854 1038 2917 1097 et
2943 1052 3056 1116 per
3081 1033 3236 1096 illud
3267 1033 3482 1097 minus

1941 1139 2180 1204 nobilia
2201 1163 2216 1204 ι
2236 1146 2299 1204 et
2316 1143 2405 1204 sic
2417 1142 2811 1224 procedendo
2830 1160 3036 1224 usque
3052 1140 3129 1204 ad
3145 1140 3474 1205 ultimum.

1941 1244 2106 1311 Situ
2135 1249 2304 1312 dicas
2336 1250 2508 1332 quod
2548 1268 2678 1313 non
2727 1253 2821 1313 est
2857 1250 3062 1313 simile
3101 1249 3177 1312 de
3229 1247 3386 1324 De0,
3417 1252 3481 1312 et

1916 1354 2153 1436 aliquo
2178 1360 2408 1437 agente
2435 1360 2675 1436 creato,
2701 1356 2854 1439 quia
2877 1356 3041 1420 Deus
3065 1375 3197 1418 non
3225 1356 3479 1438 perfici-

1938 1466 2044 1525 tur
2090 1463 2171 1525 ab
2216 1464 2432 1546 aliquo
2481 1483 2670 1547 opere
2682 1483 2702 1545 ;
2754 1463 3071 1545 objicitur,
3125 1463 3276 1545 quia
3316 1482 3479 1546 opus

1937 1569 2308 1650 regiminis,
2358 1571 2863 1654 propagationiS,
2896 1574 2959 1633 et
2988 1570 3479 1651 gubernationis

1936 1670 2230 1736 divinum
2271 1678 2364 1736 est
2415 1696 2428 1736 :
2474 1678 2536 1737 et
2580 1673 2743 1737 Deus
2786 1677 2999 1736 tamen
3049 1673 3370 1754 gubernat
3415 1677 3480 1737 et

1935 1780 2105 1859 regit
2129 1798 2329 1843 unam
2359 1785 2715 1845 creaturam
2745 1798 2859 1863 per
2877 1780 3069 1844 aliam
3101 1799 3118 1844 ε
3149 1784 3214 1844 et
3236 1781 3359 1844 hoc
3382 1784 3478 1844 est

1934 1887 2015 1951 ad
2054 1889 2478 1953 ostensionem
2505 1907 2644 1954 suae
2672 1888 3020 1953 nobilitatis
3057 1907 3073 1952 :
3113 1907 3315 1970 quare
3342 1906 3476 1953 non

1935 1993 2231 2058 similiter
2256 1998 2423 2059 creat
2438 1997 2470 2058 ‘t

2015 2105 2076 2166 3.
2109 2101 2267 2166 Item
2305 2101 2657 2167 ostenditur
2702 2101 2873 2184 quod
2915 2099 3344 2164 necessarium
3392 2101 3476 2164 sit

1933 2206 2021 2270 ita
2046 2226 2180 2272 esse
2205 2210 2296 2272 sic
2316 2231 2330 2273 ε
2353 2206 2573 2273 Omnis
2591 2208 2852 2272 effectus
2876 2208 2990 2289 qui
3009 2205 3138 2271 exit
3164 2207 3244 2269 ab
3262 2206 3477 2289 aliqua

1933 2331 2123 2378 causa
2148 2315 2527 2393 universali,
2577 2314 2709 2377 exit
2745 2314 2828 2377 ab
2863 2331 2940 2378 ea
2982 2312 3087 2377 vel
3127 2331 3241 2394 per
3281 2313 3474 2377 aliam

1934 2436 2192 2484 causam
2233 2421 2559 2503 propriam
2579 2467 2598 2497 ,
2637 2418 2740 2484 vel
2769 2437 2884 2501 per
2925 2419 3198 2501 seipsam
3233 2436 3472 2501 appro-

1932 2525 2204 2606 priatam
2225 2546 2240 2590 :
2264 2527 2372 2591 sed
2392 2525 2557 2589 Deus
2576 2531 2671 2590 est
2688 2544 2878 2589 causa
2894 2525 3467 2604 universalissima,

1932 2651 2061 2697 non
2108 2633 2327 2698 valens
2365 2633 2623 2710 arctari,
2669 2651 2788 2697 nec
2834 2633 3267 2715 appropriari,
3318 2652 3468 2697 cum

1931 2740 2110 2803 nulla
2152 2741 2347 2822 possit
2372 2740 2432 2803 ei
2459 2739 2601 2802 fieri
2628 2738 2863 2803 additio
2897 2762 2910 2802 :
2944 2758 3101 2821 ergo
3136 2759 3286 2804 cum
3318 2759 3471 2824 pro-

1932 2846 2109 2910 ducit
2127 2846 2331 2909 multa
2350 2895 2368 2926 ,
2394 2845 2685 2929 producit
2701 2863 2817 2929 per
2840 2846 3033 2910 aliam
3055 2864 3310 2911 causam
3332 2865 3474 2929 pro—

1930 2952 2161 3035 priam.

2008 3065 2069 3126 4.
2102 3060 2260 3126 Item
2291 3079 2414 3143 ego
2438 3060 2626 3126 video
2653 3059 2825 3144 quod
2854 3059 3062 3125 virtus
3088 3058 3351 3125 unitatis
3378 3064 3471 3124 est

1928 3169 2009 3232 ad
2039 3186 2345 3233 numeros
2376 3168 2662 3231 infinitos
2693 3190 2707 3231 ε
2739 3171 2954 3230 tamen
2974 3166 3188 3230 unitas
3214 3166 3467 3230 nullum

1928 3293 2279 3340 numerum
2302 3274 2625 3357 producit,
2652 3274 2808 3356 quin
2829 3272 3214 3355 producatur
3230 3273 3470 3355 pariter

1927 3401 1968 3446 a
2008 3401 2279 3446 numero
2325 3381 2436 3463 qui
2486 3380 2852 3444 immediate
2901 3380 3105 3461 ipsam
3150 3380 3465 3461 sequitur,

1926 3488 2159 3552 scilicet
2199 3489 2534 3566 dualitate;
2584 3488 2751 3551 unde
2794 3487 2970 3550 nullo
3018 3487 3208 3551 modo
3254 3487 3466 3550 unitas

1925 3594 2160 3660 faceret
2190 3596 2543 3659 ternarium
2561 3643 2577 3675 ,
2622 3597 2684 3657 et
2710 3611 2990 3671 nonum,
3032 3593 3462 3675 procedendO,

1925 3702 2048 3765 nisi
2077 3721 2189 3785 per
2214 3703 2582 3768 dualitatem
2597 3752 2614 3781 ,
2650 3706 2713 3766 et
2739 3702 2829 3766 sic
2858 3703 2927 3764 in
2953 3701 3093 3765 aliis
3119 3701 3464 3783 proceden-

1926 3809 2006 3874 do
2037 3831 2054 3874 ε
2086 3828 2243 3890 ergo
2269 3809 2522 3873 videtur
2547 3810 2837 3873 similiter
2868 3808 3041 3891 quod
3072 3826 3204 3872 non
3230 3826 3461 3892 proce-

1925 3917 2016 3980 dit
2053 3935 2094 3981 a
2134 3918 2258 3982 Deo
2302 3917 2641 3981 multitudo
2692 3934 2946 3992 rerum,
2999 3933 3150 3979 cum
3198 3916 3332 3998 ipse
3381 3915 3466 3979 sit

1923 4042 2175 4090 summe
2204 4042 2402 4101 unus,
2427 4025 2551 4087 nisi
2577 4043 2691 4107 per
2717 4025 2886 4107 ipsas
2915 4040 3040 4087 res.-

2005 4131 2128 4196 Sed
2147 4136 2365 4197 contra
2386 4149 2404 4194 ε
2430 4131 2610 4209 Quod
2630 4132 2786 4197 illud
2804 4149 2936 4195 non
2961 4131 3041 4193 sit
3063 4148 3430 4212 congruum
3444 4179 3461 4207 ,
3495 4149 3704 4195 runem.

1924 4240 2196 4306 videtur.
2235 4238 2564 4316 Quantum
2590 4239 2789 4303 homo
2835 4237 3057 4319 recipit
3082 4239 3162 4302 ab
3190 4238 3313 4301 alio
3330 4285 3348 4316 ,
3396 4238 3466 4301 in

1922 4354 2176 4414 tantum
2197 4351 2257 4415 ei
2275 4355 2530 4416 tenetur
2552 4373 2568 4414 ι
2596 4351 2704 4415 sed
2727 4350 2807 4414 ad
2830 4349 3040 4413 solum
3062 4348 3264 4412 Deum
3286 4353 3466 4412 tene-

1921 4460 2030 4521 tur
2054 4462 2345 4521 creatura
2371 4476 2454 4522 ex
2486 4461 2656 4536 toto;
2685 4457 2896 4521 solum
2921 4456 3096 4520 enim
3120 4455 3323 4519 Deum
3351 4455 3465 4519 de-

1922 4564 2029 4629 bet
2071 4565 2339 4645 diligere
2379 4566 2574 4629 homo
2619 4584 2703 4629 ex
2747 4569 2879 4629 toto
2921 4564 3108 4627 corde
3126 4612 3143 4643 ,
3192 4568 3255 4625 et
3302 4561 3463 4624 nihil

1922 4672 2098 4736 aliud
2141 4673 2470 4755 {equaliter
2501 4694 2517 4737 ε
2559 4690 2719 4754 ergo
2758 4671 2931 4735 solus
2972 4675 3145 4734 creat
3183 4672 3395 4733 totum
3442 4689 3457 4733 τ

1922 4780 2031 4844 sed
2047 4779 2279 4844 creatio
2293 4785 2387 4845 est
2398 4779 2564 4845 actio
2583 4779 2652 4843 in
2668 4798 2797 4862 qua
2817 4782 3023 4843 totum
3042 4776 3418 4860 producitur
3442 4797 3457 4840 z

1922 4904 2082 4969 ergo
2095 4936 2113 4967 ,
2143 4891 2260 4951 etc.

2004 4994 2161 5059 ltem
2207 4997 2415 5077 majus
2458 4997 2552 5057 est
2581 5010 2718 5058 rem
2758 4993 2835 5056 de
2876 5010 3009 5055 non
3037 5009 3173 5054 esse
3206 4992 3285 5053 ad
3326 5009 3462 5055 esse

1922 5102 2301 5185 producere,
2345 5119 2541 5183 quam
2581 5117 2958 5164 conservare
2999 5102 3062 5162 et
3097 5099 3403 5181 perficere
3440 5121 3454 5164 ε

1922 5320 2080 5373 q.1v;
2109 5307 2341 5373 AEgidius
2367 5292 2539 5369 Rom„
2563 5306 2606 5354 ll
2630 5305 2787 5359 Seni..
2815 5302 2933 5354 dist.
2961 5315 3008 5366 1,
3032 5317 3084 5367 q.
3106 5315 3166 5367 11,
3195 5307 3290 5354 art.
3313 5305 3375 5367 53
3405 5304 3458 5352 et

1922 5380 2121 5441 Quolib.
2165 5382 2227 5442 V,
2265 5394 2315 5444 q.
2359 5393 2407 5442 13
2445 5375 2701 5434 Richard„
2745 5373 2784 5422 ll
2830 5375 2987 5434 Seni„
3027 5375 3145 5425 dist.
3186 5387 3236 5436 1,
3266 5379 3361 5426 art.
3397 5378 3453 5437 4,

1921 5463 1972 5514 q.
2002 5463 2087 5514 1v;
2131 5441 2286 5501 Gabr.
2318 5449 2426 5501 Biel
2443 5485 2461 5513 ‚
2487 5450 2526 5498 ll
2555 5447 2713 5509 sent„
2744 5445 2864 5496 dist.
2889 5456 2926 5509 1,
2953 5458 3005 5512 q.
3029 5457 3098 5496 iv.
