4125 6225
1400 462 1778 530 DISTING'I'.
1821 464 1986 531 7111.

104 600 443 685 plurimum
495 599 645 665 facit
694 598 854 663 fldes
913 601 1083 663 recta
1102 644 1122 679 ,
1180 598 1345 663 sicut
1394 602 1622 663 sonant

3158 472 3274 534 427

1736 618 1850 682 per
1870 600 2244 682 hujusmodi
2279 601 2696 667 revelationes
2713 651 2730 679 ,
2764 606 2830 667 et
2852 604 2935 668 ad
2958 620 3142 668 suam
3167 622 3277 668 so-

103 707 477 787 Evangelia3
510 707 602 771 sic
627 707 710 773 ad
739 706 1111 771 daemonum
1143 706 1456 773 miracula
1475 706 1625 770 facit
1731 707 2023 771 cietatem
2043 754 2062 786 ‚
2097 725 2247 789 quae
2286 709 2642 790 perniciosa
2682 714 2775 773 est
2823 710 3006 775 valde
3028 758 3044 787 ‚
3080 729 3279 794 quam

102 815 369 880 multum
418 815 575 879 fides
619 833 915 896 perversa
935 863 954 894 ,
985 815 1291 898 quoniam
1337 815 1625 880 diabolus

100 940 425 1008 perversus
452 925 547 985 est
568 923 850 987 imitator
873 923 1003 988 Dei.

172 1035 228 1094 6.
261 1029 363 1093 Ad
392 1029 552 1094 illud
590 1030 761 1112 quod
801 1031 1101 1114 objicitur
1117 1081 1133 1110 ‚
1178 1032 1350 1114 quod
1387 1051 1520 1098 non
1549 1033 1632 1096 sit

99 1140 417 1222 peccatum
472 1156 761 1219 quaerere
813 1137 890 1202 de
942 1138 1236 1220 perditis;
1293 1139 1631 1204 dicendum

99 1244 257 1328 quod
284 1249 614 1327 peccatum
657 1248 784 1325 est,
814 1245 969 1328 quia
1001 1248 1223 1310 contra
1257 1247 1636 1330 prohibitio-

98 1376 280 1421 nem:
315 1361 378 1420 et
402 1356 798 1440 prohibitum
825 1360 920 1421 est
949 1357 1268 1439 praedictis
1298 1357 1376 1421 de
1403 1357 1629 1421 causis,

98 1463 425 1541 Potissima
448 1468 664 1528 tamen
683 1483 874 1528 causa
896 1468 1009 1543 est,
1031 1465 1183 1547 quia
1205 1465 1339 1547 ipse
1357 1465 1636 1529 mendax

100 1578 221 1649 est,
263 1575 328 1635 et
371 1575 552 1654 pater
595 1575 734 1654 ejus
754 1621 771 1649 ,
817 1576 880 1636 et
918 1572 1424 1655 frequentissime
1467 1573 1637 1637 veris

101 1681 407 1745 immiscet
437 1681 612 1745 falsa.
644 1680 722 1745 Et
753 1681 896 1745 ideo
932 1680 1292 1764 periculum
1318 1698 1635 1761 magnum

101 1794 191 1854 est
212 1790 465 1853 credere
489 1788 633 1868 sibi,
663 1789 815 1871 quia
842 1792 1051 1871 posset
1079 1789 1405 1852 hominem
1430 1783 1511 1852 'de
1533 1789 1635 1852 fa-

103 1897 202 1961 cili
225 1897 526 1962 inducere
547 1896 618 1960 in
652 1914 966 1977 errorem,
997 1898 1062 1961 et
1097 1896 1305 1961 dicere
1331 1895 1502 1978 quod
1529 1896 1637 1960 ille

103 2006 286 2069 babet
310 2023 472 2085 rem,
502 2007 618 2087 qui
641 2024 777 2070 non
805 2006 1034 2085 habet;
1075 2008 1139 2069 et
1168 2004 1340 2069 videt
1377 2022 1491 2086 per
1514 2003 1637 2067 hoc

1736 814 2047 879 desiderat
2084 814 2395 895 diaboluS,
2438 822 2513 879 ut
2548 816 2841 899 decipiat.
2875 817 2954 881 Et
2991 818 3154 895 ide0‚
3205 822 3280 883 ut

1736 921 2029 986 homines
2057 923 2275 987 minus
2300 928 2596 1003 caveant,
2621 925 2689 987 in
2712 925 2844 989 suis
2867 925 3280 991 divinationi-

1737 1030 1859 1095 bus
1884 1031 2186 1114 quaedam
2216 1033 2483 1097 honesta
2507 1035 2862 1116 praetendit,
2892 1038 3110 1117 utpote
3130 1037 3283 1118 quia

1739 1157 1938 1221 puero
1995 1139 2239 1222 virgini
2293 1160 2444 1205 suas
2500 1142 2923 1207 divinationes
2971 1144 3278 1221 ostendit,

1741 1266 1889 1313 cum
1921 1251 2137 1312 tamen
2164 1249 2232 1311 in
2251 1248 2513 1313 occultis
2533 1249 2614 1313 ad
2638 1250 3007 1332 turpissima
3024 1250 3240 1314 incitet
3261 1269 3279 1313 ι

1744 1359 1807 1419 et
1832 1355 1973 1420 ideo
2012 1355 2161 1419 dicit
2194 1354 2633 1436 AugustinuS,
2665 1356 2829 1422 libro
2861 1356 2916 1420 ll
2946 1373 3134 1439 super
3167 1359 3282 1424 Ge-

1746 1464 1954 1527 nesim
1981 1461 2072 1528 ad
2096 1461 2375 1527 litteram
2403 1462 2469 1525 in
2490 1463 2620 1527 fine
2646 1464 2667 1498 ¹
2695 1485 2710 1527 ε
2751 1488 2781 1524 α
2801 1463 3060 1528 Homini
3089 1465 3285 1528 chris-

1747 1570 1921 1632 tiano
1948 1568 2084 1633 sive
2125 1569 2590 1648 mathematici,
2622 1571 2755 1634 sive
2796 1571 3062 1654 quilibet
3091 1572 3287 1655 impie

1750 1677 2210 1755 divinantium,
2268 1678 2549 1741 maxime
2599 1696 2752 1742 vera
2804 1679 3109 1757 dicenteS,
3174 1698 3287 1743 ca-

1748 1784 1939 1848 vendi
1965 1789 2139 1864 sunt,
2161 1802 2243 1849 ne
2262 1786 2574 1850 consortio
2595 1786 2971 1873 ‘daemonum
2990 1786 3286 1850 animam

1747 1893 2075 1975 deceptam
2089 1896 2271 1976 pacto
2286 1895 2565 1977 quodam
2582 1894 2899 1960 societatis
2913 1895 3226 1960 irretiant.
3245 1916 3275 1953 a

1748 2000 1825 2066 Et
1845 2001 1935 2065 sic
1957 2004 2130 2084 patet
2153 2004 2382 2066 totum.

103 2132 280 2198 posse
317 2115 474 2180 oriri
505 2116 712 2197 mala3
741 2120 806 2182 et
836 2117 990 2201 quia
1021 2116 1214 2180 etiam
1240 2114 1320 2179 ad
1345 2132 1414 2178 se
1439 2113 1633 2178 allicit

1153 2382 1887 2480 DISTINCTIO
1989 2378 2234 2480 VIII

515 2613 721 2662 mnu
764 2614 988 2662 mrim
1032 2613 1232 2660 OMNES
1277 2612 1574 2660 conPoRm
1618 2610 1756 2658 SINT
1785 2616 1801 2657 Ξ
1851 2611 2015 2667 QUOD
2058 2610 2408 2657 INSOLUTUM
2454 2610 2883 2666 RELINQUITUR.

188 2790 374 2860 Solet
408 2791 605 2858 etiam
631 2790 704 2858 in
730 2790 1094 2882 quaestione
1125 2790 1374 2860 versari
1408 2789 1582 2881 apud
1615 2789 1836 2858 doctos
1858 2841 1877 2875 ‚
1923 2795 2153 2857 utrum
2182 2787 2403 2876 angeli
2434 2809 2664 2856 omnes
2685 2840 2702 2872 ,
2755 2787 2915 2855 boni
2941 2785 3189 2855 scilicet
3216 2810 3291 2855 ac

103 2907 286 2994 mali,
321 2908 622 2998 corporei
646 2907 809 2994 sint,
843 2907 914 2974 id
941 2914 1079 2993 est,
1128 2928 1400 2998 corpora
1425 2905 1708 2974 habeant
1733 2905 1860 2973 sibi
1888 2904 2095 2973 unita.
2143 2903 2335 2985 Quod
2362 2903 2573 2995 aliqui
2614 2910 2886 2994 putant,
2935 2901 3291 2970 innitentes

105 3023 313 3092 verbis
338 3022 736 3114 Augustini,
768 3023 886 3116 qui
911 3023 1125 3093 dicere
1154 3023 1415 3093 videtur
1434 3027 1481 3106 ²,
1512 3021 1693 3114 quod
1723 3020 1944 3109 angeli
1978 3042 2207 3088 omnes
2231 3027 2383 3089 ante
2422 3018 2990 3087 confirmationem
3018 3019 3125 3087 vel
3152 3017 3293 3110 lap-

100 3163 245 3208 sum
271 3164 555 3234 corpora
581 3164 768 3210 aerea
791 3139 1170 3210 habuerunt
1197 3141 1276 3209 de
1303 3139 1559 3232 puriori
1586 3160 1661 3207 ac
1691 3138 2027 3230 superiore
2054 3138 2223 3207 aeris
2248 3145 2430 3225 parte
2457 3138 2741 3207 formata
2759 3188 2777 3223 ,
2808 3137 2891 3205 ad
2919 3136 3292 3205 faciendum

97 3256 371 3342 habilia,
397 3280 535 3328 non
551 3257 633 3325 ad
649 3256 1032 3349 patiendum
1059 3282 1074 3324 :
1099 3263 1164 3325 et
1187 3255 1438 3346 angelis
1454 3256 1644 3323 bonis
1665 3254 1785 3346 qui
1806 3254 2260 3345 perstiterunt,
2281 3252 2441 3321 talia
2457 3261 2614 3321 sunt
2635 3253 2976 3322 observata
2992 3274 3289 3343 corpora,

101 3382 174 3440 ut
201 3373 272 3441 in
301 3375 401 3443 eis
431 3374 680 3464 possint
722 3374 929 3442 facere
952 3427 971 3461 ‚
1004 3382 1068 3442 et
1107 3397 1243 3441 non
1273 3374 1409 3464 pati
1442 3396 1457 3439 τ
1497 3393 1650 3463 quae
1680 3379 1873 3440 tantae
1899 3379 2055 3439 sunt
2087 3369 2457 3454 tenuitatiS‚
2496 3377 2638 3438 uta
2663 3368 3054 3437 mortalibus
3080 3367 3293 3436 videri

95 3513 230 3558 non
257 3491 575 3576 valeant,
607 3489 736 3557 nisi
762 3489 1191 3581 supervestita
1217 3489 1446 3580 aliqua
1472 3487 1781 3577 grossiori
1810 3487 2054 3572 forma,
2086 3508 2220 3577 qua
2245 3494 2576 3576 assumpta
2612 3484 2945 3567 videntur,
2976 3481 3297 3573 deposita-

95 3629 226 3697 que
253 3606 476 3676 videri
505 3606 836 3674 desinunt.
866 3606 1138 3696 Angelis
1166 3628 1321 3676 vero
1351 3605 1541 3673 malis
1570 3611 1823 3672 mutata
1848 3603 2103 3671 suntin
2131 3625 2283 3670 casu
2311 3624 2585 3692 corpora
2610 3601 2683 3668 in
2716 3600 3104 3669 deteriorem
3132 3621 3296 3690 qua-

95 3721 354 3791 litatem
385 3722 716 3813 spissioris
741 3723 929 3792 aeriS.
979 3721 1165 3790 Sicut
1197 3721 1375 3789 enim
1405 3745 1445 3789 a
1484 3721 1626 3788 loco
1653 3718 1941 3809 digniori
1967 3719 2040 3786 in
2068 3718 2449 3786 inferiorem
2489 3717 2711 3786 locum
2738 3769 2756 3802 ,
2788 3715 2857 3784 id
2886 3723 3024 3801 est,
3072 3715 3298 3804 caligi-

93 3860 340 3907 nosum
369 3861 596 3907 aerem
623 3838 851 3930 dejecti
879 3845 1034 3906 sunt
1066 3862 1082 3905 ε
1116 3838 1209 3906 ita
1236 3837 1356 3906 illa
1392 3858 1667 3928 corpora
1692 3835 1921 3903 tenuia
1966 3842 2219 3902 mutata
2245 3841 2400 3901 sunt
2428 3842 2491 3901 et
2520 3832 2985 3902 transformata
3011 3833 3082 3900 in
3122 3832 3299 3900 dete-

95 3954 274 4024 riora
302 3978 588 4047 corpora
613 3962 678 4022 et
703 3955 1034 4046 spissiora,
1066 3955 1138 4022 in
1167 3954 1414 4047 quibus
1441 3953 1576 4044 pati
1603 3959 1871 4044 possent
1888 3974 1927 4019 a
1944 3950 2269 4043 superiori
2286 3952 2639 4037 elemento,
2660 3950 2731 4018 id
2758 3959 2877 4036 est,
2908 3950 2990 4017 ab
3019 3950 3194 4039 igne.
3219 3948 3300 4017 Et

93 4071 218 4141 hoc
241 4072 676 4163 Augustinus
702 4070 974 4139 sensisse
1002 4070 1287 4158 videtur,
1317 4092 1511 4161 super
1538 4069 1864 4152 Genesim,
1897 4070 1991 4136 ita
2014 4067 2307 4136 dicens³2
2349 4092 2384 4132 «
2405 4067 2747 4135 Daemones
2773 4067 3085 4136 dicuntur
3110 4088 3299 4134 aerea

94 4189 426 4258 animalia
451 4240 470 4274 ‚
502 4187 621 4279 qui
647 4209 996 4279 corporum
1023 4209 1366 4256 aereorum
1396 4194 1635 4254 natura
1670 4185 1898 4274 vigent
1931 4208 1946 4251 :
1978 4205 2098 4279 nec
2141 4206 2258 4275 per
2299 4191 2580 4252 mortem
2617 4184 3094 4270 dissolvuntur,
3140 4181 3300 4273 quia

92 4306 422 4397 praevalet
448 4304 520 4372 in
556 4304 648 4372 eis
689 4302 1088 4371 elementum
1138 4303 1356 4394 aptius
1393 4302 1475 4370 ad
1515 4301 1889 4369 faciendum
1939 4323 2142 4392 quam
2185 4299 2267 4367 ad
2317 4299 2723 4391 patiendum.
2765 4299 2872 4367 Ad
2916 4297 3298 4390 patiendum

93 4421 276 4490 enim
307 4422 567 4491 humor
593 4427 660 4488 et
683 4419 929 4488 humus
947 4472 964 4504 ,
995 4420 1075 4487 ad
1108 4418 1483 4487 faciendum
1512 4440 1624 4485 aer
1656 4425 1721 4485 et
1748 4417 1921 4506 ignis
1949 4416 2386 4509 aptitudinem
2414 4417 2728 4508 praebent.
2770 4417 3300 4504 Transgressores

95 4561 254 4608 vero
284 4537 700 4629 angelicum
727 4536 1024 4629 principe
1050 4559 1170 4604 suo
1198 4559 1376 4605 nunc
1401 4535 1663 4604 diabolo
1684 4588 1702 4622 ‚
1734 4543 1895 4602 tunc
1923 4533 2317 4622 archangelo
2343 4588 2362 4622 ,
2394 4555 2530 4601 non
2558 4534 2802 4601 mirum
2830 4533 2885 4600 si
2910 4539 3057 4624 post
3080 4552 3298 4622 pecca-

96 4664 240 4725 tum
270 4657 350 4725 in
381 4655 560 4724 hanc
586 4653 933 4742 caliginem
960 4653 1211 4722 detrusi
1239 4661 1416 4720 sunt.
1466 4651 1696 4744 Neque
1724 4650 1922 4719 etiam
1963 4650 2089 4718 hoc
2130 4649 2382 4718 mirum
2432 4658 2556 4736 est,
2603 4649 2660 4717 si
2702 4648 2999 4717 conversi
3032 4653 3191 4715 sunt
3218 4669 3301 4715 ex

93 4795 296 4865 poena
323 4773 405 4840 in
454 4793 714 4839 aeream
742 4770 1125 4863 qualitatem
1150 4819 1169 4856 ,
1214 4792 1350 4861 qua
1384 4775 1660 4860 possunt
1689 4767 1773 4835 ab
1802 4767 1956 4855 igne
1990 4766 2151 4858 pati.
2193 4765 2565 4855 Caliginosa
2608 4773 2829 4834 tamen
2870 4763 3037 4832 aeris
3081 4770 3301 4830 tenere

95 4898 370 4958 tantum
399 4886 707 4981 permissi
729 4894 919 4972 sunt,
950 4886 1068 4978 qui
1094 4885 1188 4954 eis
1213 4885 1402 4977 quasi
1428 4906 1647 4953 carcer
1673 4882 1992 4972 situsque
2018 4881 2107 4950 ad
2132 4890 2388 4974 tempus
2406 4882 2666 4974 judicii.
2694 4906 2729 4946 >³
2764 4880 2925 4948 Ecce
2951 4879 3060 4947 his
3085 4877 3303 4946 verbis

93 5007 374 5076 videtur
400 5004 828 5093 Augustinus
853 5003 922 5072 id
953 5003 1230 5089 tradere,
1261 5001 1441 5094 quod
1468 5001 1742 5094 quidam
1769 5000 2128 5091 opinantur
2147 5008 2170 5042 ⁴
2197 4999 2277 5067 de
2311 4998 2694 5091 corporibus
2718 4996 3128 5084 angelorum.
3162 4992 3303 5061 Hoc

94 5133 328 5194 autem
359 5143 530 5191 eum
556 5120 672 5189 alii
700 5119 938 5189 dixisse
970 5125 1276 5188 astruunt
1320 5140 1454 5187 non
1497 5118 1589 5186 ita
1628 5116 1965 5186 sentiendo
1985 5168 2002 5203 ‚
2044 5114 2158 5184 sed
2186 5115 2560 5207 opinionem
2593 5114 2875 5182 aliorum
2920 5108 3259 5179 referendo
3276 5135 3296 5196 ;

166 5377 371 5441 ¹Aug.‚
400 5372 472 5423 de
504 5372 622 5422 Gen.
644 5371 713 5422 ad
734 5372 862 5436 litt„
894 5371 982 5423 lib.
1007 5372 1077 5434 n,
1107 5387 1150 5422 c.
1175 5383 1303 5434 xvn,
1327 5384 1383 5421 n.
1403 5373 1480 5420 37.
1507 5394 1569 5406 —
1592 5371 1616 5403 ²
1635 5369 1786 5433 Aug„
1815 5369 2030 5418 Retract.
2062 5366 2148 5416 lib.
2197 5368 2248 5430 1,
2276 5383 2321 5418 c.
2358 5379 2502 5418 xxv1.
2523 5393 2583 5404 —
2605 5368 2627 5403 ⁸
2658 5369 2809 5430 Aug„
2837 5364 2898 5414 de
2927 5365 3050 5415 Gen.
3080 5363 3151 5413 ad
3172 5361 3298 5422 litt„

96 5448 188 5498 lib.
205 5450 316 5513 111,
348 5459 402 5496 c.
425 5454 493 5507 x,
517 5456 570 5492 n.
595 5445 681 5508 143
707 5457 816 5495 non
832 5446 1009 5496 tamen
1027 5442 1225 5494 asserit.
1244 5468 1308 5480 —
1324 5441 1347 5477 ⁴
1377 5441 1487 5492 Via.
1510 5443 1664 5506 Aug„
1689 5440 1750 5491 de
1776 5440 1933 5491 civit.
1957 5440 2082 5504 Dei,
2110 5438 2198 5489 lib.
2221 5439 2336 5490 Vll!
2353 5474 2369 5503 ,
2398 5454 2444 5489 c.
2463 5449 2571 5489 xvi.
