4125 6225
1286 496 1660 589 msrlNcT.
1708 498 1757 562 1.
1803 491 2004 564 PARS
2051 498 2125 562 11.

156 653 291 716 ergo
316 635 559 698 honum
598 634 747 697 dicit
772 635 1081 699 rationem
1107 634 1376 717 duplicis
1411 652 1618 698 causae
1641 683 1659 715 ,

155 741 363 805 scilicet
395 740 721 805 efficientis
750 745 812 805 et
844 742 1024 819 finiS,
1051 742 1203 806 hinc
1227 746 1322 806 est
1347 741 1518 824 quod
1546 743 1660 805 bo-

154 866 294 912 num
315 852 408 911 est
432 848 592 911 ratio
619 867 816 930 quare
841 848 1136 913 voluntas
1163 854 1257 912 est
1295 850 1362 911 ln
1390 853 1536 912 actu
1552 898 1570 928 ,
1601 853 1664 913 et

152 955 229 1018 ita
259 954 580 1036 potissima
618 956 780 1018 ratio
814 956 1247 1036 productionis
1290 955 1657 1019 effectuum.

152 1060 219 1124 Et
252 1061 385 1124 ideo
428 1078 562 1125 esse
607 1065 900 1125 nostrum
943 1062 1310 1126 attribuitur
1351 1062 1618 1127 bonitati
1642 1104 1677 1141 ‚,

150 1186 266 1230 non
294 1185 402 1249 per
427 1168 690 1233 modum
724 1169 1237 1252 repraesentandi,
1280 1169 1384 1234 vel
1427 1188 1664 1252 appro-

150 1274 455 1355 priationis
481 1275 552 1338 in
578 1276 1087 1358 repraesentando
1111 1325 1128 1356 ,
1160 1278 1268 1341 sed
1309 1277 1570 1341 rationis
1594 1274 1666 1340 in

149 1382 466 1445 causando.
494 1381 671 1447 Unde
700 1384 907 1465 prima
934 1386 1383 1466 consequentia
1401 1384 1668 1448 includit

148 1486 297 1550 hanc
313 1535 330 1563 ,
356 1487 590 1552 scilicet
621 1511 635 1553 ε
665 1490 827 1566 Quia
852 1490 1060 1554 bonus
1088 1495 1184 1554 est
1204 1491 1369 1555 Deus
1386 1539 1405 1571 ,
1434 1491 1577 1554 vult
1602 1508 1669 1554 se

149 1592 484 1658 diffundere
518 1614 536 1657 τ
563 1599 627 1660 et
657 1597 808 1678 quia
847 1597 990 1660 vult
1016 1616 1083 1661 se
1110 1597 1495 1675 diffundere,
1528 1597 1673 1664 vult

148 1706 486 1764 creaturam
517 1703 867 1784 producere
910 1725 925 1767 :
966 1708 1030 1768 et
1060 1706 1215 1787 quia
1241 1705 1383 1769 vult
1414 1708 1670 1769 creatu-

149 1824 275 1869 ram
298 1810 644 1889 producere
658 1857 676 1890 ,
704 1811 847 1873 vult
880 1814 1240 1876 creaturam
1264 1826 1400 1876 esse
1432 1833 1447 1875 ε
1493 1814 1556 1876 et
1579 1812 1670 1876 ita

149 1914 289 1995 quia
312 1915 521 1981 bonus
543 1922 656 1997 est,
684 1934 930 1982 sumus.

782 2106 921 2152 DUB.
961 2106 1031 2151 11.

443 2223 503 2272 In
523 2223 768 2287 quantum
793 2235 995 2287 sumus,
1021 2221 1147 2273 boni
1165 2235 1358 2274 sumus.

217 2346 381 2427 Ergo
407 2346 666 2412 videtur
691 2348 861 2430 quod
888 2364 1004 2412 nos
1030 2348 1183 2412 boni
1208 2349 1410 2413 simus
1434 2364 1550 2431 per
1577 2366 1664 2413 es·-

141 2455 397 2517 sentiam
436 2477 451 2518 ε
485 2456 657 2538 quod
680 2460 775 2519 est
814 2459 1035 2519 contra
1077 2455 1366 2520 Boetium
1398 2456 1467 2518 in
1504 2456 1669 2519 libro

142 2559 213 2624 de
239 2561 751 2629 Hebdomadibus
777 2564 834 2642 ¹,
874 2563 988 2644 qui
1028 2561 1185 2628 dicit
1224 2562 1397 2645 quod
1444 2578 1669 2627 sumus

141 2666 279 2732 boni
306 2670 807 2753 participatione.

211 2774 361 2839 Item
398 2799 415 2840 z
442 2777 503 2840 si
532 2777 604 2841 in
629 2781 944 2859 quantum
971 2792 1218 2856 sumus,
1246 2776 1397 2841 boni
1417 2790 1664 2854 sumus,

134 2898 283 2963 ergo
306 2901 439 2948 non
474 2889 571 2948 est
595 2884 949 2966 intelligere
973 2902 1109 2949 esse
1145 2885 1455 2948 abstracta
1481 2883 1670 2948 boni-

134 2991 253 3052 tate
283 3008 299 3052 z
331 2992 507 3073 quod
534 2992 769 3056 salsum
794 2996 889 3056 est
905 3040 922 3069 ,
959 3010 1110 3056 cum
1134 2991 1529 3073 intelligatur
1548 3009 1669 3056 ve·-

130 3093 297 3175 ritas,
326 3097 611 3162 bonitate
638 3098 967 3164 abstracta.

158 3233 171 3245 ·
206 3200 386 3287 Resp.
419 3205 771 3270 Dicendum
798 3207 970 3290 quod
1011 3208 1263 3272 bonitas
1299 3208 1397 3271 est
1432 3206 1668 3289 duplex

131 3307 196 3370 in
232 3315 525 3375 meatum
558 3331 769 3392 tuna,
801 3331 949 3397 quae
984 3318 1081 3377 est
1125 3331 1209 3378 ex
1246 3314 1451 3377 forma
1481 3314 1670 3377 dante

132 3433 288 3497 esse;
308 3419 458 3500 alia,
482 3440 634 3504 quae
661 3425 755 3486 est
781 3441 865 3486 ex
887 3423 1094 3487 forma
1118 3422 1307 3488 dante
1331 3423 1494 3488 hene
1508 3439 1665 3487 esee.

134 3521 339 3590 Prima
384 3532 484 3593 est
526 3530 777 3594 bonitas
822 3530 1248 3595 substantialis
1269 3580 1287 3612 ,
1338 3549 1486 3613 quae
1538 3547 1668 3593 non

130 3630 293 3697 addit
313 3652 518 3718 supra
543 3636 816 3701 formam
842 3655 1089 3706 novum
1112 3655 1247 3703 esse
1264 3685 1284 3715 ,
1325 3636 1435 3701 sed
1459 3636 1669 3700 solum

130 3738 500 3808 relationem
524 3744 611 3808 ad
636 3744 896 3808 finalem
921 3763 1218 3809 causamz
1246 3762 1331 3808 ex
1354 3762 1484 3826 qua
1500 3760 1668 3807 com-

128 3850 453 3927 paratione
467 3900 487 3931 ‚
524 3867 721 3915 omne
749 3852 925 3916 aliud
951 3870 990 3916 a
1016 3852 1143 3917 Deo
1172 3852 1365 3916 habet
1389 3869 1523 3915 esse
1547 3850 1669 3915 bo-

128 3969 303 4018 num.
334 3955 416 4021 Et
441 3958 604 4041 quia
631 3958 740 4022 illa
768 3960 1154 4042 comparatio
1181 3957 1259 4023 ad
1287 3976 1542 4023 causam
1567 3973 1669 4022 es-

124 4063 455 4129 sentialem
503 4066 643 4130 sive
681 4066 940 4130 finalem
985 4069 1079 4131 est
1123 4065 1468 4130 essentialis
1486 4114 1504 4147 ,
1553 4083 1670 4130 nec

125 4186 409 4252 unquam
459 4192 603 4237 esse
654 4173 988 4256 relinquit,
1049 4192 1168 4238 nec
1221 4177 1424 4256 potest
1471 4172 1669 4237 relin-

120 4293 335 4359 quere,
364 4280 527 4344 hinc
554 4285 652 4344 est
677 4281 849 4363 quod
874 4281 1275 4362 Augustinus
1300 4279 1451 4346 dicit
1484 4302 1501 4344 ι
1540 4303 1573 4341 α
1594 4280 1669 4344 ln

116 4392 435 4466 quantum
471 4405 737 4467 sumus,
793 4389 945 4452 boni
993 4406 1239 4453 sumus.
1293 4410 1324 4450 ι
1367 4389 1466 4453 Ad
1508 4388 1667 4452 illud

114 4509 269 4575 ergo
317 4498 501 4578 quod
560 4496 855 4578 objicitur
900 4496 978 4561 de
1027 4495 1274 4577 Restio,
1326 4493 1666 4562 dicendum

110 4602 281 4682 quod
307 4603 447 4686 ipse
474 4608 673 4669 vocat
696 4604 941 4668 bonum
966 4622 1082 4687 per
1105 4605 1441 4670 essentiam
1457 4652 1475 4685 ,
1506 4604 1666 4668 illud

111 4706 356 4773 bonum
395 4712 583 4794 quod
623 4713 717 4775 est
752 4711 1039 4775 absolute
1082 4713 1325 4777 bonum
1341 4759 1361 4789 ,
1406 4730 1540 4776 non
1583 4729 1666 4775 ex

107 4815 544 4899 dependentia
564 4819 645 4883 ad
670 4820 865 4884 aliud.
889 4819 1021 4884 Hoc
1047 4824 1263 4885 autem
1280 4821 1468 4885 modo
1484 4820 1665 4884 nulla

108 4930 405 4992 ercamra
435 4928 618 4993 bona
642 4933 765 5006 est3
796 4929 930 4994 imo
955 4947 1040 4994 ex
1064 4928 1534 5011 comparatione
1553 4976 1572 5007 ,
1602 4933 1667 4992 et

106 5032 245 5098 ideo
272 5036 789 5118 participatione.
817 5035 946 5102 Nec
980 5037 1268 5121 sequitur
1294 5038 1465 5120 quod
1495 5033 1665 5101 acci-

103 5138 488 5226 dentaliter3
512 5143 673 5226 quia
688 5144 1084 5228 participatio
1107 5163 1240 5210 non
1260 5150 1357 5209 est
1383 5144 1664 5210 acciden-

168 5341 185 5374 ἲ
208 5340 383 5405 Boet„
414 5339 513 5390 m).
556 5338 620 5389 de
645 5339 965 5405 Hebdomad„
992 5353 1086 5392 eeu
1126 5342 1205 5392 An
1240 5355 1381 5391 omne
1406 5341 1543 5406 quod
1567 5344 1662 5405 est,

102 5410 283 5462 honum
296 5413 348 5461 si
350 5416 465 5461 1.-
481 5412 509 5445 ¹
528 5410 918 5474 intelligentiam
930 5412 1116 5463 horum
1133 5412 1470 5464 terminorum
1484 5425 1661 5477 quoere

102 5480 155 5532 in
182 5484 233 5546 1,
262 5484 389 5534 dist.
409 5491 617 5546 xum,
633 5481 787 5546 hujus
804 5483 925 5535 edit.
948 5487 1077 5536 tom.
1100 5485 1141 5548 Ι,
1168 5498 1222 5547 p.
1242 5486 1357 5535 ⁴55.

3189 496 3308 562 259

1772 635 1912 698 talis
1941 638 2231 717 respectu
2274 628 2498 715 primae
2540 630 2839 696 bonitatis
2860 679 2876 708 ‚
2913 648 3059 715 quae
3104 638 3310 697 estex

1770 742 1976 806 forma
2018 741 2205 804 dante
2246 756 2410 819 esse,
2457 739 2755 821 quamvis
2800 739 2882 802 sit
2914 738 3311 804 accidentalis

1771 848 2124 912 secundum
2169 848 2341 928 quod
2388 850 2480 910 est
2528 865 2611 911 ex
2655 847 2859 911 forma
2907 847 3095 911 dante
3145 849 3306 911 bene

1771 973 1928 1017 esse.
1962 955 2057 1018 Ad
2089 954 2243 1019 illud
2269 954 2442 1037 quod
2467 954 2788 1035 objicitur,
2831 954 3000 1037 quod
3048 973 3181 1019 non
3215 958 3312 1017 est

1772 1061 2127 1142 intelligere
2166 1079 2331 1139 esse,
2362 1064 2507 1140 etc.,
2541 1060 2879 1125 dicendum
2910 1061 3080 1142 quod
3112 1060 3269 1124 illud
3288 1108 3307 1140 ‚

1773 1168 1943 1251 quod
1974 1168 2342 1232 attribuitur
2384 1166 2573 1231 alicui
2611 1167 2968 1231 secundum
3002 1167 3173 1249 quod
3207 1168 3312 1250 ip-

1776 1296 1922 1342 sum
1939 1326 1956 1357 ‚
2002 1279 2206 1360 potest
2248 1276 2579 1359 dupliciter
2626 1276 2878 1340 attribui
2917 1298 2933 1340 :
2980 1283 3092 1341 aut
3140 1277 3314 1341 enim

1778 1384 2214 1466 consequitur,
2252 1386 2365 1447 aut
2395 1382 2692 1464 praecedit
2735 1402 2751 1446 t
2786 1384 2840 1445 si
2876 1383 3195 1466 praecedit,
3224 1383 3314 1447 sic

1781 1495 1873 1554 est
1899 1492 1988 1554 ita
2014 1490 2364 1569 essentiale,
2393 1489 2562 1571 quod
2591 1489 2728 1554 sine
2747 1490 2885 1572 ipso
2905 1508 3034 1553 non
3061 1494 3177 1569 est,
3197 1507 3316 1555 nec

1778 1602 1981 1679 potest
2016 1598 2309 1678 intelligi.
2355 1595 2475 1661 Sed
2518 1596 2573 1659 si
2610 1597 2825 1679 aliquo
2865 1595 3055 1661 modo
3094 1615 3316 1661 conse-

1780 1705 2024 1789 quitur,
2068 1724 2187 1769 nec
2209 1709 2425 1768 tamen
2455 1703 2624 1769 cadit
2651 1704 2720 1767 in
2748 1703 2921 1767 aliud
2946 1721 3173 1784 genuS,
3206 1722 3316 1785 po-

1778 1819 1899 1878 test
1950 1814 2210 1897 quidem
2260 1812 2533 1894 intelligi
2591 1811 2911 1876 intellectu
2959 1811 3317 1894 apprehen-

1778 1922 1987 2003 dente,
2018 1923 2082 1985 et
2107 1921 2430 1985 intellectu
2472 1920 2815 2003 semiplene
2844 1919 3201 1984 resolvente
3224 1919 3246 1954 ²
3294 1936 3313 1982 t

1778 2028 1887 2094 sed
1924 2027 2244 2092 intellectu
2292 2027 2478 2110 plene
2524 2027 2604 2091 ad
2649 2045 2870 2091 causas
2913 2029 3318 2109 comparante

1776 2155 1908 2201 non
1947 2140 2152 2219 potest
2192 2135 2464 2216 intelligi
2491 2152 2626 2199 non
2655 2134 2967 2199 intellecto
2993 2133 3103 2199 illo
3121 2181 3139 2214 ,
3175 2150 3318 2198 ma·-

1776 2242 1952 2307 xime
1979 2260 2130 2305 cum
2157 2241 2313 2305 illud
2349 2242 2512 2305 dicat
2547 2241 2987 2305 habitudinem
3031 2258 3318 2305 necessa-

1774 2351 1962 2430 riam,
1992 2353 2056 2413 et
2078 2348 2447 2414 relationem
2474 2349 2557 2413 ad
2582 2367 2866 2429 causam,
2898 2348 3063 2413 sicut
3085 2365 3315 2412 verum

1775 2462 1839 2521 et
1859 2458 2125 2523 bonum.

2400 2557 2540 2601 nun.
2584 2556 2677 2602 ιιι.

2212 2660 2353 2714 Solet
2377 2661 2531 2712 etiam
2557 2661 2750 2726 quaeri,
2781 2658 2879 2712 etc.

1855 2779 2158 2860 Assignat
2197 2778 2495 2860 Magister
2551 2791 2772 2843 causas
2797 2827 2814 2858 ,
2862 2796 3059 2861 quare
3100 2777 3316 2842 anima

1775 2887 1956 2952 unita
1984 2888 2063 2951 sit
2085 2887 2334 2970 corpori
2370 2905 2387 2951 τ
2418 2905 2694 2969 quarum
2720 2887 2929 2971 prima
2951 2890 3044 2953 est
3064 2885 3173 2950 Dei
3202 2904 3312 2950 vo-

1774 2994 2022 3073 luntas3
2056 2994 2331 3059 secunda
2368 2994 2699 3059 instructio
2736 2997 2972 3058 nostra.
3020 2992 3249 3057 Contra
3289 3014 3305 3056 ε

1774 3099 2037 3167 Videtur
2062 3101 2235 3185 quod
2259 3104 2531 3185 utraque
2549 3101 2629 3166 sit
2644 3100 3071 3166 inartificialis.
3095 3098 3313 3165 Prima

1776 3209 1948 3274 enim
1970 3208 2294 3290 responsio
2326 3211 2530 3291 potest
2558 3209 2637 3274 ad
2670 3209 2888 3273 omnia
2909 3208 3079 3287 dari·,
3106 3208 3176 3271 in
3205 3227 3312 3271 se·—

1776 3317 1988 3382 cunda
2009 3317 2266 3390 videtur
2295 3317 2679 3408 principium
2704 3318 2834 3400 peti
2865 3335 2882 3380 2
2911 3317 3066 3399 quia
3100 3316 3155 3379 si
3180 3332 3314 3379 non

1776 3427 1939 3488 esset
1967 3424 2170 3512 unita,
2198 3423 2458 3506 limpide
2488 3423 2730 3490 videret
2750 3423 2978 3506 Deum,
3008 3441 3127 3489 nec
3151 3424 3315 3491 indi·-

1777 3534 1957 3613 geret
1988 3533 2280 3615 exemplo
2310 3554 2325 3596 ε
2367 3550 2524 3614 ergo
2561 3531 2615 3596 si
2659 3531 2952 3614 exemplo
2986 3532 3268 3617 indiguit
3290 3585 3310 3618 ,

1776 3657 1909 3703 non
1957 3639 2079 3703 fuit
2135 3639 2259 3704 nisi
2316 3643 2572 3723 propter
2628 3639 3119 3705 minorationem
3178 3659 3315 3707 suae

1777 3747 2184 3829 cognitionis.
2527 3741 2548 3766 ''

1854 3855 2040 3938 Resp.
2072 3855 2424 3921 Dicendum
2450 3856 2621 3938 quod
2651 3853 2951 3938 Magister
2974 3858 3313 3940 respondet

1775 3963 2164 4027 sufficienter
2207 3966 2272 4026 et
2317 3962 2482 4027 bene
2520 3980 2538 4026 t
2579 3962 2966 4027 sufficienter
3010 3963 3272 4046 quidem
3289 4014 3308 4046 ,

1774 4071 1927 4153 quia
1957 4088 2111 4135 cum
2145 4071 2227 4134 sit
2264 4069 2504 4151 duplex
2528 4070 2636 4135 via
2660 4071 3081 4151 cognoscendi
3118 4090 3313 4155 opera

1774 4178 1907 4259 Dei,
1938 4178 2175 4244 scilicet
2199 4177 2322 4242 fide
2343 4181 2409 4242 et
2433 4177 2880 4260 intelligentia,
2910 4178 2991 4242 ad
3020 4178 3311 4245 solidita-

1774 4291 1904 4351 tem
1921 4286 2067 4352 fidei
2085 4286 2316 4351 sufficit
2332 4286 2489 4350 scire
2503 4285 2672 4368 quod
2687 4285 2850 4349 Deus
2866 4284 3093 4366 voluit,
3113 4303 3309 4367 quem

1772 4395 1969 4459 credit
2007 4412 2142 4458 non
2184 4393 2345 4459 velle
2382 4393 2504 4457 nisi
2541 4391 2911 4456 rationabile
2958 4408 2976 4454 ε
3027 4391 3199 4457 unde
3236 4392 3308 4456 in

1773 4502 1980 4586 prima
2026 4501 2433 4584 responsione
2485 4499 2783 4563 satisfacit
2828 4497 3005 4574 fidei,
3059 4501 3122 4562 et
3169 4499 3310 4565 haec

1773 4608 2099 4692 responsio
2139 4608 2210 4671 in
2253 4606 2552 4672 omnibus
2581 4603 2792 4685 fideli,
2839 4608 2912 4669 ut
2948 4605 3153 4670 fidelis
3176 4611 3305 4686 est,

1771 4714 1956 4797 plene
1997 4713 2250 4777 sufficit.
2296 4711 2396 4777 Ad
2441 4710 2816 4775 soliditatem
2866 4710 3308 4792 intelligentiae

1772 4822 2057 4888 redditur
2081 4821 2241 4885 ratio
2272 4842 2288 4884 ε
2322 4823 2385 4884 et
2416 4837 2567 4884 cum
2606 4837 2738 4883 non
2764 4818 2962 4901 possit
2997 4817 3174 4881 reddi
3196 4829 3310 4882 ra-

1770 4930 1883 5007 tic,
1913 4930 2015 4996 vel
2034 4946 2246 5009 causa,
2266 4946 2348 4992 ex
2374 4931 2549 5009 parte
2568 4926 2698 5003 Dei,
2721 4925 3009 4990 redditur
3030 4942 3114 4988 ex
3130 4927 3310 5007 parte

1771 5041 2081 5102 creaturae
2131 5054 2148 5099 ε
2191 5040 2256 5100 et
2297 5036 2438 5099 haec
2479 5039 2575 5098 est
2612 5032 3032 5097 manifestatio
3070 5031 3306 5096 divinae

1770 5143 2068 5209 bonitatis
2093 5143 2161 5207 in
2188 5161 2306 5208 suo
2337 5159 2526 5224 opere
2547 5189 2564 5220 ,
2600 5139 2671 5203 in
2706 5156 2835 5222 quo
2861 5138 3049 5202 debet
3074 5155 3143 5202 se
3169 5154 3310 5200 ma-

1769 5250 2063 5314 nifestare
2098 5267 2232 5313 non
2268 5249 2480 5313 solum
2513 5248 2773 5329 propter
2813 5247 3099 5308 nostram
3138 5242 3309 5307 indi-

1770 5358 2055 5441 gentiam
2075 5406 2093 5437 ,
2132 5373 2363 5421 verum
2403 5354 2598 5419 etiam
2630 5352 2711 5417 ad
2744 5371 2931 5417 suam
2970 5352 3251 5434 gloriam
3285 5373 3304 5418 ε

1769 5472 1834 5531 et
1878 5467 1968 5530 sic
2028 5468 2248 5548 patent
2300 5465 2565 5546 objecta.
2623 5460 3059 5545 Respondetur
3113 5460 3308 5524 etiam
