<?xml version="1.0" encoding="UTF-8"?>
<!DOCTYPE html PUBLIC "-//W3C//DTD XHTML 1.0 Transitional//EN"
    "http://www.w3.org/TR/xhtml1/DTD/xhtml1-transitional.dtd">
<html xmlns="http://www.w3.org/1999/xhtml" xml:lang="en" lang="en">
 <head>
  <title>
</title>
<meta http-equiv="Content-Type" content="text/html;charset=utf-8" />
  <meta name='ocr-system' content='tesseract 3.04.00' />
  <meta name='ocr-capabilities' content='ocr_page ocr_carea ocr_par ocr_line ocrx_word'/>
</head>
<body>
  <div class='ocr_page' id='page_1' title='image "./srecardinalissb01peltgoog_0638.png"; bbox 0 0 4125 6225; ppageno 0'>
   <div class='ocr_carea' id='block_1_1' title="bbox 763 401 2835 476">
    <p class='ocr_par' dir='ltr' id='par_1_1' title="bbox 763 401 2835 476">
     <span class='ocr_line' id='line_1_1' title="bbox 763 401 2835 476; baseline -0.003 0"><span class='ocrx_word' id='word_1_1' title='bbox 763 407 883 476; x_wconf 67' lang='lat'><strong>564</strong></span> <span class='ocrx_word' id='word_1_2' title='bbox 1896 401 2520 472; x_wconf 80' lang='lat' dir='ltr'>SENTENTIARUM</span> <span class='ocrx_word' id='word_1_3' title='bbox 2557 404 2709 473; x_wconf 74' lang='grc' dir='ltr'><strong>ΗΒ.</strong></span> <span class='ocrx_word' id='word_1_4' title='bbox 2754 404 2835 471; x_wconf 89' lang='lat'><strong>11.</strong></span> 
     </span>
    </p>
   </div>
   <div class='ocr_carea' id='block_1_2' title="bbox 542 540 3934 751">
    <p class='ocr_par' dir='ltr' id='par_1_2' title="bbox 542 540 3934 751">
     <span class='ocr_line' id='line_1_2' title="bbox 570 540 3934 634; baseline 0.001 -25"><span class='ocrx_word' id='word_1_5' title='bbox 570 557 684 612; x_wconf 71' lang='lat' dir='ltr'><strong>diei,</strong></span> <span class='ocrx_word' id='word_1_6' title='bbox 757 553 1040 610; x_wconf 81' lang='lat' dir='ltr'><strong>noctem.</strong></span> <span class='ocrx_word' id='word_1_7' title='bbox 1072 540 1152 609; x_wconf 90' lang='lat' dir='ltr'><strong>In</strong></span> <span class='ocrx_word' id='word_1_8' title='bbox 1195 540 1585 634; x_wconf 75' lang='lat' dir='ltr'><strong>proecedenti</strong></span> <span class='ocrx_word' id='word_1_9' title='bbox 1625 540 1846 610; x_wconf 89' lang='lat' dir='ltr'><strong>triduo</strong></span> <span class='ocrx_word' id='word_1_10' title='bbox 1882 540 2194 633; x_wconf 85' lang='lat' dir='ltr'><strong>disposita</strong></span> <span class='ocrx_word' id='word_1_11' title='bbox 2221 548 2317 610; x_wconf 86' lang='lat' dir='ltr'><strong>est</strong></span> <span class='ocrx_word' id='word_1_12' title='bbox 2355 541 2800 612; x_wconf 84' lang='lat' dir='ltr'><strong>universitatis</strong></span> <span class='ocrx_word' id='word_1_13' title='bbox 2825 540 3030 633; x_wconf 84' lang='lat' dir='ltr'><strong>hujus</strong></span> <span class='ocrx_word' id='word_1_14' title='bbox 3057 540 3294 610; x_wconf 90' lang='lat' dir='ltr'><strong>mundi</strong></span> <span class='ocrx_word' id='word_1_15' title='bbox 3333 541 3662 629; x_wconf 87' lang='lat' dir='ltr'><strong>machina,</strong></span> <span class='ocrx_word' id='word_1_16' title='bbox 3694 549 3761 611; x_wconf 87' lang='lat' dir='ltr'><strong>et</strong></span> <span class='ocrx_word' id='word_1_17' title='bbox 3798 565 3934 633; x_wconf 87' lang='lat' dir='ltr'><strong>par-</strong></span> 
     </span>
     <span class='ocr_line' id='line_1_3' title="bbox 542 619 3934 751; baseline 0.001 -26"><span class='ocrx_word' id='word_1_18' title='bbox 542 619 714 725; x_wconf 54' lang='grc' dir='ltr'><strong>Ὓὲιξο</strong></span> <span class='ocrx_word' id='word_1_19' title='bbox 758 657 937 727; x_wconf 85' lang='lat' dir='ltr'><strong>tibus</strong></span> <span class='ocrx_word' id='word_1_20' title='bbox 961 657 1099 725; x_wconf 87' lang='lat' dir='ltr'><strong>suis</strong></span> <span class='ocrx_word' id='word_1_21' title='bbox 1136 657 1507 727; x_wconf 83' lang='lat' dir='ltr'><strong>distributa.</strong></span> <span class='ocrx_word' id='word_1_22' title='bbox 1543 657 1849 728; x_wconf 89' lang='lat' dir='ltr'><strong>Formata</strong></span> <span class='ocrx_word' id='word_1_23' title='bbox 1882 657 2060 726; x_wconf 88' lang='lat' dir='ltr'><strong>enim</strong></span> <span class='ocrx_word' id='word_1_24' title='bbox 2101 658 2249 727; x_wconf 85' lang='lat' dir='ltr'><strong>luce</strong></span> <span class='ocrx_word' id='word_1_25' title='bbox 2288 658 2506 751; x_wconf 87' lang='lat' dir='ltr'><strong>prima</strong></span> <span class='ocrx_word' id='word_1_26' title='bbox 2540 658 2673 746; x_wconf 90' lang='lat' dir='ltr'><strong>die,</strong></span> <span class='ocrx_word' id='word_1_27' title='bbox 2706 681 2852 751; x_wconf 83' lang='lat' dir='ltr'><strong>quae</strong></span> <span class='ocrx_word' id='word_1_28' title='bbox 2897 658 3209 727; x_wconf 86' lang='lat' dir='ltr'><strong>universa</strong></span> <span class='ocrx_word' id='word_1_29' title='bbox 3252 658 3636 745; x_wconf 89' lang='lat' dir='ltr'><strong>illustraret,</strong></span> <span class='ocrx_word' id='word_1_30' title='bbox 3668 659 3802 729; x_wconf 89' lang='lat' dir='ltr'><strong>duo</strong></span> <span class='ocrx_word' id='word_1_31' title='bbox 3842 684 3934 730; x_wconf 88' lang='lat' dir='ltr'><strong>se·</strong></span> 
     </span>
    </p>
   </div>
   <div class='ocr_carea' id='block_1_3' title="bbox 520 744 730 789">
    <p class='ocr_par' dir='ltr' id='par_1_3' title="bbox 520 744 730 789">
     <span class='ocr_line' id='line_1_4' title="bbox 520 744 730 789; baseline -0.014 0"><span class='ocrx_word' id='word_1_32' title='bbox 520 749 618 789; x_wconf 75' lang='lat' dir='ltr'><strong>nunt</strong></span> <span class='ocrx_word' id='word_1_33' title='bbox 660 744 730 787; x_wconf 85' lang='lat' dir='ltr'><strong>lu-</strong></span> 
     </span>
    </p>
   </div>
   <div class='ocr_carea' id='block_1_4' title="bbox 506 774 3933 3438">
    <p class='ocr_par' dir='ltr' id='par_1_4' title="bbox 519 774 3925 868">
     <span class='ocr_line' id='line_1_5' title="bbox 519 774 3925 868; baseline -0.001 -19"><span class='ocrx_word' id='word_1_34' title='bbox 519 807 716 849; x_wconf 73' lang='lat' dir='ltr'><strong>minaria.</strong></span> <span class='ocrx_word' id='word_1_35' title='bbox 759 781 1033 867; x_wconf 87' lang='lat' dir='ltr'><strong>quentes</strong></span> <span class='ocrx_word' id='word_1_36' title='bbox 1059 775 1199 845; x_wconf 89' lang='lat' dir='ltr'><strong>dies</strong></span> <span class='ocrx_word' id='word_1_37' title='bbox 1241 775 1539 845; x_wconf 82' lang='lat' dir='ltr'><strong>attributi</strong></span> <span class='ocrx_word' id='word_1_38' title='bbox 1575 784 1730 844; x_wconf 87' lang='lat' dir='ltr'><strong>sunt</strong></span> <span class='ocrx_word' id='word_1_39' title='bbox 1766 797 2093 868; x_wconf 72' lang='lat' dir='ltr'><strong>supremae</strong></span> <span class='ocrx_word' id='word_1_40' title='bbox 2139 784 2204 844; x_wconf 89' lang='lat' dir='ltr'><strong>et</strong></span> <span class='ocrx_word' id='word_1_41' title='bbox 2243 774 2491 845; x_wconf 81' lang='lat' dir='ltr'><strong>infimae</strong></span> <span class='ocrx_word' id='word_1_42' title='bbox 2536 777 2707 867; x_wconf 87' lang='lat' dir='ltr'><strong>parti</strong></span> <span class='ocrx_word' id='word_1_43' title='bbox 2750 775 3007 862; x_wconf 88' lang='lat' dir='ltr'><strong>mundi,</strong></span> <span class='ocrx_word' id='word_1_44' title='bbox 3039 775 3455 845; x_wconf 89' lang='lat' dir='ltr'><strong>firmamento</strong></span> <span class='ocrx_word' id='word_1_45' title='bbox 3482 776 3750 865; x_wconf 89' lang='lat' dir='ltr'><strong>scilicet,</strong></span> <span class='ocrx_word' id='word_1_46' title='bbox 3779 779 3925 867; x_wconf 86' lang='lat' dir='ltr'><strong>aeri,</strong></span> 
     </span>
    </p>

    <p class='ocr_par' dir='ltr' id='par_1_5' title="bbox 755 892 3931 987">
     <span class='ocr_line' id='line_1_6' title="bbox 755 892 3931 987; baseline 0.001 -27"><span class='ocrx_word' id='word_1_47' title='bbox 755 898 972 978; x_wconf 82' lang='lat' dir='ltr'><strong>terrae,</strong></span> <span class='ocrx_word' id='word_1_48' title='bbox 1004 900 1069 962; x_wconf 91' lang='lat' dir='ltr'><strong>et</strong></span> <span class='ocrx_word' id='word_1_49' title='bbox 1094 915 1302 985; x_wconf 82' lang='lat' dir='ltr'><strong>aquae.</strong></span> <span class='ocrx_word' id='word_1_50' title='bbox 1334 892 1503 962; x_wconf 89' lang='lat' dir='ltr'><strong>Nam</strong></span> <span class='ocrx_word' id='word_1_51' title='bbox 1535 893 1821 962; x_wconf 88' lang='lat' dir='ltr'><strong>secunda</strong></span> <span class='ocrx_word' id='word_1_52' title='bbox 1846 892 1953 962; x_wconf 91' lang='lat' dir='ltr'><strong>die</strong></span> <span class='ocrx_word' id='word_1_53' title='bbox 1980 893 2474 963; x_wconf 86' lang='lat' dir='ltr'><strong>firmamentum</strong></span> <span class='ocrx_word' id='word_1_54' title='bbox 2502 893 2781 987; x_wconf 82' lang='lat' dir='ltr'>desuper</span> <span class='ocrx_word' id='word_1_55' title='bbox 2795 916 3157 986; x_wconf 83' lang='lat' dir='ltr'><strong>expansum</strong></span> <span class='ocrx_word' id='word_1_56' title='bbox 3179 901 3296 962; x_wconf 87' lang='lat' dir='ltr'><strong>est.</strong></span> <span class='ocrx_word' id='word_1_57' title='bbox 3328 892 3550 961; x_wconf 88' lang='lat' dir='ltr'><strong>Tertia</strong></span> <span class='ocrx_word' id='word_1_58' title='bbox 3567 915 3723 962; x_wconf 84' lang='lat' dir='ltr'><strong>vero</strong></span> <span class='ocrx_word' id='word_1_59' title='bbox 3744 918 3931 986; x_wconf 83' lang='lat' dir='ltr'><strong>aqua-</strong></span> 
     </span>
    </p>

    <p class='ocr_par' dir='ltr' id='par_1_6' title="bbox 754 1009 3931 1103">
     <span class='ocr_line' id='line_1_7' title="bbox 754 1009 3931 1103; baseline 0.001 -26"><span class='ocrx_word' id='word_1_60' title='bbox 754 1029 908 1078; x_wconf 91' lang='lat' dir='ltr'><strong>rum</strong></span> <span class='ocrx_word' id='word_1_61' title='bbox 926 1009 1212 1079; x_wconf 89' lang='lat' dir='ltr'><strong>molibus</strong></span> <span class='ocrx_word' id='word_1_62' title='bbox 1225 1009 1400 1079; x_wconf 87' lang='lat' dir='ltr'><strong>intra</strong></span> <span class='ocrx_word' id='word_1_63' title='bbox 1411 1010 1741 1103; x_wconf 86' lang='lat' dir='ltr'><strong>receptula</strong></span> <span class='ocrx_word' id='word_1_64' title='bbox 1763 1032 1885 1078; x_wconf 87' lang='lat' dir='ltr'><strong>sua</strong></span> <span class='ocrx_word' id='word_1_65' title='bbox 1905 1009 2214 1096; x_wconf 78' lang='lat' dir='ltr'><strong>collectis,</strong></span> <span class='ocrx_word' id='word_1_66' title='bbox 2238 1017 2414 1079; x_wconf 87' lang='lat' dir='ltr'><strong>terra</strong></span> <span class='ocrx_word' id='word_1_67' title='bbox 2441 1018 2537 1078; x_wconf 91' lang='lat' dir='ltr'><strong>est</strong></span> <span class='ocrx_word' id='word_1_68' title='bbox 2562 1010 2873 1097; x_wconf 86' lang='lat' dir='ltr'><strong>revelata,</strong></span> <span class='ocrx_word' id='word_1_69' title='bbox 2903 1017 3100 1102; x_wconf 85' lang='lat' dir='ltr'><strong>atque</strong></span> <span class='ocrx_word' id='word_1_70' title='bbox 3126 1031 3238 1078; x_wconf 90' lang='lat' dir='ltr'><strong>aer</strong></span> <span class='ocrx_word' id='word_1_71' title='bbox 3262 1017 3621 1078; x_wconf 88' lang='lat' dir='ltr'><strong>serenatus.</strong></span> <span class='ocrx_word' id='word_1_72' title='bbox 3644 1010 3931 1091; x_wconf 90' lang='lat' dir='ltr'><strong>Quatuor</strong></span> 
     </span>
    </p>

    <p class='ocr_par' dir='ltr' id='par_1_7' title="bbox 757 1125 3930 1216">
     <span class='ocr_line' id='line_1_8' title="bbox 757 1125 3930 1216; baseline 0 -22"><span class='ocrx_word' id='word_1_73' title='bbox 757 1147 913 1216; x_wconf 86' lang='lat' dir='ltr'><strong>ergo</strong></span> <span class='ocrx_word' id='word_1_74' title='bbox 938 1126 1172 1195; x_wconf 91' lang='lat' dir='ltr'><strong>mundi</strong></span> <span class='ocrx_word' id='word_1_75' title='bbox 1207 1126 1532 1197; x_wconf 88' lang='lat' dir='ltr'><strong>elementa</strong></span> <span class='ocrx_word' id='word_1_76' title='bbox 1575 1126 1710 1195; x_wconf 90' lang='lat' dir='ltr'><strong>illis</strong></span> <span class='ocrx_word' id='word_1_77' title='bbox 1748 1125 1981 1195; x_wconf 89' lang='lat' dir='ltr'><strong>diebus</strong></span> <span class='ocrx_word' id='word_1_78' title='bbox 2007 1126 2144 1195; x_wconf 86' lang='lat' dir='ltr'><strong>suis</strong></span> <span class='ocrx_word' id='word_1_79' title='bbox 2170 1126 2330 1196; x_wconf 89' lang='lat' dir='ltr'><strong>locis</strong></span> <span class='ocrx_word' id='word_1_80' title='bbox 2356 1126 2660 1195; x_wconf 88' lang='lat' dir='ltr'><strong>distincta</strong></span> <span class='ocrx_word' id='word_1_81' title='bbox 2688 1133 2843 1195; x_wconf 89' lang='lat' dir='ltr'><strong>sunt</strong></span> <span class='ocrx_word' id='word_1_82' title='bbox 2881 1134 2945 1196; x_wconf 90' lang='lat' dir='ltr'><strong>et</strong></span> <span class='ocrx_word' id='word_1_83' title='bbox 2972 1127 3292 1195; x_wconf 87' lang='lat' dir='ltr'><strong>ordinata.</strong></span> <span class='ocrx_word' id='word_1_84' title='bbox 3324 1126 3566 1194; x_wconf 82' lang='lat' dir='ltr'>Tribus</span> <span class='ocrx_word' id='word_1_85' title='bbox 3595 1134 3815 1195; x_wconf 87' lang='lat' dir='ltr'><strong>autem</strong></span> <span class='ocrx_word' id='word_1_86' title='bbox 3842 1148 3930 1194; x_wconf 88' lang='lat' dir='ltr'><strong>se-</strong></span> 
     </span>
    </p>

    <p class='ocr_par' dir='ltr' id='par_1_8' title="bbox 754 1241 3930 1335">
     <span class='ocr_line' id='line_1_9' title="bbox 754 1241 3930 1335; baseline 0 -25"><span class='ocrx_word' id='word_1_87' title='bbox 754 1242 1109 1334; x_wconf 87' lang='lat' dir='ltr'><strong>quentibus</strong></span> <span class='ocrx_word' id='word_1_88' title='bbox 1137 1243 1367 1312; x_wconf 89' lang='lat' dir='ltr'><strong>diebus</strong></span> <span class='ocrx_word' id='word_1_89' title='bbox 1394 1250 1625 1312; x_wconf 88' lang='lat' dir='ltr'><strong>ornata</strong></span> <span class='ocrx_word' id='word_1_90' title='bbox 1651 1250 1807 1311; x_wconf 90' lang='lat' dir='ltr'><strong>sunt</strong></span> <span class='ocrx_word' id='word_1_91' title='bbox 1831 1241 1949 1310; x_wconf 87' lang='lat' dir='ltr'><strong>illa</strong></span> <span class='ocrx_word' id='word_1_92' title='bbox 1972 1249 2261 1335; x_wconf 88' lang='lat' dir='ltr'><strong>quatuor</strong></span> <span class='ocrx_word' id='word_1_93' title='bbox 2286 1242 2630 1312; x_wconf 84' lang='lat' dir='ltr'><strong>elementa.</strong></span> <span class='ocrx_word' id='word_1_94' title='bbox 2661 1242 2910 1325; x_wconf 86' lang='lat' dir='ltr'><strong>Quarta</strong></span> <span class='ocrx_word' id='word_1_95' title='bbox 2929 1243 3108 1312; x_wconf 88' lang='lat' dir='ltr'><strong>enim</strong></span> <span class='ocrx_word' id='word_1_96' title='bbox 3130 1243 3236 1311; x_wconf 89' lang='lat' dir='ltr'><strong>die</strong></span> <span class='ocrx_word' id='word_1_97' title='bbox 3263 1251 3573 1312; x_wconf 86' lang='lat' dir='ltr'><strong>ornatum</strong></span> <span class='ocrx_word' id='word_1_98' title='bbox 3601 1251 3698 1311; x_wconf 90' lang='lat' dir='ltr'><strong>est</strong></span> <span class='ocrx_word' id='word_1_99' title='bbox 3721 1242 3930 1311; x_wconf 87' lang='lat' dir='ltr'><strong>firma—</strong></span> 
     </span>
    </p>

    <p class='ocr_par' dir='ltr' id='par_1_9' title="bbox 757 1358 3927 1451">
     <span class='ocr_line' id='line_1_10' title="bbox 757 1358 3927 1451; baseline 0 -24"><span class='ocrx_word' id='word_1_100' title='bbox 757 1366 1055 1428; x_wconf 86' lang='lat' dir='ltr'><strong>mentum</strong></span> <span class='ocrx_word' id='word_1_101' title='bbox 1096 1359 1257 1446; x_wconf 85' lang='lat' dir='ltr'><strong>sole,</strong></span> <span class='ocrx_word' id='word_1_102' title='bbox 1288 1367 1353 1428; x_wconf 87' lang='lat' dir='ltr'><strong>et</strong></span> <span class='ocrx_word' id='word_1_103' title='bbox 1394 1359 1581 1446; x_wconf 90' lang='lat' dir='ltr'><strong>luna,</strong></span> <span class='ocrx_word' id='word_1_104' title='bbox 1612 1366 1678 1428; x_wconf 88' lang='lat' dir='ltr'><strong>et</strong></span> <span class='ocrx_word' id='word_1_105' title='bbox 1714 1359 1941 1428; x_wconf 90' lang='lat' dir='ltr'><strong>stellis.</strong></span> <span class='ocrx_word' id='word_1_106' title='bbox 1973 1358 2244 1447; x_wconf 88' lang='lat' dir='ltr'><strong>Quinta,</strong></span> <span class='ocrx_word' id='word_1_107' title='bbox 2275 1381 2386 1430; x_wconf 87' lang='lat' dir='ltr'><strong>aer</strong></span> <span class='ocrx_word' id='word_1_108' title='bbox 2423 1361 2496 1429; x_wconf 91' lang='lat' dir='ltr'><strong>in</strong></span> <span class='ocrx_word' id='word_1_109' title='bbox 2540 1360 2944 1448; x_wconf 80' lang='lat' dir='ltr'><strong>volatilibus,</strong></span> <span class='ocrx_word' id='word_1_110' title='bbox 2977 1368 3042 1448; x_wconf 84' lang='lat' dir='ltr'><strong>et</strong></span> <span class='ocrx_word' id='word_1_111' title='bbox 3083 1382 3272 1451; x_wconf 85' lang='lat' dir='ltr'><strong>aquae</strong></span> <span class='ocrx_word' id='word_1_112' title='bbox 3309 1360 3381 1427; x_wconf 90' lang='lat' dir='ltr'><strong>in</strong></span> <span class='ocrx_word' id='word_1_113' title='bbox 3425 1359 3712 1451; x_wconf 87' lang='lat' dir='ltr'><strong>piscibus</strong></span> <span class='ocrx_word' id='word_1_114' title='bbox 3749 1382 3927 1429; x_wconf 88' lang='lat' dir='ltr'><strong>orna·</strong></span> 
     </span>
    </p>

    <p class='ocr_par' dir='ltr' id='par_1_10' title="bbox 754 1475 3927 1569">
     <span class='ocr_line' id='line_1_11' title="bbox 754 1475 3927 1569; baseline 0.001 -25"><span class='ocrx_word' id='word_1_115' title='bbox 754 1483 976 1545; x_wconf 88' lang='lat' dir='ltr'><strong>menta</strong></span> <span class='ocrx_word' id='word_1_116' title='bbox 1013 1484 1422 1568; x_wconf 87' lang='lat' dir='ltr'><strong>acceperunt.</strong></span> <span class='ocrx_word' id='word_1_117' title='bbox 1455 1476 1678 1561; x_wconf 83' lang='lat' dir='ltr'><strong>Sexta,</strong></span> <span class='ocrx_word' id='word_1_118' title='bbox 1711 1475 1953 1568; x_wconf 88' lang='lat' dir='ltr'><strong>accepit</strong></span> <span class='ocrx_word' id='word_1_119' title='bbox 1981 1482 2157 1544; x_wconf 88' lang='lat' dir='ltr'><strong>terra</strong></span> <span class='ocrx_word' id='word_1_120' title='bbox 2191 1475 2495 1568; x_wconf 86' lang='lat' dir='ltr'><strong>jumenta</strong></span> <span class='ocrx_word' id='word_1_121' title='bbox 2537 1484 2602 1545; x_wconf 87' lang='lat' dir='ltr'><strong>et</strong></span> <span class='ocrx_word' id='word_1_122' title='bbox 2637 1476 2898 1569; x_wconf 88' lang='lat' dir='ltr'><strong>reptilia</strong></span> <span class='ocrx_word' id='word_1_123' title='bbox 2927 1485 2993 1544; x_wconf 91' lang='lat' dir='ltr'><strong>et</strong></span> <span class='ocrx_word' id='word_1_124' title='bbox 3035 1475 3274 1545; x_wconf 81' lang='lat' dir='ltr'><strong>bestias</strong></span> <span class='ocrx_word' id='word_1_125' title='bbox 3307 1500 3323 1543; x_wconf 87' lang='lat'>:</span> <span class='ocrx_word' id='word_1_126' title='bbox 3356 1484 3499 1569; x_wconf 89' lang='lat' dir='ltr'><strong>post</strong></span> <span class='ocrx_word' id='word_1_127' title='bbox 3524 1499 3672 1569; x_wconf 83' lang='lat' dir='ltr'><strong>quae</strong></span> <span class='ocrx_word' id='word_1_128' title='bbox 3717 1478 3927 1546; x_wconf 85' lang='lat' dir='ltr'><strong>omnia</strong></span> 
     </span>
    </p>

    <p class='ocr_par' dir='ltr' id='par_1_11' title="bbox 752 1592 3927 1804">
     <span class='ocr_line' id='line_1_12' title="bbox 752 1592 3927 1687; baseline 0.001 -25"><span class='ocrx_word' id='word_1_129' title='bbox 752 1593 963 1663; x_wconf 83' lang='lat' dir='ltr'><strong>factus</strong></span> <span class='ocrx_word' id='word_1_130' title='bbox 985 1602 1082 1662; x_wconf 87' lang='lat' dir='ltr'><strong>est</strong></span> <span class='ocrx_word' id='word_1_131' title='bbox 1102 1592 1302 1663; x_wconf 91' lang='lat' dir='ltr'><strong>homo</strong></span> <span class='ocrx_word' id='word_1_132' title='bbox 1326 1593 1409 1663; x_wconf 88' lang='lat' dir='ltr'><strong>de</strong></span> <span class='ocrx_word' id='word_1_133' title='bbox 1435 1602 1610 1664; x_wconf 87' lang='lat' dir='ltr'><strong>terra</strong></span> <span class='ocrx_word' id='word_1_134' title='bbox 1636 1595 1656 1631; x_wconf 91' lang='lat'>¹</span> <span class='ocrx_word' id='word_1_135' title='bbox 1684 1601 1749 1662; x_wconf 92' lang='lat' dir='ltr'><strong>et</strong></span> <span class='ocrx_word' id='word_1_136' title='bbox 1772 1593 1846 1662; x_wconf 91' lang='lat' dir='ltr'><strong>in</strong></span> <span class='ocrx_word' id='word_1_137' title='bbox 1875 1602 2045 1663; x_wconf 89' lang='lat' dir='ltr'><strong>terra</strong></span> <span class='ocrx_word' id='word_1_138' title='bbox 2077 1619 2092 1662; x_wconf 90' lang='lat'>:</span> <span class='ocrx_word' id='word_1_139' title='bbox 2127 1616 2264 1662; x_wconf 90' lang='lat' dir='ltr'><strong>non</strong></span> <span class='ocrx_word' id='word_1_140' title='bbox 2293 1602 2515 1664; x_wconf 88' lang='lat' dir='ltr'><strong>tamen</strong></span> <span class='ocrx_word' id='word_1_141' title='bbox 2544 1593 2628 1664; x_wconf 89' lang='lat' dir='ltr'><strong>ad</strong></span> <span class='ocrx_word' id='word_1_142' title='bbox 2653 1602 2919 1682; x_wconf 90' lang='lat' dir='ltr'><strong>terram,</strong></span> <span class='ocrx_word' id='word_1_143' title='bbox 2952 1615 3071 1662; x_wconf 87' lang='lat' dir='ltr'><strong>nec</strong></span> <span class='ocrx_word' id='word_1_144' title='bbox 3098 1602 3366 1687; x_wconf 89' lang='lat' dir='ltr'><strong>propter</strong></span> <span class='ocrx_word' id='word_1_145' title='bbox 3404 1601 3643 1664; x_wconf 89' lang='lat' dir='ltr'><strong>terram</strong></span> <span class='ocrx_word' id='word_1_146' title='bbox 3658 1620 3675 1675; x_wconf 91' lang='lat'>;</span> <span class='ocrx_word' id='word_1_147' title='bbox 3707 1595 3821 1664; x_wconf 91' lang='lat' dir='ltr'><strong>sed</strong></span> <span class='ocrx_word' id='word_1_148' title='bbox 3854 1595 3927 1663; x_wconf 90' lang='lat' dir='ltr'><strong>ad</strong></span> 
     </span>
     <span class='ocr_line' id='line_1_13' title="bbox 752 1710 1701 1804; baseline -0.002 -24"><span class='ocrx_word' id='word_1_149' title='bbox 752 1710 1020 1800; x_wconf 82' lang='lat' dir='ltr'><strong>coelum,</strong></span> <span class='ocrx_word' id='word_1_150' title='bbox 1052 1719 1119 1780; x_wconf 88' lang='lat' dir='ltr'><strong>et</strong></span> <span class='ocrx_word' id='word_1_151' title='bbox 1143 1718 1409 1804; x_wconf 88' lang='lat' dir='ltr'><strong>propter</strong></span> <span class='ocrx_word' id='word_1_152' title='bbox 1433 1710 1701 1780; x_wconf 84' lang='lat' dir='ltr'><strong>coelum.</strong></span> 
     </span>
    </p>

    <p class='ocr_par' dir='ltr' id='par_1_12' title="bbox 513 1826 3927 1937">
     <span class='ocr_line' id='line_1_14' title="bbox 513 1826 3927 1937; baseline 0 -40"><span class='ocrx_word' id='word_1_153' title='bbox 513 1827 724 1937; x_wconf 36' lang='lat' dir='ltr'><strong>&amp;2⁸¹⁶ae</strong></span> <span class='ocrx_word' id='word_1_154' title='bbox 840 1827 1013 1910; x_wconf 88' lang='lat' dir='ltr'><strong>Quia</strong></span> <span class='ocrx_word' id='word_1_155' title='bbox 1040 1849 1197 1918; x_wconf 88' lang='lat' dir='ltr'><strong>ergo</strong></span> <span class='ocrx_word' id='word_1_156' title='bbox 1222 1827 1459 1898; x_wconf 85' lang='lat' dir='ltr'><strong>coelum</strong></span> <span class='ocrx_word' id='word_1_157' title='bbox 1485 1826 1730 1896; x_wconf 81' lang='lat' dir='ltr'><strong>caeteris</strong></span> <span class='ocrx_word' id='word_1_158' title='bbox 1753 1826 2093 1896; x_wconf 88' lang='lat' dir='ltr'><strong>elementis</strong></span> <span class='ocrx_word' id='word_1_159' title='bbox 2118 1826 2397 1918; x_wconf 89' lang='lat' dir='ltr'><strong>speciem</strong></span> <span class='ocrx_word' id='word_1_160' title='bbox 2427 1835 2750 1919; x_wconf 79' lang='lat' dir='ltr'><strong>praestat²,</strong></span> <span class='ocrx_word' id='word_1_161' title='bbox 2780 1828 3094 1921; x_wconf 87' lang='lat' dir='ltr'><strong>priusque</strong></span> <span class='ocrx_word' id='word_1_162' title='bbox 3113 1828 3197 1920; x_wconf 86' lang='lat' dir='ltr'><strong>(a)</strong></span> <span class='ocrx_word' id='word_1_163' title='bbox 3212 1827 3358 1897; x_wconf 89' lang='lat' dir='ltr'><strong>aliis</strong></span> <span class='ocrx_word' id='word_1_164' title='bbox 3384 1828 3628 1896; x_wconf 83' lang='lat' dir='ltr'><strong>factum</strong></span> <span class='ocrx_word' id='word_1_165' title='bbox 3646 1836 3768 1916; x_wconf 48' lang='lat' dir='ltr'><strong>eret,</strong></span> <span class='ocrx_word' id='word_1_166' title='bbox 3792 1829 3927 1898; x_wconf 87' lang='lat' dir='ltr'><strong>ideo</strong></span> 
     </span>
    </p>

    <p class='ocr_par' dir='ltr' id='par_1_13' title="bbox 547 1925 3929 2037">
     <span class='ocr_line' id='line_1_15' title="bbox 547 1944 3929 2037; baseline 0 -25"><span class='ocrx_word' id='word_1_167' title='bbox 547 1959 697 1999; x_wconf 75' lang='lat' dir='ltr'><strong>omtu</strong></span> <span class='ocrx_word' id='word_1_168' title='bbox 750 1952 902 2013; x_wconf 85' lang='lat' dir='ltr'><strong>ante</strong></span> <span class='ocrx_word' id='word_1_169' title='bbox 928 1944 1058 2014; x_wconf 88' lang='lat' dir='ltr'><strong>alia</strong></span> <span class='ocrx_word' id='word_1_170' title='bbox 1084 1953 1358 2014; x_wconf 87' lang='lat' dir='ltr'><strong>ornatur</strong></span> <span class='ocrx_word' id='word_1_171' title='bbox 1381 1946 1454 2013; x_wconf 91' lang='lat' dir='ltr'><strong>in</strong></span> <span class='ocrx_word' id='word_1_172' title='bbox 1480 1952 1717 2037; x_wconf 85' lang='lat' dir='ltr'><strong>quarto</strong></span> <span class='ocrx_word' id='word_1_173' title='bbox 1744 1944 1850 2013; x_wconf 88' lang='lat' dir='ltr'><strong>die</strong></span> <span class='ocrx_word' id='word_1_174' title='bbox 1877 1968 2011 2037; x_wconf 83' lang='lat' dir='ltr'><strong>quo</strong></span> <span class='ocrx_word' id='word_1_175' title='bbox 2045 1944 2218 2014; x_wconf 90' lang='lat' dir='ltr'><strong>fiunt</strong></span> <span class='ocrx_word' id='word_1_176' title='bbox 2243 1945 2456 2014; x_wconf 91' lang='lat' dir='ltr'><strong>sidera</strong></span> <span class='ocrx_word' id='word_1_177' title='bbox 2490 1970 2506 2012; x_wconf 74' lang='grc' dir='ltr'>ε</span> <span class='ocrx_word' id='word_1_178' title='bbox 2544 1967 2695 2037; x_wconf 83' lang='lat' dir='ltr'><strong>quae</strong></span> <span class='ocrx_word' id='word_1_179' title='bbox 2722 1944 2870 2014; x_wconf 85' lang='lat' dir='ltr'><strong>ideo</strong></span> <span class='ocrx_word' id='word_1_180' title='bbox 2897 1945 3068 2015; x_wconf 85' lang='lat' dir='ltr'><strong>facta</strong></span> <span class='ocrx_word' id='word_1_181' title='bbox 3093 1955 3271 2030; x_wconf 90' lang='lat' dir='ltr'><strong>sunt,</strong></span> <span class='ocrx_word' id='word_1_182' title='bbox 3304 1951 3380 2012; x_wconf 93' lang='lat' dir='ltr'><strong>ut</strong></span> <span class='ocrx_word' id='word_1_183' title='bbox 3405 1966 3519 2037; x_wconf 86' lang='lat' dir='ltr'><strong>per</strong></span> <span class='ocrx_word' id='word_1_184' title='bbox 3548 1968 3627 2013; x_wconf 91' lang='lat' dir='ltr'><strong>ea</strong></span> <span class='ocrx_word' id='word_1_185' title='bbox 3649 1945 3929 2014; x_wconf 86' lang='lat' dir='ltr'><strong>illustre-</strong></span> 
     </span>
    </p>

    <p class='ocr_par' dir='ltr' id='par_1_14' title="bbox 509 2019 3927 2157">
     <span class='ocr_line' id='line_1_16' title="bbox 509 2019 3927 2157; baseline -0 -28"><span class='ocrx_word' id='word_1_186' title='bbox 509 2019 726 2157; x_wconf 43' lang='grc' dir='ltr'><strong>31,ιέἓῖ</strong></span> <span class='ocrx_word' id='word_1_187' title='bbox 750 2066 862 2129; x_wconf 90' lang='lat' dir='ltr'><strong>tur</strong></span> <span class='ocrx_word' id='word_1_188' title='bbox 898 2061 1173 2131; x_wconf 83' lang='lat' dir='ltr'><strong>inferior</strong></span> <span class='ocrx_word' id='word_1_189' title='bbox 1211 2084 1386 2154; x_wconf 86' lang='lat' dir='ltr'><strong>pars,</strong></span> <span class='ocrx_word' id='word_1_190' title='bbox 1425 2085 1510 2131; x_wconf 88' lang='lat' dir='ltr'><strong>ne</strong></span> <span class='ocrx_word' id='word_1_191' title='bbox 1549 2070 1714 2132; x_wconf 90' lang='lat' dir='ltr'><strong>esset</strong></span> <span class='ocrx_word' id='word_1_192' title='bbox 1752 2060 2202 2131; x_wconf 82' lang='lat' dir='ltr'><strong>habitantibus</strong></span> <span class='ocrx_word' id='word_1_193' title='bbox 2249 2062 2612 2131; x_wconf 89' lang='lat' dir='ltr'><strong>tenebrosa.</strong></span> <span class='ocrx_word' id='word_1_194' title='bbox 2652 2061 3161 2154; x_wconf 86' lang='lat' dir='ltr'><strong>Infirmitatique</strong></span> <span class='ocrx_word' id='word_1_195' title='bbox 3207 2061 3554 2131; x_wconf 90' lang='lat' dir='ltr'><strong>hominum</strong></span> <span class='ocrx_word' id='word_1_196' title='bbox 3596 2062 3927 2151; x_wconf 87' lang='lat' dir='ltr'><strong>provisum</strong></span> 
     </span>
    </p>

    <p class='ocr_par' dir='ltr' id='par_1_15' title="bbox 506 2148 3922 2271">
     <span class='ocr_line' id='line_1_17' title="bbox 506 2148 3922 2271; baseline -0.002 -20"><span class='ocrx_word' id='word_1_197' title='bbox 506 2148 724 2256; x_wconf 50' lang='lat'><strong>353¹&amp;</strong></span> <span class='ocrx_word' id='word_1_198' title='bbox 749 2185 869 2265; x_wconf 87' lang='lat' dir='ltr'><strong>est,</strong></span> <span class='ocrx_word' id='word_1_199' title='bbox 901 2186 977 2248; x_wconf 89' lang='lat' dir='ltr'><strong>ut</strong></span> <span class='ocrx_word' id='word_1_200' title='bbox 1011 2178 1458 2248; x_wconf 86' lang='lat' dir='ltr'><strong>circumeunte</strong></span> <span class='ocrx_word' id='word_1_201' title='bbox 1503 2179 1644 2248; x_wconf 88' lang='lat' dir='ltr'><strong>sole</strong></span> <span class='ocrx_word' id='word_1_202' title='bbox 1685 2178 2057 2271; x_wconf 81' lang='lat' dir='ltr'><strong>potirentur</strong></span> <span class='ocrx_word' id='word_1_203' title='bbox 2100 2178 2402 2248; x_wconf 88' lang='lat' dir='ltr'><strong>homines</strong></span> <span class='ocrx_word' id='word_1_204' title='bbox 2445 2178 2575 2248; x_wconf 88' lang='lat' dir='ltr'><strong>diei</strong></span> <span class='ocrx_word' id='word_1_205' title='bbox 2620 2179 2958 2270; x_wconf 85' lang='lat' dir='ltr'><strong>noctisque</strong></span> <span class='ocrx_word' id='word_1_206' title='bbox 2998 2177 3447 2248; x_wconf 86' lang='lat' dir='ltr'><strong>vicissitudine</strong></span> <span class='ocrx_word' id='word_1_207' title='bbox 3490 2185 3755 2269; x_wconf 87' lang='lat' dir='ltr'><strong>propter</strong></span> <span class='ocrx_word' id='word_1_208' title='bbox 3783 2176 3922 2245; x_wconf 88' lang='lat' dir='ltr'><strong>dor-</strong></span> 
     </span>
    </p>

    <p class='ocr_par' dir='ltr' id='par_1_16' title="bbox 747 2293 3923 2388">
     <span class='ocr_line' id='line_1_18' title="bbox 747 2293 3923 2388; baseline 0 -27"><span class='ocrx_word' id='word_1_209' title='bbox 747 2293 994 2362; x_wconf 85' lang='lat' dir='ltr'><strong>miendi</strong></span> <span class='ocrx_word' id='word_1_210' title='bbox 1021 2294 1476 2388; x_wconf 81' lang='lat' dir='ltr'><strong>vigilandique</strong></span> <span class='ocrx_word' id='word_1_211' title='bbox 1504 2296 1952 2364; x_wconf 87' lang='lat' dir='ltr'><strong>necessitatem</strong></span> <span class='ocrx_word' id='word_1_212' title='bbox 1985 2318 2003 2362; x_wconf 85' lang='lat'><strong>:</strong></span> <span class='ocrx_word' id='word_1_213' title='bbox 2033 2304 2100 2363; x_wconf 85' lang='lat' dir='ltr'><strong>et</strong></span> <span class='ocrx_word' id='word_1_214' title='bbox 2125 2295 2272 2365; x_wconf 83' lang='lat' dir='ltr'><strong>ideo</strong></span> <span class='ocrx_word' id='word_1_215' title='bbox 2299 2295 2494 2365; x_wconf 82' lang='lat' dir='ltr'><strong>etiam</strong></span> <span class='ocrx_word' id='word_1_216' title='bbox 2520 2317 2604 2364; x_wconf 92' lang='lat' dir='ltr'><strong>ne</strong></span> <span class='ocrx_word' id='word_1_217' title='bbox 2628 2317 2765 2365; x_wconf 85' lang='lat' dir='ltr'><strong>nox</strong></span> <span class='ocrx_word' id='word_1_218' title='bbox 2788 2294 3097 2364; x_wconf 88' lang='lat' dir='ltr'><strong>indecora</strong></span> <span class='ocrx_word' id='word_1_219' title='bbox 3120 2303 3509 2380; x_wconf 84' lang='lat' dir='ltr'><strong>remaneret,</strong></span> <span class='ocrx_word' id='word_1_220' title='bbox 3533 2293 3643 2362; x_wconf 92' lang='lat' dir='ltr'><strong>sed</strong></span> <span class='ocrx_word' id='word_1_221' title='bbox 3671 2294 3837 2363; x_wconf 88' lang='lat' dir='ltr'><strong>luna</strong></span> <span class='ocrx_word' id='word_1_222' title='bbox 3856 2316 3923 2361; x_wconf 88' lang='lat' dir='ltr'><strong>ac</strong></span> 
     </span>
    </p>

    <p class='ocr_par' dir='ltr' id='par_1_17' title="bbox 742 2409 3925 2504">
     <span class='ocr_line' id='line_1_19' title="bbox 742 2409 3925 2504; baseline 0 -27"><span class='ocrx_word' id='word_1_223' title='bbox 742 2409 1067 2480; x_wconf 86' lang='lat' dir='ltr'><strong>sideribus</strong></span> <span class='ocrx_word' id='word_1_224' title='bbox 1101 2413 1596 2481; x_wconf 83' lang='lat' dir='ltr'><strong>consolarentur</strong></span> <span class='ocrx_word' id='word_1_225' title='bbox 1640 2411 1963 2499; x_wconf 78' lang='lat' dir='ltr'><strong>bomineS,</strong></span> <span class='ocrx_word' id='word_1_226' title='bbox 1997 2411 2241 2504; x_wconf 91' lang='lat' dir='ltr'><strong>quibus</strong></span> <span class='ocrx_word' id='word_1_227' title='bbox 2284 2411 2357 2480; x_wconf 93' lang='lat' dir='ltr'><strong>in</strong></span> <span class='ocrx_word' id='word_1_228' title='bbox 2397 2420 2585 2482; x_wconf 89' lang='lat' dir='ltr'><strong>nocte</strong></span> <span class='ocrx_word' id='word_1_229' title='bbox 2626 2411 2941 2504; x_wconf 90' lang='lat' dir='ltr'><strong>operandi</strong></span> <span class='ocrx_word' id='word_1_230' title='bbox 2978 2411 3321 2480; x_wconf 76' lang='lat' dir='ltr'><strong>necessitas</strong></span> <span class='ocrx_word' id='word_1_231' title='bbox 3354 2411 3767 2479; x_wconf 84' lang='lat' dir='ltr'><strong>incumberet</strong></span> <span class='ocrx_word' id='word_1_232' title='bbox 3813 2435 3827 2477; x_wconf 92' lang='lat'>:</span> <span class='ocrx_word' id='word_1_233' title='bbox 3867 2418 3925 2477; x_wconf 88' lang='lat' dir='ltr'><strong>et</strong></span> 
     </span>
    </p>

    <p class='ocr_par' dir='ltr' id='par_1_18' title="bbox 740 2526 3926 2621">
     <span class='ocr_line' id='line_1_20' title="bbox 740 2526 3926 2621; baseline -0.001 -26"><span class='ocrx_word' id='word_1_234' title='bbox 740 2527 898 2617; x_wconf 86' lang='lat' dir='ltr'><strong>quia</strong></span> <span class='ocrx_word' id='word_1_235' title='bbox 921 2527 1227 2620; x_wconf 83' lang='lat' dir='ltr'><strong>quaedam</strong></span> <span class='ocrx_word' id='word_1_236' title='bbox 1254 2528 1569 2598; x_wconf 89' lang='lat' dir='ltr'><strong>animalia</strong></span> <span class='ocrx_word' id='word_1_237' title='bbox 1609 2537 1766 2598; x_wconf 89' lang='lat' dir='ltr'><strong>sunt</strong></span> <span class='ocrx_word' id='word_1_238' title='bbox 1794 2551 1944 2621; x_wconf 79' lang='lat' dir='ltr'><strong>quae</strong></span> <span class='ocrx_word' id='word_1_239' title='bbox 1972 2528 2189 2597; x_wconf 88' lang='lat' dir='ltr'><strong>lucem</strong></span> <span class='ocrx_word' id='word_1_240' title='bbox 2217 2528 2390 2597; x_wconf 83' lang='lat' dir='ltr'><strong>ferre</strong></span> <span class='ocrx_word' id='word_1_241' title='bbox 2414 2551 2550 2597; x_wconf 90' lang='lat' dir='ltr'><strong>non</strong></span> <span class='ocrx_word' id='word_1_242' title='bbox 2586 2537 2884 2620; x_wconf 89' lang='lat' dir='ltr'><strong>possunt.</strong></span> <span class='ocrx_word' id='word_1_243' title='bbox 2916 2526 3108 2610; x_wconf 88' lang='lat' dir='ltr'><strong>Quod</strong></span> <span class='ocrx_word' id='word_1_244' title='bbox 3139 2534 3362 2596; x_wconf 85' lang='lat' dir='ltr'><strong>autem</strong></span> <span class='ocrx_word' id='word_1_245' title='bbox 3402 2527 3707 2595; x_wconf 90' lang='lat' dir='ltr'><strong>subditur</strong></span> <span class='ocrx_word' id='word_1_246' title='bbox 3734 2527 3757 2562; x_wconf 79' lang='lat'><strong>⁸</strong></span> <span class='ocrx_word' id='word_1_247' title='bbox 3791 2551 3807 2593; x_wconf 70' lang='grc' dir='ltr'><strong>ι</strong></span> <span class='ocrx_word' id='word_1_248' title='bbox 3838 2527 3926 2593; x_wconf 83' lang='lat' dir='ltr'><strong>Et</strong></span> 
     </span>
    </p>

    <p class='ocr_par' dir='ltr' id='par_1_19' title="bbox 737 2643 3926 2739">
     <span class='ocr_line' id='line_1_21' title="bbox 737 2643 3926 2739; baseline 0 -29"><span class='ocrx_word' id='word_1_249' title='bbox 737 2643 972 2712; x_wconf 79' lang='lat' dir='ltr'><strong>sintin</strong></span> <span class='ocrx_word' id='word_1_250' title='bbox 999 2645 1216 2737; x_wconf 75' lang='lat' dir='ltr'><strong>siqua,</strong></span> <span class='ocrx_word' id='word_1_251' title='bbox 1251 2657 1316 2714; x_wconf 83' lang='lat' dir='ltr'><strong>et</strong></span> <span class='ocrx_word' id='word_1_252' title='bbox 1343 2657 1664 2739; x_wconf 85' lang='lat' dir='ltr'><strong>tempora,</strong></span> <span class='ocrx_word' id='word_1_253' title='bbox 1698 2656 1761 2714; x_wconf 81' lang='lat' dir='ltr'><strong>et</strong></span> <span class='ocrx_word' id='word_1_254' title='bbox 1788 2644 1949 2730; x_wconf 79' lang='lat' dir='ltr'><strong>dies,</strong></span> <span class='ocrx_word' id='word_1_255' title='bbox 1985 2657 2050 2713; x_wconf 82' lang='lat' dir='ltr'><strong>et</strong></span> <span class='ocrx_word' id='word_1_256' title='bbox 2079 2668 2291 2715; x_wconf 78' lang='lat' dir='ltr'><strong>annos</strong></span> <span class='ocrx_word' id='word_1_257' title='bbox 2302 2668 2333 2730; x_wconf 90' lang='lat'><strong>,·</strong></span> <span class='ocrx_word' id='word_1_258' title='bbox 2366 2653 2697 2739; x_wconf 89' lang='lat' dir='ltr'><strong>quomodo</strong></span> <span class='ocrx_word' id='word_1_259' title='bbox 2743 2645 3198 2738; x_wconf 87' lang='lat' dir='ltr'><strong>accipiendum</strong></span> <span class='ocrx_word' id='word_1_260' title='bbox 3217 2645 3362 2731; x_wconf 73' lang='lat' dir='ltr'><strong>sit⁴‚</strong></span> <span class='ocrx_word' id='word_1_261' title='bbox 3384 2644 3591 2738; x_wconf 83' lang='lat' dir='ltr'><strong>quaeri</strong></span> <span class='ocrx_word' id='word_1_262' title='bbox 3617 2643 3805 2713; x_wconf 90' lang='lat' dir='ltr'><strong>solet.</strong></span> <span class='ocrx_word' id='word_1_263' title='bbox 3833 2645 3926 2711; x_wconf 86' lang='lat' dir='ltr'><strong>Ita</strong></span> 
     </span>
    </p>

    <p class='ocr_par' dir='ltr' id='par_1_20' title="bbox 737 2759 3925 2855">
     <span class='ocr_line' id='line_1_22' title="bbox 737 2759 3925 2855; baseline 0 -28"><span class='ocrx_word' id='word_1_264' title='bbox 737 2759 914 2828; x_wconf 90' lang='lat' dir='ltr'><strong>enim</strong></span> <span class='ocrx_word' id='word_1_265' title='bbox 942 2760 1193 2829; x_wconf 88' lang='lat' dir='ltr'><strong>dictum</strong></span> <span class='ocrx_word' id='word_1_266' title='bbox 1223 2761 1510 2851; x_wconf 89' lang='lat' dir='ltr'><strong>videtur,</strong></span> <span class='ocrx_word' id='word_1_267' title='bbox 1542 2763 1735 2855; x_wconf 87' lang='lat' dir='ltr'><strong>quasi</strong></span> <span class='ocrx_word' id='word_1_268' title='bbox 1762 2770 1998 2855; x_wconf 86' lang='lat' dir='ltr'><strong>quarto</strong></span> <span class='ocrx_word' id='word_1_269' title='bbox 2028 2762 2135 2831; x_wconf 92' lang='lat' dir='ltr'><strong>die</strong></span> <span class='ocrx_word' id='word_1_270' title='bbox 2161 2762 2503 2854; x_wconf 77' lang='lat' dir='ltr'><strong>coepissent</strong></span> <span class='ocrx_word' id='word_1_271' title='bbox 2530 2770 2847 2854; x_wconf 86' lang='lat' dir='ltr'><strong>tempora,</strong></span> <span class='ocrx_word' id='word_1_272' title='bbox 2879 2785 3030 2830; x_wconf 91' lang='lat' dir='ltr'><strong>cum</strong></span> <span class='ocrx_word' id='word_1_273' title='bbox 3062 2761 3247 2853; x_wconf 90' lang='lat' dir='ltr'><strong>prius</strong></span> <span class='ocrx_word' id='word_1_274' title='bbox 3272 2760 3573 2829; x_wconf 88' lang='lat' dir='ltr'><strong>triduum</strong></span> <span class='ocrx_word' id='word_1_275' title='bbox 3603 2760 3742 2828; x_wconf 90' lang='lat' dir='ltr'><strong>sine</strong></span> <span class='ocrx_word' id='word_1_276' title='bbox 3768 2769 3925 2829; x_wconf 90' lang='lat' dir='ltr'><strong>tem-</strong></span> 
     </span>
    </p>

    <p class='ocr_par' dir='ltr' id='par_1_21' title="bbox 734 2875 3926 2971">
     <span class='ocr_line' id='line_1_23' title="bbox 734 2875 3926 2971; baseline -0 -27"><span class='ocrx_word' id='word_1_277' title='bbox 734 2897 1037 2967; x_wconf 86' lang='lat' dir='ltr'><strong>porenon</strong></span> <span class='ocrx_word' id='word_1_278' title='bbox 1070 2877 1294 2948; x_wconf 86' lang='lat' dir='ltr'><strong>fuerit.</strong></span> <span class='ocrx_word' id='word_1_279' title='bbox 1327 2879 1620 2970; x_wconf 84' lang='lat' dir='ltr'><strong>Ideoque</strong></span> <span class='ocrx_word' id='word_1_280' title='bbox 1651 2887 1943 2970; x_wconf 89' lang='lat' dir='ltr'><strong>tempora</strong></span> <span class='ocrx_word' id='word_1_281' title='bbox 1971 2901 2124 2971; x_wconf 83' lang='lat' dir='ltr'><strong>quae</strong></span> <span class='ocrx_word' id='word_1_282' title='bbox 2154 2879 2327 2948; x_wconf 91' lang='lat' dir='ltr'><strong>fiunt</strong></span> <span class='ocrx_word' id='word_1_283' title='bbox 2355 2901 2473 2971; x_wconf 90' lang='lat' dir='ltr'><strong>per</strong></span> <span class='ocrx_word' id='word_1_284' title='bbox 2498 2878 2735 2966; x_wconf 88' lang='lat' dir='ltr'><strong>sidera,</strong></span> <span class='ocrx_word' id='word_1_285' title='bbox 2766 2901 2903 2948; x_wconf 89' lang='lat' dir='ltr'><strong>non</strong></span> <span class='ocrx_word' id='word_1_286' title='bbox 2932 2877 3141 2970; x_wconf 87' lang='lat' dir='ltr'><strong>spatia</strong></span> <span class='ocrx_word' id='word_1_287' title='bbox 3159 2899 3520 2965; x_wconf 84' lang='lat' dir='ltr'><strong>morarum,</strong></span> <span class='ocrx_word' id='word_1_288' title='bbox 3542 2875 3653 2945; x_wconf 90' lang='lat' dir='ltr'><strong>sed</strong></span> <span class='ocrx_word' id='word_1_289' title='bbox 3680 2876 3926 2944; x_wconf 78' lang='lat' dir='ltr'><strong>vicissi-</strong></span> 
     </span>
    </p>

    <p class='ocr_par' dir='ltr' id='par_1_22' title="bbox 733 2971 3924 3089">
     <span class='ocr_line' id='line_1_24' title="bbox 733 2971 3924 3089; baseline 0.001 -29"><span class='ocrx_word' id='word_1_290' title='bbox 733 2993 1032 3063; x_wconf 86' lang='lat' dir='ltr'><strong>tudinem</strong></span> <span class='ocrx_word' id='word_1_291' title='bbox 1060 3017 1265 3064; x_wconf 80' lang='lat' dir='ltr'><strong>aereae</strong></span> <span class='ocrx_word' id='word_1_292' title='bbox 1290 2995 1625 3089; x_wconf 86' lang='lat' dir='ltr'><strong>qualitatis</strong></span> <span class='ocrx_word' id='word_1_293' title='bbox 1649 2994 1960 3065; x_wconf 87' lang='lat' dir='ltr'><strong>debemus</strong></span> <span class='ocrx_word' id='word_1_294' title='bbox 1988 2995 2279 3087; x_wconf 86' lang='lat' dir='ltr'><strong>accipere</strong></span> <span class='ocrx_word' id='word_1_295' title='bbox 2312 3020 2329 3063; x_wconf 73' lang='grc' dir='ltr'>ε</span> <span class='ocrx_word' id='word_1_296' title='bbox 2359 2995 2519 3088; x_wconf 88' lang='lat' dir='ltr'><strong>quia</strong></span> <span class='ocrx_word' id='word_1_297' title='bbox 2547 2995 2706 3065; x_wconf 89' lang='lat' dir='ltr'><strong>talia</strong></span> <span class='ocrx_word' id='word_1_298' title='bbox 2735 2971 3023 3064; x_wconf 84' lang='lat' dir='ltr'><strong>motibus</strong></span> <span class='ocrx_word' id='word_1_299' title='bbox 3048 2993 3340 3063; x_wconf 89' lang='lat' dir='ltr'><strong>siderum</strong></span> <span class='ocrx_word' id='word_1_300' title='bbox 3375 2993 3575 3081; x_wconf 88' lang='lat' dir='ltr'><strong>fiunt,</strong></span> <span class='ocrx_word' id='word_1_301' title='bbox 3598 2993 3769 3062; x_wconf 89' lang='lat' dir='ltr'><strong>sicut</strong></span> <span class='ocrx_word' id='word_1_302' title='bbox 3793 2993 3924 3062; x_wconf 84' lang='lat' dir='ltr'><strong>dics</strong></span> 
     </span>
    </p>

    <p class='ocr_par' dir='ltr' id='par_1_23' title="bbox 730 3109 3925 3205">
     <span class='ocr_line' id='line_1_25' title="bbox 730 3109 3925 3205; baseline 0.001 -29"><span class='ocrx_word' id='word_1_303' title='bbox 730 3114 796 3177; x_wconf 90' lang='lat' dir='ltr'><strong>et</strong></span> <span class='ocrx_word' id='word_1_304' title='bbox 822 3109 981 3179; x_wconf 87' lang='lat' dir='ltr'><strong>anni</strong></span> <span class='ocrx_word' id='word_1_305' title='bbox 1007 3134 1173 3205; x_wconf 88' lang='lat' dir='ltr'><strong>quos</strong></span> <span class='ocrx_word' id='word_1_306' title='bbox 1210 3112 1447 3182; x_wconf 83' lang='lat' dir='ltr'><strong>usitate</strong></span> <span class='ocrx_word' id='word_1_307' title='bbox 1474 3111 1811 3183; x_wconf 80' lang='lat' dir='ltr'><strong>novimus,</strong></span> <span class='ocrx_word' id='word_1_308' title='bbox 1846 3111 2019 3180; x_wconf 90' lang='lat' dir='ltr'><strong>Sunt</strong></span> <span class='ocrx_word' id='word_1_309' title='bbox 2045 3112 2227 3181; x_wconf 89' lang='lat' dir='ltr'><strong>enim</strong></span> <span class='ocrx_word' id='word_1_310' title='bbox 2263 3111 2336 3180; x_wconf 91' lang='lat' dir='ltr'><strong>in</strong></span> <span class='ocrx_word' id='word_1_311' title='bbox 2380 3112 2571 3202; x_wconf 83' lang='lat' dir='ltr'><strong>signa</strong></span> <span class='ocrx_word' id='word_1_312' title='bbox 2603 3110 2970 3181; x_wconf 83' lang='lat' dir='ltr'><strong>serenitatis</strong></span> <span class='ocrx_word' id='word_1_313' title='bbox 3014 3120 3079 3180; x_wconf 89' lang='lat' dir='ltr'><strong>et</strong></span> <span class='ocrx_word' id='word_1_314' title='bbox 3104 3109 3527 3203; x_wconf 87' lang='lat' dir='ltr'><strong>tempestatis,</strong></span> <span class='ocrx_word' id='word_1_315' title='bbox 3560 3120 3625 3180; x_wconf 94' lang='lat' dir='ltr'><strong>et</strong></span> <span class='ocrx_word' id='word_1_316' title='bbox 3667 3110 3737 3179; x_wconf 92' lang='lat' dir='ltr'><strong>in</strong></span> <span class='ocrx_word' id='word_1_317' title='bbox 3766 3120 3925 3181; x_wconf 89' lang='lat' dir='ltr'><strong>tem·</strong></span> 
     </span>
    </p>

    <p class='ocr_par' dir='ltr' id='par_1_24' title="bbox 728 3227 3933 3330">
     <span class='ocr_line' id='line_1_26' title="bbox 728 3227 3933 3330; baseline 0 -35"><span class='ocrx_word' id='word_1_318' title='bbox 728 3247 913 3317; x_wconf 88' lang='lat' dir='ltr'><strong>pora,</strong></span> <span class='ocrx_word' id='word_1_319' title='bbox 944 3227 1138 3320; x_wconf 81' lang='lat' dir='ltr'><strong>quia⁸</strong></span> <span class='ocrx_word' id='word_1_320' title='bbox 1156 3250 1273 3320; x_wconf 89' lang='lat' dir='ltr'><strong>per</strong></span> <span class='ocrx_word' id='word_1_321' title='bbox 1299 3252 1376 3297; x_wconf 88' lang='lat' dir='ltr'><strong>ea</strong></span> <span class='ocrx_word' id='word_1_322' title='bbox 1394 3228 1865 3318; x_wconf 83' lang='lat' dir='ltr'><strong>distinguimus</strong></span> <span class='ocrx_word' id='word_1_323' title='bbox 1890 3237 2177 3321; x_wconf 90' lang='lat' dir='ltr'><strong>quatuor</strong></span> <span class='ocrx_word' id='word_1_324' title='bbox 2201 3238 2497 3322; x_wconf 87' lang='lat' dir='ltr'><strong>tempora</strong></span> <span class='ocrx_word' id='word_1_325' title='bbox 2523 3229 2702 3312; x_wconf 89' lang='lat' dir='ltr'><strong>anni,</strong></span> <span class='ocrx_word' id='word_1_326' title='bbox 2733 3229 2979 3299; x_wconf 84' lang='lat' dir='ltr'><strong>scilicet</strong></span> <span class='ocrx_word' id='word_1_327' title='bbox 3003 3252 3143 3315; x_wconf 85' lang='lat' dir='ltr'><strong>ver,</strong></span> <span class='ocrx_word' id='word_1_328' title='bbox 3164 3236 3480 3315; x_wconf 86' lang='lat' dir='ltr'><strong>aestatem,</strong></span> <span class='ocrx_word' id='word_1_329' title='bbox 3501 3237 3933 3330; x_wconf 79' lang='lat' dir='ltr'><strong>autumnum3</strong></span> 
     </span>
    </p>

    <p class='ocr_par' dir='ltr' id='par_1_25' title="bbox 727 3340 3929 3438">
     <span class='ocr_line' id='line_1_27' title="bbox 727 3340 3929 3438; baseline 0 -27"><span class='ocrx_word' id='word_1_330' title='bbox 727 3340 1056 3435; x_wconf 90' lang='lat' dir='ltr'><strong>hyemem.</strong></span> <span class='ocrx_word' id='word_1_331' title='bbox 1072 3344 1200 3414; x_wconf 80' lang='lat' dir='ltr'><strong>vel</strong></span> <span class='ocrx_word' id='word_1_332' title='bbox 1217 3353 1374 3414; x_wconf 89' lang='lat' dir='ltr'><strong>sunt</strong></span> <span class='ocrx_word' id='word_1_333' title='bbox 1399 3344 1473 3414; x_wconf 90' lang='lat' dir='ltr'><strong>in</strong></span> <span class='ocrx_word' id='word_1_334' title='bbox 1496 3345 1684 3436; x_wconf 82' lang='lat' dir='ltr'><strong>signa</strong></span> <span class='ocrx_word' id='word_1_335' title='bbox 1710 3353 1776 3414; x_wconf 90' lang='lat' dir='ltr'><strong>et</strong></span> <span class='ocrx_word' id='word_1_336' title='bbox 1802 3352 2126 3438; x_wconf 85' lang='lat' dir='ltr'><strong>tempora,</strong></span> <span class='ocrx_word' id='word_1_337' title='bbox 2157 3344 2227 3413; x_wconf 94' lang='lat' dir='ltr'><strong>id</strong></span> <span class='ocrx_word' id='word_1_338' title='bbox 2252 3352 2348 3414; x_wconf 90' lang='lat' dir='ltr'><strong>est</strong></span> <span class='ocrx_word' id='word_1_339' title='bbox 2373 3344 2445 3413; x_wconf 90' lang='lat' dir='ltr'><strong>in</strong></span> <span class='ocrx_word' id='word_1_340' title='bbox 2470 3345 2959 3415; x_wconf 88' lang='lat' dir='ltr'><strong>distinctionem</strong></span> <span class='ocrx_word' id='word_1_341' title='bbox 2986 3344 3329 3432; x_wconf 87' lang='lat' dir='ltr'><strong>horarum,</strong></span> <span class='ocrx_word' id='word_1_342' title='bbox 3360 3345 3521 3437; x_wconf 90' lang='lat' dir='ltr'><strong>quia</strong></span> <span class='ocrx_word' id='word_1_343' title='bbox 3543 3345 3929 3437; x_wconf 76' lang='lat' dir='ltr'><strong>priusquam</strong></span> 
     </span>
    </p>
   </div>
   <div class='ocr_carea' id='block_1_5' title="bbox 727 3457 3921 3670">
    <p class='ocr_par' dir='ltr' id='par_1_26' title="bbox 727 3457 3921 3670">
     <span class='ocr_line' id='line_1_28' title="bbox 727 3457 3921 3555; baseline 0.001 -28"><span class='ocrx_word' id='word_1_344' title='bbox 727 3457 989 3548; x_wconf 87' lang='lat' dir='ltr'><strong>fierent,</strong></span> <span class='ocrx_word' id='word_1_345' title='bbox 1016 3460 1176 3529; x_wconf 89' lang='lat' dir='ltr'><strong>ordo</strong></span> <span class='ocrx_word' id='word_1_346' title='bbox 1202 3467 1581 3554; x_wconf 83' lang='lat' dir='ltr'><strong>temporum</strong></span> <span class='ocrx_word' id='word_1_347' title='bbox 1607 3461 1815 3531; x_wconf 87' lang='lat' dir='ltr'><strong>nullis</strong></span> <span class='ocrx_word' id='word_1_348' title='bbox 1840 3462 2197 3535; x_wconf 84' lang='lat' dir='ltr'><strong>notabatur</strong></span> <span class='ocrx_word' id='word_1_349' title='bbox 2224 3462 2513 3551; x_wconf 88' lang='lat' dir='ltr'><strong>indiciis,</strong></span> <span class='ocrx_word' id='word_1_350' title='bbox 2544 3464 2653 3534; x_wconf 82' lang='lat' dir='ltr'><strong>vel</strong></span> <span class='ocrx_word' id='word_1_351' title='bbox 2680 3463 3045 3533; x_wconf 86' lang='lat' dir='ltr'><strong>meridiana</strong></span> <span class='ocrx_word' id='word_1_352' title='bbox 3070 3462 3258 3551; x_wconf 90' lang='lat' dir='ltr'><strong>hora,</strong></span> <span class='ocrx_word' id='word_1_353' title='bbox 3290 3462 3398 3534; x_wconf 82' lang='lat' dir='ltr'><strong>vel</strong></span> <span class='ocrx_word' id='word_1_354' title='bbox 3422 3461 3718 3555; x_wconf 86' lang='lat' dir='ltr'><strong>qualibet</strong></span> <span class='ocrx_word' id='word_1_355' title='bbox 3737 3462 3921 3534; x_wconf 88' lang='lat' dir='ltr'><strong>hora.</strong></span> 
     </span>
     <span class='ocr_line' id='line_1_29' title="bbox 727 3544 1699 3670; baseline -0.001 -21"><span class='ocrx_word' id='word_1_356' title='bbox 727 3544 882 3649; x_wconf 66' lang='lat' dir='ltr'><strong>H³aeo</strong></span> <span class='ocrx_word' id='word_1_357' title='bbox 906 3584 1146 3670; x_wconf 85' lang='lat' dir='ltr'><strong>quarta</strong></span> <span class='ocrx_word' id='word_1_358' title='bbox 1179 3577 1485 3651; x_wconf 80' lang='lat' dir='ltr'><strong>disfacta</strong></span> <span class='ocrx_word' id='word_1_359' title='bbox 1520 3586 1699 3652; x_wconf 88' lang='lat' dir='ltr'><strong>sunt.</strong></span> 
     </span>
    </p>
   </div>
   <div class='ocr_carea' id='block_1_6' title="bbox 518 3877 3923 5041">
    <p class='ocr_par' dir='ltr' id='par_1_27' title="bbox 518 3877 3923 4716">
     <span class='ocr_line' id='line_1_30' title="bbox 1347 3877 3923 3961; baseline 0.002 -17"><span class='ocrx_word' id='word_1_360' title='bbox 1347 3883 1546 3959; x_wconf 80' lang='lat' dir='ltr'><strong>PARS</strong></span> <span class='ocrx_word' id='word_1_361' title='bbox 1589 3883 1642 3958; x_wconf 81' lang='grc' dir='ltr'><strong>Ι,</strong></span> <span class='ocrx_word' id='word_1_362' title='bbox 2385 3879 2649 3945; x_wconf 83' lang='lat' dir='ltr'><strong>damres</strong></span> <span class='ocrx_word' id='word_1_363' title='bbox 2667 3882 2820 3943; x_wconf 92' lang='lat' dir='ltr'><strong>sunt</strong></span> <span class='ocrx_word' id='word_1_364' title='bbox 2836 3877 3175 3961; x_wconf 81' lang='lat' dir='ltr'><strong>simplices,</strong></span> <span class='ocrx_word' id='word_1_365' title='bbox 3196 3879 3494 3961; x_wconf 77' lang='lat' dir='ltr'><strong>quaedam</strong></span> <span class='ocrx_word' id='word_1_366' title='bbox 3519 3880 3761 3960; x_wconf 71' lang='lat' dir='ltr'><strong>mixtae,</strong></span> <span class='ocrx_word' id='word_1_367' title='bbox 3790 3880 3923 3949; x_wconf 80' lang='lat' dir='ltr'><strong>sive</strong></span> 
     </span>
     <span class='ocr_line' id='line_1_31' title="bbox 2382 3985 3923 4071; baseline 0.001 -20"><span class='ocrx_word' id='word_1_368' title='bbox 2382 3987 2680 4070; x_wconf 82' lang='lat' dir='ltr'><strong>quaedam</strong></span> <span class='ocrx_word' id='word_1_369' title='bbox 2706 3990 2856 4051; x_wconf 87' lang='lat' dir='ltr'><strong>sunt</strong></span> <span class='ocrx_word' id='word_1_370' title='bbox 2884 3985 3299 4065; x_wconf 77' lang='lat' dir='ltr'><strong>insensibileS,</strong></span> <span class='ocrx_word' id='word_1_371' title='bbox 3326 3989 3627 4071; x_wconf 83' lang='lat' dir='ltr'><strong>quaedam</strong></span> <span class='ocrx_word' id='word_1_372' title='bbox 3652 3990 3923 4055; x_wconf 87' lang='lat' dir='ltr'><strong>sensibi-</strong></span> 
     </span>
     <span class='ocr_line' id='line_1_32' title="bbox 2380 4092 3923 4181; baseline 0.002 -23"><span class='ocrx_word' id='word_1_373' title='bbox 2380 4093 2500 4174; x_wconf 90' lang='lat' dir='ltr'><strong>les;</strong></span> <span class='ocrx_word' id='word_1_374' title='bbox 2530 4093 2675 4157; x_wconf 92' lang='lat' dir='ltr'><strong>ideo</strong></span> <span class='ocrx_word' id='word_1_375' title='bbox 2700 4111 2848 4176; x_wconf 87' lang='lat' dir='ltr'><strong>pars</strong></span> <span class='ocrx_word' id='word_1_376' title='bbox 2872 4092 2993 4158; x_wconf 87' lang='lat' dir='ltr'><strong>ista</strong></span> <span class='ocrx_word' id='word_1_377' title='bbox 3015 4093 3210 4158; x_wconf 87' lang='lat' dir='ltr'><strong>habet</strong></span> <span class='ocrx_word' id='word_1_378' title='bbox 3231 4094 3409 4161; x_wconf 74' lang='lat' dir='ltr'><strong>duas,</strong></span> <span class='ocrx_word' id='word_1_379' title='bbox 3444 4095 3518 4161; x_wconf 93' lang='lat' dir='ltr'><strong>In</strong></span> <span class='ocrx_word' id='word_1_380' title='bbox 3549 4097 3757 4181; x_wconf 88' lang='lat' dir='ltr'><strong>prima</strong></span> <span class='ocrx_word' id='word_1_381' title='bbox 3782 4098 3923 4178; x_wconf 82' lang='lat' dir='ltr'><strong>agit</strong></span> 
     </span>
     <span class='ocr_line' id='line_1_33' title="bbox 1467 4199 3922 4288; baseline 0.001 -24"><span class='ocrx_word' id='word_1_382' title='bbox 1467 4283 1474 4288; x_wconf 26' lang='grc'><strong>,</strong></span> <span class='ocrx_word' id='word_1_383' title='bbox 2382 4199 2682 4281; x_wconf 85' lang='lat' dir='ltr'><strong>Magister</strong></span> <span class='ocrx_word' id='word_1_384' title='bbox 2715 4199 2794 4263; x_wconf 89' lang='lat' dir='ltr'><strong>de</strong></span> <span class='ocrx_word' id='word_1_385' title='bbox 2828 4199 3242 4282; x_wconf 87' lang='lat' dir='ltr'><strong>productione</strong></span> <span class='ocrx_word' id='word_1_386' title='bbox 3279 4203 3669 4285; x_wconf 88' lang='lat' dir='ltr'><strong>simplicium</strong></span> <span class='ocrx_word' id='word_1_387' title='bbox 3706 4208 3769 4268; x_wconf 90' lang='lat' dir='ltr'><strong>et</strong></span> <span class='ocrx_word' id='word_1_388' title='bbox 3818 4204 3922 4266; x_wconf 88' lang='lat' dir='ltr'><strong>in-</strong></span> 
     </span>
     <span class='ocr_line' id='line_1_34' title="bbox 1109 4306 3921 4397; baseline 0.002 -27"><span class='ocrx_word' id='word_1_389' title='bbox 1109 4326 1441 4397; x_wconf 68' lang='lat' dir='ltr'><strong>EXPOSIT</strong></span> <span class='ocrx_word' id='word_1_390' title='bbox 1445 4328 1521 4395; x_wconf 82' lang='lat'><strong>10</strong></span> <span class='ocrx_word' id='word_1_391' title='bbox 1562 4328 1612 4395; x_wconf 84' lang='lat' dir='ltr'>T</span> <span class='ocrx_word' id='word_1_392' title='bbox 1615 4327 1891 4395; x_wconf 58' lang='lat' dir='ltr'><strong>EXTUS,</strong></span> <span class='ocrx_word' id='word_1_393' title='bbox 2379 4307 2776 4371; x_wconf 88' lang='lat' dir='ltr'><strong>sensibilium</strong></span> <span class='ocrx_word' id='word_1_394' title='bbox 2802 4327 2818 4370; x_wconf 77' lang='lat' dir='ltr'><strong>t</strong></span> <span class='ocrx_word' id='word_1_395' title='bbox 2849 4306 2920 4370; x_wconf 91' lang='lat' dir='ltr'><strong>in</strong></span> <span class='ocrx_word' id='word_1_396' title='bbox 2934 4307 3213 4372; x_wconf 88' lang='lat' dir='ltr'><strong>secunda</strong></span> <span class='ocrx_word' id='word_1_397' title='bbox 3227 4326 3383 4374; x_wconf 84' lang='lat' dir='ltr'><strong>vero</strong></span> <span class='ocrx_word' id='word_1_398' title='bbox 3402 4308 3480 4373; x_wconf 90' lang='lat' dir='ltr'><strong>de</strong></span> <span class='ocrx_word' id='word_1_399' title='bbox 3501 4311 3921 4392; x_wconf 83' lang='lat' dir='ltr'><strong>productione</strong></span> 
     </span>
     <span class='ocr_line' id='line_1_35' title="bbox 2380 4414 3919 4495; baseline 0.003 -18"><span class='ocrx_word' id='word_1_400' title='bbox 2380 4414 2733 4478; x_wconf 83' lang='lat' dir='ltr'><strong>mixtorum</strong></span> <span class='ocrx_word' id='word_1_401' title='bbox 2770 4416 2834 4476; x_wconf 90' lang='lat' dir='ltr'><strong>et</strong></span> <span class='ocrx_word' id='word_1_402' title='bbox 2877 4414 3295 4495; x_wconf 87' lang='lat' dir='ltr'><strong>sensibilium,</strong></span> <span class='ocrx_word' id='word_1_403' title='bbox 3344 4417 3529 4494; x_wconf 81' lang='lat' dir='ltr'><strong>infra,</strong></span> <span class='ocrx_word' id='word_1_404' title='bbox 3567 4417 3919 4482; x_wconf 90' lang='lat' dir='ltr'><strong>distinctio-</strong></span> 
     </span>
     <span class='ocr_line' id='line_1_36' title="bbox 1948 4521 3920 4608; baseline 0.006 -26"><span class='ocrx_word' id='word_1_405' title='bbox 1948 4589 1956 4597; x_wconf 53' lang='lat'><strong>,</strong></span> <span class='ocrx_word' id='word_1_406' title='bbox 2375 4538 2459 4585; x_wconf 87' lang='lat' dir='ltr'><strong>ne</strong></span> <span class='ocrx_word' id='word_1_407' title='bbox 2475 4538 2607 4587; x_wconf 81' lang='lat' dir='ltr'><strong>xv:</strong></span> <span class='ocrx_word' id='word_1_408' title='bbox 2638 4521 2836 4588; x_wconf 74' lang='lat' dir='ltr'><strong>Dioeic</strong></span> <span class='ocrx_word' id='word_1_409' title='bbox 2864 4522 3061 4589; x_wconf 81' lang='lat' dir='ltr'><strong>etiam</strong></span> <span class='ocrx_word' id='word_1_410' title='bbox 3098 4522 3305 4589; x_wconf 78' lang='lat' dir='ltr'><strong>Deus:</strong></span> <span class='ocrx_word' id='word_1_411' title='bbox 3338 4522 3707 4592; x_wconf 76' lang='lat' dir='ltr'><strong>Producant</strong></span> <span class='ocrx_word' id='word_1_412' title='bbox 3732 4541 3920 4608; x_wconf 78' lang='lat' dir='ltr'><strong>aquoe</strong></span> 
     </span>
     <span class='ocr_line' id='line_1_37' title="bbox 518 4624 3913 4716; baseline 0 -21"><span class='ocrx_word' id='word_1_413' title='bbox 518 4648 696 4695; x_wconf 62' lang='lat' dir='ltr'><strong>niviano.</strong></span> <span class='ocrx_word' id='word_1_414' title='bbox 804 4629 1015 4715; x_wconf 89' lang='lat' dir='ltr'><strong>Supra</strong></span> <span class='ocrx_word' id='word_1_415' title='bbox 1039 4626 1500 4714; x_wconf 77' lang='lat' dir='ltr'><strong>egit&#39;Magister</strong></span> <span class='ocrx_word' id='word_1_416' title='bbox 1524 4630 1603 4695; x_wconf 89' lang='lat' dir='ltr'><strong>de</strong></span> <span class='ocrx_word' id='word_1_417' title='bbox 1640 4629 2056 4713; x_wconf 86' lang='lat' dir='ltr'><strong>productione</strong></span> <span class='ocrx_word' id='word_1_418' title='bbox 2090 4626 2265 4692; x_wconf 90' lang='lat' dir='ltr'><strong>illius</strong></span> <span class='ocrx_word' id='word_1_419' title='bbox 2373 4625 2619 4709; x_wconf 75' lang='lat' dir='ltr'><strong>reptile,</strong></span> <span class='ocrx_word' id='word_1_420' title='bbox 2648 4630 2766 4693; x_wconf 86' lang='lat' dir='ltr'><strong>etc.</strong></span> <span class='ocrx_word' id='word_1_421' title='bbox 2815 4624 2893 4690; x_wconf 88' lang='lat' dir='ltr'><strong>Et</strong></span> <span class='ocrx_word' id='word_1_422' title='bbox 2932 4628 3240 4709; x_wconf 86' lang='lat' dir='ltr'><strong>quoniam</strong></span> <span class='ocrx_word' id='word_1_423' title='bbox 3281 4647 3552 4714; x_wconf 78' lang='lat' dir='ltr'><strong>corpora</strong></span> <span class='ocrx_word' id='word_1_424' title='bbox 3578 4632 3913 4716; x_wconf 81' lang='lat' dir='ltr'><strong>simplicia,</strong></span> 
     </span>
    </p>

    <p class='ocr_par' dir='ltr' id='par_1_28' title="bbox 721 4734 3910 4823">
     <span class='ocr_line' id='line_1_38' title="bbox 721 4734 3910 4823; baseline 0 -18"><span class='ocrx_word' id='word_1_425' title='bbox 721 4740 970 4821; x_wconf 75' lang='lat' dir='ltr'><strong>formae,</strong></span> <span class='ocrx_word' id='word_1_426' title='bbox 1001 4758 1150 4823; x_wconf 81' lang='lat' dir='ltr'><strong>quae</strong></span> <span class='ocrx_word' id='word_1_427' title='bbox 1181 4744 1277 4805; x_wconf 87' lang='lat' dir='ltr'><strong>est</strong></span> <span class='ocrx_word' id='word_1_428' title='bbox 1311 4740 1493 4823; x_wconf 85' lang='lat' dir='ltr'><strong>quasi</strong></span> <span class='ocrx_word' id='word_1_429' title='bbox 1537 4738 1836 4820; x_wconf 82' lang='lat' dir='ltr'><strong>generale</strong></span> <span class='ocrx_word' id='word_1_430' title='bbox 1871 4736 2264 4821; x_wconf 86' lang='lat' dir='ltr'><strong>principium</strong></span> <span class='ocrx_word' id='word_1_431' title='bbox 2372 4735 2508 4801; x_wconf 85' lang='lat' dir='ltr'><strong>sive</strong></span> <span class='ocrx_word' id='word_1_432' title='bbox 2526 4734 2940 4814; x_wconf 84' lang='lat' dir='ltr'><strong>insensibilia,</strong></span> <span class='ocrx_word' id='word_1_433' title='bbox 2971 4739 3124 4801; x_wconf 90' lang='lat' dir='ltr'><strong>sunt</strong></span> <span class='ocrx_word' id='word_1_434' title='bbox 3150 4737 3218 4800; x_wconf 91' lang='lat' dir='ltr'><strong>in</strong></span> <span class='ocrx_word' id='word_1_435' title='bbox 3240 4737 3479 4822; x_wconf 87' lang='lat' dir='ltr'><strong>duplici</strong></span> <span class='ocrx_word' id='word_1_436' title='bbox 3514 4740 3910 4806; x_wconf 81' lang='lat' dir='ltr'><strong>differentia:</strong></span> 
     </span>
    </p>

    <p class='ocr_par' dir='ltr' id='par_1_29' title="bbox 721 4841 3915 4931">
     <span class='ocr_line' id='line_1_39' title="bbox 721 4841 3915 4931; baseline 0.001 -19"><span class='ocrx_word' id='word_1_437' title='bbox 721 4847 1155 4929; x_wconf 80' lang='lat' dir='ltr'><strong>distinguendi</strong></span> <span class='ocrx_word' id='word_1_438' title='bbox 1196 4850 1456 4913; x_wconf 84' lang='lat' dir='ltr'><strong>caetcras</strong></span> <span class='ocrx_word' id='word_1_439' title='bbox 1498 4845 1853 4929; x_wconf 84' lang='lat' dir='ltr'><strong>corporales</strong></span> <span class='ocrx_word' id='word_1_440' title='bbox 1889 4845 2159 4925; x_wconf 81' lang='lat' dir='ltr'><strong>formas3</strong></span> <span class='ocrx_word' id='word_1_441' title='bbox 2191 4843 2262 4907; x_wconf 91' lang='lat' dir='ltr'><strong>in</strong></span> <span class='ocrx_word' id='word_1_442' title='bbox 2372 4841 2671 4925; x_wconf 82' lang='lat' dir='ltr'><strong>quaedam</strong></span> <span class='ocrx_word' id='word_1_443' title='bbox 2704 4844 2879 4907; x_wconf 87' lang='lat' dir='ltr'><strong>enim</strong></span> <span class='ocrx_word' id='word_1_444' title='bbox 2930 4846 3082 4906; x_wconf 87' lang='lat' dir='ltr'><strong>sunt</strong></span> <span class='ocrx_word' id='word_1_445' title='bbox 3128 4845 3519 4911; x_wconf 85' lang='lat' dir='ltr'><strong>continentia</strong></span> <span class='ocrx_word' id='word_1_446' title='bbox 3540 4896 3559 4928; x_wconf 90' lang='lat'>‚</span> <span class='ocrx_word' id='word_1_447' title='bbox 3616 4849 3915 4931; x_wconf 83' lang='lat' dir='ltr'><strong>quaedam</strong></span> 
     </span>
    </p>

    <p class='ocr_par' dir='ltr' id='par_1_30' title="bbox 718 4949 3913 5041">
     <span class='ocr_line' id='line_1_40' title="bbox 718 4949 3913 5041; baseline -0.001 -18"><span class='ocrx_word' id='word_1_448' title='bbox 718 4956 841 5023; x_wconf 89' lang='lat' dir='ltr'><strong>hac</strong></span> <span class='ocrx_word' id='word_1_449' title='bbox 862 4960 1043 5041; x_wconf 86' lang='lat' dir='ltr'><strong>parte</strong></span> <span class='ocrx_word' id='word_1_450' title='bbox 1068 4955 1209 5038; x_wconf 86' lang='lat' dir='ltr'><strong>agit</strong></span> <span class='ocrx_word' id='word_1_451' title='bbox 1234 4955 1310 5022; x_wconf 90' lang='lat' dir='ltr'><strong>de</strong></span> <span class='ocrx_word' id='word_1_452' title='bbox 1338 4954 1750 5038; x_wconf 87' lang='lat' dir='ltr'><strong>productione</strong></span> <span class='ocrx_word' id='word_1_453' title='bbox 1787 4972 2009 5019; x_wconf 91' lang='lat' dir='ltr'><strong>rerum</strong></span> <span class='ocrx_word' id='word_1_454' title='bbox 2048 4972 2258 5036; x_wconf 89' lang='lat' dir='ltr'><strong>quan-</strong></span> <span class='ocrx_word' id='word_1_455' title='bbox 2371 4954 2700 5015; x_wconf 84' lang='lat' dir='ltr'><strong>contenta:</strong></span> <span class='ocrx_word' id='word_1_456' title='bbox 2729 4949 2873 5014; x_wconf 86' lang='lat' dir='ltr'><strong>ideo</strong></span> <span class='ocrx_word' id='word_1_457' title='bbox 2884 4968 3033 5033; x_wconf 89' lang='lat' dir='ltr'><strong>pars</strong></span> <span class='ocrx_word' id='word_1_458' title='bbox 3048 4952 3258 5034; x_wconf 90' lang='lat' dir='ltr'><strong>prima</strong></span> <span class='ocrx_word' id='word_1_459' title='bbox 3276 4953 3469 5019; x_wconf 87' lang='lat' dir='ltr'><strong>habet</strong></span> <span class='ocrx_word' id='word_1_460' title='bbox 3483 4955 3641 5021; x_wconf 84' lang='lat' dir='ltr'><strong>duas</strong></span> <span class='ocrx_word' id='word_1_461' title='bbox 3664 4957 3766 5021; x_wconf 88' lang='lat' dir='ltr'><strong>:in</strong></span> <span class='ocrx_word' id='word_1_462' title='bbox 3782 4957 3913 5040; x_wconf 87' lang='lat' dir='ltr'><strong>pri-</strong></span> 
     </span>
    </p>
   </div>
   <div class='ocr_carea' id='block_1_7' title="bbox 716 5058 3911 5250">
    <p class='ocr_par' dir='ltr' id='par_1_31' title="bbox 716 5058 3911 5250">
     <span class='ocr_line' id='line_1_41' title="bbox 716 5058 3911 5156; baseline 0.001 -30"><span class='ocrx_word' id='word_1_463' title='bbox 716 5066 859 5131; x_wconf 86' lang='lat' dir='ltr'><strong>tum</strong></span> <span class='ocrx_word' id='word_1_464' title='bbox 887 5063 968 5133; x_wconf 87' lang='lat' dir='ltr'><strong>ad</strong></span> <span class='ocrx_word' id='word_1_465' title='bbox 992 5063 1229 5133; x_wconf 86' lang='lat' dir='ltr'><strong>formas</strong></span> <span class='ocrx_word' id='word_1_466' title='bbox 1263 5060 1581 5146; x_wconf 75' lang='lat' dir='ltr'><strong>speciales.</strong></span> <span class='ocrx_word' id='word_1_467' title='bbox 1625 5059 1705 5128; x_wconf 88' lang='lat' dir='ltr'><strong>Et</strong></span> <span class='ocrx_word' id='word_1_468' title='bbox 1739 5060 2049 5145; x_wconf 86' lang='lat' dir='ltr'><strong>quoniam</strong></span> <span class='ocrx_word' id='word_1_469' title='bbox 2073 5078 2258 5145; x_wconf 84' lang='lat' dir='ltr'><strong>quae-</strong></span> <span class='ocrx_word' id='word_1_470' title='bbox 2368 5076 2478 5122; x_wconf 86' lang='lat' dir='ltr'><strong>ma</strong></span> <span class='ocrx_word' id='word_1_471' title='bbox 2510 5058 2648 5140; x_wconf 83' lang='lat' dir='ltr'><strong>agit</strong></span> <span class='ocrx_word' id='word_1_472' title='bbox 2685 5058 2764 5123; x_wconf 89' lang='lat' dir='ltr'><strong>de</strong></span> <span class='ocrx_word' id='word_1_473' title='bbox 2789 5058 3203 5156; x_wconf 78' lang='lat' dir='ltr'><strong>productione</strong></span> <span class='ocrx_word' id='word_1_474' title='bbox 3229 5065 3293 5125; x_wconf 86' lang='lat' dir='ltr'><strong>et</strong></span> <span class='ocrx_word' id='word_1_475' title='bbox 3335 5058 3735 5129; x_wconf 85' lang='lat' dir='ltr'><strong>distinctione</strong></span> <span class='ocrx_word' id='word_1_476' title='bbox 3770 5083 3911 5128; x_wconf 87' lang='lat' dir='ltr'><strong>cor-</strong></span> 
     </span>
     <span class='ocr_line' id='line_1_42' title="bbox 2365 5167 3909 5250; baseline 0.005 -20"><span class='ocrx_word' id='word_1_477' title='bbox 2365 5167 2685 5250; x_wconf 79' lang='lat' dir='ltr'><strong>poralium</strong></span> <span class='ocrx_word' id='word_1_478' title='bbox 2728 5171 3045 5248; x_wconf 78' lang='lat' dir='ltr'><strong>quantum</strong></span> <span class='ocrx_word' id='word_1_479' title='bbox 3092 5169 3170 5232; x_wconf 89' lang='lat' dir='ltr'><strong>ad</strong></span> <span class='ocrx_word' id='word_1_480' title='bbox 3218 5189 3321 5233; x_wconf 90' lang='lat' dir='ltr'><strong>res</strong></span> <span class='ocrx_word' id='word_1_481' title='bbox 3367 5172 3757 5236; x_wconf 84' lang='lat' dir='ltr'><strong>continentes</strong></span> <span class='ocrx_word' id='word_1_482' title='bbox 3772 5195 3791 5250; x_wconf 88' lang='lat'>;</span> <span class='ocrx_word' id='word_1_483' title='bbox 3836 5172 3909 5236; x_wconf 89' lang='lat' dir='ltr'><strong>in</strong></span> 
     </span>
    </p>
   </div>
   <div class='ocr_carea' id='block_1_8' title="bbox 728 4000 2270 4225">
    <p class='ocr_par' dir='ltr' id='par_1_32' title="bbox 728 4000 2270 4225">
     <span class='ocr_line' id='line_1_43' title="bbox 728 4000 2270 4106; baseline 0.001 -14"><span class='ocrx_word' id='word_1_484' title='bbox 728 4043 807 4095; x_wconf 73' lang='lat' dir='ltr'><strong>1&gt;ss</strong></span> <span class='ocrx_word' id='word_1_485' title='bbox 845 4043 1258 4095; x_wconf 70' lang='lat' dir='ltr'>PRODUCUONE</span> <span class='ocrx_word' id='word_1_486' title='bbox 1296 4044 1642 4091; x_wconf 58' lang='lat' dir='ltr'><strong>sumat-,mu</strong></span> <span class='ocrx_word' id='word_1_487' title='bbox 1658 4074 1681 4106; x_wconf 88' lang='lat'><strong>,</strong></span> <span class='ocrx_word' id='word_1_488' title='bbox 1712 4044 1792 4090; x_wconf 80' lang='grc' dir='ltr'><strong>ΕΤ</strong></span> <span class='ocrx_word' id='word_1_489' title='bbox 1832 4000 2270 4094; x_wconf 60' lang='grc' dir='ltr'><strong>ΝΒΕΝΒΒᾞΜ</strong></span> 
     </span>
     <span class='ocr_line' id='line_1_44' title="bbox 1254 4143 1732 4225; baseline -0.004 -33"><span class='ocrx_word' id='word_1_490' title='bbox 1254 4143 1732 4225; x_wconf 62' lang='lat' dir='ltr'><strong>commmunia.</strong></span> 
     </span>
    </p>
   </div>
   <div class='ocr_carea' id='block_1_9' title="bbox 869 4444 2119 4567">
    <p class='ocr_par' dir='ltr' id='par_1_33' title="bbox 869 4444 2119 4567">
     <span class='ocr_line' id='line_1_45' title="bbox 869 4444 2119 4567; baseline -0.006 -30"><span class='ocrx_word' id='word_1_491' title='bbox 869 4481 1007 4537; x_wconf 80' lang='lat' dir='ltr'><strong>Dixit</strong></span> <span class='ocrx_word' id='word_1_492' title='bbox 1026 4444 1232 4567; x_wconf 67' lang='lat' dir='ltr'><strong>quoque</strong></span> <span class='ocrx_word' id='word_1_493' title='bbox 1259 4482 1426 4535; x_wconf 85' lang='lat' dir='ltr'><strong>Deus:</strong></span> <span class='ocrx_word' id='word_1_494' title='bbox 1459 4482 1569 4536; x_wconf 82' lang='lat' dir='ltr'><strong>Fiat</strong></span> <span class='ocrx_word' id='word_1_495' title='bbox 1594 4483 1992 4544; x_wconf 83' lang='lat' dir='ltr'><strong>firmamentum,</strong></span> <span class='ocrx_word' id='word_1_496' title='bbox 2016 4482 2119 4531; x_wconf 84' lang='lat' dir='ltr'><strong>etc.</strong></span> 
     </span>
    </p>
   </div>
   <div class='ocr_carea' id='block_1_10' title="bbox 718 5256 3891 5395">
    <p class='ocr_par' dir='ltr' id='par_1_34' title="bbox 718 5256 3891 5395">
     <span class='ocr_line' id='line_1_46' title="bbox 781 5256 2257 5324; baseline -0.003 -12"><span class='ocrx_word' id='word_1_497' title='bbox 781 5260 932 5313; x_wconf 83' lang='lat' dir='ltr'><strong>¹vid.</strong></span> <span class='ocrx_word' id='word_1_498' title='bbox 955 5258 1141 5324; x_wconf 62' lang='lat' dir='ltr'><strong>secta,</strong></span> <span class='ocrx_word' id='word_1_499' title='bbox 1167 5268 1306 5323; x_wconf 77' lang='lat' dir='ltr'><strong>xm,</strong></span> <span class='ocrx_word' id='word_1_500' title='bbox 1336 5261 1443 5309; x_wconf 80' lang='lat'><strong>1-2.</strong></span> <span class='ocrx_word' id='word_1_501' title='bbox 1477 5282 1538 5297; x_wconf 94' lang='lat'>-</span> <span class='ocrx_word' id='word_1_502' title='bbox 1568 5259 1590 5292; x_wconf 79' lang='lat'>²</span> <span class='ocrx_word' id='word_1_503' title='bbox 1627 5256 1741 5311; x_wconf 80' lang='lat' dir='ltr'><strong>vid.</strong></span> <span class='ocrx_word' id='word_1_504' title='bbox 1772 5259 1923 5323; x_wconf 66' lang='lat' dir='ltr'><strong>Aug„</strong></span> <span class='ocrx_word' id='word_1_505' title='bbox 1950 5256 2011 5308; x_wconf 76' lang='lat' dir='ltr'><strong>ae</strong></span> <span class='ocrx_word' id='word_1_506' title='bbox 2038 5259 2163 5311; x_wconf 75' lang='lat' dir='ltr'><strong>Gen.</strong></span> <span class='ocrx_word' id='word_1_507' title='bbox 2184 5257 2257 5309; x_wconf 74' lang='lat' dir='ltr'><strong>aa</strong></span> 
     </span>
     <span class='ocr_line' id='line_1_47' title="bbox 718 5325 3891 5395; baseline 0 -16"><span class='ocrx_word' id='word_1_508' title='bbox 718 5329 843 5395; x_wconf 69' lang='lat' dir='ltr'><strong>tm„</strong></span> <span class='ocrx_word' id='word_1_509' title='bbox 867 5331 957 5385; x_wconf 84' lang='lat' dir='ltr'><strong>lib.</strong></span> <span class='ocrx_word' id='word_1_510' title='bbox 982 5332 1047 5394; x_wconf 83' lang='grc' dir='ltr'><strong>ιι,</strong></span> <span class='ocrx_word' id='word_1_511' title='bbox 1076 5345 1124 5383; x_wconf 71' lang='grc' dir='ltr'><strong>ο.</strong></span> <span class='ocrx_word' id='word_1_512' title='bbox 1145 5329 1546 5394; x_wconf 76' lang='lat' dir='ltr'><strong>xr1x.-·Gen.,</strong></span> <span class='ocrx_word' id='word_1_513' title='bbox 1571 5340 1607 5394; x_wconf 84' lang='lat'><strong>1,</strong></span> <span class='ocrx_word' id='word_1_514' title='bbox 1634 5331 1795 5380; x_wconf 75' lang='lat'><strong>14.—</strong></span> <span class='ocrx_word' id='word_1_515' title='bbox 1828 5330 1984 5381; x_wconf 70' lang='lat' dir='ltr'><strong>wid.</strong></span> <span class='ocrx_word' id='word_1_516' title='bbox 2013 5332 2164 5395; x_wconf 70' lang='lat' dir='ltr'><strong>Aug„</strong></span> <span class='ocrx_word' id='word_1_517' title='bbox 2192 5329 2255 5380; x_wconf 67' lang='lat' dir='ltr'><strong>ae</strong></span> <span class='ocrx_word' id='word_1_518' title='bbox 2364 5327 2452 5378; x_wconf 84' lang='lat' dir='ltr'><strong>lib.</strong></span> <span class='ocrx_word' id='word_1_519' title='bbox 2478 5328 2531 5392; x_wconf 87' lang='lat'><strong>1,</strong></span> <span class='ocrx_word' id='word_1_520' title='bbox 2560 5340 2608 5376; x_wconf 73' lang='grc' dir='ltr'><strong>ο.</strong></span> <span class='ocrx_word' id='word_1_521' title='bbox 2640 5336 2750 5375; x_wconf 80' lang='lat' dir='ltr'><strong>nv.</strong></span> <span class='ocrx_word' id='word_1_522' title='bbox 2785 5325 2883 5362; x_wconf 84' lang='lat'><strong>-·</strong></span> <span class='ocrx_word' id='word_1_523' title='bbox 2915 5325 2999 5389; x_wconf 79' lang='lat' dir='ltr'><strong>cf.</strong></span> <span class='ocrx_word' id='word_1_524' title='bbox 3040 5327 3190 5395; x_wconf 64' lang='lat' dir='ltr'><strong>Aug„</strong></span> <span class='ocrx_word' id='word_1_525' title='bbox 3231 5327 3293 5378; x_wconf 72' lang='lat' dir='ltr'><strong>de</strong></span> <span class='ocrx_word' id='word_1_526' title='bbox 3332 5329 3452 5381; x_wconf 76' lang='lat' dir='ltr'><strong>Gen.</strong></span> <span class='ocrx_word' id='word_1_527' title='bbox 3490 5333 3621 5381; x_wconf 72' lang='lat' dir='ltr'><strong>conc.</strong></span> <span class='ocrx_word' id='word_1_528' title='bbox 3650 5329 3891 5393; x_wconf 58' lang='lat' dir='ltr'><strong>manich„</strong></span> 
     </span>
    </p>
   </div>
   <div class='ocr_carea' id='block_1_11' title="bbox 716 5397 3547 5467">
    <p class='ocr_par' dir='ltr' id='par_1_35' title="bbox 716 5397 3547 5467">
     <span class='ocr_line' id='line_1_48' title="bbox 716 5397 3547 5467; baseline 0.001 -15"><span class='ocrx_word' id='word_1_529' title='bbox 716 5402 838 5454; x_wconf 84' lang='lat' dir='ltr'><strong>Gen.</strong></span> <span class='ocrx_word' id='word_1_530' title='bbox 861 5402 930 5454; x_wconf 83' lang='lat' dir='ltr'><strong>ad</strong></span> <span class='ocrx_word' id='word_1_531' title='bbox 962 5403 1090 5465; x_wconf 72' lang='lat' dir='ltr'><strong>citt„</strong></span> <span class='ocrx_word' id='word_1_532' title='bbox 1114 5401 1202 5454; x_wconf 84' lang='lat' dir='ltr'><strong>lib.</strong></span> <span class='ocrx_word' id='word_1_533' title='bbox 1240 5401 1317 5464; x_wconf 84' lang='lat'><strong>11,</strong></span> <span class='ocrx_word' id='word_1_534' title='bbox 1347 5415 1394 5452; x_wconf 85' lang='lat' dir='ltr'><strong>c.</strong></span> <span class='ocrx_word' id='word_1_535' title='bbox 1421 5413 1540 5465; x_wconf 72' lang='lat' dir='ltr'><strong>11v5</strong></span> <span class='ocrx_word' id='word_1_536' title='bbox 1578 5401 1639 5452; x_wconf 83' lang='lat' dir='ltr'><strong>de</strong></span> <span class='ocrx_word' id='word_1_537' title='bbox 1678 5402 1804 5459; x_wconf 80' lang='lat' dir='ltr'><strong>Gen.</strong></span> <span class='ocrx_word' id='word_1_538' title='bbox 1838 5405 1970 5454; x_wconf 79' lang='lat' dir='ltr'><strong>cont.</strong></span> <span class='ocrx_word' id='word_1_539' title='bbox 2010 5401 2254 5465; x_wconf 70' lang='lat' dir='ltr'><strong>Mmcich„</strong></span> <span class='ocrx_word' id='word_1_540' title='bbox 2362 5399 2450 5451; x_wconf 86' lang='lat' dir='ltr'><strong>lib.</strong></span> <span class='ocrx_word' id='word_1_541' title='bbox 2478 5399 2526 5462; x_wconf 86' lang='lat'><strong>1,</strong></span> <span class='ocrx_word' id='word_1_542' title='bbox 2551 5407 2723 5449; x_wconf 83' lang='lat' dir='ltr'><strong>e.x1v.</strong></span> <span class='ocrx_word' id='word_1_543' title='bbox 2757 5421 2820 5433; x_wconf 93' lang='lat'>—</span> <span class='ocrx_word' id='word_1_544' title='bbox 2846 5398 2914 5460; x_wconf 87' lang='lat' dir='ltr'><strong>(a)</strong></span> <span class='ocrx_word' id='word_1_545' title='bbox 2940 5397 3203 5451; x_wconf 54' lang='lat' dir='ltr'><strong>carterii&amp;</strong></span> <span class='ocrx_word' id='word_1_546' title='bbox 3229 5401 3547 5467; x_wconf 85' lang='lat' dir='ltr'><strong>priusquam.</strong></span> 
     </span>
    </p>
   </div>
  </div>
 </body>
</html>
