4125 6225
1565 544 1946 615 DISTINCT.
1983 544 2149 612 xm.
3297 550 3419 613 539

228 674 408 768 quod
433 699 474 744 a
499 674 756 746 Sanctis
779 678 1062 768 legimus
1087 682 1430 753 traditum.
1461 683 1637 753 Dicit
1660 681 1840 752 enim
1874 680 2294 771 Augustinus
2317 685 2366 767 ¹,
2394 679 2559 772 quia
2580 679 2705 749 lux
2721 679 2865 768 illa,
2896 680 3278 773 corporalis,
3308 681 3417 750 vel
3499 692 3648 745 ouu-

226 791 589 883 spiritualis
632 793 919 884 intelligi
959 803 1192 888 potest.
1241 798 1316 867 Si
1359 800 1726 892 spiritualis
1769 798 2111 890 accipitur,
2166 796 2461 886 angelica
2504 805 2743 866 natura
2785 796 3185 886 intelligitur
3202 849 3223 885 ,
3270 817 3418 889 quae
3447 754 3660 874 ills-⁰⁶3¹.

226 908 414 1000 prius
436 908 740 979 informis
767 911 919 998 fuit,
951 913 1064 982 sed
1091 922 1316 1006 postea
1341 916 1622 985 formata
1650 928 1790 1002 est,
1818 936 1971 984 cum
1998 914 2083 983 ad
2110 914 2485 984 Creatorem
2516 935 2829 982 conversa
2868 913 2929 982 ei
2957 913 3272 982 charitate
3306 913 3424 981 ad·
3449 890 3665 1014 ἷᾷᾞιζῖζ

227 1024 417 1098 haesit
449 1050 465 1093 :
500 1026 689 1117 cujus
715 1027 1140 1099 informitatis
1166 1032 1406 1100 creatio
1432 1031 1734 1124 superius
1757 1031 2119 1122 significata
2144 1038 2239 1100 aet
2256 1082 2275 1117 ,
2318 1031 2438 1099 ubi
2475 1029 2724 1098 dictum
2758 1036 2855 1098 est
2899 1052 2915 1095 ε
2972 1032 3052 1098 In
3086 1029 3423 1121 principio
3450 1002 3635 1048 ‘'mh'‘

229 1142 480 1211 creavit
534 1145 746 1213 Deum
788 1157 853 1214 et
881 1146 1111 1216 coelum
1166 1159 1444 1217 terram.
1474 1148 1600 1217 Hic
1635 1171 1793 1219 vero
1821 1149 1877 1239 ej
1889 1148 2116 1218 uadem
2143 1146 2450 1216 formatio
2476 1145 2869 1232 ostenditur,
2901 1167 3054 1215 cum
3086 1146 3183 1214 ait
3215 1171 3232 1213 ε
3262 1147 3424 1216 Fiat

227 1258 375 1342 lux,
419 1270 486 1327 et
519 1260 718 1351 facta
746 1272 845 1330 est
885 1262 1025 1331 lux.
1055 1263 1214 1333 Haec
1244 1287 1402 1354 ergo
1428 1266 1724 1355 angelica
1756 1272 2028 1351 natura,
2064 1287 2211 1356 quae
2234 1265 2420 1356 prius
2446 1262 2761 1348 tenebrae,
2793 1269 2857 1330 et
2883 1270 3106 1353 postea
3120 1261 3244 1331 lux
3266 1262 3419 1348 fuit,

226 1376 386 1466 quia
413 1375 602 1466 prius
629 1375 866 1445 habuit
891 1378 1364 1448 informitatem
1391 1388 1458 1449 et
1483 1381 2072 1473 imperfectionem,
2104 1379 2340 1449 deinde
2366 1378 2779 1451 formationis
2812 1378 3274 1470 perfectionem
3312 1404 3328 1447 ε
3360 1387 3426 1447 et

228 1491 322 1561 ita
366 1491 595 1562 divisit
632 1492 811 1562 Deus
851 1494 1070 1564 lucem
1109 1519 1151 1564 a
1179 1496 1487 1566 tenebris.
1529 1495 1700 1566 Nam
1721 1549 1739 1584 ,
1770 1504 1849 1567 ut
1883 1498 1977 1566 ait
2005 1497 2426 1586 Augustinus
2447 1505 2473 1539 ²
2500 1518 2695 1588 super
2741 1496 3048 1566 Genesim
3079 1519 3102 1560 .-
3136 1519 3174 1561 «
3204 1494 3424 1585 Hujus

226 1615 540 1678 creaturae
571 1609 941 1679 informitas
970 1619 1037 1680 et
1069 1612 1475 1705 imperfectio
1517 1614 1673 1700 fuit,
1718 1622 2073 1706 antequam
2110 1614 2507 1682 formaretur
2526 1665 2544 1698 ,
2576 1613 2649 1680 in
2686 1634 2908 1680 amore
2952 1610 3346 1680 Conditoris.
3380 1635 3415 1676 »

225 1723 536 1793 Formata
562 1748 718 1795 vero
746 1734 844 1795 est
860 1779 881 1815 ,
911 1729 1180 1819 quando
1214 1751 1523 1799 conversa
1552 1730 1760 1799 estad
1786 1730 2324 1800 incommutabile
2358 1729 2591 1798 lumen
2621 1728 2852 1799 Verbi.
2899 1727 2974 1796 Si
3000 1750 3159 1797 vero
3196 1749 3424 1819 corpo—

228 1841 391 1910 ralis
430 1841 561 1912 fuit
586 1842 708 1912 lux
734 1842 853 1911 illa
869 1895 888 1930 ,
920 1845 1101 1935 quod
1129 1845 1362 1938 utique
1388 1846 1730 1938 probabile
1764 1855 1883 1930 est,
1922 1869 2162 1939 corpus
2186 1846 2484 1916 lucidum
2520 1846 2722 1914 fuisse
2760 1844 3159 1934 intelligitur
3177 1894 3196 1929 ,
3237 1843 3422 1912 velut

227 1956 448 2026 lucida
474 1958 687 2027 nubes
721 1983 736 2026 t
771 1958 953 2051 quod
980 1983 1116 2030 non
1141 1961 1223 2030 de
1254 1963 1467 2031 nihilo
1493 2016 1511 2049 ,
1542 1963 1656 2031 sed
1686 1963 1769 2032 de
1794 1963 2168 2055 praejacenti
2205 1962 2480 2031 materia
2506 1961 2869 2033 formaliter
2900 1962 3149 2031 factum
3179 1966 3315 2046 est,
3346 1967 3426 2028 ut

229 2072 351 2142 lux
378 2082 579 2163 esset,
611 2082 688 2142 ut
713 2075 855 2144 vim
880 2076 1145 2147 lucendi
1173 2078 1444 2148 haberet
1476 2105 1491 2146 :
1521 2100 1676 2149 cum
1703 2102 1839 2172 qua
1863 2077 2001 2148 dies
2025 2078 2243 2171 prima
2268 2086 2498 2149 exorta
2521 2085 2660 2166 est,
2691 2077 2853 2170 quia
2879 2083 3030 2146 ante
3056 2077 3275 2146 lucem
3302 2098 3422 2145 uec

227 2188 366 2258 dies
391 2189 542 2276 fuit,
576 2212 695 2260 nec
717 2213 884 2279 nox,
911 2193 1071 2263 licet
1091 2202 1354 2287 tempus
1376 2195 1601 2264 fuerit.

317 2304 391 2375 Si
419 2313 642 2375 autem
674 2309 998 2399 quaeritur
1021 2362 1040 2397 ,
1071 2310 1190 2379 ubi
1216 2318 1313 2380 est
1340 2311 1510 2380 facta
1533 2312 1655 2380 lux
1680 2311 1798 2381 illa
1813 2363 1832 2399 ,
1861 2332 2017 2381 cum
2042 2312 2317 2404 abyssus
2344 2333 2608 2381 omnem
2635 2318 2828 2379 terrae
2866 2309 3283 2380 altitudinem
3313 2318 3419 2379 te-
3448 2338 3659 2390 Quonim

3448 2400 3525 2442 illa
3547 2401 3659 2445 facta

229 2429 447 2514 geret3
480 2422 609 2492 dici
640 2430 854 2516 potest
880 2424 951 2493 in
976 2425 1113 2494 illis
1130 2427 1431 2518 partibus
1447 2427 1644 2515 facta,
1676 2451 1842 2520 quas
1868 2450 2048 2497 nunc
2070 2428 2362 2497 illustrat
2388 2426 2562 2496 Solis
2587 2426 2831 2495 diurna
2850 2426 2995 2494 lux.
3025 2425 3161 2495 Nec
3173 2426 3418 2494 mirum
3449 2468 3515 2505 m
3584 2463 3658 2508 ub,

224 2539 443 2610 lucem
469 2539 540 2607 in
570 2540 762 2631 aquis
792 2531 987 2633 *posse
1023 2542 1246 2611 lucere
1269 2595 1290 2631 ,
1322 2565 1478 2613 cum
1507 2544 1704 2613 etiam
1731 2554 2089 2614 nautarum
2125 2543 2500 2635 operatione
2528 2544 2767 2634 saepius
2807 2542 3227 2611 illustrentur
3247 2597 3267 2632 ,
3299 2543 3417 2634 qui
3448 2524 3660 2643 Ξζξξξξζζ

226 2655 300 2724 in
337 2655 743 2749 profundum
770 2657 1008 2743 mersi,
1054 2658 1251 2727 misso
1284 2682 1368 2728 ex
1391 2682 1505 2730 ore
1531 2661 1676 2730 oleo
1704 2683 1911 2751 aquas
1945 2660 2072 2728 sibi
2100 2659 2438 2728 illustrant
2468 2683 2484 2726 :
2517 2680 2670 2751 quae
2699 2658 2911 2727 multo
2951 2657 3232 2726 rariores
3268 2657 3412 2728 fue-
3442 2649 3658 2756 ‘'3⁰02ssssss

227 2779 389 2840 runt
424 2772 497 2840 in
541 2772 865 2866 principio
907 2797 1112 2866 quam
1161 2775 1358 2845 modo
1397 2785 1593 2864 sunt,
1639 2778 1797 2868 quia
1843 2774 2144 2846 nondum
2189 2783 2595 2865 congregatae
2640 2775 2907 2844 fuerant
2948 2774 3021 2842 in
3058 2796 3195 2843 uno
3244 2774 3413 2843 loco.
3472 2778 3654 2831 Weffi·

226 2886 424 2957 Facta
451 2897 548 2957 est
574 2911 732 2978 ergo
757 2890 880 2958 lux
897 2890 1039 2977 illa,
1073 2914 1225 2983 quae
1251 2892 1464 2962 vicem
1491 2905 1556 2962 et
1582 2893 1801 2962 locum
1824 2891 2000 2961 Solis
2025 2892 2327 2961 tenebat:
2359 2913 2512 2984 quae
2538 2899 2724 2960 motu
2751 2913 2873 2960 suo
2898 2890 3414 2980 circumagitata,

226 3011 482 3076 noctem
509 3005 821 3098 diemque
846 3007 1279 3077 discernebat.
1312 3008 1413 3077 Ibi
1441 3031 1598 3098 ergo
1623 3009 1916 3101 primum
1941 3009 2162 3077 lucem
2191 3007 2572 3100 apparuisse
2599 3006 2963 3077 verisimile
2990 3016 3113 3094 est,
3143 3006 3263 3076 ubi
3302 3005 3418 3076 Sol

227 3122 613 3215 quotidiano
639 3145 841 3192 cursu
870 3124 1349 3195 circumvectus
1374 3134 1679 3219 apparet,
1709 3132 1787 3195 ut
1813 3126 2043 3196 eodem
2072 3126 2334 3196 tramite
2358 3126 2481 3195 lux
2504 3125 3028 3195 circumcurrens
3051 3176 3070 3212 ,
3102 3147 3178 3194 ac
3204 3124 3418 3216 primo

225 3239 307 3308 ad
339 3262 641 3308 occasum
666 3239 1065 3310 descendens
1085 3292 1104 3329 ,
1135 3264 1476 3335 vesperam
1503 3242 1744 3312 faceret
1758 3268 1777 3329 ;
1820 3242 2058 3311 deinde
2087 3250 2388 3312 revocata
2420 3241 2503 3311 ad
2531 3249 2752 3311 ortum
2769 3293 2788 3329 ,
2833 3262 3167 3328 auroram,
3199 3240 3267 3309 id
3295 3247 3415 3326 est,

229 3379 424 3426 mane
469 3356 832 3425 illustraret
861 3383 880 3426 z
917 3365 983 3427 et
1009 3358 1105 3427 ita
1139 3358 1365 3430 divisit
1391 3358 1568 3429 Deus
1609 3360 1828 3430 lucem
1869 3366 1935 3429 et
1959 3359 2261 3429 tenebras
2286 3410 2305 3446 ,
2347 3367 2411 3429 et
2451 3359 2811 3451 appellavit
2846 3359 3064 3428 lucem
3103 3357 3280 3427 diem
3305 3408 3325 3445 ,
3354 3366 3422 3426 et

227 3473 530 3543 tenebras
556 3480 843 3543 noctem.

312 3589 436 3659 Hic
462 3588 832 3659 notandum
860 3598 957 3660 est
981 3598 1029 3679 ⁸,
1058 3590 1236 3683 quod
1264 3591 1403 3661 dies
1427 3592 1705 3663 diversis
1733 3592 1945 3663 modis
1971 3592 2290 3686 accipitur
2315 3593 2388 3662 in
2406 3591 2771 3685 Scriptura.
2794 3590 3051 3660 Dicitur
3076 3588 3254 3659 enim
3281 3588 3421 3658 dies
3449 3596 3661 3701 &⁶3²2

226 3706 347 3776 lux
377 3705 533 3793 illa,
574 3729 727 3797 quae
763 3705 882 3777 illo
921 3707 1146 3777 triduo
1173 3708 1474 3778 tenebras
1515 3710 1940 3780 illuminabat
1971 3734 1987 3777 ε
2020 3718 2087 3779 et
2124 3709 2368 3780 dicitur
2414 3709 2553 3778 dies
2596 3706 3001 3777 illuminatio
3039 3706 3184 3797 ipsa
3223 3705 3414 3773 aeriS.
3485 3721 3621 3792 versi,-

226 3822 486 3893 Dicitur
524 3822 722 3892 etiam
762 3821 899 3891 dioe
936 3824 1224 3916 spatium
1255 3825 1494 3916 viginti
1530 3836 1818 3919 quatuor
1850 3827 2198 3914 horarum,
2239 3825 2526 3918 qualiter
2553 3823 2869 3915 accipitur
2917 3844 3071 3891 cum
3114 3821 3357 3890 dicitur
3400 3845 3416 3889 ε
3449 3782 3661 3902 maffia:

228 3941 514 4009 Factum
562 3951 660 4009 est
703 3961 961 4031 vespere
1013 3953 1078 4010 et
1129 3964 1335 4011 mane
1378 3941 1516 4012 dies
1555 3966 1751 4012 unus.
1815 3942 2008 4025 Quod
2062 3943 2156 4012 ita
2196 3940 2744 4032 „distinguendum
2795 3946 2892 4008 est
2944 3961 2961 4006 :
3009 3936 3286 4006 Factum
3331 3942 3428 4005 est

227 4077 495 4149 vespere
523 4056 734 4149 prius,
764 4064 830 4125 et
854 4063 1078 4148 postea
1105 4080 1297 4127 mane
1335 4084 1352 4126 z
1386 4059 1568 4128 etita
1591 4059 1722 4128 fuit
1759 4059 1900 4128 dies
1928 4081 2105 4129 unus
2132 4059 2432 4151 expletus
2470 4057 2710 4148 viginti
2736 4063 3024 4148 quatuor
3057 4052 3376 4141 horarum
3399 4102 3419 4139 ,

226 4172 365 4243 dies
391 4172 637 4241 scilicet
662 4173 1011 4263 naturalis,
1040 4174 1161 4266 qui
1186 4175 1424 4244 habuit
1449 4198 1816 4269 vesperam,
1842 4175 1957 4246 sed
1982 4198 2120 4246 non
2147 4198 2365 4245 mane.
2394 4174 2590 4244 Mane
2612 4173 2793 4242 enim
2820 4170 3064 4241 dicitur
3082 4167 3236 4238 finis
3253 4189 3422 4259 prae·
3472 4160 3477 4166 ⁸

224 4289 531 4379 cedentis,
571 4297 636 4358 et
659 4289 929 4359 initium
955 4293 1290 4384 sequentis
1317 4293 1447 4362 diei
1475 4293 1653 4386 quod
1681 4301 1778 4363 est
1803 4316 2069 4379 aurora,
2100 4315 2249 4385 quae
2274 4315 2394 4361 nec
2424 4291 2690 4383 plenam
2715 4289 2960 4374 lucem,
2991 4308 3111 4355 nec
3148 4284 3421 4354 omnino

225 4406 525 4475 tenebras
563 4405 784 4475 habet.
833 4405 1028 4476 Mane
1054 4429 1210 4497 ergo
1239 4409 1496 4500 primus
1538 4411 1678 4480 dies
1703 4433 1839 4480 non
1866 4411 2107 4481 habuit
2131 4463 2150 4497 ,
2182 4410 2342 4503 quia
2368 4431 2488 4478 nec
2516 4408 2654 4478 dies
2680 4411 3139 4499 praecesserat,
3171 4402 3290 4495 qui
3320 4424 3421 4471 se-

225 4521 490 4614 quentis
516 4521 648 4591 diei
676 4521 867 4593 initio
911 4522 1378 4594 terminaretur
1409 4552 1425 4594 2
1460 4535 1525 4596 et
1549 4549 1627 4596 eo
1653 4528 1982 4620 praecipue
2000 4580 2019 4614 ,
2061 4527 2224 4620 quia
2247 4527 2397 4596 luce
2429 4532 2782 4618 apparente
2800 4576 2820 4610 ,
2851 4545 3007 4592 mox
3049 4542 3249 4613 super
3295 4530 3423 4589 ter-

225 4658 369 4705 ram
396 4636 635 4730 plenus
661 4646 859 4731 atque
884 4640 1241 4731 praeclarus
1265 4641 1406 4712 dies
1430 4643 1710 4732 exstitit,
1741 4644 1859 4736 qui
1891 4667 2025 4714 non
2054 4644 2140 4712 ab
2168 4664 2435 4727 aurora,
2466 4640 2578 4709 sed
2595 4663 2635 4708 a
2661 4640 2858 4731 plena
2882 4639 3032 4707 luce
3056 4635 3416 4722 inchoavit,

227 4760 292 4820 et
322 4774 512 4821 mane
538 4755 871 4848 sequentis
895 4755 1028 4825 diei
1050 4768 1542 4829 consummatus
1566 4769 1685 4830 est.
1721 4760 1906 4832 Unde
1927 4759 2132 4848 Beda,
2162 4782 2357 4853 super
2388 4756 2697 4830 Genesim
2713 4759 2737 4794 ⁸
2767 4781 2783 4824 :
2809 4780 2847 4822 c<
2863 4753 3156 4839 Dicebat,
3184 4760 3260 4821 ut
3277 4751 3422 4821 dies

225 4891 265 4938 a
291 4869 438 4938 luce
463 4870 820 4963 inciperet,
850 4879 915 4942 et
940 4873 1011 4942 in
1045 4897 1238 4943 mane
1263 4877 1596 4968 sequentis
1623 4878 1752 4948 diei
1782 4877 2108 4966 tenderet3
2142 4883 2217 4945 ut
2248 4897 2447 4967 opera
2472 4874 2609 4942 diei
2633 4896 2674 4942 a
2698 4872 2847 4941 luce
2865 4869 3227 4955 inchoasse,
3259 4868 3421 4938 etin
3486 4874 3497 4887 “

225 4986 438 5056 lucem
472 4989 796 5082 completa
836 5012 974 5059 esse
1012 4991 1567 5082 significarentur.
1597 5022 1633 5061 >2
1667 4994 1939 5086 Reliqui
1992 5002 2215 5064 autem
2257 4992 2399 5061 dies
2425 5012 2621 5060 mane
2656 4987 3068 5072 habuerunt,
3107 4993 3173 5053 et
3198 5006 3422 5077 vespe-

227 5123 371 5173 ram
403 5126 419 5170 :
453 5127 741 5197 quorum
769 5105 1053 5198 quisque
1079 5131 1120 5178 a
1144 5131 1266 5179 suo
1294 5132 1488 5179 mane
1515 5111 1858 5203 incipiens,
1889 5132 2103 5203 usque
2126 5110 2209 5178 ad
2245 5109 2515 5178 alterius
2541 5105 2673 5175 diei
2694 5126 2887 5174 mane
2912 5102 3327 5173 tendebatur.

320 5218 446 5289 Hic
471 5230 571 5291 est
593 5222 917 5293 naturalis
940 5222 1103 5293 ordo
1126 5224 1562 5297 distinctionis
1588 5228 1874 5315 dierum,
1906 5234 1983 5295 ut
2007 5225 2503 5315 distinguantur
2521 5274 2540 5310 ,
2571 5229 2771 5314 atque
2795 5225 3261 5311 computentur
3281 5216 3421 5288 dies
3448 5220 3523 5295 ΒΘ,
3538 5228 3659 5323 Μὴ

3445 5285 3639 5332 rahordn

296 5390 316 5427 ¹
342 5393 576 5457 August„
602 5390 665 5443 de
693 5392 812 5444 Gen.
842 5392 912 5443 ad
935 5391 1064 5455 titt„
1101 5394 1192 5448 lib.
1223 5397 1278 5461 1,
1306 5411 1354 5448 c.
1380 5408 1473 5462 1113
1505 5399 1649 5451 Gont.
1676 5399 1875 5463 Fauen,
1904 5397 1996 5449 lib.
2018 5397 2155 5449 XXI!
2173 5434 2191 5462 ‚
2218 5410 2265 5447 c.
2285 5408 2353 5459 x,
2381 5392 2550 5460 quoad
2580 5391 2915 5442 sensum—²
2942 5392 3092 5457 Aug„
3117 5388 3180 5441 de
3206 5389 3327 5441 Gen.
3353 5388 3423 5438 ad

232 5457 354 5524 titt„
383 5462 473 5513 lib.
502 5465 551 5527 1,
581 5477 628 5514 c.
648 5474 700 5527 v,
727 5465 896 5528 quoad
912 5478 1144 5517 sensum.
1164 5494 1229 5508 -
1268 5469 1292 5504 ⁸
1321 5470 1374 5523 S.
1401 5472 1636 5537 August„
1674 5468 1736 5522 de
1764 5469 1887 5522 Gen.
1925 5468 1996 5520 ad
2019 5469 2147 5532 lite„
2175 5467 2266 5521 lib.
2294 5469 2342 5532 1,
2372 5480 2419 5521 c.
2438 5476 2493 5529 x,
2523 5462 2709 5531 quaerit
2737 5461 2863 5529 quid
2881 5461 3084 5513 sitm-⁸
3113 5461 3274 5528 Beda,
3303 5474 3415 5529 ευρ.

233 5529 374 5595 Gen„
402 5533 458 5585 in
486 5534 665 5586 Glossa
687 5547 841 5599 super
865 5535 1086 5602 princip.
1112 5538 1236 5591 Gen.
