4125 6225
671 407 788 468 352

669 540 904 604 faciens
936 541 999 602 et
1021 537 1360 618 disponens
1394 557 1409 597 ε
1441 534 1607 597 sicut
1632 532 1903 596 dicimus
1927 531 2198 594 virtutes

670 644 1020 720 naturaleS,
1050 644 1214 707 sicut
1246 641 1606 706 innocentia
1623 689 1641 720 ,
1677 639 1942 718 mititaS,
1974 638 2195 720 pietas,

671 752 879 817 Tertio
920 751 1138 831 mod0,
1185 750 1358 833 quod
1395 754 1489 814 est
1527 746 2004 830 superadditum
2049 749 2197 808 tan-

670 879 866 942 quam
894 860 1244 924 rectisscans
1262 907 1279 937 ,
1311 862 1377 921 et
1405 856 1760 938 complens,
1795 857 1856 917 et
1885 854 2143 918 elevans
2178 875 2193 915 :

672 970 735 1030 et
765 967 906 1030 haec
933 965 1397 1046 dicitur.gratia
1441 967 1699 1046 gratum
1736 962 1999 1039 facienS,
2049 959 2201 1042 quia

669 1073 813 1138 facit
862 1072 1189 1137 hominem
1246 1069 1693 1152 acceptabilem
1742 1067 1897 1145 Deo;
1948 1070 2013 1130 et
2057 1065 2199 1130 ideo

670 1181 1133 1264 acceptabilem,
1152 1179 1304 1262 quia
1317 1178 1728 1243 conformem.
1753 1173 2017 1252 Quando
2034 1192 2194 1255 ergo

673 1289 904 1353 dicitur
925 1287 1095 1370 quod
1129 1287 1359 1368 angelo
1385 1286 1530 1350 data
1560 1287 1712 1349 sunt
1738 1282 2020 1365 gratuita
2036 1331 2052 1359 ‚
2086 1286 2200 1347 aut

671 1415 802 1461 non
835 1395 1212 1477 intelligitur
1229 1394 1307 1458 de
1330 1393 1626 1475 gratuitis
1649 1391 1833 1455 tertio
1853 1391 2040 1455 modo
2068 1391 2201 1453 dic-

670 1505 784 1581 tis,
820 1504 926 1568 sed
956 1504 1163 1586 primo
1202 1502 1305 1566 vel
1350 1501 1662 1579 secundo,
1704 1499 1853 1581 quia
1879 1499 1970 1561 sic
1999 1497 2202 1561 multa

672 1612 838 1676 dona
865 1612 1146 1693 gratuita
1169 1611 1563 1687 habuerunt:
1598 1612 1711 1672 aut
1743 1607 1797 1669 si
1823 1604 2201 1687 intelligitur

671 1721 749 1785 de
783 1719 1082 1802 gratuitis
1116 1719 1369 1801 proprie
1402 1716 1582 1780 dictis
1601 1763 1616 1791 ,
1655 1733 1787 1779 non
1821 1711 2201 1794 intelligitur

672 1828 752 1891 ab
786 1827 1050 1891 instanti
1089 1825 1450 1903 creationis;
1482 1823 1589 1887 sed
1623 1823 1786 1886 sicut
1825 1820 2201 1902 intelligitur

672 1939 999 2018 peccatum
1027 1933 1260 1998 diaboli
1288 1933 1476 1996 fuisse
1503 1932 1583 1994 ab
1612 1930 1795 1993 initio
1821 1978 1838 2008 ,
1882 1929 2034 2011 quia
2076 1933 2201 1992 sta-

672 2044 788 2107 tim
832 2046 974 2124 post
1011 2042 1299 2120 initium,
1333 2043 1397 2104 et
1443 2042 1582 2122 post
1624 2038 1907 2121 primum
1953 2040 2201 2101 motum

674 2150 1090 2214 deliberatum
1141 2149 1396 2229 cecidit,
1442 2149 1531 2212 ita
1571 2146 2054 2228 intelligendum
2102 2149 2196 2209 est

673 2259 751 2323 de
776 2259 982 2340 gratia
1005 2258 1405 2340 angelorum.
1453 2257 1585 2320 Aut
1609 2256 1662 2318 si
1700 2254 2084 2336 intelligitur
2120 2253 2198 2317 de

675 2367 970 2448 gratuitis
996 2366 1249 2448 proprie
1284 2365 1462 2429 dictis
1481 2413 1499 2444 ,
1534 2366 1595 2427 et
1623 2364 1704 2427 ab
1731 2362 1990 2426 instanti
2019 2380 2196 2426 crea-

674 2474 896 2554 tioniS,
925 2474 1047 2537 hoc
1086 2492 1219 2537 non
1248 2471 1623 2553 intelligitur
1658 2469 2027 2548 formaliter,
2064 2469 2202 2534 sive

674 2582 1103 2661 essentialiter,
1153 2581 1259 2645 sed
1296 2579 1658 2661 dispositive
1696 2598 1714 2643 :
1757 2577 1924 2643 unde
1964 2578 2195 2642 dicitur

674 2689 903 2771 aliquis
946 2692 1192 2754 creatus
1228 2690 1298 2753 in
1338 2687 1582 2771 aliquo,
1612 2686 1765 2770 quia
1794 2686 1860 2747 in
1905 2684 2202 2768 proxima

676 2797 1079 2879 dispositione
1106 2796 1186 2860 ad
1209 2795 1362 2859 illud
1394 2819 1411 2860 :
1442 2800 1505 2859 et
1533 2796 1622 2858 ita
1646 2812 1759 2876 per
1783 2793 1951 2857 hanc
1991 2791 2205 2874 tripli-

675 2923 813 2968 cem
838 2905 1010 2970 viam
1038 2905 1118 2969 ad
1137 2904 1536 2968 auctoritates
1552 2901 1861 2981 inductas,
1888 2904 1951 2965 et
1970 2899 2203 2963 multas

674 3013 828 3077 alias
868 3032 1014 3096 quae
1060 3016 1317 3096 possent
1361 3012 1612 3091 induci,
1672 3010 1876 3093 potest
1924 3006 2203 3084 breviter

674 3122 1060 3206 responderi.

755 3234 795 3293 4
821 3233 883 3294 et
911 3232 969 3293 5.
1014 3228 1112 3293 Ad
1149 3227 1424 3292 rationes
1450 3229 1665 3290 autem
1692 3227 1977 3307 sumptas
2015 3242 2056 3288 a
2094 3220 2206 3286 Dei

675 3337 1043 3401 liberalitate
1062 3386 1080 3417 ,
1134 3335 1470 3400 dicendum
1512 3335 1682 3417 quod
1729 3333 2070 3398 liberalitas
2116 3334 2211 3397 est

676 3445 853 3509 salvo
876 3444 1097 3508 ordine
1121 3443 1472 3526 sapientiae,
1502 3447 1564 3506 et
1582 3442 1870 3525 justitiae.
1902 3440 2208 3518 Quamvis

679 3552 850 3615 enim
879 3553 960 3616 ab
984 3552 1245 3616 instanti
1273 3551 1607 3615 creationis
1632 3550 1969 3632 cujuslibet
1992 3548 2208 3613 homi-

677 3659 779 3722 nis
799 3662 1005 3742 posset
1025 3678 1177 3724 eum
1194 3659 1570 3739 beatificare,
1596 3662 1814 3722 tamen
1831 3658 2027 3739 longo
2051 3660 2209 3722 tem-

677 3784 830 3848 pore
842 3766 1067 3831 tardat.
1093 3766 1411 3843 Similiter,
1430 3765 1727 3850 quamvis
1742 3766 1937 3847 possit
1955 3764 2211 3830 cuilibet

678 3875 947 3957 parvulo
970 3875 1244 3957 gratiam
1270 3875 1421 3940 dare
1444 3875 1585 3941 sine
1608 3874 2016 3957 baptismate,
2043 3873 2212 3937 sicut

678 3999 827 4046 cum
873 3982 1278 4068 baptismate,
1316 3987 1531 4047 tamen
1577 4001 1708 4047 non
1752 3982 1878 4051 dat.
1931 3980 2011 4045 Et
2050 3981 2211 4046 ratio

679 4091 791 4174 huj
800 4110 877 4155 us
901 4094 1016 4172 est,
1050 4092 1201 4173 quia
1227 4091 1433 4173 gloria
1457 4095 1552 4156 est
1576 4091 1816 4155 bonum
1854 4089 2205 4155 laudabile:

681 4202 744 4262 et
774 4199 917 4263 ideo
957 4217 1091 4264 non
1136 4199 1322 4263 datur
1347 4199 1476 4262 nisi
1500 4217 1615 4281 per
1659 4199 1962 4264 meritum
1986 4198 2212 4263 lauda-

682 4307 842 4371 bile:
875 4310 938 4372 et
960 4307 1102 4372 ideo
1136 4308 1432 4372 convenit
1471 4326 1614 4372 eam
1645 4308 1794 4372 dare
1820 4307 2211 4391 praecedente

682 4414 895 4498 aliquo
943 4415 1171 4479 merito
1221 4415 1512 4495 congrui.
1566 4413 1865 4480 Similiter
1885 4465 1903 4496 ,
1956 4414 2210 4498 quando

684 4523 924 4586 confert
940 4522 1235 4604 gratiam,
1257 4523 1311 4585 si
1327 4523 1566 4586 confert
1582 4522 1818 4602 adulto,
1837 4539 1985 4586 cum
2004 4521 2213 4603 gratia

685 4629 869 4693 faciat
890 4630 1228 4694 habentem
1256 4629 1523 4711 dignum
1552 4629 1783 4711 gloria,
1817 4647 1947 4693 non
1972 4629 2213 4693 confert

685 4736 807 4799 nisi
832 4736 911 4800 ad
931 4740 1179 4802 motum
1201 4737 1385 4803 liberi
1408 4737 1675 4814 arbitrii,
1699 4737 1752 4800 si
1771 4737 1966 4801 habet
1980 4755 2173 4801 usum
2191 4757 2209 4814 ;

686 4846 738 4909 si
764 4864 916 4911 vero
952 4864 1085 4911 non
1116 4846 1336 4926 habet,
1366 4846 1446 4910 ad
1485 4850 1733 4911 motum
1767 4845 1914 4909 fldei
1959 4845 2208 4925 alienae,

686 4953 819 5018 sive
857 4953 936 5018 ad
986 4954 1288 5019 meritum
1333 4953 1560 5019 Christi
1595 4975 1612 5019 :
1665 4953 1807 5019 ideo
1858 4954 2213 5019 secundum

686 5061 974 5128 ordinem
1010 5063 1334 5147 sapientiae
1368 5080 1499 5126 non
1538 5062 1749 5125 statim
1786 5062 2002 5126 debuit
2035 5062 2209 5141 dare,

686 5170 794 5234 sed
820 5175 1149 5254 expectare
1175 5176 1423 5236 motum
1446 5171 1633 5236 liberi
1655 5170 1921 5250 arbitrii,
1945 5171 2118 5253 quod
2147 5174 2211 5235 et

687 5276 867 5356 fecit3
903 5279 1074 5343 unde
1099 5279 1182 5344 ad
1212 5296 1280 5344 se
1306 5278 1628 5346 conversis
1665 5278 1801 5343 sine
1830 5295 2011 5343 mora
2043 5279 2218 5343 dedit

754 5401 775 5434 ¹
794 5401 877 5465 Cf.
903 5403 1048 5456 Alex.
1065 5405 1284 5468 Mensis,
1300 5418 1354 5469 p.
1376 5405 1437 5468 11,
1467 5418 1519 5469 q.
1543 5415 1636 5470 m,
1658 5402 1851 5457 memb.
1872 5407 1898 5456 1
1909 5418 1930 5469 3
1954 5404 2213 5470 Richard„

1777 392 2395 463 SENTENTIARUM
2435 395 2582 463 LIB.
2627 399 2704 464 11.

2309 533 2606 612 gratiam.
2630 533 2807 598 Patet
2830 533 3031 615 igitur
3052 535 3374 617 responsio
3392 536 3472 601 ad
3490 536 3650 602 illud
3666 537 3845 621 quod

2309 638 2607 719 objicitur
2624 639 2700 703 de
2725 640 3094 704 liberalitate
3111 645 3173 709 et
3191 642 3671 709 inhabitatione:
3691 646 3852 727 quia

2308 764 2440 808 non
2466 750 2712 810 tantum
2744 748 2952 829 exigit
2975 749 3358 813 munditiam
3386 755 3460 814 ut
3483 752 3852 835 dispositio-

2309 871 2490 932 nem,
2529 854 2636 918 sed
2678 859 2926 918 motum
2970 856 3153 920 liberi
3189 858 3434 921 arbitrii
3477 859 3547 922 in
3588 860 3845 937 adulto;

2309 961 2578 1043 parvulo
2620 980 2774 1026 vero
2817 966 3020 1045 potest
3058 964 3342 1028 alienum
3381 966 3682 1030 meritum
3709 968 3854 1032 suf-

2308 1069 2569 1150 fragari,
2590 1069 2752 1133 sicut
2776 1074 2839 1134 et
2866 1070 3261 1136 demeritum.

2389 1181 2449 1240 6.
2481 1177 2579 1241 Ad
2601 1177 2757 1241 illud
2779 1178 2950 1261 quod
2972 1178 3200 1245 ultimo
3224 1180 3519 1264 oincitur
3546 1181 3624 1246 de
3650 1184 3849 1262 statu,

2309 1284 2481 1367 quod
2523 1284 2594 1348 in
2632 1286 2798 1349 malo
2828 1288 2983 1364 erat,
3024 1286 3362 1351 dicendum
3405 1289 3576 1371 quod
3614 1289 3852 1353 falsum

2310 1396 2440 1456 est:
2471 1393 2766 1475 quamvis
2788 1394 2963 1457 enim
2989 1411 3123 1477 non
3143 1399 3352 1476 posset
3376 1396 3608 1460 mereri
3634 1415 3718 1461 ex
3744 1397 3851 1460 his

2310 1518 2458 1582 quae
2517 1506 2870 1584 acceperat,
2924 1506 3139 1566 tamen
3187 1503 3340 1585 quia
3393 1501 3702 1567 Dominus
3758 1504 3852 1568 ita

2310 1611 2641 1690 promptus
2667 1613 2803 1672 erat
2829 1611 3000 1689 dare,
3026 1610 3354 1693 sicutipse
3375 1610 3679 1693 accipere,
3704 1611 3851 1674 nul-

2309 1715 2449 1779 lum
2487 1717 2760 1805 habebat
2793 1717 3189 1781 obstaculum
3224 1717 3294 1780 in
3328 1718 3651 1797 merendo,
3687 1719 3852 1783 sicut

2312 1842 2429 1888 nec
2456 1824 2527 1887 in
2552 1823 2970 1889 demerendo:
3001 1828 3064 1887 et
3097 1824 3219 1888 hoc
3249 1827 3454 1906 patet:
3483 1824 3846 1889 sicutenim

2311 1931 2489 1995 facile
2533 1931 2652 1996 fuit
2700 1931 2945 1996 diabolo
2995 1931 3235 2009 averti,
3290 1932 3379 1996 ita
3429 1933 3609 1998 facile
3663 1932 3850 1997 bonis

2313 2040 2556 2121 angelis
2585 2041 2900 2118 converti;
2932 2043 2995 2103 et
3021 2040 3185 2104 sicut
3209 2039 3455 2106 aversio
3485 2040 3515 2102 f
3516 2040 3609 2104 uit
3631 2040 3850 2104 deme-

2311 2149 2552 2228 ritoria,
2597 2148 2687 2212 ita
2737 2149 3066 2214 conversio
3116 2149 3277 2213 facta
3327 2148 3448 2212 fuit
3488 2148 3843 2228 meritoria,

2312 2254 2526 2316 statim
2568 2251 2852 2334 apposita
2895 2252 3102 2333 gratia
3150 2273 3166 2316 :
3205 2251 3377 2315 unde
3424 2252 3588 2315 sicut
3617 2252 3847 2334 aliquis

2311 2378 2444 2423 non
2478 2359 2777 2423 indirecte
2818 2359 3047 2423 dicitur
3086 2359 3322 2422 habere
3356 2358 3628 2440 aliquid,
3673 2359 3845 2441 quod

2311 2472 2528 2536 statim
2553 2471 2761 2548 habet,
2792 2469 2949 2534 dum
2985 2469 3233 2551 indiget
3257 2472 3320 2534 et
3348 2470 3526 2551 petit,
3553 2471 3849 2552 quamvis

2311 2597 2443 2644 non
2470 2597 2662 2661 penes
2687 2595 2753 2642 se
2776 2577 3032 2654 habeat;
3059 2577 3149 2641 sic
3173 2578 3364 2642 etiam
3391 2596 3522 2642 non
3541 2578 3845 2642 indirecte

2310 2689 2656 2770 potuerunt
2668 2685 2790 2749 dici
2808 2685 3019 2767 angeli
3036 2685 3309 2767 gratiam
3323 2685 3647 2750 habuisse.
3663 2686 3845 2764 Quod

2313 2795 2365 2857 si
2384 2793 2750 2857 habuissent
2770 2794 3081 2875 majorem
3098 2793 3458 2857 facilitatem
3476 2794 3557 2857 ad
3575 2794 3841 2869 malum,

2313 2901 2446 2966 sive
2481 2901 2951 2965 inclinationem
2967 2949 2984 2978 ,
3025 2904 3088 2965 et
3123 2900 3418 2966 divinum
3455 2901 3845 2983 adjutorium

2313 3007 2382 3070 in
2403 3007 2869 3091 opportunitate
2896 3008 3156 3086 deesset,
3199 3012 3366 3072 recte
3391 3007 3712 3091 objiceret.

2779 3255 3260 3326 ARTICULUS
3306 3254 3392 3325 Π.

2394 3444 2859 3528 Consequenter
2875 3493 2894 3524 ,
2924 3444 3090 3509 circa
3124 3444 3480 3510 secundum
3509 3445 3640 3509 duo
3664 3463 3847 3528 quae-

2312 3556 2579 3617 runtur:
2619 3550 2903 3634 primum
2945 3555 3065 3630 est,
3098 3555 3322 3616 utrum
3360 3552 3546 3616 bonis
3582 3552 3844 3616 revelari

2314 3659 2604 3724 debuerit
2640 3659 2858 3723 futura
2902 3658 3291 3741 permansio;
3337 3659 3690 3723 secundum
3731 3662 3840 3733 est,

2315 3773 2539 3834 utrum
2559 3769 2829 3835 revelari
2849 3768 3126 3851 potuerit
3151 3766 3335 3854 malis
3359 3785 3478 3831 sua
3499 3766 3839 3831 damnatio.

2842 4008 3195 4088 QUAESTIO
3239 4009 3288 4073 Ι.

2361 4166 2455 4222 An
2486 4164 2636 4222 bonis
2665 4164 2872 4234 angelis
2909 4163 3144 4220 revelari
3176 4162 3418 4219 debuerit
3452 4161 3647 4230 futura
3676 4178 3803 4235 per-

2951 4255 3159 4310 mansio
3181 4253 3224 4310 ¹.

2398 4414 2561 4478 Cum
2603 4413 2795 4477 nullis
2838 4412 2906 4476 in
2952 4412 3266 4477 creatione
3309 4411 3452 4475 data
3495 4412 3579 4475 sit
3623 4411 3845 4493 gloria,
3877 4436 3938 4482 Aa
3963 4446 4047 4491 opp.

2319 4523 2513 4589 nullis
2539 4524 2729 4587 etiam
2753 4522 2898 4588 data
2924 4521 3004 4585 sit
3028 4520 3262 4602 gratia,
3289 4524 3514 4585 utrum
3531 4519 3849 4602 aliquibus

2319 4633 2464 4698 data
2501 4632 2581 4696 sit
2620 4633 2855 4696 futurae
2898 4628 3375 4711 glorificationis
3412 4628 3846 4711 praescientia3

2320 4744 2383 4805 et
2416 4741 2587 4823 quod
2623 4740 2740 4821 sic,
2777 4740 3065 4803 videtur:
3101 4737 3265 4802 Deus
3307 4736 3388 4800 ab
3426 4728 3686 4800 instanti
3719 4753 3851 4800 suae

2320 4848 2655 4913 creationis
2685 4846 2945 4929 angelos
2979 4844 3256 4910 condidit
3288 4843 3559 4928 repletos
3590 4843 3853 4909 scientia

2318 4976 2537 5023 rerum
2564 4955 3076 5021 mundanarum:
3107 4952 3217 5017 sed
3241 4952 3369 5017 Deo
3393 4952 3602 5034 magis
3627 4952 3849 5035 placet,

2322 5064 2491 5149 quod
2517 5065 2689 5128 servi
2715 5064 2813 5127 sui
2839 5061 3111 5125 habeant
3132 5060 3456 5125 scientiam
3484 5059 3561 5124 de
3581 5059 3683 5123 his
3708 5074 3852 5141 quae

2321 5176 2602 5256 spectant
2650 5171 2732 5236 ad
2785 5170 3054 5235 salutem
3084 5190 3100 5233 :
3145 5168 3201 5232 si
3250 5186 3407 5250 ergo
3456 5165 3853 5250 praescientia

2323 5337 2365 5387 11
2386 5335 2545 5385 Sent..
2564 5333 2683 5383 dist.
2703 5344 2772 5396 iv,
2792 5334 2885 5382 art.
2903 5333 2951 5395 3,
2973 5344 3024 5396 q.
3043 5341 3088 5394 13
3117 5329 3365 5393 Durand„
3389 5330 3432 5379 ll
3458 5329 3618 5392 Sena,
3638 5327 3757 5378 dist.
3776 5338 3848 5391 iv,

2322 5420 2376 5472 q.
2394 5417 2492 5471 1113
2520 5404 2674 5457 Gabr.
2697 5403 2837 5468 Biel,
2864 5403 2908 5453 11
2935 5402 3092 5465 Seni„
3121 5399 3240 5454 dist.
3260 5413 3334 5466 nt,
3362 5415 3416 5465 q.
3434 5414 3544 5464 un„
3571 5399 3696 5451 dub.
3723 5402 3766 5450 1.
