4125 6225
699 446 818 507 418

610 556 617 565 ⁵
696 576 785 640 ita
829 594 912 640 ex
949 573 1073 640 hoc
1104 592 1237 639 non
1274 574 1576 655 habetur,
1613 576 1785 659 quod
1814 578 2233 659 praecognitio

694 683 1063 747 futurorum
1117 683 1626 765 contingentium
1688 684 1869 748 aliter
1922 684 2235 748 habeatur

696 808 893 872 quam
920 809 959 853 a
985 789 1110 854 Deo
1129 838 1145 868 ,
1177 789 1299 853 nisi
1325 809 1439 873 per
1462 792 1743 872 aliquam
1773 795 2229 873 conjecturam.

775 902 835 960 4.
890 897 986 960 Ad
1034 895 1193 961 illud
1228 897 1397 979 quod
1448 898 1775 980 objicitur,
1811 899 1981 981 quod
2019 899 2235 962 anima

694 1004 973 1085 quodam
1018 1005 1206 1069 modo
1250 1010 1344 1069 est
1391 1007 1637 1083 omnia,
1680 1006 2022 1071 dicendum
2062 1007 2232 1088 quod

694 1110 1048 1177 intellectus
1070 1131 1273 1194 agens
1294 1132 1430 1177 non
1458 1117 1553 1177 est
1575 1132 1687 1178 ens
1714 1118 1860 1178 actu
1884 1115 2069 1197 plene
2097 1133 2236 1178 res-

693 1225 884 1305 pectu
905 1222 1222 1299 omnium,
1251 1224 1404 1304 quia
1428 1241 1562 1287 non
1587 1228 1682 1288 est
1706 1224 1892 1306 plene
1919 1241 2141 1305 agens,
2173 1228 2237 1288 et

692 1328 835 1393 ideo
887 1329 1135 1410 indiget
1170 1331 1392 1411 ,iuvari
1440 1351 1480 1395 a
1526 1332 1939 1412 cognoscibili
1982 1333 2061 1396 ad
2112 1332 2236 1397 hoc

695 1435 867 1518 quod
894 1437 1006 1500 fiat
1034 1437 1104 1500 in
1129 1441 1299 1517 actu,
1329 1438 1434 1502 vel
1460 1457 1500 1501 a
1525 1438 1673 1518 Deo,
1701 1439 1814 1520 qui
1844 1442 1938 1502 est
1970 1439 2235 1503 omnino

694 1547 872 1606 actus
891 1546 1181 1626 respectu
1196 1544 1491 1608 omnium
1518 1545 1767 1609 entium
1789 1549 1851 1609 et
1878 1563 2183 1609 verorum
2217 1564 2234 1609 ε

696 1653 757 1712 et
779 1648 935 1731 quia
960 1644 1258 1714 'futurum
1286 1651 1664 1732 contingens
1700 1669 1830 1714 non
1854 1651 2047 1714 habet
2076 1668 2234 1731 esse,

693 1757 821 1820 nisi
848 1756 1448 1837 indeterminatum3
1479 1758 1621 1823 ideo
1651 1778 1783 1823 non
1817 1762 2021 1842 potest
2046 1759 2240 1823 intel-

693 1862 932 1927 lectum
968 1866 1202 1947 juvare
1242 1865 1320 1929 ad
1362 1865 1867 1930 certitudinalem
1915 1866 2239 1947 cognitio-

695 1990 847 2035 nem
874 1972 1235 2037 habendam
1262 1973 1339 2037 de
1367 1991 1457 2037 se.
1568 1959 1572 1963 ⁴

779 2083 838 2143 5.
878 2079 975 2143 Ad
1016 2079 1170 2144 illud
1201 2097 1358 2161 ergo
1386 2080 1558 2162 quod
1585 2080 1906 2162 objicitur,
1936 2079 2110 2162 quod
2137 2080 2240 2143 in-

696 2184 984 2248 tellectus
1001 2203 1201 2265 agens
1225 2185 1407 2248 estin
1428 2188 1577 2250 actu
1602 2190 1892 2268 respectu
1917 2184 2235 2262 omnium,

697 2291 779 2355 ad
805 2309 952 2373 quae
977 2291 1288 2375 possibilis
1314 2293 1495 2356 estin
1522 2293 1838 2375 potentia;
1862 2291 2241 2358 solvendum

699 2403 793 2462 est
819 2417 932 2481 per
950 2400 1516 2485 ⁸interemptionem
1536 2419 1665 2466 non
1691 2400 1901 2465 solum
1929 2400 1999 2463 in
2024 2399 2241 2463 homi-

697 2507 890 2571 nibus
907 2555 925 2587 ,
976 2525 1206 2574 verum
1259 2507 1453 2572 etiam
1495 2508 1567 2571 in
1614 2508 1881 2589 angelis.
1934 2506 2243 2584 Quaedam

699 2614 874 2677 enim
903 2615 1154 2679 suntad
1176 2633 1323 2697 quae
1354 2619 1488 2679 tam
1511 2633 1731 2697 egem,
1763 2632 1959 2698 quam
1979 2612 2244 2697 possibi-

694 2720 774 2785 lis
811 2726 902 2787 est
945 2723 1014 2786 in
1056 2722 1335 2804 potentia
1351 2772 1370 2803 ,
1424 2722 1576 2805 quia
1618 2727 1770 2787 sunt
1813 2740 2009 2804 supra
2057 2739 2243 2804 posse

695 2833 1003 2894 creaturae
1049 2852 1064 2893 ε
1116 2830 1285 2895 unde
1326 2831 1434 2894 illa
1473 2830 1818 2913 propositio
1864 2847 1999 2893 non
2047 2829 2244 2892 habet

697 2937 1060 3015 veritatem,
1084 2937 1210 3000 nisi
1239 2938 1315 3002 de
1343 2938 1445 3001 his
1471 2942 1755 3016 tantum,
1784 2956 1931 3019 quae
1955 2942 2112 3001 sunt
2141 2937 2244 3000 in-

695 3042 794 3106 fra
821 3061 1002 3127 posse
1029 3044 1387 3109 intellectus
1406 3045 1622 3124 creati,
1645 3050 1937 3128 respectu
1959 3061 2241 3127 quorum

697 3145 891 3215 habet
919 3151 1276 3216 intellectus
1295 3170 1383 3231 se,
1418 3157 1483 3216 et
1508 3153 1580 3217 in
1608 3153 1853 3216 ratione
1880 3151 2151 3233 agentiS,
2183 3154 2248 3215 et

697 3257 1009 3339 possibilis
1028 3307 1046 3336 ‚
1087 3276 1219 3323 non
1244 3263 1458 3324 autem
1501 3262 1792 3342 respectu
1831 3275 2057 3326 eorum
2095 3273 2246 3339 quae

697 3369 851 3429 sunt
877 3383 1072 3448 supra
1103 3387 1118 3429 ε
1144 3369 1208 3431 et
1232 3365 1322 3430 sic
1346 3369 1516 3450 patet
1541 3365 1721 3432 illud.

1821 440 2444 507 SENTENTIARUM
2486 441 2635 506 LIB.
2683 443 2762 507 lI.

2346 583 2486 641 tum
2511 579 2706 660 possit
2731 579 3014 661 aliquam
3033 577 3334 643 inducere
3352 599 3368 656 ;
3399 582 3463 642 et
3482 579 3654 660 quod
3673 579 3871 642 omnis

2345 686 2426 749 sit
2443 706 2482 749 a
2500 687 2789 750 Creatore
2808 735 2830 764 ‚
2857 686 3106 749 videtur
3132 687 3341 768 primo
3363 686 3737 749 auctoritate
3758 684 3871 748 Do-

2345 795 2505 857 m‘mi
2545 795 2613 861 in
2651 794 2890 858 Joanne
2916 794 2938 828 ²
2970 815 2984 855 t
3023 793 3209 858 Pater
3255 810 3432 859 meus
3475 809 3672 874 usque
3701 790 3874 857 modo

2345 908 2664 984 operatur,
2697 909 2756 969 et
2785 917 2894 984 eqo
2921 917 3195 982 operor:
3221 901 3328 965 sed
3357 902 3409 963 si
3439 918 3540 964 res
3574 901 3880 982 produce-

2345 1015 2568 1072 rentur
2595 1012 2911 1091 quantum
2948 1009 3025 1072 ad
3061 1008 3338 1071 formam
3363 1026 3401 1070 a
3444 1012 3707 1086 natura,
3754 1025 3881 1070 non

2345 1121 2603 1199 propter
2627 1117 2749 1181 hoc
2771 1117 3086 1181 diceretur
3109 1115 3275 1180 Deus
3295 1134 3502 1198 usque
3530 1115 3721 1179 modo
3741 1134 3882 1198 ope-

2345 1226 2477 1286 rari
2509 1243 2526 1288 t
2557 1241 2716 1305 ergo
2742 1224 2997 1290 videtur
3023 1223 3196 1306 quod
3227 1223 3437 1287 omnis
3463 1224 3672 1287 forma
3698 1223 3780 1285 sit
3806 1223 3883 1286 ab

2345 1331 2504 1412 ipso.

2426 1442 2488 1501 2.
2522 1436 2678 1500 Item
2710 1439 2954 1501 ratione
2981 1438 3237 1501 videtur
3270 1459 3284 1501 z
3319 1435 3606 1501 Nobilius
3647 1436 3883 1518 princi-

2347 1544 2530 1626 pium
2563 1549 2659 1608 est
2696 1546 2939 1624 forma,
2987 1563 3188 1627 quam
3234 1543 3529 1618 materia,
3579 1548 3644 1606 et
3681 1544 3885 1623 magis

2347 1651 2497 1714 dicit
2532 1653 2685 1733 quid
2722 1652 3015 1717 divinum
3050 1675 3064 1715 ε
3107 1671 3265 1733 ergo
3308 1670 3457 1715 cum
3488 1655 3724 1713 natura
3759 1668 3886 1713 non

2348 1760 2544 1841 possit
2566 1761 2633 1822 in
2662 1760 2912 1839 minuS,
2940 1760 3094 1842 quia
3120 1777 3251 1822 non
3280 1762 3482 1840 potest
3511 1758 3578 1819 in
3611 1758 3887 1839 produc-

2347 1866 2587 1929 tionem
2637 1866 2716 1949 (a)
2755 1867 3058 1947 materiae,
3092 1867 3294 1929 immo
3317 1870 3409 1928 est
3453 1885 3493 1927 a
3531 1864 3667 1927 sola
3708 1883 3887 1929 crea-

2348 1973 2551 2050 tione,
2588 1972 2792 2037 multo
2820 1974 3049 2037 fortius
3066 1974 3320 2037 videtur
3347 1971 3686 2036 deforma.

2431 2085 2491 2144 3.
2515 2079 2674 2144 Item
2692 2079 3002 2163 principia
3028 2097 3246 2143 rerum
3276 2081 3428 2142 sunt
3444 2077 3890 2161 incorruptibi-

2349 2188 2433 2251 lia
2453 2236 2471 2267 ,
2503 2192 2577 2251 ut
2600 2188 2743 2253 vult
2786 2186 3210 2268 Philosophus
3237 2186 3258 2222 ⁸
3288 2204 3306 2248 ε
3333 2204 3493 2268 ergo
3527 2191 3662 2249 tam
3691 2192 3891 2250 mate-

2350 2295 2477 2375 ria,
2505 2313 2701 2377 quam
2728 2296 2934 2360 forma
2974 2315 2989 2356 ε
3022 2293 3131 2356 sed
3169 2292 3646 2374 incorruptibile
3671 2297 3764 2356 est
3790 2294 3891 2356 in-

2351 2403 2715 2483 generabile
2750 2425 2763 2466 :
2797 2419 2953 2483 ergo
2975 2405 3109 2465 tam
3136 2400 3400 2463 materia
3416 2450 3432 2479 ,
3464 2419 3665 2482 quam
3687 2401 3890 2464 forma

2352 2514 2445 2574 est
2467 2509 2921 2590 ingenerabilis
2944 2531 2959 2572 ε
2983 2526 3141 2589 ergo
3167 2508 3221 2571 si
3244 2507 3620 2590 producitur
3644 2510 3712 2571 in
3731 2526 3886 2583 esse,

2351 2618 2474 2682 hoc
2497 2630 2630 2681 non
2667 2616 2787 2680 erit
2813 2635 2851 2679 a
2889 2619 3122 2689 natura
3140 2663 3158 2692 ‚
3189 2614 3300 2678 sed
3325 2613 3538 2678 solum
3571 2632 3686 2697 per
3713 2633 3890 2678 crea-

2351 2725 2617 2789 tionem.
2734 2762 2740 2766 >

2433 2836 2494 2895 4.
2540 2832 2699 2894 Item
2727 2829 2937 2895 omnis
2968 2829 3136 2893 actio
3161 2831 3471 2892 creaturae
3511 2829 3894 2894 terminatur

2354 2939 2434 3002 ad
2451 2938 2574 3002 hoc
2600 2937 2841 3019 aliquid
2870 2942 2893 2977 ⁸
2923 2955 2940 2999 ι
2972 2937 3080 2999 sed
3106 2936 3315 2998 forma
3337 2952 3468 2998 non
3495 2940 3590 2998 est
3625 2935 3752 2999 hoc
3780 2936 3895 3000 ali-

2354 3044 2508 3128 quid
2531 3066 2546 3105 :
2570 3062 2728 3127 ergo
2745 3062 2877 3108 non
2893 3043 3277 3107 terminatur
3294 3042 3372 3106 ad
3395 3043 3672 3106 formam
3701 3065 3717 3106 :
3742 3061 3895 3124 ergo

2355 3170 2503 3216 cum
2529 3151 2864 3233 productio
2890 3150 3198 3214 naturalis
3224 3150 3302 3214 ad
3329 3150 3488 3213 illud
3514 3150 3898 3214 terminetur

2354 3258 2529 3341 quod
2569 3259 2941 3341 producitur
2984 3277 3098 3341 per
3134 3261 3466 3336 naturam,
3505 3258 3896 3339 impossibile

2355 3371 2450 3433 est
2472 3368 2746 3431 formam
2788 3366 3052 3449 produci
3092 3366 3175 3429 ab
3213 3370 3442 3446 agente
3484 3371 3696 3430 creato
3729 3387 3746 3429 t
3783 3384 3899 3429 nec

2217 3525 2240 3538 .
2356 3476 2689 3541 materiam
2711 3524 2728 3555 ,
2760 3476 2883 3539 hoc
2919 3477 3163 3539 constat
3192 3494 3205 3537 :
3236 3478 3301 3537 et
3323 3491 3516 3537 omne
3543 3474 3721 3556 quod
3748 3492 3895 3556 pro·

1125 3605 1416 3676 ARTIC
1432 3605 1675 3676 ULUS
1720 3605 1817 3675 II.

788 3789 1256 3875 Consequenter
1303 3794 1616 3876 quaeritur
1659 3794 1738 3859 de
1780 3792 2060 3858 secundo
2096 3792 2252 3858 arti-

708 3900 855 3966 culo
871 3949 890 3982 ,
922 3900 1156 3965 scilicet
1188 3899 1266 3965 de
1300 3899 1537 3967 virtute
1573 3900 1980 3981 daemonum3
2012 3900 2092 3964 de
2122 3918 2253 3982 qua

706 4008 832 4075 tria
858 4013 1239 4092 quaeruntur
1276 4027 1292 4073 ε
1334 4008 1620 4091 primum
1647 4012 1739 4073 est
1762 4009 1946 4093 quasi
1972 4026 2254 4092 praeam-
2283 4023 2289 4028 ·

709 4117 938 4182 bulum
958 4165 973 4195 ‚
1006 4121 1227 4181 utrum
1268 4116 1477 4180 omnis
1516 4116 1741 4182 formae
1779 4116 2063 4183 inductio
2107 4115 2255 4180 sita

713 4223 1002 4290 Creatore
1016 4272 1034 4305 ‚
1068 4242 1154 4288 an
1194 4222 1424 4305 aliquae
1466 4225 1592 4289 sint
1628 4226 1709 4289 ab
1740 4229 1973 4306 agente
2000 4228 2250 4302 creato;

711 4331 1066 4398 secundum
1094 4335 1189 4395 est
1212 4334 1433 4395 utrum
1451 4349 1755 4396 verarum
1781 4332 2138 4395 formarum
2162 4330 2257 4394 in-

712 4438 926 4505 ductio
970 4439 1052 4502 sit
1097 4456 1138 4501 a
1180 4437 1411 4521 spiritu
1465 4438 1788 4521 malign03
1847 4438 2109 4502 tertium
2163 4440 2260 4502 est

713 4549 937 4612 utrum
965 4544 1320 4610 ministerio
1348 4545 1719 4610 daemonum
1749 4545 1946 4629 possit
1985 4544 2132 4628 quis
2161 4543 2259 4611 uti

714 4655 785 4719 in
814 4652 1188 4740 huiusmodi
1214 4652 1513 4738 operibus
1539 4654 1675 4721 sine
1700 4657 1976 4739 peccam.

1268 4894 1626 4977 QUAESTIO
1671 4896 1720 4960 1.

770 5049 864 5108 Aa
889 5063 1065 5108 omnes
1088 5052 1275 5121 sormoe
1299 5050 1631 5106 inducantur
1658 5064 1696 5126 ᾳ
1726 5047 2000 5120 creatore,
2028 5049 2115 5106 vel
2142 5048 2213 5105 ab

1267 5143 1461 5211 aqente
1483 5142 1659 5196 creato
1680 5141 1721 5192 ¹.

494 5317 567 5363 aa
597 5329 702 5374 opp.
810 5293 1039 5360 Utrum
1066 5300 1278 5364 omnis
1309 5299 1535 5364 formae
1563 5296 1845 5361 inductio
1881 5297 1961 5359 sit
1993 5315 2034 5360 a
2079 5297 2268 5363 Crea-

736 5406 869 5465 tore
885 5451 903 5482 ,
934 5423 1019 5467 an
1035 5406 1293 5488 aliquod
1315 5425 1514 5488 agens
1530 5403 1913 5490 particulare
1939 5405 2077 5472 sive
2095 5424 2269 5470 erea-

2355 3583 2633 3662 ducitur,
2666 3582 3019 3646 secundum
3044 3579 3303 3662 aliquod
3332 3580 3571 3646 horum
3595 3580 3900 3662 produci-

2356 3693 2465 3755 tur
2497 3709 2513 3752 :
2540 3707 2698 3771 ergo
2725 3688 2887 3751 nihil
2906 3688 3283 3771 producitur
3301 3687 3381 3751 ab
3401 3690 3635 3768 agente
3660 3692 3897 3753 creato.

2438 3801 2498 3861 5.
2537 3796 2724 3875 Item,
2771 3814 2920 3860 cum
2965 3795 3339 3878 producitur
3381 3795 3589 3859 forma
3605 3842 3624 3872 ,
3667 3799 3786 3859 aut
3823 3813 3903 3859 ex

2359 3904 2605 3987 aliqu0,
2653 3909 2766 3967 aut
2805 3921 2889 3967 ex
2933 3903 3137 3966 nihilo
3186 3925 3202 3967 t
3254 3902 3307 3966 si
3357 3920 3440 3966 ex
3488 3902 3744 3985 aliqu03
3798 3902 3902 3967 sed

2360 4028 2552 4075 omne
2589 4010 2761 4092 quod
2795 4013 3001 4074 estex
3035 4009 3251 4092 aliquo
3288 4009 3481 4073 habet
3517 4009 3765 4091 aliquid
3807 4009 3902 4074 sui

2361 4116 2847 4181 constitutivum
2883 4121 3191 4197 tanquam
3229 4114 3624 4197 principium
3665 4115 3905 4178 intrin-

2361 4241 2624 4288 secum:
2661 4242 2819 4304 ergo
2843 4224 3051 4286 forma
3077 4228 3173 4287 est
3202 4222 3552 4304 composita
3587 4239 3669 4284 ex
3699 4226 3904 4286 mate-

2362 4331 2461 4395 ria
2473 4331 2770 4409 etforma‚
2789 4330 2962 4413 quod
2973 4330 3325 4394 absurdum
3339 4334 3454 4394 est.
3472 4327 3543 4392 Si
3561 4347 3644 4392 ex
3662 4329 3901 4405 nihilo;

2364 4436 2474 4502 sed
2500 4455 2691 4503 omne
2710 4438 2879 4520 quod
2903 4456 2987 4501 ex
3003 4437 3205 4501 nihilo
3227 4441 3506 4514 creatur,
3530 4441 3627 4500 est
3648 4456 3688 4501 a
3715 4436 3908 4501 Crea-

2364 4547 2502 4610 tore
2533 4565 2549 4608 :
2581 4561 2739 4625 ergo
2767 4543 2946 4609 nulla
2963 4544 3168 4609 forma
3189 4548 3285 4608 est
3304 4544 3386 4608 ab
3411 4548 3642 4625 agente
3669 4546 3904 4607 creato.

2446 4655 2508 4717 6.
2541 4651 2733 4733 Item,
2763 4671 2915 4717 cum
2936 4653 3144 4718 forma
3170 4656 3267 4717 est
3291 4652 3362 4716 in
3389 4650 3671 4735 potentia
3705 4655 3910 4716 mate·

2437 4849 2457 4884 ¹
2477 4849 2561 4913 Cf.
2584 4850 2638 4900 S.
2658 4848 2860 4912 Thom.,
2880 4862 2935 4912 p.
2959 4851 3000 4910 1,
3019 4862 3072 4914 q.
3090 4859 3147 4914 x,
3166 4851 3262 4899 art.
3281 4850 3345 4912 23
3375 4846 3507 4899 etde
3527 4848 3745 4910 Patent„
3763 4861 3819 4911 q.
3836 4857 3909 4909 vl,

2369 4924 2466 4972 art.
2488 4924 2549 4984 3;
2580 4919 2712 4971 etde
2738 4917 2894 4982 Malo,
2921 4934 2973 4984 q.
2995 4931 3114 4984 nl,
3144 4923 3240 4970 art.
3260 4922 3288 4971 9
3317 4924 3369 4971 et
3393 4924 3480 4982 103
3511 4922 3563 4970 et
3587 4918 3784 4981 Quolib.
3813 4919 3910 4982 lx,

2373 4996 2468 5042 art.
2491 4995 2547 5042 10
2563 5006 2581 5054 ;
2612 4991 2783 5055 AEgid.
2811 4993 2984 5055 Rom„
3014 4991 3057 5041 ll
3088 4992 3250 5054 Sent„
3275 4991 3395 5042 dist.
3417 5002 3512 5053 vn,
3544 5005 3597 5055 q.
3622 5003 3702 5052 ιη,
3728 4993 3825 5038 art.
3847 4992 3906 5052 ¹5

2373 5067 2425 5114 et
2459 5063 2657 5125 Quolib.
2687 5064 2793 5127 111,
2834 5077 2887 5128 q.
2909 5075 3039 5126 vu13
3078 5063 3338 5126 Richard„
3378 5063 3423 5113 11
3465 5063 3627 5124 sent„
3662 5061 3780 5112 dist.
3802 5071 3912 5124 vn,

2372 5138 2468 5185 art.
2490 5138 2547 5199 4,
2576 5149 2628 5199 q.
2656 5147 2671 5184 1
2687 5150 2703 5198 ;
2739 5135 2989 5198 Dur-and„
3025 5135 3072 5184 11
3097 5136 3255 5195 Sent„
3285 5134 3406 5185 dist.
3425 5146 3528 5198 vn,
3551 5149 3601 5199 q.
3622 5146 3702 5196 1v;
3729 5133 3914 5182 Thom.

2373 5211 2516 5272 Arg„
2556 5208 2598 5258 11
2631 5207 2791 5268 Sem„
2828 5208 2945 5259 dist.
2967 5217 3084 5272 vlu,
3120 5219 3244 5272 q.1,
3274 5210 3368 5258 art.
3395 5211 3419 5257 1
3437 5222 3454 5270 ;
3499 5207 3676 5270 Stepb.
3709 5202 3913 5268 Brules„

2377 5282 2418 5331 ΙΙ
2451 5283 2611 5343 Sem„
2635 5281 2751 5331 dist.
2772 5293 2845 5331 vn
2864 5317 2879 5344 ‚
2903 5295 2954 5345 q.
2977 5293 3053 5332 xl.
3075 5280 3352 5341 —2Joan.,
3382 5292 3444 5344 v,
3469 5277 3915 5337 17.·—⁸Aristot.,

2376 5353 2597 5417 Plau-ric„
2638 5353 2727 5403 lib.
2757 5353 2814 5417 1,
2844 5356 2983 5403 cont.
3013 5355 3061 5402 5.
3089 5379 3154 5390 —
3177 5354 3199 5388 δ
3222 5352 3316 5414 1d.‚
3359 5351 3654 5417 Metaphym,
3693 5350 3783 5400 lib.
3813 5348 3880 5399 vl

2378 5427 2590 5474 cont.'1.
2607 5450 2673 5466 —-
2695 5423 2768 5489 (a)
2794 5422 2878 5474 Al.
2907 5422 3265 5487 productione.
