4125 6225
991 444 1188 514 DIST.
1230 448 1389 519 XIV.
1433 450 1662 518 PART.
1708 451 1788 517 11.
1831 449 2014 517 ΛΒΤ.
2058 452 2139 519 11.
2183 453 2481 533 QUAEST.
2519 456 2628 523 ΙΙΙ.

224 574 553 641 hominem
593 593 729 644 esse
755 579 954 645 ssnem
984 583 1279 650 omnium
1304 605 1452 671 quae
1477 579 1651 654 sunt.
1685 588 1766 654 Et

224 681 363 747 ideo
391 683 544 749 dicit
570 684 912 768 Gregorius
946 707 964 753 ε
998 714 1030 751 α
1055 689 1266 758 Vitam
1290 696 1526 780 quippe
1547 698 1763 762 homi-

223 809 386 856 num
411 791 617 874 solus,
651 795 765 876 qui
799 799 1067 877 creavit,
1113 799 1410 868 Conditor
1452 805 1765 871 adminis-

220 901 349 962 trat
380 920 395 963 ε
441 917 573 964 non
611 900 786 965 enim
833 910 1090 988 propter
1127 909 1337 974 stellas
1381 911 1605 993 homo,
1652 915 1763 980 sed

220 1011 479 1090 propter
521 1007 849 1074 hominem
899 1012 1095 1077 stellae
1140 1016 1321 1081 factae
1368 1023 1559 1096 sunt;
1602 1020 1762 1084 dum

221 1111 427 1195 igitur
451 1115 556 1179 hic
582 1135 760 1181 error
785 1137 996 1184 mores
1027 1120 1369 1189 hominum
1397 1127 1581 1190 astris
1606 1128 1760 1192 sub-

212 1220 354 1303 Jicit
374 1269 392 1297 ,
440 1221 739 1289 inferiora
775 1246 895 1292 suo
938 1231 1288 1313 superiori,
1335 1237 1399 1299 et
1447 1233 1763 1317 ignobilia

219 1328 638 1395 nobilioribus
673 1336 1009 1417 praeponit.
1048 1359 1079 1397 ι»
1116 1336 1256 1403 Non
1291 1341 1502 1406 solum
1543 1348 1759 1408 autem

220 1435 288 1499 in
311 1435 387 1519 (a)
409 1437 532 1502 hoc
555 1440 785 1505 rationi
813 1448 1155 1525 repugnat,
1184 1447 1496 1513 sedetiam
1510 1450 1665 1535 quia
1690 1451 1759 1516 in

219 1560 288 1607 se
312 1545 601 1627 opposita
624 1546 906 1630 implicat
936 1571 951 1612 ε
985 1551 1137 1615 dicit
1165 1553 1340 1618 enim
1364 1556 1568 1638 quod,
1602 1558 1760 1640 quia

219 1668 429 1715 mores
454 1651 797 1719 hominum
836 1658 1116 1738 pendent
1147 1678 1230 1726 ex
1267 1663 1454 1727 astris
1479 1667 1545 1729 et
1570 1682 1758 1730 cons-

218 1758 679 1841 tellationibus,
709 1762 853 1827 ideo
891 1768 1060 1830 astra
1087 1770 1238 1831 sunt
1277 1770 1662 1849 veneranda,
1692 1776 1758 1836 et

217 1866 718 1932 constellationes
743 1868 1157 1936 observandae
1187 1892 1204 1936 τ
1238 1878 1302 1938 et
1336 1874 1458 1940 hoc
1497 1881 1592 1941 est
1635 1897 1754 1961 po-

215 1990 371 2039 nere
412 1974 540 2039 duo
591 1977 875 2059 opposita
926 2000 941 2043 z
992 1984 1104 2043 aut
1145 1980 1320 2045 enim
1364 2001 1615 2049 necesse
1661 1989 1756 2049 est

214 2083 471 2149 evenire
499 2083 745 2149 homini
772 2088 1124 2152 secundum
1153 2092 1653 2158 constellationes
1674 2096 1756 2159 si·

210 2190 463 2271 derum,
495 2195 766 2258 autnon
799 2195 887 2258 :si
915 2214 1071 2273 non,
1108 2215 1266 2279 ergo
1297 2216 1427 2263 non
1454 2205 1603 2265 sunt
1627 2202 1754 2266 fata

208 2299 552 2363 metuenda
573 2322 590 2378 ;
622 2299 675 2363 si
699 2302 811 2381 sic,
841 2320 998 2383 ergo
1023 2321 1158 2368 non
1184 2308 1335 2368 sunt
1361 2311 1530 2372 astra
1555 2327 1751 2374 vene-

206 2408 410 2473 randa
444 2431 459 2473 :
489 2409 649 2474 dum
673 2428 831 2491 ergo
862 2414 1043 2495 ponit
1073 2415 1201 2479 fata
1223 2434 1359 2481 esse
1385 2420 1749 2502 metuenda,

206 2519 274 2580 et
328 2520 499 2580 astra
555 2520 919 2585 veneranda
940 2569 958 2600 ‚
1010 2523 1190 2604 ponit
1233 2525 1363 2589 duo
1409 2528 1746 2593 contraria.

206 2620 399 2700 item,
444 2626 558 2688 aut
605 2625 819 2689 evenit
873 2627 1124 2692 homini
1178 2631 1531 2697 secundum
1578 2635 1750 2716 quod

203 2728 597 2794 constellatio
642 2730 711 2793 in
737 2750 858 2796 suo
885 2736 1034 2797 ortu
1074 2735 1313 2817 exigit,
1342 2741 1616 2803 autnon
1645 2763 1660 2804 ε
1692 2742 1743 2804 si

200 2837 316 2915 sic,
358 2855 518 2918 ergo
545 2837 782 2903 frustra
818 2843 970 2904 sunt
994 2845 1446 2909 conservandae
1472 2848 1749 2912 constel-

198 2944 472 3010 lationes
495 2945 563 3008 in
589 2945 833 3010 actibus
858 2947 1013 3027 suia,
1054 2968 1207 3014 cum
1231 2953 1585 3018 secundum
1612 2957 1747 3039 pri-

197 3069 380 3118 mam
408 3052 949 3119 constellationem
979 3074 1232 3123 necesse
1259 3060 1338 3125 sit
1362 3059 1424 3126 ei
1451 3061 1620 3127 hona
1644 3062 1748 3130 vel

198 3160 373 3226 mala
423 3160 722 3239 evenire;
770 3162 824 3225 si
869 3180 1001 3228 non
1046 3164 1114 3228 in
1159 3166 1368 3248 prima
1411 3171 1745 3235 constella-

194 3269 397 3345 tione,
427 3286 585 3349 ergo
613 3269 751 3351 pari
778 3270 1025 3335 ratione
1038 3290 1157 3337 nec
1187 3273 1259 3337 in
1283 3277 1739 3359 sequentibus:

192 3376 402 3459 igitur
438 3376 638 3441 nullae
678 3381 829 3441 sunt
877 3378 1316 3446 observandas.
1372 3382 1542 3449 Dum
1584 3403 1743 3467 ergo

191 3484 298 3549 hic
329 3503 508 3550 error
548 3485 727 3569 ponit
752 3486 1257 3554 constellationes
1283 3490 1586 3557 effectum
1617 3495 1738 3559 ha-

191 3594 348 3659 bere
371 3642 388 3671 ,
436 3597 501 3658 et
538 3594 718 3678 ponit
757 3595 1267 3662 constellationes
1314 3600 1742 3667 observandas

192 3719 332 3766 esse
360 3705 500 3784 post
524 3701 802 3765 hominis
840 3702 1234 3769 nativitatem
1254 3754 1273 3785 ,
1317 3711 1534 3790 aperte
1560 3709 1742 3776 vide-

188 3813 302 3874 tur
322 3808 587 3891 sibiipsi
606 3810 1058 3890 contradicere,
1082 3816 1145 3876 et
1171 3814 1262 3877 sic
1286 3814 1404 3879 iste
1428 3833 1607 3881 error
1630 3835 1740 3882 re-

189 3921 448 4000 pugnat
471 3916 710 3993 sensui,
752 3921 815 3980 et
853 3916 1025 3994 fidei,
1063 3922 1128 3983 et
1154 3920 1407 3985 rationi.
1451 3921 1586 3989 Hoc
1612 3942 1739 3990 au-

188 4029 325 4090 tem
357 4023 589 4106 triplex
613 4022 1067 4089 inconveniens
1085 4074 1103 4104 ,
1134 4027 1307 4109 quod
1334 4028 1576 4094 dictum
1605 4036 1734 4109 est,

189 4131 520 4213 colligitur
560 4148 641 4195 ex
680 4130 894 4195 verbis
922 4131 1323 4211 Damasceni‚
1356 4134 1646 4219 Gregorii
1677 4143 1739 4202 et

187 4238 572 4321 Augustini.
617 4236 985 4304 Secundum
1029 4241 1233 4321 igitur
1267 4242 1443 4307 hunc
1471 4245 1737 4311 modum

187 4346 464 4421 dicendi,
494 4344 727 4409 scilicet
752 4363 962 4410 mores
985 4346 1350 4429 hominum,
1370 4355 1434 4414 et
1458 4355 1737 4417 eventus

184 4455 562 4521 futurorum
587 4471 627 4515 a
656 4451 852 4516 stellis
878 4454 1227 4519 necessario
1257 4460 1324 4520 et
1351 4458 1736 4526 sufficienter

185 4561 465 4639 causari,
501 4559 736 4623 falsitas
762 4559 1134 4640 incurritur,
1163 4565 1229 4625 et
1262 4563 1526 4630 haeresis
1555 4569 1734 4651 peri-

183 4670 429 4736 culosa.
461 4666 529 4731 Si
553 4670 771 4731 autem
802 4666 1096 4732 dicantur
1140 4687 1352 4736 mores
1390 4672 1734 4742 hominum

180 4797 224 4844 a
251 4774 768 4860 dispositionibus
805 4775 1090 4840 siderum
1111 4779 1373 4860 variari,
1418 4784 1482 4846 et
1510 4782 1732 4867 dispo-

179 4886 395 4961 sitive,
425 4886 489 4949 et
514 4881 976 4964 contingenter,
1008 4884 1098 4948 sic
1126 4889 1329 4967 potest
1356 4887 1589 4955 habere
1625 4909 1733 4957 ve·

178 4995 462 5069 ritatem,
481 4990 636 5074 quia
657 5008 775 5054 nec
796 4990 1053 5072 rationi,
1078 5010 1199 5057 nec
1218 4994 1364 5058 fidei
1386 4995 1726 5079 repugnat.

178 5100 462 5170 Planum
494 5101 590 5164 est
611 5098 788 5162 enim
805 5145 823 5175 ‚
865 5099 1037 5182 quod
1076 5100 1405 5184 dispositio
1447 5107 1731 5188 corporis

175 5212 367 5280 varia
391 5187 670 5274 multum
697 5207 846 5272 facit
870 5208 949 5271 ad
995 5209 1410 5277 variationem
1442 5214 1728 5281 affectio-

176 5340 338 5386 num
361 5323 425 5382 et
451 5333 709 5381 morum
733 5315 968 5381 animae
1004 5334 1021 5380 z
1054 5321 1129 5381 ut
1154 5318 1514 5401 plurimum
1548 5323 1726 5390 enim

246 5447 264 5488 α
288 5446 526 5508 August„
562 5440 623 5492 de
651 5440 805 5492 cim‘e.
838 5441 960 5508 Dei,
988 5440 1079 5492 lib.
1107 5443 1172 5508 V,
1201 5458 1248 5494 c.
1279 5456 1326 5498 v·

3289 462 3399 524 601

1870 588 2088 653 anima
2115 590 2619 674 complexionem
2651 593 2727 673 lb)
2750 594 3030 676 corporis
3072 593 3407 658 imitatur:

1875 696 2045 761 unde
2094 697 2391 764 cholerici
2419 706 2569 765 sunt
2611 702 2937 782 iracundi,
2967 706 3032 767 et
3070 702 3414 784 sanguinei

1870 808 2025 869 sunt
2053 806 2350 888 henigni;
2381 813 2445 873 et
2472 809 2908 875 melancholici
2936 815 3087 876 sunt
3113 810 3316 889 lividi,
3351 814 3415 875 et

1869 909 2282 994 phlegmatici
2311 919 2462 979 sunt
2501 915 2675 998 pigri
2709 935 2724 977 ε
2756 917 2879 981 hoc
2904 921 3118 981 autem
3160 936 3292 981 non
3320 919 3414 981 est

1869 1020 2243 1096 necessario,
2274 1021 2492 1085 anima
2532 1023 2708 1086 enim
2751 1041 2871 1089 suo
2911 1023 3161 1108 corpori
3210 1023 3419 1088 domi·

1868 1127 2092 1205 natur,
2123 1127 2404 1192 maxime
2430 1130 2685 1211 quando
2714 1133 2811 1194 est
2853 1131 3073 1213 adJuta
3111 1149 3222 1214 per
3260 1149 3417 1213 gra·
3504 1208 3525 1227 Ι

1868 1231 2062 1296 tiam:
2091 1234 2325 1299 multos
2351 1236 2526 1300 enim
2551 1238 2848 1302 videmus
2869 1237 3216 1302 cholericos
3234 1257 3414 1303 man-

1866 1343 2101 1420 suetoS,
2132 1345 2196 1405 et
2224 1342 2709 1409 melancholicos
2731 1345 3069 1426 benignos.
3097 1345 3412 1423 Quoniam

1871 1445 2078 1526 igitur
2108 1448 2313 1513 virtus
2344 1467 2688 1533 corporum
2718 1453 3073 1517 coelestium
3113 1458 3413 1536 operatur

1865 1551 1946 1615 ad
1972 1553 2354 1621 mixtionem
2377 1563 2440 1623 et
2467 1559 2842 1641 qualitatem
2867 1561 3409 1643 complexionum,

1863 1659 2015 1724 hinc
2046 1666 2143 1725 est
2167 1664 2338 1745 quod
2372 1683 2488 1747 per
2516 1684 2909 1749 consequens
2936 1672 3235 1749 operatur
3254 1687 3412 1751 quo·

1862 1767 2011 1832 dam
2056 1770 2249 1833 modo
2275 1772 2354 1835 ad
2385 1773 2751 1854 qualitatem
2782 1792 3038 1839 morum
3057 1823 3074 1847 ,
3104 1775 3289 1839 valde
3313 1779 3412 1840 ta-

1863 1893 2015 1939 men
2041 1876 2121 1942 de
2145 1878 2506 1963 longinquo
2542 1897 2559 1943 t
2592 1882 2736 1965 plus
2763 1883 2934 1946 enim
2969 1883 3120 1946 facit
3146 1884 3225 1947 ad
3253 1903 3415 1966 qua-

1860 1978 2104 2045 litatem
2137 1984 2595 2067 complexionis
2632 1988 2839 2052 virtus
2866 1991 3115 2052 naturae
3145 1988 3413 2053 inferio-

1859 2084 1982 2161 riS,
2015 2088 2466 2167 quam·virtus
2507 2089 2750 2154 sideris.
2787 2090 2967 2155 Unde
3009 2091 3413 2172 Augustinus

1791 2197 1801 2208 ·
1859 2189 1928 2254 in
1954 2191 2119 2256 libro
2143 2191 2220 2269 V,
2250 2194 2338 2260 De
2367 2195 2643 2263 civitate
2676 2197 2823 2276 Dei,
2853 2199 2923 2262 in
2953 2198 3264 2263 solutione
3297 2218 3413 2265 cu-

1858 2298 2114 2379 jusdam
2154 2303 2526 2383 quaestionis
2556 2305 2634 2370 de
2662 2305 2966 2369 fratribus
2989 2306 3263 2386 duobus,
3294 2306 3410 2390 qui

1859 2405 2055 2471 simul
2103 2407 2598 2476 infirmabantur
2647 2415 2708 2476 et
2753 2412 3146 2479 curabantur
3171 2463 3189 2494 ,
3237 2414 3411 2479 unde

1856 2510 1981 2575 hoc
2007 2517 2192 2594 esset,
2214 2517 2424 2597 magis
2457 2520 2901 2584 commendat¹
2932 2521 3410 2605 responsionem

1856 2616 2254 2701 Hippocratis
2315 2623 2712 2707 philosophi,
2780 2645 2977 2708 quam
3037 2630 3404 2694 astronomi.

1857 2721 2270 2809 Hippocrates
2310 2730 2481 2794 enim
2510 2733 2871 2816 respondit,
2917 2735 3088 2816 quod
3125 2734 3249 2798 hoc
3275 2742 3407 2801 erat

1856 2839 2117 2916 propter
2143 2837 2631 2904 similitudinem
2658 2841 3121 2925 complexionis
3144 2863 3162 2923 ;
3208 2846 3273 2908 et
3303 2862 3405 2908 as·

1855 2943 2192 3007 tronomus
2216 2948 2574 3029 respondet,
2595 2950 2770 3032 quod
2790 2953 2927 3014 erat
2944 2954 3204 3033 propter
3227 2951 3405 3017 iden·

1853 3049 2100 3115 titatem
2148 3054 2663 3123 constellationis.
2688 3056 2912 3123 Melius
2940 3058 3115 3123 enim
3141 3077 3403 3144 respon-

1853 3156 1945 3222 dit
1987 3160 2443 3245 philosophuS,
2474 3166 2627 3247 quia
2663 3184 2922 3231 causam
2948 3166 3154 3233 reddit
3192 3169 3404 3250 magis

1851 3267 2217 3349 propriam,
2267 3274 2331 3334 et
2371 3272 2588 3354 magis
2626 3273 3080 3356 propinquam.
3132 3273 3201 3340 Si
3244 3294 3402 3357 ergo

1849 3372 1975 3437 hoc
2012 3375 2203 3441 modo
2235 3384 2657 3460 quaereretur,
2702 3385 2928 3445 utrum
2954 3380 3402 3464 impressiones

1849 3480 2134 3546 siderum
2166 3484 2382 3568 aliquo
2417 3487 2608 3552 modo
2647 3487 2985 3571 disponant
3016 3490 3097 3553 ad
3125 3490 3399 3555 varieta-

1848 3592 1980 3653 tem
2009 3609 2296 3670 morum,
2341 3594 2859 3677 respondendum
2885 3599 3049 3661 esset
3074 3597 3247 3678 quod
3271 3597 3361 3662 sic
3378 3647 3395 3679 ,

1845 3702 2298 3763 verumtamen
2323 3717 2456 3765 non
2478 3700 2888 3784 dispositione
2915 3704 3271 3769 necessaria
3288 3753 3307 3784 ,
3337 3713 3400 3769 et

1847 3806 2175 3886 proxima,
2205 3810 2269 3873 et
2295 3807 2682 3889 sufficiente,
2713 3808 2823 3874 sed
2857 3809 3265 3893 dispositione
3288 3831 3396 3878 re-

1846 3916 2043 3991 mota,
2095 3918 2159 3978 et
2202 3915 2640 3997 contingente.
2693 3915 2762 3981 Si
2805 3921 3023 3982 autem
3068 3923 3397 4001 quaeratur

1845 4023 2070 4083 utrum
2110 4021 2192 4083 sit
2239 4039 2433 4086 causa
2479 4023 2804 4087 sufficiens
2819 4072 2839 4105 ,
2882 4024 3392 4108 respondendum

1844 4129 1942 4191 est
1985 4126 2360 4211 simpliciter
2397 4132 2574 4214 quod
2615 4148 2747 4196 non
2768 4179 2785 4208 ,
2818 4131 2972 4214 quia
3000 4133 3391 4198 contrarium

1847 4234 2059 4301 dicere
2084 4242 2181 4302 est
2205 4235 2611 4320 haeretich
2658 4238 2824 4305 sicut
2848 4239 3032 4323 prius
3064 4243 3390 4311 ostensum

1844 4346 1960 4408 est.

1923 4455 1984 4515 1.
2016 4449 2117 4516 Ad
2158 4449 2315 4516 illud
2358 4468 2518 4534 ergo
2555 4450 2728 4534 quod
2762 4450 3065 4534 objicitur
3107 4451 3190 4518 de
3235 4454 3386 4530 fate,

1840 4556 2185 4623 dicendum
2213 4558 2383 4641 quod
2410 4559 2490 4624 de
2516 4559 2646 4623 tato
2680 4559 2867 4623 aliter
2906 4559 3198 4642 loquitur
3232 4558 3388 4626 Boe-

1840 4665 1994 4743 tius,
2024 4670 2087 4730 et
2113 4666 2296 4731 aliter
2317 4665 2753 4748 Augustinus
2785 4665 3039 4732 Boetius
3076 4665 3252 4731 enim
3287 4667 3391 4732 lc·-

1840 4773 2063 4857 quitur
2102 4774 2182 4837 de
2220 4772 2371 4851 fato,
2413 4778 2606 4856 prout
2631 4778 2728 4838 est
2762 4772 3004 4856 aliquid
3030 4774 3386 4839 secundum

1839 4880 2176 4945 veritatem
2208 4901 2224 4944 t
2253 4882 2318 4943 et
2343 4880 2433 4944 sic
2455 4881 2663 4945 fatum
2690 4879 2979 4944 nominat
3003 4878 3298 4943 ordinem
3319 4881 3385 4946 in

1838 4986 2032 5052 rebus
2074 4985 2421 5052 mobilibus
2468 4986 2550 5051 ad
2587 4986 2871 5051 divinam
2917 4986 3384 5070 providentiam

1836 5094 2113 5160 relatum
2145 5117 2160 5159 :
2189 5094 2478 5158 ordinem
2496 5142 2514 5173 ,
2543 5094 2812 5176 inquam
2829 5141 2847 5173 ‚
2886 5111 3019 5158 non
3045 5094 3263 5158 solum
3292 5113 3385 5160 se-

1835 5201 2124 5266 cundum
2167 5205 2466 5266 naturam
2510 5203 2575 5265 et
2618 5218 2878 5266 causam
2924 5201 3345 5267 necessariam
3363 5251 3380 5282 ,

1834 5307 1946 5375 sed
1973 5309 2169 5374 etiam
2210 5308 2566 5373 secundum
2606 5307 2964 5375 libertatem
2992 5310 3378 5389 voluntatis,

1899 5448 1970 5512 (α)
1995 5445 2094 5501 Ed.
2130 5446 2245 5501 Ven-
2265 5445 2400 5502 deest
2426 5446 2498 5499 in.
2521 5472 2585 5485 —
2602 5445 2673 5513 (ὁ)
2695 5446 2817 5501 coet.
2836 5448 2960 5501 edit.
2989 5450 3381 5516 complexionis.
