4125 6225
675 435 797 496 284

675 585 870 650 quam
895 567 964 630 in
989 569 1295 649 tempore.
1330 566 1403 631 In
1433 570 1723 650 tempore
1748 566 1923 630 enim
1954 568 2051 630 est
2076 581 2215 628 suc-

676 675 872 740 cessio
915 693 1067 739 cum
1095 675 1448 740 variatione
1462 723 1481 752 ,
1514 679 1577 739 et
1603 675 1782 757 prius
1813 676 1876 737 et
1900 672 2214 756 posterius

676 800 830 846 cum
868 782 1324 847 inveteratione
1360 786 1425 846 et
1463 781 1909 859 renovatione3
1956 780 2024 843 in
2072 796 2213 843 aevo

677 909 833 956 vero
854 894 950 955 est
979 891 1156 974 prius
1174 895 1238 954 et
1269 892 1580 974 posterius
1597 938 1615 969 ‚
1645 889 1815 973 quod
1841 889 1994 953 dicit
2017 888 2214 952 dura-

684 998 872 1063 tionis
895 999 1332 1064 extensionem
1368 1022 1383 1064 :
1415 998 1585 1081 quod
1612 1002 1826 1062 tamen
1852 996 2098 1060 nullam
2122 994 2215 1059 di-

680 1107 767 1170 cit
786 1107 1155 1172 varietatem
1173 1125 1291 1171 nec
1307 1105 1806 1172 innovationem.
1824 1103 1899 1168 Et
1919 1121 2031 1186 per
2047 1103 2216 1166 hanc

679 1215 1149 1279 distinctionem
1183 1213 1401 1278 omnia
1439 1214 1685 1296 objecta
1713 1214 1785 1276 in
1824 1210 2215 1275 contrarium

679 1322 858 1385 facile
871 1326 966 1385 est
982 1321 1249 1397 solvere,
1274 1322 1329 1385 si
1347 1322 1495 1404 quis
1513 1339 1656 1385 eam
1678 1319 2011 1399 intelligat.
2030 1316 2212 1394 Quod

681 1428 734 1491 si
764 1428 923 1491 torte
948 1432 1277 1510 quaeratur
1302 1427 1622 1510 quomodo
1648 1427 1858 1509 posset
1877 1442 2011 1488 esse
2037 1423 2218 1506 prius

680 1538 746 1599 et
773 1534 1086 1617 posterius
1117 1536 1253 1598 sine
1279 1534 1559 1598 novitate
1596 1533 1761 1597 circa
1788 1550 1955 1610 esse,
1995 1531 2216 1595 dicen-

680 1641 835 1704 dum
869 1641 1073 1724 quod,
1111 1642 1275 1705 sicut
1301 1641 1596 1706 videmus
1620 1639 1789 1721 quod
1821 1638 2003 1702 aliter
2030 1655 2217 1719 egre-

682 1749 859 1812 ditur
893 1749 1133 1813 fluvius
1166 1768 1204 1812 a
1244 1749 1448 1825 fonte,
1495 1747 1677 1811 aliter
1710 1746 1926 1810 radius
1962 1764 2002 1808 a
2047 1744 2177 1809 sole
2196 1793 2214 1824 ‚

678 1855 775 1918 sic
802 1855 869 1918 in
898 1856 1220 1937 proposito
1250 1854 1544 1919 videmus
1574 1860 1617 1917 ¹.
1650 1851 1814 1916 Nam
1852 1852 2107 1916 rivulus
2131 1852 2221 1914 sic

681 1961 1007 2042 egreditur
1030 1980 1074 2025 a
1095 1961 1271 2025 fonte
1287 2009 1304 2040 ,
1333 1959 1505 2042 quod
1548 1978 1717 2024 nova
1756 1977 1926 2041 aqua
1967 1976 2220 2041 semper

682 2067 844 2145 exit,
896 2085 1027 2131 non
1068 2068 1326 2145 eadem;
1378 2065 1594 2131 radius
1655 2085 1695 2129 a
1749 2065 1880 2129 sole
1918 2066 2220 2129 continue

684 2174 1034 2256 egreditur,
1069 2193 1203 2239 non
1230 2175 1383 2258 quia
1421 2192 1670 2257 semper
1707 2192 1955 2248 novum
1980 2173 2221 2257 aliquid

570 2285 575 2292 '
684 2281 1038 2359 emittatur,
1081 2283 1190 2346 sed
1224 2282 1376 2365 quia
1406 2282 1578 2365 quod
1604 2283 1911 2347 emissum
1937 2287 2031 2346 est
2067 2301 2221 2347 con-

684 2388 976 2453 tinuatur
1004 2411 1019 2451 z
1056 2390 1227 2454 unde
1245 2389 1393 2454 solis
1418 2390 1751 2454 influentia
1776 2408 1906 2453 non
1934 2392 2028 2453 est
2047 2390 2221 2454 aliud

686 2515 885 2579 quam
917 2496 1306 2561 continuatio
1333 2498 1484 2561 dati.
1517 2497 1820 2562 Similiter
1839 2498 1908 2560 in
1931 2501 2134 2573 motu,
2159 2502 2223 2562 et

685 2602 755 2666 in
788 2621 925 2668 esse
953 2603 1047 2667 rei
1074 2604 1356 2684 mobilis,
1401 2604 1612 2687 aliqua
1639 2605 1989 2687 proprietas
2008 2605 2224 2668 habita

688 2710 1026 2789 amittitur,
1060 2710 1161 2774 vel
1197 2728 1329 2775 non
1355 2711 1571 2776 hahita
1596 2711 1981 2794 acquiritur3
2014 2712 2221 2775 sedin

688 2835 823 2882 esse
850 2818 945 2882 rei
976 2818 1335 2897 seviternae‚
1365 2819 1540 2901 quod
1580 2818 1790 2901 primo
1834 2819 2055 2883 datum
2088 2822 2218 2897 est,

685 2941 802 3005 per
832 2925 1205 2989 continuam
1232 2925 1341 2989 Dei
1365 2924 1765 2989 influentiam
1789 2924 2217 2997 continuatur.

686 3029 876 3095 Nulla
904 3033 1082 3096 enim
1114 3037 1402 3096 creatura
1432 3036 1526 3096 est
1567 3033 1828 3096 omnino
1862 3036 2076 3111 actm,
2107 3050 2224 3096 nec

685 3140 902 3222 aliqua
945 3143 1084 3223 eJus
1129 3141 1336 3206 virtus
1379 3163 1393 3203 2
1426 3141 1596 3205 unde
1636 3142 1937 3205 continue
1979 3141 2224 3222 indiget

684 3247 902 3311 divina
948 3248 1188 3312 virtute
1240 3253 1635 3329 cooperante.
1684 3247 1830 3311 Ideo
1852 3296 1869 3326 ‚
1923 3248 2040 3312 etsi
2088 3267 2223 3312 esse

686 3359 893 3419 totum
933 3356 1163 3419 habeat
1179 3403 1197 3428 ‚
1240 3358 1458 3418 tamen
1507 3353 2043 3419 continuationem
2088 3374 2222 3420 esse

686 3481 818 3526 non
846 3464 1037 3527 habet
1063 3466 1262 3526 totam
1288 3461 1481 3525 simul
1513 3483 1527 3525 :
1560 3465 1624 3532 et
1656 3462 1798 3526 ideo
1837 3467 1930 3526 est
1954 3463 2041 3526 ibi
2069 3482 2223 3528 suc-

688 3569 884 3633 cessio
925 3570 1064 3633 sine
1110 3569 1323 3649 aliqua
1372 3568 1787 3632 innovatione
1834 3569 2000 3632 circa
2046 3588 2182 3634 esse
2199 3617 2218 3648 ‚

687 3676 790 3737 vel
818 3676 1269 3757 proprietatem
1311 3675 1665 3739 absolutam
1698 3697 1713 3738 :
1744 3678 1957 3739 tamen
1992 3676 2084 3738 ibi
2129 3679 2225 3739 est

687 3801 844 3846 vera
882 3782 1272 3846 continuatio
1287 3830 1304 3860 ‚
1361 3787 1653 3865 respectu
1704 3785 1890 3865 cujus
1932 3787 2225 3847 creatura

687 3890 877 3953 habet
903 3908 1037 3953 esse
1061 3890 1337 3972 quodam
1364 3889 1550 3953 modo
1584 3889 1649 3951 in
1678 3890 1980 3971 potentia,
2012 3908 2086 3953 ac
2110 3907 2225 3972 per

687 3997 808 4060 hoc
837 3997 1027 4060 habet
1055 3997 1537 4061 successionem.
1580 3995 1744 4059 Deus
1771 3996 1971 4077 igitur
2007 3997 2183 4061 solus
2201 4044 2219 4075 ‚

687 4104 801 4186 qui
829 4107 921 4167 est
947 4108 1128 4167 actus
1143 4121 1348 4186 purus
1364 4152 1382 4181 ‚
1406 4108 1499 4167 oet
1520 4108 1666 4167 actu
1684 4103 1973 4167 infinitus
2002 4125 2017 4166 ε
2047 4108 2111 4168 et
2136 4108 2227 4167 to—

687 4215 827 4275 tum
866 4228 1035 4287 esse,
1089 4214 1154 4273 et
1196 4228 1378 4293 posse
1415 4210 1517 4274 sui
1555 4229 1723 4286 esse,
1773 4210 1967 4273 simul
2010 4211 2221 4274 habet.

686 4315 800 4379 His
828 4315 1013 4393 visis,
1056 4317 1208 4379 satis
1246 4316 1325 4380 de
1360 4316 1527 4379 facili
1567 4315 1908 4380 solvuntur
1954 4317 2220 4398 objecta.

768 4427 798 4486 1
828 4426 892 4486 et
922 4428 982 4487 Ξ.
1013 4422 1195 4499 Quod
1221 4422 1398 4486 enim
1425 4422 1726 4503 objicitur
1758 4422 1835 4486 de
1863 4422 2186 4504 praeterito
2203 4468 2222 4500 ,

689 4533 754 4593 et
776 4530 1024 4609 future,
1054 4531 1222 4594 etde
1248 4530 1552 4607 transitu3
1586 4529 1922 4593 dicendum
1948 4528 2227 4593 breviter

685 4638 857 4720 quod
885 4637 1264 4718 intelligitur
1289 4637 1368 4700 de
1394 4636 1529 4699 istis
1542 4683 1559 4713 ‚
1594 4640 1669 4700 ut
1702 4635 1924 4701 dicunt
1953 4637 2226 4702 varieta-

686 4748 839 4809 tem.

767 4855 827 4915 3.
870 4849 1048 4926 Quod
1076 4850 1178 4931 obj
1190 4851 1397 4926 icitur,
1431 4850 1603 4932 quod
1634 4868 1764 4913 non
1792 4850 2005 4913 differt
2046 4868 2184 4914 esse
2205 4898 2223 4928 ‚

686 4961 751 5020 et
776 4974 992 5039 posse3
1024 4956 1363 5021 dicendum
1384 4956 1555 5038 quod
1581 4973 1813 5020 verum
1831 4960 1924 5019 est
1942 4956 2020 5019 de
2045 4974 2228 5039 posse

686 5067 749 5126 et
792 5081 926 5127 esse
942 5110 962 5142 ,
995 5064 1166 5144 quod
1196 5082 1328 5128 non
1370 5062 1580 5128 differt
1596 5111 1613 5141 ‚
1656 5063 1720 5126 id
1759 5064 2052 5145 estquod
2097 5081 2229 5128 non

687 5168 917 5233 distat:
948 5177 1161 5235 motus
1192 5171 1365 5235 enim
1394 5175 1456 5235 et
1484 5175 1738 5252 tempus
1774 5171 1921 5233 facit
1945 5171 2174 5235 distare
2208 5193 2224 5234 ε

751 5334 767 5367 ¹
792 5333 929 5384 Istud
951 5336 1245 5399 exemplum
1270 5335 1455 5400 accipit
1480 5336 1682 5396 Scotus,
1712 5348 1764 5398 q.
1792 5347 1857 5397 11,
1883 5333 2002 5386 dist.
2030 5347 2094 5398 u,
2122 5335 2227 5385 ibi:

690 5401 788 5452 Cui
814 5405 1092 5467 respondet.

1787 427 2409 496 SENTENTIARUM
2449 427 2597 493 LIB.
2644 427 2724 492 11.

2320 564 2390 627 in
2415 562 2549 628 solo
2569 567 2784 627 tamen
2805 563 3046 626 aeterno
3061 578 3293 626 verum
3320 565 3415 626 est
3439 563 3608 645 quod
3633 569 3855 646 poten-

2321 671 2412 735 tia
2435 670 2697 734 omnino
2728 670 2808 733 sit
2833 672 2979 732 actu
2996 716 3014 746 ‚
3046 686 3178 732 non
3198 668 3269 732 in
3298 669 3511 752 aliqua
3534 675 3852 736 creatura.

2402 781 2464 841 4.
2498 776 2677 853 Quod
2708 775 3031 858 objicitur,
3069 774 3240 856 quod
3283 776 3652 842 substantiae
3698 779 3858 842 sim-

2322 885 2502 968 plicis
2542 883 2893 966 proprietas
2914 899 3046 946 non
3072 885 3277 964 potest
3300 901 3436 947 esse
3462 886 3851 968 composita3

2322 992 2661 1057 dicendum
2688 990 2862 1073 quod
2887 1007 3119 1053 verum
3145 993 3260 1068 est,
3291 990 3345 1053 si
3372 991 3481 1060 illa
3507 994 3864 1076 proprietas

2322 1093 2553 1164 habeat
2583 1097 3112 1180 compositionem
3139 1097 3418 1179 partium
3460 1100 3655 1164 simul
3683 1101 3863 1165 exis-

2324 1207 2598 1272 tentium
2647 1224 2665 1269 :
2710 1223 2887 1270 nunc
2944 1222 3077 1269 non
3125 1208 3217 1268 est
3257 1204 3375 1284 sic;
3420 1205 3554 1270 imo
3596 1207 3674 1271 de
3719 1225 3865 1273 aevo

2323 1332 2661 1397 nunquam
2686 1317 2781 1377 est
2805 1313 2929 1376 nisi
2957 1331 3167 1391 nunc,
3190 1312 3351 1377 sicut
3373 1318 3437 1378 et
3465 1314 3544 1378 de
3573 1319 3864 1398 tempore

2325 1422 2575 1486 dicitur.
2608 1419 2683 1484 Et
2709 1420 2797 1484 ita
2826 1420 2986 1483 bene
3025 1422 3231 1502 potest
3276 1438 3411 1485 esse
3447 1421 3516 1484 in
3544 1421 3858 1504 simplici,

2325 1533 2401 1592 ut
2429 1531 2501 1591 in
2525 1527 2871 1609 composito
2902 1547 2917 1589 ε
2949 1525 3119 1589 unde
3143 1529 3388 1591 tantam
3417 1529 3864 1606 extensionem

2325 1637 2520 1702 habet
2564 1635 2814 1700 duratio
2857 1634 3054 1698 unius
3099 1635 3287 1715 grani
3344 1636 3505 1700 milii
3520 1684 3539 1716 ‚
3587 1636 3757 1700 sicut
3808 1641 3870 1701 et

2325 1744 2524 1809 unius
2555 1742 2811 1806 muntia.

2408 1856 2468 1916 5.
2495 1851 2676 1929 Quod
2711 1850 3031 1933 objicitur,
3057 1850 3228 1933 quod
3252 1851 3430 1934 prius
3457 1853 3519 1915 et
3546 1851 3871 1933 posterius

2328 1959 2652 2024 reducitur
2694 1958 2775 2023 ad
2827 1974 3235 2039 permanens;
3301 1958 3645 2023 dicendum
3696 1957 3872 2040 quod

2327 2086 2558 2133 verum
2599 2072 2694 2132 est
2734 2066 2907 2149 quod
2951 2066 3033 2131 ad
3075 2083 3456 2149 permanens
3505 2066 3867 2144 reducitur;

2329 2181 2438 2245 sed
2463 2198 2596 2243 non
2631 2180 2876 2261 oportet
2902 2176 3073 2259 quod
3098 2176 3180 2241 ad
3220 2177 3400 2259 prius
3443 2182 3507 2242 et
3552 2178 3873 2260 posterius

2327 2303 2733 2369 per-manem.
2789 2282 3177 2366 Empyreum
3235 2284 3412 2347 enim
3462 2284 3873 2349 durationem

2328 2392 2521 2457 habet
2548 2394 2923 2457 aeviternam
2937 2439 2958 2469 ,
2998 2394 3062 2454 et
3088 2408 3274 2472 aeque
3301 2391 3576 2473 simplex
3615 2395 3714 2455 est
3731 2440 3749 2468 ,
3782 2391 3873 2454 si-

2328 2504 2437 2565 cut
2462 2500 2709 2564 duratio
2738 2497 2953 2580 angeli
2991 2516 3009 2562 ε
3043 2515 3201 2577 ergo
3240 2498 3422 2579 prius
3460 2502 3524 2562 et
3553 2499 3872 2580 posterius

2327 2608 2399 2670 in
2423 2608 2707 2690 partibus
2731 2603 3257 2689 permanentibus
3297 2621 3429 2668 non
3455 2604 3600 2668 facit
3625 2604 3868 2688 aliquid

2326 2714 2405 2778 ad
2434 2714 2577 2778 hoc.

2410 2824 2470 2884 6.
2516 2818 2696 2898 Quod
2734 2817 3037 2898 obiicitur
3061 2815 3140 2881 de
3178 2833 3350 2880 novo
3380 2819 3443 2879 et
3469 2817 3700 2893 veteri,
3733 2819 3874 2900 jam

2328 2930 2501 3009 patet
2532 2948 2548 2990 z
2577 2926 2730 3009 quia
2755 2924 2916 2987 nihil
2951 2926 3047 2987 est
3071 2923 3161 2986 ibi
3192 2922 3612 3001 alterationis;
3652 2930 3748 2988 est
3777 2929 3876 2988 ta-

2330 3052 2478 3098 men
2509 3034 2598 3097 ibi
2626 3036 3019 3097 crementum
3047 3030 3400 3094 durationis
3425 3030 3667 3114 absque
3693 3033 3873 3094 omni

2329 3142 2695 3206 alteratione
2768 3139 3075 3203 absolutae
3149 3137 3575 3220 proprietatis.
3631 3138 3873 3204 Verum

2329 3249 2502 3313 enim
2521 3253 2615 3312 oet
2634 3248 2844 3311 dicere
2867 3245 3039 3328 quod
3062 3263 3238 3310 nunc
3254 3245 3494 3309 diutius
3513 3246 3637 3310 fuit
3656 3247 3876 3311 anima

2333 3355 2498 3420 Petri
2547 3373 2743 3438 quam
2789 3354 3048 3436 quando
3098 3353 3169 3415 in
3215 3353 3490 3433 gloriam
3540 3353 3869 3433 introivit3

2330 3464 2440 3528 sed
2489 3469 2703 3527 tamen
2752 3478 2882 3525 non
2933 3460 3022 3524 ita
3071 3463 3167 3524 est
3212 3459 3380 3522 circa
3425 3458 3629 3523 Deum
3674 3477 3691 3522 z
3737 3480 3872 3526 non

2330 3570 2504 3635 enim
2528 3570 2770 3634 diutius
2796 3568 3050 3633 duravit
3074 3566 3284 3642 hodie,
3309 3584 3507 3648 quam
3534 3570 3680 3631 ante
3705 3568 3870 3632 heri.

2412 3680 2472 3738 7.
2507 3674 2688 3751 Quod
2718 3674 3014 3756 objicitur
3044 3673 3122 3737 de
3149 3673 3617 3754 expectatione3
3653 3675 3869 3739 dicen-

2331 3784 2488 3848 dum
2527 3781 2700 3864 quod
2739 3782 2902 3844 sicut
2932 3784 3028 3845 est
3065 3780 3379 3844 successio
3410 3798 3542 3844 non
3579 3800 3693 3863 per
3718 3783 3871 3847 novi

2332 3890 2841 3973 acquisitionem,
2872 3886 2981 3950 sed
3018 3905 3133 3969 per
3169 3887 3352 3969 prius
3383 3887 3512 3950 dati
3541 3888 3870 3954 continua·

2330 3999 2572 4063 tionem
2589 4044 2608 4073 ,
2651 3996 2742 4058 ita
2785 3995 2974 4058 etiam
3017 3999 3112 4058 est
3151 3994 3501 4077 expectatio
3543 4013 3677 4059 non
3717 3997 3872 4061 novi

2331 4103 2606 4169 habendi
2627 4149 2645 4177 ‚
2694 4101 2806 4165 sed
2850 4100 3344 4165 continuationis
3391 4101 3572 4183 prius
3614 4102 3814 4167 habiti
3851 4125 3866 4166 z

2332 4210 2504 4295 quod
2529 4209 2837 4291 quiajam
2862 4208 3099 4272 habent
3114 4255 3132 4283 ,
3157 4211 3221 4270 et
3247 4207 3404 4271 certi
3426 4213 3579 4271 sunt
3601 4227 3668 4272 se
3694 4209 3873 4273 habi·

2333 4324 2541 4394 turos,
2570 4318 2712 4382 ideo
2751 4316 2965 4399 potius
2997 4313 3231 4378 dicitur
3257 4313 3459 4379 tentio
3495 4318 3559 4378 et
3594 4333 3873 4398 compre·

2333 4426 2554 4491 hensio
2568 4472 2586 4502 ‚
2614 4442 2813 4507 quam
2847 4421 3202 4505 expectatio
3231 4443 3247 4486 :
3277 4426 3340 4486 et
3370 4423 3460 4486 sic
3487 4426 3658 4505 patet
3693 4423 3869 4488 illud.

2803 4661 3285 4732 ARTICULUS
3334 4662 3419 4730 Π.

2416 4856 2882 4938 Consequenter
2911 4852 3228 4935 quaeritur
3265 4851 3342 4916 de
3385 4868 3687 4916 mensura
3725 4852 3874 4915 sub-

2336 4963 2585 5028 stantiae
2621 4960 2964 5044 spiritualis
2989 4959 3058 5022 in
3084 4957 3560 5040 comparatione
3590 4960 3670 5023 ad
3697 4977 3870 5024 men-

2336 5089 2555 5135 suram
2592 5070 2685 5134 rei
2720 5067 3086 5151 corporalis.
3128 5065 3213 5130 De
3249 5084 3383 5148 qua
3416 5066 3542 5130 tria
3571 5084 3874 5148 quaerun-

2337 5184 2443 5242 tur
2479 5200 2493 5240 :
2532 5178 2814 5260 primum
2858 5178 2988 5251 aet,
3035 5178 3258 5239 utrum
3305 5192 3526 5238 aevum
3567 5175 3875 5258 praecedat

2341 5287 2591 5365 tempus
2611 5283 2827 5366 aliquo
2843 5281 3186 5365 prioritatis
3206 5298 3474 5360 genere3
3499 5282 3870 5361 secundum,

2340 5394 2564 5453 utrum
2586 5387 2753 5454 inter
2773 5407 2985 5457 aevum
3012 5393 3078 5453 et
3096 5392 3352 5471 tempus
3374 5388 3555 5455 cadat
3581 5407 3875 5453 mensura
