4125 6225
1118 372 1314 439 DIST.
1359 372 1492 439 VII.
1541 373 1771 440 PART.
1816 375 1867 441 1.
1910 375 2093 441 ΛΒΤ.
2139 376 2218 442 11.
2264 377 2559 455 QUAEST.
2598 378 2678 444 ll.

337 506 488 568 sunt
512 504 743 582 facere,
772 509 1032 589 propter
1055 507 1540 573 obstinationem
1566 510 1636 574 in
1661 510 1830 576 malo
1856 532 1875 575 ε

337 627 496 692 ergo
522 612 935 693 perdiderunt
958 614 1262 679 libertatis
1281 634 1500 681 usum.

419 722 481 781 3.
528 717 687 784 Item
722 720 920 786 libere
950 722 1112 787 velle
1133 771 1152 803 ,
1191 727 1255 788 et
1284 723 1636 788 necessario
1678 722 1841 788 velle
1856 771 1874 804 ,

338 830 491 892 sunt
517 828 803 910 opposita
832 830 982 894 :sed
1010 830 1330 895 daemones
1367 831 1723 897 necessario
1756 832 1878 896 ha-

338 935 493 1001 hent
538 935 773 999 malam
813 936 1207 1003 voluntatem
1254 962 1269 1003 τ
1319 958 1474 1022 ergo
1527 940 1878 1004 necessario

340 1043 569 1107 volunt
596 1044 839 1108 malum
867 1067 882 1108 ε
919 1064 1049 1109 non
1073 1065 1231 1128 ergo
1261 1047 1457 1112 libere
1488 1068 1504 1111 ε
1547 1047 1655 1111 sed
1682 1047 1879 1113 libere

336 1151 502 1215 velle
555 1157 649 1216 est
693 1170 848 1219 usus
890 1155 1198 1220 libertatis
1252 1180 1267 1221 ε
1317 1175 1475 1238 ergo
1527 1157 1881 1221 amiserunt

336 1258 645 1324 libertatis
669 1280 885 1326 usum.

419 1372 482 1430 4.
523 1368 680 1431 Item
726 1370 1072 1452 phrenetici
1117 1375 1180 1435 et
1223 1371 1432 1435 insani
1473 1390 1605 1437 non
1642 1372 1881 1436 habent

337 1474 644 1540 libertatis
672 1495 897 1558 usum,
926 1479 1230 1560 quoniam
1257 1479 1402 1561 plus
1428 1480 1495 1542 in
1534 1479 1624 1543 eis
1652 1484 1882 1561 regnat

340 1585 660 1666 appetitus
685 1586 1136 1667 phantasticus,
1160 1605 1357 1669 quam
1385 1587 1741 1651 rationalis:
1770 1587 1881 1651 sed

339 1692 410 1755 in
438 1692 839 1756 daemonibus
872 1696 965 1757 est
1000 1694 1180 1757 furor
1205 1693 1620 1771 irrationaIiS‚
1661 1713 1881 1760 amens

341 1800 849 1882 concupiscentia
864 1848 882 1879 ‚
940 1802 1274 1883 phantasia
1326 1806 1624 1884 proterva
1644 1851 1662 1883 ‚
1720 1804 1883 1867 sicut

341 1907 496 1972 dicit
529 1898 863 1989 Dionysius
885 1911 904 1945 ¹
948 1927 1144 1990 :ergo
1172 1910 1427 1975 videtur
1456 1909 1626 1992 quod
1652 1910 1882 1975 amise-

340 2020 499 2080 runt
514 2016 699 2079 liberi
722 2016 966 2080 arbitrii
990 2035 1204 2081 usum.

424 2126 484 2188 5.
538 2124 696 2187 Item
740 2125 960 2188 bestiae
1004 2144 1136 2189 non
1179 2124 1419 2189 habent
1462 2143 1658 2189 usum
1700 2124 1882 2190 liberi

341 2232 611 2311 arbitrii,
633 2233 787 2314 quia
803 2236 1148 2297 moventur
1165 2232 1519 2296 secundum
1536 2233 1876 2316 impetum:

340 2339 451 2403 sed
468 2338 754 2404 diabolus
779 2340 1009 2422 majori
1024 2340 1269 2423 impetu
1284 2343 1582 2405 movetur
1594 2341 1675 2405 ad
1691 2341 1882 2405 male—

338 2446 727 2527 faciendum,
758 2466 953 2530 quam
981 2448 1177 2511 bestia
1204 2466 1406 2530 :ergo
1424 2466 1558 2512 non
1584 2447 1775 2512 habet
1797 2448 1876 2531 (a)

338 2554 652 2619 libertatis
678 2573 894 2620 usum.
925 2555 1104 2633 Quod
1139 2559 1353 2620 autem
1383 2557 1610 2637 majori
1637 2556 1882 2638 impetu

343 2666 708 2742 moveatur,
742 2664 997 2727 videtur
1022 2664 1091 2726 in
1114 2663 1282 2727 libro
1311 2664 1652 2728 LXXXIII
1668 2664 1884 2736 Quoes-

342 2771 630 2848 tionum,
660 2770 814 2852 quia
846 2768 999 2834 dicit
1032 2770 1439 2851 Augustinus
1480 2788 1498 2833 ε
1549 2793 1580 2831 α
1620 2768 1883 2834 Videtur

338 2877 758 2941 ferocissimas
788 2877 1017 2941 bestias
1047 2878 1273 2941 timore
1300 2896 1635 2959 poenarum
1664 2896 1704 2941 a
1738 2895 1879 2941 ma-

342 2985 538 3050 xiinis
560 2985 993 3068 voluptatibus
1015 2985 1294 3048 abstrahi
1331 3002 1349 3048 ε
1381 3006 1411 3044 1>
1449 2983 1557 3048 sed
1588 2984 1884 3049 diabolus

339 3092 571 3156 timore
609 3111 818 3176 poenae
844 3110 977 3157 non
1003 3091 1260 3156 dimittit
1302 3090 1632 3174 superbire
1667 3110 1683 3155 ε
1725 3109 1882 3174 ergo

342 3202 572 3284 majori
599 3202 843 3285 impetu
869 3203 1068 3266 fertur
1102 3202 1172 3265 in
1208 3202 1452 3265 malum
1486 3224 1501 3265 ε
1531 3220 1723 3283 ergo,
1759 3207 1878 3266 etc.

82 3335 157 3378 Ad
194 3345 314 3389 opp.
426 3310 655 3374 Contra
691 3332 705 3373 ε
740 3310 813 3373 In
840 3327 1246 3392 quocumque
1274 3312 1368 3372 est
1396 3327 1551 3373 usus
1577 3309 1877 3389 rationiS,

345 3422 410 3481 et
430 3419 769 3500 appetituS,
803 3421 895 3484 est
919 3436 1076 3482 usus
1111 3418 1295 3481 liberi
1333 3417 1575 3481 arbitrii
1607 3439 1620 3480 :
1666 3419 1775 3483 sed
1814 3418 1883 3482 in

344 3526 743 3591 daemonibus
766 3529 859 3590 est
883 3544 1041 3590 usus
1061 3525 1344 3604 rationis,
1371 3526 1525 3609 quia
1550 3526 1885 3590 conferunt

342 3637 406 3696 et
434 3633 778 3716 disponunt
810 3656 825 3697 ε
858 3652 1036 3716 ergo,
1066 3637 1183 3697 etc.

426 3740 582 3805 Item
608 3741 694 3820 ei,
726 3741 895 3823 quod
923 3760 1052 3805 non
1071 3742 1264 3804 habet
1284 3758 1479 3803 usum
1503 3739 1685 3803 liberi
1711 3740 1883 3804 arbi-

340 3849 472 3925 trii,
507 3865 638 3912 non
658 3849 1018 3931 imputatur
1044 3847 1283 3930 aliquid
1310 3847 1480 3930 quod
1509 3847 1693 3911 faciat
1724 3870 1739 3912 :
1770 3849 1880 3913 sed

238 4029 255 4048 ·
340 3956 743 4020 daemonihus
760 3954 1086 4019 obstinatis
1103 3954 1291 4033 mala,
1310 3972 1459 4036 quae
1479 3954 1741 4034 faciunt,
1766 3956 1884 4019 irn-

339 4067 651 4147 putantur
685 4085 700 4126 t
728 4081 885 4143 ergo
916 4062 1153 4126 habent
1179 4080 1369 4124 usum
1404 4061 1585 4124 liberi
1614 4063 1880 4128 arbitrii.

425 4169 581 4234 Item
611 4171 893 4253 potentia
927 4168 1427 4251 incorruptibilis
1456 4188 1588 4232 non
1623 4170 1883 4251 alligata

340 4296 589 4359 organo
620 4295 871 4359 semper
898 4281 991 4340 est
1020 4276 1091 4338 in
1134 4292 1251 4339 suo
1288 4279 1435 4338 actu
1475 4279 1537 4337 et
1571 4295 1697 4338 usu
1727 4299 1742 4340 ε
1775 4278 1886 4342 sed

336 4388 616 4452 liberum
649 4387 983 4450 arbitrium
1008 4385 1075 4447 in
1104 4384 1502 4449 daemonibus
1528 4389 1622 4447 est
1648 4386 1885 4468 hujus-

341 4494 516 4558 modi
559 4515 573 4557 :
620 4512 777 4575 ergo
817 4493 994 4558 nullo
1036 4479 1225 4556 modo
1265 4495 1469 4574 potest
1513 4491 1806 4574 impediri
1847 4513 1887 4558 a

340 4620 464 4667 suo
490 4621 636 4666 usu.

427 4710 584 4773 Item
632 4709 796 4774 nihil
842 4708 1013 4790 quod
1066 4712 1363 4773 causatur
1404 4708 1485 4772 ab
1530 4726 1656 4773 usu
1703 4708 1885 4775 liberi

341 4816 615 4896 arbitrii,
636 4820 700 4880 et
724 4817 860 4880 siue
883 4816 991 4878 illo
1021 4833 1152 4879 non
1174 4817 1373 4896 potest
1391 4817 1659 4894 causari,
1682 4818 1886 4881 aufert

339 4924 528 4988 liberi
556 4923 798 4987 arbitrii
830 4941 1023 4988 usum
1055 4945 1070 4986 :
1105 4923 1213 4987 sed
1251 4922 1586 4987 obstinatio
1623 4927 1717 4988 est
1758 4924 1887 4989 hu-

335 5029 624 5113 Jusmodi
668 5052 683 5093 z
715 5047 871 5110 ergo
911 5028 1250 5094 obstinatio
1291 5047 1425 5092 non
1469 5030 1673 5093 aufert
1703 5030 1885 5095 liberi

345 5136 590 5201 arbitrii
614 5154 830 5200 usum.
865 5136 1078 5200 Prima
1108 5138 1278 5218 patet
1308 5151 1422 5217 per
1462 5154 1528 5200 se
1546 5185 1562 5214 ‚
1599 5138 1752 5219 quia
1790 5140 1885 5202 ef-

341 5246 545 5310 fectus
558 5245 853 5328 proprius
863 5263 995 5308 non
1012 5243 1279 5308 destruit
1295 5261 1574 5309 causam.
1593 5244 1885 5312 Secunda

417 5369 436 5402 ¹
460 5369 670 5433 Dionys.
692 5372 902 5434 Areop„
929 5369 991 5418 de
1015 5369 1125 5420 Div.
1154 5365 1379 5434 Nomia„
1409 5384 1453 5421 c.
1477 5382 1549 5435 ιν,
1578 5371 1632 5421 in
1651 5372 1789 5424 med.
1822 5399 1886 5410 —

3394 388 3516 448 405

1987 515 2160 596 patet
2179 561 2198 592 ,
2227 514 2382 596 quia
2409 513 2746 579 obstinatio
2772 518 2867 579 est
2890 533 2930 579 a
2965 515 3135 580 mala
3170 516 3518 584 voluntate.

2068 619 2226 683 Item
2241 622 2265 655 ³
2293 642 2308 684 ι
2337 620 2454 687 Per
2470 637 2613 703 quoe
2636 624 2784 704 quis
2801 628 3046 703 peccat,
3064 622 3235 690 debet
3250 626 3483 706 puniri
3500 644 3523 686 .-

1985 727 2094 791 sed
2135 727 2389 792 daemon
2431 728 2636 794 libero
2679 730 2940 794 arbitrio
2989 730 3269 812 peccavit
3300 753 3316 796 ε
3367 750 3524 815 ergo

1986 834 2223 916 inipso
2266 835 2448 899 debet
2483 837 2701 919 puniri
2754 860 2769 902 ε
2818 856 2975 920 ergo
3025 838 3280 904 daemon
3335 839 3527 906 habet

1983 940 2260 1005 liberum
2289 942 2624 1007 arbitrium
2654 964 2670 1008 :
2712 947 2777 1007 et
2816 948 3060 1009 constat
3103 945 3273 1028 quod
3309 947 3526 1030 ipsum

1984 1065 2116 1111 non
2147 1052 2242 1112 est
2262 1051 2538 1115 otiosum
2561 1074 2576 1116 ι
2607 1070 2765 1133 ergo
2787 1052 2978 1118 habet
3001 1054 3282 1139 aliquem
3305 1073 3521 1120 usum.

2526 1321 2981 1391 CONCLUSIO.

1984 1480 2232 1537 Liberum
2288 1480 2584 1538 arbitrium
2657 1480 2909 1538 doemonis
2957 1498 3060 1555 per
3107 1484 3527 1542 obstinationem

2055 1572 2271 1626 amittit
2297 1586 2448 1627 usum
2474 1572 2584 1635 sic,
2624 1571 2767 1642 quod
2799 1587 2907 1627 non
2929 1575 3108 1644 potest
3135 1575 3322 1630 elicere
3345 1579 3529 1631 actum

2057 1660 2370 1716 ordinatum
2396 1662 2458 1716 in
2476 1664 2666 1732 finem;
2699 1677 2808 1717 non
2828 1666 3006 1718 tamen
3025 1663 3370 1735 simpliciter,
3389 1664 3529 1735 quod

2056 1765 2165 1805 non
2193 1750 2357 1805 libere
2384 1751 2572 1806 eliciat
2608 1754 2788 1806 actum
2809 1765 2981 1807 suum.

2066 1908 2252 1991 Resp.
2294 1908 2372 1972 ad
2398 1909 2559 1991 Arg.
2591 1908 2940 1973 Dicendum
2966 1909 3136 1992 quod
3173 1909 3290 1973 etsi
3312 1910 3532 1974 multis

1986 2017 2194 2081 modis
2237 2016 2480 2081 dicatur
2536 2033 2694 2080 usus
2710 2064 2728 2096 ,
2781 2016 2945 2080 sicut
2992 2016 3284 2080 habitum
3331 2021 3427 2081 est
3460 2016 3530 2081 in

1987 2125 2195 2208 primo
2220 2126 2381 2190 libro
2408 2127 2462 2205 ⁸3
2498 2128 2715 2190 tamen
2735 2174 2753 2205 ‚
2785 2128 3101 2206 quantum
3137 2125 3218 2190 ad
3250 2143 3533 2208 praesens

1986 2234 2262 2313 sufficit,
2311 2233 2450 2297 dico
2502 2232 2672 2315 quod
2721 2250 2878 2296 usus
2920 2232 3193 2315 alicuius
3231 2234 3530 2316 potentiae

1986 2341 2215 2406 dicitur
2242 2340 2575 2422 dupliciter
2607 2358 2623 2403 ε
2671 2358 2804 2404 uno
2835 2340 3027 2404 modo
3068 2344 3246 2404 actus
3286 2341 3532 2407 elicitus

1987 2467 2027 2512 a
2051 2448 2361 2530 potentia;
2390 2447 2515 2511 alio
2543 2447 2732 2511 modo
2760 2450 2938 2511 actus
2968 2448 3215 2511 elicitus
3241 2467 3281 2512 a
3312 2452 3533 2531 poten-

1985 2555 2076 2619 tia
2105 2555 2184 2618 ad
2206 2573 2358 2618 eum
2377 2556 2595 2631 finem,
2626 2554 2706 2617 ad
2735 2572 2930 2635 quem
2952 2557 3067 2617 est.
3095 2552 3311 2619 Primo
3339 2556 3530 2621 modo

1987 2664 2282 2743 dicendo,
2311 2682 2469 2728 usus
2500 2662 2684 2727 liberi
2711 2663 2956 2727 arbitrii
2984 2667 3079 2726 est
3111 2664 3309 2729 libere
3333 2666 3526 2745 velle,

1988 2771 2123 2835 sive
2159 2770 2428 2851 eligere;
2474 2760 2754 2833 secundo
2785 2769 2974 2833 modo
3015 2787 3173 2834 usus
3217 2770 3399 2834 liberi
3425 2790 3533 2836 ar-

1986 2877 2161 2942 bitrii
2187 2880 2281 2940 est
2305 2877 2749 2942 rectitudinem
2791 2894 3044 2941 servare
3066 2926 3084 2958 ‚
3116 2879 3424 2960 quoniam
3452 2879 3531 2945 ad

1985 2985 2159 3048 illam
2197 2988 2312 3049 est.
2357 2985 2705 3049 Dicendum
2744 2987 2840 3049 est
2877 2984 3081 3065 igitur
3118 2985 3289 3066 quod
3327 2987 3530 3051 obsti-

1987 3091 2165 3156 natio
2210 3091 2612 3156 daemonibus
2657 3110 2789 3156 non
2833 3091 3039 3156 aufert
3077 3109 3271 3156 usum
3320 3092 3530 3176 primo

1988 3200 2201 3279 modo,
2233 3201 2386 3283 quia
2408 3199 2606 3265 libere
2631 3200 2881 3277 volunt,
2915 3200 3089 3282 quod
3122 3201 3382 3280 volunt3
3417 3204 3529 3268 sed

1988 3325 2184 3371 usum
2211 3308 2488 3372 secundo
2520 3307 2708 3371 modo
2737 3306 2845 3384 sic,
2877 3307 3031 3390 quia
3053 3325 3279 3371 eorum
3305 3313 3522 3392 poten·

1987 3415 2097 3491 tia,
2125 3415 2241 3478 etsi
2267 3415 2336 3477 in
2366 3417 2579 3479 actum
2597 3417 2802 3493 exeat,
2831 3432 2961 3478 non
2980 3414 3288 3479 tamenin
3315 3420 3530 3480 actum

1989 3526 2354 3591 ordinatum
2396 3526 2464 3589 in
2510 3526 2728 3589 finem.
2777 3525 3071 3589 Rationes
3112 3530 3327 3591 autem
3376 3546 3535 3610 pro-

1988 3632 2213 3697 bantes
2252 3632 2423 3716 quod
2465 3633 2790 3697 daemones
2829 3632 3074 3696 habent
3115 3635 3312 3698 usum'
3349 3635 3534 3699 liberi

1990 3741 2234 3804 arbitrii
2259 3741 2609 3824 procedunt
2634 3740 2711 3805 de
2733 3758 2859 3804 usu
2882 3741 3237 3806 secundum
3256 3742 3533 3824 primam

1990 3849 2203 3912 viam:
2240 3848 2409 3911 unde
2438 3846 2853 3912 concedendae
2881 3850 3051 3911 sunt.

2073 3960 2102 4018 1
2117 4001 2132 4016 .
2163 3955 2261 4018 Ad
2286 3954 2444 4018 illud
2471 3972 2628 4035 ergo
2651 3954 2822 4037 quod
2842 3954 3145 4035 objicitur
3166 3954 3248 4018 ad
3274 3954 3533 4037 opposi-

1990 4066 2133 4128 tum
2164 4064 2242 4127 de
2268 4062 2600 4141 Anselm03
2632 4061 2970 4126 dicendum
2998 4062 3168 4144 quod
3196 4062 3534 4127 Anselmus

1991 4176 2226 4240 diffinit
2247 4177 2522 4239 liberum
2544 4175 2881 4238 arbitrium
2905 4193 3019 4258 per
3043 4179 3260 4239 actum
3288 4174 3537 4239 ordina-

1989 4286 2132 4347 tum
2161 4283 2227 4346 in
2259 4283 2478 4361 finem,
2509 4283 2624 4366 qui
2650 4285 2744 4346 est
2769 4300 3025 4346 servare
3052 4281 3529 4359 rectitudinem;

1992 4393 2055 4453 et
2091 4390 2178 4453 ita
2204 4394 2519 4473 quantum
2548 4391 2627 4455 ad
2660 4408 2853 4453 usum
2881 4390 3157 4455 secundo
3183 4389 3371 4458 modo
3399 4388 3536 4454 dic-

1990 4500 2134 4561 tum
2167 4516 2183 4561 :
2214 4501 2277 4561 et
2304 4497 2480 4561 hunc
2513 4498 2819 4562 amittunt
2855 4497 2953 4562 dae
2961 4513 3177 4561 mones
3214 4496 3534 4561 obstinati.

2074 4609 2134 4667 2.
2161 4604 2260 4669 Ad
2294 4604 2450 4669 illud
2483 4606 2654 4689 quod
2692 4605 3020 4688 oincitur‚
3053 4603 3225 4687 quod
3267 4607 3541 4686 potestas

1991 4710 2294 4792 peccandi
2316 4727 2442 4773 non
2462 4714 2555 4774 est
2572 4711 2854 4787 libertas,
2883 4728 3003 4775 nec
3026 4727 3174 4793 pars
3194 4708 3533 4789 libertatis3

1993 4815 2333 4881 dicendum
2356 4817 2528 4899 quod
2548 4835 2778 4882 verum
2801 4821 2895 4881 est
2918 4838 2933 4881 ε
2957 4834 3291 4898 nunquam
3320 4818 3537 4879 tamen

1993 4927 2087 4988 est
2115 4923 2250 4986 sine
2276 4924 2565 4987 libertate
2584 4971 2600 5000 ‚
2636 4924 2801 4987 sicut
2835 4941 2954 4987 nec
2990 4939 3247 5005 peccare
3277 4926 3373 4985 est
3397 4921 3536 4986 sine

1992 5051 2118 5096 usu
2147 5033 2472 5113 libertatiS,
2503 5032 2637 5098 sive
2660 5032 2879 5097 liberae
2902 5029 3249 5095 voluntatis
3281 5051 3296 5093 :
3325 5030 3536 5094 omnis

1992 5139 2169 5202 enim
2198 5140 2312 5222 qui
2338 5143 2574 5222 peccat,
2612 5138 2807 5202 libere
2835 5137 2997 5202 vult.
3042 5136 3119 5200 Et
3147 5135 3291 5200 ideo
3332 5136 3536 5200 conti-

2052 5301 2077 5336 ¹
2098 5301 2237 5365 Sap„
2265 5314 2322 5352 xl
2338 5340 2357 5367 ,
2389 5304 2467 5352 17.
2488 5327 2550 5337 —
2566 5300 2588 5335 ³
2609 5299 2916 5362 Dist.xr.v1,
2941 5312 2994 5363 q.
3018 5311 3112 5362 1113
3141 5301 3194 5348 et
3213 5297 3346 5349 int'ra
3360 5335 3378 5362 ,
3413 5297 3530 5349 dist.

1992 5384 2135 5437 κων,
2161 5377 2256 5423 art.
2281 5378 2327 5436 1,
2356 5388 2408 5437 q.
2433 5383 2535 5424 1.-
2557 5371 2627 5437 (a)
2650 5371 2735 5422 Al.
2765 5370 2973 5421 habent.
