4125 6225
696 495 815 556 6⁴0

692 622 861 688 Deus
884 625 979 688 est
1009 622 1269 706 spiritus
1300 639 1523 706 purus,
1556 622 1820 688 omnino
1854 623 2234 708 impermix-

692 733 831 807 tus,
862 734 925 792 et
949 728 1379 811 independens
1404 748 1445 793 a
1468 730 1771 794 creaturis
1806 731 2138 809 omnibus;
2171 735 2236 796 et

692 835 835 900 haec
857 840 1272 919 repraesentat
1298 837 1627 919 angelicus
1651 838 1932 921 spiritus,
1955 840 2112 905 dum
2139 842 2234 902 est

693 963 733 1008 a
770 961 1034 1026 corpore
1075 945 1428 1009 secundum
1458 949 1674 1009 actum
1711 950 1775 1010 et
1812 945 2233 1028 aptitudinem

694 1055 1041 1133 separatus,
1071 1055 1133 1114 et
1157 1069 1272 1133 pro
1303 1054 1481 1115 tanto
1506 1050 1739 1115 dicitur
1776 1070 1912 1116 esse
1940 1052 2233 1117 subtilior

569 1144 578 1154 ⁸
690 1175 731 1220 a
760 1156 1088 1238 Gregorio,
1118 1156 1275 1221 etin
1294 1176 1370 1221 eo
1396 1157 1611 1238 imago
1635 1157 1985 1223 divinitatis
2007 1162 2103 1222 est
2124 1176 2235 1223 ex·

455 3221 586 3278 Resp.
602 3221 662 3264 ad

452 3296 619 3340 argum.
637 3286 661 3327 ³

465 3348 520 3392 nd
556 3359 662 3403 opp.

453 4723 581 4783 Καρ.
604 4726 661 4770 ad

448 4799 541 4844 arg.
560 4791 587 4830 6
605 4788 661 4831 ad

499 4862 605 4905 opp.

690 1265 1001 1348 pressior;
1032 1270 1096 1330 et
1120 1265 1210 1329 sic
1235 1268 1405 1348 patet
1430 1266 1601 1350 quod
1624 1270 1939 1348 quantum
1967 1268 2047 1333 ad
2077 1285 2233 1331 con-

691 1372 1079 1437 venientiam
1107 1373 1549 1455 proportionis»,
1571 1390 1720 1455 quae
1743 1378 1835 1437 est
1861 1373 1937 1439 de
1962 1374 2235 1439 essentia

691 1479 1024 1562 imaginis,
1050 1480 1218 1544 inter
1242 1479 1571 1544 hominem
1606 1486 1670 1544 et
1695 1480 2000 1563 angelum
2029 1485 2236 1562 potest

690 1605 824 1651 esse
854 1587 1221 1671 aequalitas3
1269 1593 1585 1670 quantum
1625 1606 1780 1655 vero
1816 1589 1897 1653 ad
1937 1588 2115 1653 illam
2147 1588 2228 1670 (α)

689 1710 838 1774 quae
862 1696 958 1757 est
980 1694 1058 1757 de
1083 1694 1244 1759 bene
1272 1712 1407 1759 esse
1427 1743 1445 1773 ‚
1475 1715 1543 1760 se
1570 1696 1809 1761 habent
1833 1696 1997 1762 sicut
2037 1715 2231 1761 exce·

688 1799 928 1879 dentia,
960 1803 1024 1863 et
1050 1818 1324 1865 excessa.

769 1905 870 1970 Ex
924 1905 1239 1988 praedictis
1289 1907 1491 1989 igitur
1551 1913 1723 1991 patet
1777 1910 2103 1992 responsio
2152 1910 2233 1974 ad

690 2013 1109 2095 quaestionem
1137 2015 1549 2096 propositam.
1582 2015 1742 2082 Cum
1776 2018 1951 2082 enirn
1985 2019 2233 2101 quaeri-

688 2124 798 2184 tur
841 2125 1064 2185 utrum
1110 2121 1558 2205 principalius,
1585 2126 1689 2188 vel
1730 2126 2118 2209 expressius,
2153 2127 2235 2189 sit

688 2228 908 2308 imago
937 2228 1048 2293 Dei
1074 2228 1143 2291 in
1168 2229 1401 2309 angelo
1423 2278 1441 2308 ,
1475 2248 1674 2312 quam
1701 2230 1770 2294 in
1810 2233 2059 2312 anima,
2093 2251 2233 2296 res-

689 2336 1103 2420 pondendum
1151 2335 1320 2419 quod
1378 2343 1700 2419 quantum
1742 2338 1824 2403 ad
1850 2338 2094 2421 aliquid
2140 2343 2237 2403 est

692 2460 877 2524 aeque
899 2441 1364 2525 principaliter;
1386 2448 1707 2525 quantum
1722 2444 1804 2509 ad
1821 2445 2080 2527 aliquid,
2102 2465 2237 2511 ma-

691 2550 794 2630 gis
840 2549 1299 2631 principaliter;
1342 2555 1661 2633 quantum
1704 2551 1784 2616 ad
1811 2551 2073 2634 aliquid,
2107 2552 2236 2616 mi-

692 2674 838 2733 nuS,
868 2655 1031 2719 sicut
1061 2655 1474 2739 explanatum
1506 2662 1601 2721 est
1631 2679 1645 2721 z
1674 2663 1738 2722 et
1767 2676 1880 2742 per
1908 2659 2030 2724 hoc
2066 2664 2238 2743 patet

687 2763 1014 2845 responsio
1042 2761 1122 2827 ad
1166 2762 1448 2827 rationes
1476 2763 1559 2827 ad
1596 2768 1935 2848 utramque
1962 2771 2231 2849 partem,

688 2886 837 2951 quae
865 2869 1216 2952 procedunt
1243 2871 1597 2934 secundum
1623 2871 1905 2936 diversas
1929 2872 2103 2952 viaS,
2135 2892 2235 2937 se·

689 2975 975 3041 cundum
1004 2996 1164 3059 quas
1181 2977 1515 3042 veritatem
1544 2983 1809 3061 possunt
1835 2980 2234 3062 concludere,

691 3083 847 3166 quia
876 3102 1009 3149 non
1031 3084 1267 3149 habent
1291 3087 1777 3170 oppositionem.

768 3191 867 3255 Ad
895 3192 1053 3257 illud
1092 3198 1309 3257 tamen
1341 3193 1515 3276 quod
1542 3194 1844 3277 objicitur
1887 3195 1967 3261 de
2001 3196 2237 3279 majori

690 3299 1053 3382 capacitate,
1078 3299 1199 3364 dici
1229 3306 1433 3383 potest
1453 3304 1623 3385 quod
1655 3323 1788 3369 non
1806 3305 2015 3387 cogit3
2040 3324 2240 3387 ange·

687 3404 793 3468 lus
818 3405 991 3470 enim
1017 3410 1429 3489 capacitatem
1464 3410 1690 3490 gratiae
1727 3411 1920 3476 habet
1954 3412 2022 3475 in
2058 3430 2239 3477 oom-

688 3513 1017 3596 paratione
1055 3515 1135 3579 ad
1163 3534 1452 3596 sursum,
1493 3516 1561 3580 in
1591 3537 1723 3601 qua
1762 3520 2238 3602 comparatione

688 3637 818 3683 non
845 3619 1091 3686 excedit
1111 3625 1410 3687 naturam
1437 3625 1670 3688 mentis
1698 3626 2025 3692 humanae.
2055 3627 2238 3705 Quod

692 3731 910 3792 autem
971 3734 1205 3795 natura
1257 3732 1548 3813 angelica
1608 3733 1856 3799 dicatur
1932 3736 2238 3802 excedere

687 3835 1060 3916 humanam,
1073 3837 1194 3901 hoc
1211 3843 1305 3902 est
1321 3839 1389 3902 in
1402 3840 1961 3922 comparationead
1979 3860 2233 3926 corpus,

687 3941 768 4006 ad
826 3943 998 4026 quod
1046 3962 1179 4007 non
1245 3944 1437 4008 habet
1488 3945 1962 4012 inclinationem
1995 3995 2014 4026 ,
2075 3949 2238 4014 sicut

687 4049 905 4114 anima
927 4073 942 4130 ;
965 4055 1030 4116 et
1052 4051 1195 4117 ideo
1220 4053 1545 4134 maJoritas
1561 4052 1888 4134 dignitatis
1910 4055 1978 4119 in
2002 4061 2237 4121 natura

686 4157 980 4239 angelica
1009 4161 1301 4242 respectu
1328 4160 1562 4224 animae
1591 4179 1725 4226 non
1750 4162 1900 4226 facit
1915 4163 1996 4227 ad
2015 4163 2237 4227 excel-

686 4261 947 4329 lentiam
969 4265 1292 4347 imaginiS,
1327 4266 1463 4332 sive
1484 4267 1656 4331 illius
1679 4269 2043 4351 capacitatis
2087 4287 2236 4353 quae

687 4372 782 4435 est
829 4370 898 4434 in
935 4375 1167 4436 natura
1211 4372 1518 4437 humanae
1569 4375 1801 4439 mentis
1818 4423 1836 4453 ,
1878 4377 2236 4443 secundum

689 4476 860 4559 quod
877 4476 1091 4542 anima
1113 4482 1211 4543 est
1231 4497 1434 4561 capax
1452 4480 1584 4547 Dei.
1615 4480 1917 4548 Similiter
1933 4502 2054 4550 nec
2075 4484 2236 4550 illud

689 4582 862 4664 quod
896 4584 1217 4667 sequitur,
1247 4586 1460 4668 cogit3
1494 4588 1645 4669 quia
1678 4592 1884 4672 major
1923 4591 2236 4657 vivacitas

690 4689 1017 4755 memoriae
1036 4691 1139 4757 vel
1159 4692 1600 4774 intelligentiae
1618 4696 1831 4778 potius
1849 4697 1996 4762 facit
2020 4698 2098 4762 ad
2126 4699 2235 4762 in-

690 4798 1046 4862 tensionem
1086 4798 1549 4880 similitudinis,
1580 4820 1775 4885 quam
1811 4804 1892 4868 ad
1930 4804 2236 4887 imaginis

688 4907 998 4987 majorem
1050 4907 1524 4987 expressionem
1582 4930 1597 4972 :
1656 4909 2007 4975 similitudo
2057 4914 2234 4977 enim

688 5014 972 5077 consistit
988 5013 1055 5076 in
1074 5014 1561 5097 proprietatibus
1577 5016 1992 5097 naturalibus,
2013 5018 2232 5102 imago

692 5138 849 5186 vero
893 5121 962 5183 in
991 5121 1242 5202 origine
1277 5125 1342 5185 et
1378 5122 1795 5188 habitudine:
1834 5127 1899 5188 et
1935 5127 2234 5207 quamvis

751 5281 769 5314 ¹
793 5280 871 5343 Cf.
898 5279 1042 5331 Alex.
1063 5281 1281 5346 Alensis,
1303 5296 1355 5345 p.
1377 5283 1441 5347 ll,
1466 5298 1515 5348 q.
1540 5293 1623 5348 ιν,
1646 5283 1838 5334 memb.
1863 5287 1916 5349 ἥς
1947 5286 2001 5338 S.
2021 5287 2230 5352 Thom.,

685 5363 737 5413 p.
759 5351 815 5412 1,
847 5365 900 5415 q.
919 5364 1011 5411 nv,
1037 5356 1210 5418 art.4;
1238 5354 1553 5419 Altisiodor„
1583 5356 1625 5407 11
1653 5355 1814 5419 Seni„
1839 5360 1987 5410 tract.
2021 5371 2093 5423 x,
2119 5373 2167 5411 c.
2187 5370 2231 5413 11

751 5454 823 5518 (α)
846 5454 968 5508 Cat.
990 5457 1113 5508 edit.
1140 5458 1243 5509 illa.

1823 485 2446 555 SENTENTIARUM
2482 487 2631 555 ΜΒ.
2676 488 2756 556 11.

2341 624 2641 708 potentiae
2665 623 2734 688 in
2761 620 3009 704 angelis
3034 621 3163 687 sint
3184 621 3561 700 vivaciores,
3589 639 3783 705 quam
3807 623 3885 690 in

2339 729 2706 808 animabus,
2752 734 2817 794 et
2856 728 3000 794 ideo
3032 728 3370 794 similiores
3405 728 3554 809 Deo,
3583 729 3885 795 eumdem

2341 839 2557 900 tamen
2581 837 2818 900 habent
2848 837 3138 901 ordinem
3159 883 3177 913 ,
3209 840 3274 901 et
3297 836 3764 913 habitudinem,
3794 836 3889 900 si·

2340 947 2449 1008 cut
2474 947 2803 1008 ostensum
2825 946 2920 1008 est
2934 961 3133 1026 supra
3164 966 3181 1009 ε
3208 944 3379 1008 unde
3398 943 3606 1024 magis
3627 944 3889 1026 proprie

2341 1049 2705 1116 conceditur
2755 1051 2925 1134 quod
2982 1051 3254 1132 angelus
3302 1050 3384 1115 sit
3438 1049 3564 1114 Deo
3618 1050 3885 1115 similior

2341 1175 2536 1240 quam
2561 1157 2781 1236 homo,
2812 1175 3013 1240 quam
3050 1158 3245 1241 possit
3273 1156 3532 1221 concedi
3558 1154 3731 1239 quod
3765 1174 3888 1220 an-

2341 1265 2527 1347 gelus
2551 1264 2633 1328 sit
2678 1266 2884 1345 magis
2925 1264 3148 1347 imago
3178 1286 3195 1331 :
3241 1267 3307 1329 et
3341 1264 3464 1330 hoc
3493 1264 3637 1331 vult
3677 1263 3887 1330 dicere

2340 1371 2685 1436 auctoritas
2713 1370 3028 1452 Gregorii.

2424 1478 2717 1543 Rationes
2750 1496 2904 1543 vero
2929 1477 3009 1542 ad
3042 1477 3405 1560 oppositum
3445 1477 3799 1560 procedunt
3822 1485 3887 1544 et

2341 1586 2730 1651 concludunt
2754 1586 2878 1668 maj
2887 1602 3065 1649 orem
3079 1585 3554 1668 expressionem
3570 1589 3886 1668 quantum

2340 1693 2421 1757 ad
2437 1693 2594 1758 illud
2609 1692 2779 1776 quod
2796 1696 2890 1758 est
2909 1693 3286 1758 accidentale
3306 1693 3604 1775 imagini,
3622 1698 3888 1776 excepta

2340 1800 2449 1864 illa
2486 1818 2635 1882 quae
2671 1797 2979 1863 fundatur
3011 1817 3204 1881 super
3234 1801 3474 1865 unione
3518 1817 3536 1862 ε
3577 1801 3659 1864 ad
3686 1819 3887 1884 quam

2339 1906 2683 1973 dicendum
2709 1905 2880 1989 quod
2913 1924 3046 1970 non
3074 1908 3269 1988 cogit,
3298 1925 3414 1989 pro
3441 1925 3518 1972 eo
3541 1908 3718 1990 quod
3739 1909 3889 1973 sub-

2340 2013 2573 2077 stantia
2597 2027 2747 2095 quae
2774 2017 2870 2077 est
2891 2014 3107 2077 minus
3132 2032 3335 2097 capax
3365 2014 3594 2096 gratiae
3624 2033 3738 2097 per
3762 2032 3886 2079 na·-

2341 2125 2575 2200 turam,
2600 2125 2804 2203 potest
2827 2121 2992 2186 effici
3014 2122 3223 2203 magis
3250 2141 3454 2206 capax
3476 2140 3590 2205 per
3602 2122 3887 2205 aliquam

2341 2230 2618 2310 gratiam
2641 2231 2842 2311 gratis
2868 2219 3082 2294 datam
3101 2277 3119 2307 ,
3158 2248 3308 2312 quae
3343 2231 3622 2314 disponit
3654 2235 3718 2294 et
3743 2247 3890 2295 am-

2342 2335 2497 2418 pliat
2537 2334 2951 2419 capacitatem
2993 2339 3245 2400 naturae
3291 2337 3373 2401 ad
3420 2336 3889 2418 susceptionem

2341 2440 2571 2522 gratiae
2624 2446 2882 2524 gratum
2921 2443 3227 2508 facientis.
3288 2441 3464 2509 Unde
3520 2449 3656 2509 esto
3715 2445 3891 2527 quod

2341 2551 2572 2611 natura
2597 2549 2889 2629 angelica
2926 2553 3090 2614 esset
3134 2549 3341 2632 magis
3384 2569 3586 2634 capax
3631 2551 3887 2633 gratiae,

2342 2673 2539 2737 quam
2559 2654 2849 2720 humana
2877 2662 3128 2736 natura,
3154 2657 3510 2722 secundum
3527 2658 3891 2723 naturalem

2341 2761 2694 2844 potentiam
2715 2811 2733 2842 ,
2769 2763 2935 2827 sicut
2960 2762 3214 2827 videtur
3257 2763 3712 2828 rationabiliter
3750 2783 3891 2830 esse

2342 2868 2733 2950 ponendum,
2762 2873 2838 2933 ut
2871 2873 3105 2934 natura
3128 2869 3418 2951 angelica
3451 2871 3532 2933 sit
3565 2870 3894 2936 excellen-

2342 2975 2488 3053 tior,
2517 2980 2581 3040 et
2602 2976 3033 3042 excellentiori
3063 2980 3313 3041 naturas
3349 2977 3655 3042 debeatur
3676 2980 3893 3044 excel·

2342 3083 2575 3148 lentior
2601 3084 2887 3166 potentia
2953 3088 3017 3149 et
3061 3084 3408 3168 capacitas;
3466 3086 3890 3152 nihilominus

2343 3195 2560 3256 tamen
2614 3208 2728 3275 per
2770 3192 3033 3275 aliquod
3085 3194 3331 3259 donum
3355 3243 3373 3275 ,
3418 3195 3725 3261 divinitus
3766 3194 3891 3261 sibi

2342 3297 2564 3363 datum
2589 3300 2811 3381 gratiS,
2835 3302 3042 3382 potest
3057 3300 3295 3367 elevari
3314 3303 3622 3385 capacitas
3646 3303 3890 3368 animae

2343 3423 2548 3488 usque
2587 3405 2668 3470 ad
2728 3407 3137 3489 capacitatem
3186 3409 3445 3490 angeli,
3484 3413 3548 3473 et
3607 3409 3891 3492 quodam

2344 3514 2534 3579 modo
2559 3515 2936 3598 ampliorem
2963 3539 2979 3578 ε
3001 3535 3153 3581 nam
3171 3517 3416 3582 donum
3437 3518 3663 3600 gratiae
3686 3519 3891 3600 gratis

2344 3624 2506 3689 datae
2525 3625 2803 3709 disponit
2826 3627 2906 3692 ad
2933 3629 3208 3710 gratiam
3225 3633 3485 3709 gratum
3507 3628 3844 3693 facientem
3866 3647 3886 3694 ε

2342 3732 2514 3795 etsie
2534 3734 2831 3816 possibile
2850 3740 2946 3800 est
2968 3735 3162 3800 fuisse
3179 3722 3248 3799 in
3271 3733 3538 3813 Christo,
3566 3740 3629 3800 et
3656 3735 3728 3801 B.
3745 3734 3890 3803 vir-

2344 3841 2499 3923 gine
2545 3864 2560 3907 :
2613 3848 2678 3909 et
2716 3846 2808 3911 sic
2861 3849 3078 3929 patent
3126 3846 3373 3929 objecta
3411 3847 3490 3913 ad
3542 3850 3894 3931 utramque

2341 3953 2618 4032 partem.

2858 4158 3215 4238 QUAESTIO
3256 4160 3337 4228 ΙΙ.

2344 4320 2439 4376 An
2493 4322 2675 4392 imavo
2725 4322 3096 4395 principalius
3142 4325 3219 4380 sit
3260 4327 3327 4381 in
3375 4340 3552 4397 mare,
3601 4341 3766 4400 quam
3821 4329 3890 4387 in

2962 4414 3188 4481 scamina
3210 4412 3250 4471 ¹.

2421 4589 2649 4656 Utrum
2676 4592 3086 4677 principalius
3116 4596 3198 4661 sit
3222 4595 3442 4680 imago
3466 4598 3537 4662 in
3574 4600 3885 4684 masculo,
3916 4625 4125 4674 rmum

2338 4716 2537 4782 quam
2577 4699 2646 4762 in
2682 4700 2977 4780 foemina;
3020 4706 3085 4767 et
3112 4704 3284 4786 quod
3313 4704 3440 4786 sic,
3467 4706 3742 4774 videtur.
3772 4707 3888 4775 Vir

2338 4810 2434 4871 aet
2466 4805 2684 4889 imago
2716 4812 2781 4872 et
2808 4808 3016 4890 gloria
3047 4810 3157 4875 Dei
3186 4830 3205 4875 ε
3234 4811 3376 4878 haec
3399 4819 3614 4879 autem
3629 4865 3647 4895 ,
3677 4821 3755 4882 ut
3778 4818 3888 4883 di·-

2337 4912 2425 4977 cit
2444 4912 2806 4996 Apostolus,
2834 4920 3083 4998 separat
3109 4917 3328 4982 virum
3351 4938 3391 4982 a
3412 4920 3682 4986 muliere
3706 4946 3721 4987 :
3760 4924 3889 5006 igi-

2337 5024 2445 5084 tur
2483 5024 2598 5085 aut
2644 5021 2877 5087 mulier
2920 5042 3053 5089 non
3092 5028 3190 5089 est
3225 5026 3444 5108 imago
3467 5076 3485 5108 ‚
3536 5033 3651 5095 aut
3690 5032 3749 5096 si
3790 5039 3889 5100 est

2336 5126 2579 5210 imago,
2615 5147 2749 5193 non
2775 5134 2871 5194 est
2899 5130 2989 5195 ita
3011 5150 3314 5215 expressa
3336 5134 3500 5199 sicut
3528 5139 3651 5202 vir.

2338 5255 2390 5303 et
2418 5264 2509 5317 1¹¹3
2538 5253 2709 5319 AEgid.
2734 5256 2905 5320 Rom„
2942 5256 2985 5305 ll
3011 5257 3171 5319 Sena,
3207 5257 3324 5308 dist.
3348 5270 3472 5324 xvr,
3508 5274 3562 5325 q.
3586 5273 3662 5327 11,
3696 5267 3793 5315 art.
3814 5267 3879 5329 23

2335 5324 2596 5390 Richard.,
2618 5328 2659 5376 ll
2677 5327 2837 5391 Sena,
2857 5328 2976 5379 dist.
2990 5340 3101 5389 ινῐ,
3115 5343 3167 5395 q.
3187 5341 3263 5393 νις
3290 5331 3470 5382 Thom.
3489 5332 3633 5400 Arg„
3654 5336 3695 5384 ll
3716 5334 3881 5399 Sem„

2336 5397 2455 5535 gis&
2471 5410 2579 5464 xvi,
2600 5413 2653 5464 q.
2670 5411 2709 5464 1,
2729 5405 2828 5452 art.
2843 5404 2908 5466 33
2937 5403 3115 5467 Steph.
3137 5403 3346 5471 Brulef„
3368 5405 3413 5456 11
3437 5405 3600 5472 Sena,
3620 5407 3882 5474 dist-xm,
