4125 6225
440 1367 647 1413 Fundm.

682 386 771 445 16

678 517 975 599 producit
1004 534 1106 581 res
1139 516 1459 581 ordinatas
1491 534 1508 579 z
1557 533 1714 597 ergo
1750 515 1913 580 sicut
1951 516 2215 599 ponitur

676 623 1003 705 pluralitas
1036 623 1106 686 in
1126 622 1284 687 ideis
1305 641 1388 686 ex
1416 621 1776 705 pluralitate
1807 624 2216 704 cognitorum

680 735 741 795 et
776 730 1129 795 ideatorum
1146 779 1165 810 ,
1211 730 1302 794 ita
1335 729 1520 795 debet
1577 729 1729 812 poni
1775 729 1930 795 ordo
1974 748 2058 794 ex
2104 747 2218 795 or-

679 837 846 901 dine.

757 949 817 1009 3.
849 945 1032 1021 Item,
1060 943 1177 1008 ubi
1205 946 1299 1009 est
1324 942 1676 1027 pluralitas,
1709 943 1844 1009 sive
1869 944 2210 1026 distincti0,

676 1058 792 1118 aut
834 1057 929 1117 est
967 1052 1123 1117 ordo
1139 1101 1158 1134 ,
1204 1055 1317 1116 aut
1357 1052 1740 1117 inordinatio
1778 1073 1797 1118 ε
1839 1053 1950 1118 sed
1979 1054 2050 1117 in
2087 1051 2214 1118 Deo

676 1179 808 1225 non
827 1159 994 1224 cadit
1022 1158 1426 1238 inordinatio,
1459 1177 1579 1224 nec
1604 1159 1893 1226 confusio
1918 1183 1932 1225 :
1957 1178 2117 1242 ergo
2145 1160 2216 1225 in

676 1265 805 1331 Deo
836 1265 1074 1330 habent
1097 1265 1413 1330 ordinem.

756 1374 986 1438 Contra
1016 1391 1035 1437 ι
1064 1372 1230 1438 ldeae
1265 1376 1417 1439 sunt
1458 1372 1674 1455 plures
1694 1420 1713 1451 ,
1759 1373 1912 1456 quia
1951 1391 2068 1457 per
2105 1391 2215 1440 eas

677 1481 843 1547 Deus
868 1481 1154 1546 distincte
1184 1481 1548 1563 cognoscit:
1579 1480 1688 1545 sed
1729 1480 1896 1546 Deus
1926 1498 2059 1545 non
2098 1500 2213 1546 co-

676 1588 927 1671 gnoscit
949 1606 1156 1653 unum
1180 1591 1323 1671 post
1347 1588 1552 1667 aliud,
1582 1589 1693 1654 sed
1718 1589 1938 1653 omnia
1973 1589 2208 1656 simul:

678 1714 838 1779 ergo
869 1695 1028 1761 ideae
1060 1695 1298 1762 habent
1330 1696 1401 1760 in
1439 1695 1567 1762 Deo
1600 1696 2015 1762 simultatem.

756 1804 913 1869 Item
928 1849 946 1884 ,
986 1804 1041 1868 si
1088 1807 1184 1869 est
1219 1803 1375 1869 ordo
1396 1853 1415 1884 ,
1469 1807 1583 1869 aut
1629 1821 1787 1885 ergo
1825 1803 2169 1887 prioritatis
2191 1852 2211 1885 ‚

674 1916 788 1978 aut
813 1911 1169 1994 dignitatis,
1193 1916 1308 1976 aut
1327 1910 1617 1993 originis.
1658 1909 1803 1976 Non
1827 1911 2173 1993 prioritatis
2188 1959 2207 1992 ,

672 2017 828 2099 quia
868 2021 1025 2082 tunc
1065 2020 1229 2082 esset
1269 2036 1404 2082 una
1440 2017 1584 2082 idea
1621 2017 1820 2082 altera
1864 2018 2209 2100 posterior,

672 2119 846 2202 quod
881 2124 975 2184 est
1017 2121 1474 2186 inconveniens
1512 2121 1759 2202 dicere;
1799 2138 1934 2198 non
1976 2122 2210 2187 nobili-

673 2227 819 2291 tatis
839 2276 858 2307 ,
899 2229 1053 2310 quia
1084 2230 1386 2311 quaelibet
1416 2229 1488 2293 in
1517 2229 1644 2293 Deo
1680 2233 1773 2293 est
1800 2247 2051 2294 summe
2093 2248 2209 2294 no-

672 2335 854 2414 bilis;
890 2354 1022 2400 non
1062 2337 1330 2419 originis
1354 2385 1371 2416 ,
1420 2337 1573 2420 quia
1611 2336 1665 2401 si
1712 2355 1848 2402 una
1889 2337 1968 2402 de
2011 2336 2211 2403 altera

671 2442 971 2522 oriretur,
1023 2446 1178 2507 tunc
1212 2448 1371 2508 esset
1406 2443 1498 2507 ibi
1546 2462 1698 2509 vere
1737 2443 2056 2509 distinctio
2102 2462 2208 2507 se-

672 2549 959 2613 cundum
981 2568 1121 2614 rem
1145 2568 1164 2614 1
1188 2568 1346 2634 ergo
1370 2550 1550 2615 nullo
1575 2551 1766 2616 modo
1786 2598 1805 2632 ,
1831 2555 1906 2615 ut
1928 2551 2206 2631 videtur,

670 2661 764 2721 est
789 2656 860 2719 in
882 2656 973 2721 eis
1000 2658 1176 2722 ordo,

755 2763 911 2829 ltem
937 2813 954 2844 ,
986 2765 1199 2830 omnis
1224 2765 1506 2830 infinitas
1546 2769 1659 2832 aut
1699 2767 1966 2832 omnino
1998 2767 2212 2851 privat

678 2872 967 2937 ordinem
982 2919 1001 2949 ,
1027 2875 1140 2937 aut
1166 2874 1328 2938 tollit
1358 2873 1810 2957 perfectionem
1841 2874 1923 2938 ab
1945 2875 2171 2941 ordine
2187 2925 2205 2957 ,

677 2980 831 3062 quia
878 2979 1038 3043 tollit
1074 2984 1311 3045 statum
1357 2984 1421 3045 et
1460 2980 2006 3065 complementum
2045 3005 2062 3048 :
2100 2983 2212 3048 sed

676 3087 747 3151 in
786 3086 949 3152 ideis
984 3090 1079 3152 est
1124 3086 1404 3153 infinitas
1426 3138 1445 3171 ,
1486 3092 1562 3155 ut
1596 3089 1811 3157 visum
1844 3094 1940 3155 cst
1973 3090 2047 3155 in
2086 3091 2209 3156 alio

676 3195 1070 3280 problemate
1106 3214 1124 3261 :
1159 3214 1316 3278 ergo
1349 3201 1461 3260 aut
1490 3197 1708 3262 nullus
1736 3198 1893 3262 ordo
1910 3246 1930 3280 ,
1977 3203 2092 3263 aut
2118 3200 2213 3263 in-

678 3304 1031 3387 completus
1078 3326 1095 3368 :
1156 3304 1267 3369 sed
1320 3322 1451 3369 non
1504 3304 1927 3388 incompletus
1977 3324 1995 3370 z
2050 3323 2212 3387 ergo

676 3411 918 3477 nullus,

1220 3605 1668 3675 CONCLUSIO.

679 3795 827 3851 Inter
846 3791 1002 3850 Idoas
1026 3791 1210 3848 nullus
1235 3794 1312 3848 eet
1333 3789 1459 3847 ordo
1475 3830 1492 3859 ,
1523 3807 1641 3848 cum
1662 3805 1776 3847 una
1800 3806 1910 3848 non
1933 3793 2011 3849 sit
2036 3792 2214 3849 altera

710 3885 901 3956 prior,
929 3881 1313 3964 nec-nobilior,
1342 3896 1438 3938 nec
1463 3896 1577 3937 una
1603 3883 1904 3952 oriqinetur
1940 3898 2009 3938 eae
2035 3883 2176 3939 alia.

690 4112 695 4117 .
762 4056 947 4140 Resp.
960 4055 1208 4138 adArg.
1222 4053 1570 4120 Dicendum
1581 4055 1777 4137 quod,
1795 4055 1959 4120 sicut
1971 4058 2214 4121 tactum

680 4164 870 4231 estin
892 4163 1268 4248 opponendo
1290 4211 1307 4242 ,
1335 4180 1469 4226 non
1491 4165 1588 4226 est
1611 4161 1767 4227 ordo
1791 4161 1859 4226 in
1888 4161 2047 4226 ideis
2078 4163 2214 4230 sive

679 4270 1031 4337 rationibus
1056 4269 1477 4352 cognoscendi
1504 4270 1584 4361 ad
1611 4269 1887 4335 invicem
1908 4318 1927 4350 ,
1964 4288 2084 4337 nec
2107 4288 2215 4334 se-

682 4380 965 4446 cundum
992 4379 1311 4461 originem
1335 4426 1352 4459 ,
1379 4396 1498 4443 nec
1521 4378 1874 4443 secundum
1900 4378 2215 4445 rationem

678 4488 1050 4573 prioritatis,
1079 4486 1186 4552 vel
1202 4486 1552 4568 dignitatis,
1584 4485 1832 4551 Habent
1855 4486 2095 4570 quippe
2117 4505 2217 4551 or-

680 4598 896 4663 dinem
924 4594 1083 4660 ideae
1109 4595 1191 4658 ad
1217 4594 1425 4658 ideata
1442 4642 1461 4673 ,
1490 4595 1601 4659 sed
1626 4594 1705 4658 ad
1729 4593 2006 4659 invicem
2031 4613 2164 4661 non
2192 4622 2208 4662 ε

681 4701 987 4785 quoniam
1005 4718 1124 4766 nec
1149 4703 1244 4764 est
1268 4719 1402 4766 una
1416 4700 1592 4784 prior
1614 4700 1833 4782 altera,
1858 4719 1977 4766 nec
2003 4704 2216 4785 poste-

1820 374 2441 446 SENTENTIARUM
2480 377 2628 448 LIB.
2676 380 2726 447 1.

2329 516 2476 581 ideo
2514 534 2647 580 non
2694 515 2955 599 ponitur
3006 514 3100 579 ibi
3134 515 3313 581 ordo.
3361 515 3442 581 Et
3455 517 3632 606 Aratio
3667 516 3868 602 hujus

2325 625 2421 686 est
2439 670 2457 702 ,
2492 622 2646 705 quia
2670 622 2834 686 ideae
2858 622 3079 686 dicunt
3111 625 3471 705 respectum
3514 623 3594 687 ad
3623 641 3725 688 res
3753 641 3866 688 co-

2324 730 2537 811 gnitas
2565 728 2643 794 de
2685 729 2931 794 ratione
2961 728 3061 792 sui
3092 727 3369 793 nominis
3401 751 3417 792 ι
3460 733 3524 793 et
3562 730 3715 812 quia
3740 730 3867 795 illae

2324 839 2476 900 sunt
2521 835 2766 919 plures,
2811 835 2954 900 ideo
3000 833 3159 899 ideae
3200 853 3283 899 ex
3327 834 3536 918 primo
3576 842 3866 919 respectu

2321 941 2607 1006 nominis
2633 941 2849 1025 plures
2884 943 3057 1006 sunt.
3104 940 3228 1006 Sed
3256 941 3412 1007 ordo
3439 942 3591 1006 dicit
3615 961 3867 1008 novum

2321 1053 2682 1132 respectum
2707 1052 2770 1113 et
2794 1067 3031 1114 novam
3059 1048 3523 1129 habitudinem,
3554 1069 3706 1114 cum
3733 1069 3870 1117 una

2321 1156 2463 1221 idea
2488 1159 2895 1240 comparatur
2914 1156 2995 1221 ad
3020 1155 3214 1221 aliam
3243 1177 3261 1222 t
3291 1159 3356 1220 et
3380 1157 3708 1240 quoniam,
3751 1157 3866 1223 illo

2321 1267 2612 1346 respectu
2638 1253 3116 1347 circumScripto
3141 1264 3257 1346 qui
3291 1269 3385 1328 est
3411 1264 3492 1328 ad
3516 1263 3761 1346 ideata,
3795 1265 3869 1328 in

2321 1370 2449 1436 Deo
2470 1370 2631 1436 ideae
2656 1371 3025 1453 simpliciter
3041 1374 3195 1436 sunt
3212 1389 3421 1437 unum
3443 1420 3463 1452 ,
3486 1389 3603 1437 nec
3628 1371 3870 1437 habent

2321 1477 2613 1542 ordinem
2635 1479 2716 1544 ad
2734 1479 3012 1544 invicem
3031 1500 3049 1557 ;
3073 1478 3215 1544 ideo
3230 1497 3365 1545 non
3390 1482 3490 1543 est
3511 1480 3870 1546 conceden-

2321 1585 2478 1651 dum
2508 1586 2681 1669 quod
2722 1586 2884 1652 ideae
2916 1586 3203 1654 habeant
3244 1587 3672 1671 pluralitatem
3710 1606 3868 1655 cum

2322 1694 2543 1759 ordine
2572 1695 2654 1760 ad
2677 1695 2983 1760 invicem.

2404 1808 2433 1865 1
2447 1850 2463 1866 .
2496 1802 2595 1868 Ad
2615 1803 2768 1868 illud
2796 1804 2970 1886 quod
2993 1803 3293 1887 objicitur
3312 1804 3483 1887 quod
3509 1805 3635 1870 alia
3654 1810 3717 1870 et
3739 1805 3869 1872 alia

2319 1912 2416 1974 est
2431 1910 2593 1987 idea,
2613 1911 2767 1993 quia
2788 1910 2951 1976 alius
2973 1914 3068 1976 est
3087 1910 3305 1991 homo,
3326 1911 3493 1977 alius
3511 1916 3607 1977 oet
3625 1931 3861 1996 equus,

2320 2021 2439 2083 etc.
2466 2040 2484 2097 ;
2516 2018 2859 2084 dicendum
2893 2020 3065 2102 quod
3087 2033 3222 2085 non
3249 2025 3343 2084 est
3366 2019 3591 2085 simile.
3624 2020 3865 2086 Simili-

2319 2126 2476 2191 tudo
2502 2126 2675 2191 enim
2693 2175 2713 2208 ,
2733 2145 2809 2192 eo
2833 2127 3006 2210 quod
3027 2126 3108 2192 ad
3133 2127 3407 2194 alterum
3429 2132 3864 2212 comparatur,

2318 2234 2510 2300 habet
2533 2234 2875 2317 distingui3
2908 2235 3018 2300 sed
3042 2253 3173 2299 non
3199 2235 3394 2300 habet
3415 2235 3741 2301 nobilitari
3778 2238 3866 2301 ab

2317 2342 2428 2407 illo
2450 2342 2530 2407 ad
2551 2344 2725 2425 quod
2749 2346 3183 2425 comparatur,
3205 2343 3328 2428 nisi
3345 2343 3582 2426 aliquid
3597 2344 3869 2428 recipiat

2318 2449 2400 2514 ab
2427 2451 2536 2515 illo
2567 2470 2586 2516 ε
2618 2455 2682 2515 et
2707 2450 3016 2536 quoniam
3043 2452 3187 2516 idea
3207 2452 3491 2516 hominis
3516 2451 3678 2515 nihil
3705 2453 3868 2517 reci-

2319 2549 2414 2633 pit
2433 2550 2515 2613 ab
2540 2550 2801 2615 homine
2824 2598 2842 2627 ,
2876 2568 2997 2614 nec
3022 2551 3166 2614 idea
3190 2550 3339 2633 equi
3363 2549 3446 2613 ab
3470 2567 3674 2632 equ03
3719 2547 3869 2615 ideo

2318 2679 2451 2725 una
2479 2680 2613 2726 non
2640 2662 2871 2727 dicitur
2895 2662 3096 2727 altera
3119 2661 3418 2727 nobilior.

2400 2773 2466 2833 2.
2504 2769 2603 2834 Ad
2642 2768 2798 2834 illud
2823 2769 2996 2852 quod
3033 2769 3333 2852 objicitur
3359 2767 3532 2852 quod
3559 2767 3727 2833 Deus
3751 2787 3864 2833 co-

2320 2876 2569 2958 gnoscit
2584 2893 2686 2941 res
2707 2876 3051 2953 ordinatas,
3081 2876 3419 2941 dicendum
3440 2877 3611 2959 quod
3634 2894 3866 2959 quam-

2320 2984 2418 3050 vis
2466 3003 2569 3050 res
2618 2984 2942 3050 ordinatas
2986 2987 3362 3067 cognoscat,
3409 2988 3622 3049 tamen
3668 2984 3865 3048 simul

2321 3095 2385 3156 et
2422 3109 2608 3176 aeque
2648 3091 2945 3157 nobiliter
2979 3091 3307 3174 cognoscit
3336 3112 3352 3155 t
3383 3094 3448 3156 et
3486 3089 3660 3173 ideo,
3696 3091 3865 3157 sicut

2319 3200 2675 3280 ponebatur
2700 3198 3013 3264 distinctio
3037 3200 3110 3263 in
3144 3198 3302 3264 ideis
3321 3246 3341 3280 ,
3371 3198 3526 3281 quia
3568 3198 3865 3265 distincte

2320 3323 2436 3388 per
2463 3324 2571 3371 eas
2601 3306 3048 3388 cognoscebat,
3072 3306 3162 3371 ita
3184 3305 3369 3370 debet
3389 3306 3542 3388 poni
3566 3306 3864 3371 simultas

2321 3415 2386 3477 et
2410 3414 2675 3497 aequalis
2700 3414 3019 3496 nobilitas,
3048 3415 3204 3498 quia
3230 3414 3424 3479 simul
3445 3418 3508 3478 et
3527 3432 3715 3496 aeque
3741 3432 3867 3481 no-

2321 3520 2532 3585 biliter
2554 3522 2876 3604 cognoscit
2898 3543 2914 3584 z
2945 3524 3008 3585 et
3033 3521 3126 3585 ita
3145 3539 3277 3585 non
3295 3520 3480 3585 debet
3497 3521 3646 3604 poni
3677 3522 3860 3588 ordo.

2322 3620 2502 3688 Sicut
2525 3624 2699 3690 enim
2723 3624 3020 3707 quamvis
3052 3623 3219 3689 Deus
3243 3628 3584 3705 cognoscat
3616 3643 3721 3689 res
3760 3626 3862 3691 al·-

2322 3728 2458 3809 baS,
2483 3749 2614 3795 non
2635 3736 2785 3797 sunt
2807 3730 2971 3796 ideae
2995 3730 3158 3796 albae
3180 3731 3252 3795 in
3269 3730 3395 3795 Deo
3418 3750 3436 3811 ;
3454 3731 3544 3795 sic
3558 3733 3863 3814 quamvis

2323 3843 2667 3921 cognoscat
2691 3838 3010 3905 ordinatas
3034 3885 3054 3919 ‚
3082 3857 3215 3904 non
3249 3842 3498 3922 oportet
3522 3839 3698 3923 quod
3734 3841 3864 3906 sint

2323 3946 2394 4011 in
2419 3945 2547 4011 Deo
2573 3947 2904 4013 ordinatae.

2404 4058 2464 4119 3.
2493 4054 2593 4119 Ad
2633 4053 2791 4120 illud
2832 4053 3006 4138 quod
3048 4053 3346 4138 objicitur
3390 4054 3566 4137 quod
3607 4054 3726 4120 ubi
3766 4060 3865 4123 est

2321 4163 2652 4246 pluralitas
2674 4163 2814 4227 sine
2841 4163 3062 4227 ordine
3077 4210 3096 4243 ,
3145 4165 3241 4227 est
3265 4163 3549 4229 confusio
3590 4166 3654 4228 et
3680 4164 3859 4230 inor-

2321 4271 2562 4337 dinatio
2587 4292 2604 4349 ;
2655 4269 2997 4335 dicendum
3036 4270 3209 4354 quod
3251 4269 3483 4334 falsum
3525 4275 3652 4352 est,
3701 4272 3860 4356 quia

2322 4382 2526 4464 potest
2551 4378 2643 4443 ibi
2672 4396 2808 4443 esse
2832 4377 3122 4443 simultas
3164 4400 3179 4443 :
3212 4381 3275 4443 et
3312 4378 3402 4443 sic
3441 4383 3536 4443 est
3574 4378 3644 4444 in
3672 4380 3852 4447 ideis.

2321 4485 2437 4550 Vel
2461 4485 2801 4550 dicendum
2840 4484 3012 4569 quod
3053 4484 3211 4549 illud
3237 4483 3430 4549 habet
3457 4485 3673 4551 locum
3695 4535 3714 4568 ,
3743 4489 3855 4554 ubi

2322 4596 2418 4659 est
2450 4592 2784 4675 pluralitas
2823 4591 3012 4656 realis
3042 4612 3058 4655 ε
3088 4610 3222 4657 non
3254 4595 3350 4656 est
3374 4595 3592 4657 autem
3619 4593 3760 4660 talis
3784 4595 3855 4663 in

2320 4701 2478 4767 ideis
2504 4721 2522 4782 ;
2552 4701 2706 4785 quia
2731 4718 2955 4765 omnes
2991 4718 3202 4766 unum
3228 4705 3381 4766 sunt
3413 4718 3431 4765 ε
3464 4705 3529 4767 et
3553 4702 3697 4769 ideo
3723 4721 3854 4768 non

679 4811 848 4890 rior3
870 4828 990 4879 nec
1014 4812 1109 4874 est
1138 4828 1267 4875 una
1284 4808 1367 4873 ab
1383 4808 1530 4887 alia,
1551 4826 1670 4873 nec
1692 4808 1966 4874 nobilior
1992 4811 2089 4875 est
2114 4830 2132 4874 ι
2154 4811 2219 4874 et
2323 4813 2690 4893 potestesse
2724 4807 3124 4874 inordinatio.
