4125 6225
914 510 1110 581 DIST.
1141 450 1580 579 v111.7PART.
1624 509 1673 575 1.
1716 505 1896 577 ΛΒΤ.
1939 504 2018 573 11.
2064 505 2364 586 QUAEST.
2407 502 2462 574 l.

157 657 252 719 est
267 652 500 732 simile,
524 651 678 736 quia
699 668 834 715 non
854 650 1047 715 babet
1069 650 1206 715 vim
1231 645 1693 713 administrati-

154 778 305 825 vam
324 806 344 840 ,
377 778 495 825 nec
521 776 714 824 usum
739 756 1222 822 administrandi
1264 777 1281 820 ε
1312 758 1377 819 et
1403 754 1545 818 ideo
1577 770 1697 845 nec

156 885 387 951 corpus
412 866 708 945 assumit,
738 884 856 930 nec
882 864 1116 929 habere
1142 863 1326 929 debet
1348 859 1698 946 potentiam

155 975 544 1040 assumendi.

234 1087 299 1146 2.
330 1082 426 1146 Ad
452 1081 612 1145 illud
633 1080 808 1164 quod
834 1079 1134 1163 objicitur
1157 1076 1330 1161 quod
1372 1074 1697 1158 proportio

154 1190 252 1253 est
289 1188 675 1253 assumentis
693 1236 711 1265 ,
747 1190 912 1263 etc.;
962 1185 1302 1250 dicendum
1334 1183 1509 1267 quod
1549 1199 1702 1265 pro-

155 1296 366 1378 portio
410 1295 755 1360 attenditur
791 1299 857 1359 et
895 1293 1221 1359 invenitur
1260 1291 1350 1355 ibi
1391 1308 1507 1374 per
1546 1308 1698 1355 eum

153 1403 450 1481 modum,
474 1421 587 1486 per
612 1420 809 1485 quem
835 1405 931 1465 est
951 1399 1320 1484 assumptio.
1341 1398 1502 1462 Cum
1523 1398 1701 1463 enim

155 1528 293 1574 non
320 1514 684 1577 assumatur
709 1511 782 1575 in
806 1510 1117 1575 unitatem
1141 1513 1412 1588 naturae,
1436 1527 1570 1574 non
1595 1526 1702 1572 re—

155 1618 441 1700 quiritur
461 1619 637 1702 quod
661 1618 743 1683 sit
769 1619 859 1683 ibi
895 1616 1218 1701 proportio
1258 1616 1422 1682 sieut
1459 1617 1698 1698 perfec-

155 1724 355 1790 tionis
387 1727 470 1790 ad
514 1726 934 1810 perfectibil03
982 1724 1093 1789 sed
1135 1724 1367 1788 suffieit
1407 1723 1581 1807 quod
1621 1723 1703 1787 sit

156 1833 486 1915 proportio
512 1834 675 1898 sieut
698 1833 962 1897 motoris
985 1831 1066 1896 ad
1091 1831 1346 1895 mobile.

244 1943 307 2003 3.
332 1940 429 2004 Ad
449 1940 608 2005 illud
630 1940 802 2023 quod
823 1940 1160 2022 quaritur,
1186 1943 1408 2003 utrum
1430 1955 1693 2021 compe·

159 2052 255 2113 tat
304 2048 535 2129 angelo
579 2049 814 2112 habere
859 2064 1092 2131 corpus
1108 2094 1127 2126 ,
1169 2050 1332 2126 etc.;
1364 2046 1701 2113 dicendum

159 2154 334 2237 quod
359 2155 662 2237 competit
694 2154 931 2219 habere
967 2171 1196 2236 corpus
1228 2158 1305 2218 ut
1344 2154 1703 2220 voluntarie

158 2268 568 2346 assumptum
614 2263 697 2329 ad
733 2262 1188 2347 complendum
1234 2262 1662 2328 ministerium
1679 2311 1698 2342 ,

154 2372 271 2436 sed
297 2390 429 2437 non
456 2371 755 2455 competit
781 2371 863 2435 ad
888 2389 1082 2437 suum
1105 2388 1240 2436 esse
1268 2372 1655 2455 completum
1681 2395 1697 2437 ε

155 2478 305 2543 idco
343 2498 465 2544 nee
488 2478 767 2544 carentia
792 2485 1057 2560 generat
1091 2479 1516 2561 indigentiam
1535 2528 1554 2559 ,
1583 2497 1702 2554 nee

154 2586 509 2668 assumptio
538 2589 804 2668 generat
826 2585 1274 2650 indecentiam.

239 2697 304 2756 4.
358 2693 456 2756 Ad
479 2692 637 2756 mua
675 2691 847 2775 quod
867 2691 1216 2774 quaeritur,
1252 2695 1510 2776 propter
1545 2693 1704 2775 quid
1813 2750 1817 2755 .

156 2800 453 2876 assumit,
482 2805 706 2864 utrum
731 2803 989 2883 propter
1017 2798 1291 2883 aliquid,
1316 2799 1422 2865 vel
1447 2805 1704 2882 propter

154 2906 364 2988 nihi13
395 2907 736 2973 dicendum
765 2907 934 2990 quod
961 2908 1219 2990 propter
1246 2906 1507 2990 aliquid,
1537 2907 1706 2971 sicut

157 3014 547 3096 praedictum
569 3019 666 3079 est
709 3036 724 3078 ε
767 3013 927 3078 illud
961 3017 1181 3078 tamen
1200 3060 1219 3091 ,
1246 3017 1504 3096 propter
1529 3014 1704 3097 quod

159 3122 469 3202 assumit,
511 3140 645 3187 non
689 3120 933 3204 perficit
967 3139 1082 3203 per
1121 3139 1356 3204 corpus
1387 3125 1702 3205 tanquam

156 3230 382 3295 anima
417 3247 532 3312 per
571 3245 803 3311 corpus
831 3228 1167 3310 proprium
1188 3277 1206 3308 ,
1247 3229 1361 3294 sed
1394 3233 1703 3312 tanquam

155 3337 397 3401 artifex
439 3352 556 3418 per
597 3335 1101 3400 instrumentum
1147 3353 1165 3398 ε
1209 3339 1273 3400 et
1314 3335 1458 3401 ideo
1477 3385 1496 3417 ,
1541 3336 1705 3402 sieut

153 3442 668 3508 instrumentum
711 3459 826 3525 per
860 3441 1033 3525 quod
1068 3440 1212 3525 quis
1249 3445 1535 3508 meretur
1570 3462 1704 3509 non

150 3552 614 3614 remuneratur
629 3597 650 3630 ,
676 3548 767 3613 sie
798 3566 919 3616 nec
954 3566 1186 3638 eorpus
1212 3550 1295 3616 ab
1332 3551 1564 3634 angelo
1599 3570 1706 3617 as-

151 3660 521 3741 sumptum.

237 3768 309 3828 δ.
341 3764 455 3832 Ad'
480 3762 640 3827 illud
671 3761 849 3845 quod
886 3760 1214 3844 obiicitur,
1251 3764 1423 3847 quod
1457 3766 1572 3830 ubi
1601 3770 1706 3831 est

145 3871 519 3955 assumptio
539 3919 557 3951 ,
588 3869 773 3934 debet
798 3887 933 3934 esse
958 3869 1118 3934 unio
1154 3869 1224 3933 in
1263 3889 1533 3954 persona
1551 3921 1571 3954 ,
1599 3873 1707 3939 vel

149 3981 230 4045 in
254 3986 532 4060 'natura3
563 3977 904 4043 dicendum
940 3977 1113 4062 quod
1150 3979 1283 4042 non
1322 3980 1708 4047 sufficienter

149 4086 432 4167 dividit,
480 4086 634 4169 quia
672 4085 866 4150 homo
914 4084 1180 4148 assumit
1222 4086 1704 4170 vestimentum,

150 4217 320 4263 cum
349 4215 418 4261 se
451 4195 692 4274 induit;
729 4211 860 4257 non
893 4196 1109 4258 tamen
1135 4194 1278 4258 unit
1314 4195 1434 4259 sibi
1465 4196 1533 4260 in
1561 4216 1711 4280 per-

146 4323 361 4381 sona,
385 4321 508 4368 nec
539 4302 612 4368 in
641 4305 874 4366 natura
908 4322 926 4365 t
953 4300 1068 4365 sed
1094 4301 1253 4368 illud
1278 4302 1493 4370 locum
1518 4305 1711 4372 habet

143 4413 230 4477 in
251 4411 375 4475 illa
395 4408 833 4492 assumptione
860 4408 929 4471 in
963 4426 1091 4491 qua
1112 4413 1207 4474 est
1229 4411 1386 4476 unio
1411 4414 1704 4496 perfecta,

144 4518 380 4603 qualis
391 4521 487 4581 est
505 4533 656 4581 cum
674 4514 782 4580 Dei
797 4513 997 4580 Filius
1004 4518 1349 4601 assumpsit
1358 4520 1708 4587 humanam

143 4630 497 4692 naturam.
528 4622 627 4688 Ex
663 4621 982 4706 praedistis
1018 4624 1221 4706 igitur
1245 4630 1417 4709 patet
1438 4631 1709 4710 quaestio

145 4732 519 4818 proposita,
533 4735 599 4796 et
613 4730 1279 4818 responsioadobjseta
1293 4756 1311 4813 3
1329 4740 1499 4818 patet
1513 4738 1709 4803 etiam

144 4859 289 4925 pro
311 4842 557 4921 quanto
572 4837 802 4904 dieitur
823 4838 1096 4920 angelus
1113 4857 1345 4922 corpus
1360 4860 1706 4927 assumere,

143 4947 328 5031 qnia
371 4963 507 5010 non
541 4944 756 5009 solm
797 4950 1055 5027 propter
1097 4945 1220 5010 hoc
1247 4948 1422 5030 quod
1457 4957 1712 5017 moveat

137 5054 270 5121 vel
299 5058 605 5135 operetur
635 5051 875 5134 aliquid
913 5051 1082 5115 cirea
1113 5070 1381 5135 corpus3
1405 5056 1521 5121 sed
1553 5057 1712 5140 quia

137 5159 332 5227 illud
355 5157 812 5241 accipitadse,
839 5162 912 5222 ut
945 5157 1017 5222 in
1041 5157 1151 5223 illo
1173 5165 1506 5244 operetur,
1537 5165 1711 5232 utin

211 5296 244 5332 ί
271 5295 366 5357 Os.
391 5294 534 5345 Alex.
561 5293 784 5358 Mensis,
807 5306 864 5357 p.
887 5292 932 5343 ss
951 5330 967 5356 ,
1003 5307 1054 5358 q.
1075 5305 1263 5359 nnv,
1295 5298 1485 5349 memb.
1508 5300 1537 5349 3
1567 5302 1619 5350 et
1644 5301 1673 5351 4
1688 5316 1706 5365 3

141 5371 209 5422 S.
232 5368 457 5430 Thom„
490 5366 528 5415 ΙΙ
558 5366 717 5428 Seni„
737 5363 857 5415 dist.
877 5375 991 5428 vm,
1012 5379 1063 5429 q.
1083 5377 1122 5432 1,
1147 5373 1244 5417 art.
1261 5370 1290 5417 3
1302 5383 1322 5432 3
1344 5370 1515 5435 AEgid.
1535 5372 1707 5437 Rom„

141 5444 195 5493 11
234 5441 416 5500 Sena,
457 5437 578 5488 dist.
602 5447 725 5500 vm,
763 5449 815 5500 q.
840 5447 897 5501 1,
929 5440 1027 5486 art.
1051 5441 1109 5500 2,
1146 5437 1704 5507 dub.1;Ricba1-dus‚

143 5514 196 5564 n
230 5512 413 5573 Serti„
438 5507 560 5560 dist.
577 5515 690 5570 vm,
713 5520 765 5571 q.
783 5516 867 5570 1v3
891 5505 1022 5558 Guil.
1046 5508 1299 5574 Vorilon„
1326 5510 1372 5561 11
1395 5511 1557 5577 Seni„
1583 5514 1704 5566 dist·

3224 498 3346 568 438

1808 643 1917 708 illo
1951 644 2396 708 manifestetur
2409 691 2428 722 ,
2461 646 2537 706 ut
2557 643 2628 705 in
2658 641 2770 707 illo
2792 643 3206 705 conversemi-
3234 660 3253 702 e
3280 641 3348 703 et

1807 750 1962 832 quia
1995 752 2067 814 in
2102 750 2210 817 illa
2249 751 2392 831 conj
2400 748 2698 813 unctione
2716 795 2735 827 ,
2773 747 2911 812 sive
2950 745 3345 829 acceptione,

1809 875 2039 940 corpus
2098 858 2309 940 potius
2367 856 2656 939 sequitur
2724 854 2986 920 modum
3040 853 3300 937 spiritus
3325 900 3346 933 ,

1809 983 2006 1048 quam
2031 984 2070 1028 e
2109 982 2414 1032 converso
2432 1012 2449 1042 ,
2478 963 2631 1046 quia
2656 963 2739 1029 ab
2775 963 2885 1027 illo
2909 962 3254 1038 formatur,
3288 964 3353 1027 et

1810 1076 2223 1138 conservatur
2237 1119 2256 1151 ,
2308 1077 2373 1137 et
2422 1072 2704 1154 regitur3
2763 1071 2908 1137 ideo
2957 1069 3229 1152 angelus
3251 1046 3353 1134 ‘se

1810 1183 2002 1248 habet
2046 1183 2118 1246 in
2169 1182 2412 1248 ratione
2472 1181 2854 1247 assumentis
2900 1184 2966 1245 et
3012 1177 3308 1245 habentis
3325 1224 3348 1257 ,

1810 1306 2041 1375 corpus
2066 1308 2221 1357 vero
2245 1291 2316 1355 in
2336 1289 2581 1355 ratione
2605 1288 2916 1372 assumpti
2944 1292 3011 1353 et
3034 1286 3258 1352 habiti.

2247 1552 2371 1621 AR
2388 1550 2750 1623 TICULUS
2798 1552 2884 1627 ΙΙ.

1891 1739 2357 1822 consequenter
2396 1737 2709 1821 quaeritur
2746 1736 2827 1802 de
2870 1737 3148 1802 seeundo
3191 1737 3352 1802 arti-

1813 1846 1980 1926 culo,
1993 1846 2311 1911 scilicetde
2323 1845 2699 1911 formatione
2716 1844 2998 1928 corporis
3007 1846 3347 1928 assumpti;

1813 1954 1979 2018 eirca
1997 1953 2170 2036 quod
2195 1953 2324 2018 duo
2348 1957 2735 2035 quaeruntur
2767 1974 2781 2015 ε
2810 1951 3017 2035 primo
3039 1951 3352 2033 quaeritur

1812 2061 1891 2126 de
1921 2061 2061 2144 ipso
2082 2078 2344 2143 corpore
2365 2064 2692 2142 assumpto
2718 2062 3036 2142 quantum
3062 2057 3144 2123 ad
3168 2057 3348 2141 prin-

1812 2172 2053 2255 cipium
2079 2170 2379 2249 formale3
2408 2169 2709 2248 secundo,
2738 2172 3059 2257 quantum
3084 2166 3167 2232 ad
3183 2166 3356 2250 prin-

1812 2279 2056 2361 cipium
2085 2277 2432 2343 materiale.

2362 2495 2721 2576 QUAESTIO
2761 2494 2813 2561 1.

1882 2653 1978 2717 An
1998 2652 2184 2724 angeli
2206 2657 2479 2713 muniant
2503 2665 2687 2713 varum
2710 2663 2899 2725 comus
2923 2648 3217 2711 mmmm
3235 2647 3278 2703 ¹.

1891 2803 2123 2869 Utrum
2146 2802 2308 2867 illud
2322 2818 2557 2884 corpus
2574 2800 2807 2865 habeat
2822 2816 3052 2865 veram
3077 2800 3352 2864 formam
3382 2810 3454 2856 Λα
3471 2822 3575 2870 opp.

1811 2912 2095 2995 corporis
2132 2909 2433 2988 humani3
2465 2912 2528 2972 et
2560 2906 2731 2990 quod
2763 2906 2854 2971 ita
2878 2906 2965 2970 sit
2983 2955 3001 2986 ,
3034 2906 3298 2973 videtur
3332 2930 3347 2972 :

1812 3017 1965 3102 quia
1993 3034 2147 3082 eum
2186 3018 2484 3100 appareat
2510 3031 2648 3079 esse
2680 3031 2913 3096 corpus
2943 3012 3308 3078 humanum
3327 3061 3347 3094 ,

1810 3129 1926 3191 aut
1949 3130 2045 3189 est
2072 3142 2327 3201 verum,
2354 3127 2470 3188 aut
2491 3120 2695 3187 estibi
2722 3138 2902 3185 error
2920 3124 2987 3184 et
3006 3119 3291 3203 decepfio
3328 3141 3346 3185 τ

1811 3233 1922 3298 sed
1955 3249 2140 3297 error
2173 3237 2237 3298 et
2280 3229 2564 3314 deceptio
2598 3245 2733 3293 non
2762 3227 3066 3311 competit
3104 3228 3354 3311 angelis

1811 3340 2093 3405 sanctis:
2130 3357 2290 3421 ergo
2327 3356 2480 3403 cum
2517 3339 2857 3401 assumunt
2895 3352 3164 3418 corpora
3201 3352 3353 3418 quae

1812 3447 2113 3513 videntur
2139 3464 2278 3511 esse
2299 3446 2612 3523 humana,
2640 3461 2793 3510 vere
2816 3441 3055 3509 habent
3076 3443 3353 3508 formam

1811 3557 2190 3622 humanam.

1891 3669 1952 3728 2.
1997 3663 2159 3729 Item
2200 3662 2286 3727 ad
2324 3677 2557 3744 eorpus
2594 3658 2957 3723 humanum
2999 3657 3161 3723 nihil
3206 3658 3354 3742 plus

1811 3772 2163 3855 requiritur
2174 3769 2299 3834 nisi
2307 3767 2573 3851 aequalis
2581 3766 2937 3850 complexio
2952 3765 3059 3850 (a),
3068 3772 3135 3832 et
3147 3768 3357 3834 debita

1814 3878 2225 3962 organizatiO,
2254 3877 2422 3941 sieut
2449 3875 2669 3939 dieunt
2693 3875 3014 3939 naturales
3040 3895 3058 3937 ε
3086 3875 3197 3941 sed
3223 3894 3359 3941 eor-

1814 4006 1937 4072 pus
1963 3986 2135 4070 quod
2154 3984 2424 4065 angelus
2438 3981 2726 4061 assumit,
2739 3981 3019 4047 debitam
3038 3982 3232 4048 habet
3257 4001 3358 4048 or-

1814 4095 2286 4178 ganizationem
2307 4112 2322 4153 z
2347 4090 2400 4154 si
2414 4107 2570 4171 ergo
2588 4088 2979 4170 organizatio
2992 4108 3359 4174 praesuppo-

1812 4203 1912 4266 nit
1929 4199 2461 4283 complexionem,
2479 4214 2641 4278 ergo
2667 4196 2922 4261 videtur
2943 4198 3117 4279 quod
3128 4198 3360 4263 habeat

1813 4314 2021 4375 totum
2044 4307 2216 4391 quod
2252 4308 2348 4369 est
2372 4304 2453 4368 de
2479 4303 2742 4369 veritate
2755 4303 3025 4368 humani
3051 4306 3353 4388 corporis

1895 4421 1956 4481 3.
1988 4415 2146 4480 item
2159 4463 2177 4495 ,
2203 4412 2376 4496 quod
2400 4410 2617 4493 angeli
2636 4429 2791 4476 vere
2815 4412 3058 4495 possint
3080 4412 3358 4479 formare

1816 4541 2048 4607 corpus
2085 4522 2446 4585 humanum
2467 4566 2486 4595 ,
2513 4518 2770 4583 videtur
2807 4536 2827 4583 z
2875 4541 2907 4580 ι
2951 4517 3191 4603 Corpus
3229 4522 3358 4587 hu-

1814 4648 2112 4708 manum,
2140 4628 2304 4692 sicut
2335 4626 2488 4691 dicit
2512 4625 2917 4708 Augustinus
2950 4630 3000 4707 ²,
3031 4633 3125 4692 est
3150 4628 3219 4693 in
3251 4649 3358 4695 ra.

1815 4737 2097 4802 tionibus
2113 4733 2549 4811 seminalibus,
2570 4732 2739 4797 sieut
2759 4738 2823 4798 et
2843 4733 2970 4799 alia
2991 4752 3259 4818 corpora
3279 4760 3294 4802 ε
3317 4758 3348 4798 s

1815 4846 1924 4911 sed
1952 4844 2107 4927 quia
2128 4843 2354 4907 rormae
2382 4841 2813 4924 quorumdam
2837 4841 3216 4908 animalium
3236 4892 3256 4925 ,
3283 4848 3359 4909 ut

1816 4952 2210 5037 serpentium
2247 4954 2316 5015 et
2348 4949 2723 5032 hujusmodi
2737 4996 2756 5029 ,
2800 4948 3042 5015 habent
3081 4951 3358 5017 rationes

1815 5060 2151 5127 seminales
2174 5057 2487 5140 dispersas
2514 5057 2586 5119 in
2608 5056 2839 5137 rebus3
2867 5057 3012 5123 ideo
3043 5058 3197 5124 dicit
3220 5059 3355 5125 Au-

1817 5171 2121 5254 gustinus
2144 5170 2168 5206 ⁸
2194 5167 2366 5252 quod
2405 5165 2759 5230 ministerio
2797 5165 3172 5232 daemonum
3202 5187 3358 5235 vere

1818 5300 1931 5352 v111,
1958 5302 2012 5353 q.
2038 5299 2121 5351 ιη
2150 5284 2330 5350 Steph.
2358 5281 2566 5346 Brulel„
2601 5282 2644 5332 ΙΙ
2669 5282 2829 5343 sent„
2853 5282 2973 5333 dist.
2992 5294 3109 5349 vm,
3129 5297 3182 5350 q.
3202 5296 3273 5336 rv.
3292 5312 3357 5325 —

1819 5362 1840 5393 ²
1863 5364 2014 5426 Aug„
2038 5359 2102 5412 de
2129 5359 2287 5410 civit.
2309 5355 2434 5419 Dei,
2462 5354 2553 5406 m).
2577 5354 2746 5417 ml,
2775 5367 2823 5404 e.
2843 5366 2996 5418 unt,
3024 5370 3081 5406 n.
3102 5361 3161 5421 1,
3183 5357 3357 5422 quoad

1816 5445 2044 5483 sensum.
2060 5456 2126 5469 —
2144 5430 2167 5465 ⁸
2185 5429 2283 5492 ld„
2307 5427 2368 5477 de
2404 5426 2560 5488 stin„
2590 5424 2682 5476 lib.
2704 5425 2804 5490 111,
2830 5439 2877 5476 e.
2901 5437 3014 5490 vm,
3039 5441 3093 5480 n.
3116 5430 3196 5479 13.

1877 5514 1949 5580 (a)
1971 5512 2115 5565 Edit.
2143 5510 2259 5562 Vm.
2286 5506 2580 5572 completio,
2599 5509 2654 5557 et
2668 5505 2743 5558 sic
2762 5506 3022 5573 deinceps.
