<?xml version="1.0" encoding="UTF-8"?>
<!DOCTYPE html PUBLIC "-//W3C//DTD XHTML 1.0 Transitional//EN"
    "http://www.w3.org/TR/xhtml1/DTD/xhtml1-transitional.dtd">
<html xmlns="http://www.w3.org/1999/xhtml" xml:lang="en" lang="en">
 <head>
  <title>
</title>
<meta http-equiv="Content-Type" content="text/html;charset=utf-8" />
  <meta name='ocr-system' content='tesseract 3.04.00' />
  <meta name='ocr-capabilities' content='ocr_page ocr_carea ocr_par ocr_line ocrx_word'/>
</head>
<body>
  <div class='ocr_page' id='page_1' title='image "./srecardinalissb01peltgoog_0643.png"; bbox 0 0 4125 6225; ppageno 0'>
   <div class='ocr_carea' id='block_1_1' title="bbox 109 1981 322 2039">
    <p class='ocr_par' dir='ltr' id='par_1_1' title="bbox 109 1981 322 2039">
     <span class='ocr_line' id='line_1_1' title="bbox 109 1981 322 2039; baseline 0.005 -14"><span class='ocrx_word' id='word_1_1' title='bbox 109 1981 181 2025; x_wconf 74' lang='lat' dir='ltr'>Ad</span> <span class='ocrx_word' id='word_1_2' title='bbox 215 1995 322 2039; x_wconf 84' lang='lat' dir='ltr'>opp.</span> 
     </span>
    </p>
   </div>
   <div class='ocr_carea' id='block_1_2' title="bbox 1172 426 2727 509">
    <p class='ocr_par' dir='ltr' id='par_1_2' title="bbox 1172 426 2727 509">
     <span class='ocr_line' id='line_1_2' title="bbox 1172 426 2727 509; baseline 0.003 -16"><span class='ocrx_word' id='word_1_3' title='bbox 1172 426 1369 494; x_wconf 88' lang='lat' dir='ltr'>DIST.</span> <span class='ocrx_word' id='word_1_4' title='bbox 1404 426 1564 494; x_wconf 77' lang='lat' dir='ltr'>XIV.</span> <span class='ocrx_word' id='word_1_5' title='bbox 1610 426 1840 493; x_wconf 77' lang='lat' dir='ltr'>PART.</span> <span class='ocrx_word' id='word_1_6' title='bbox 1881 428 1931 494; x_wconf 90' lang='lat'>1.</span> <span class='ocrx_word' id='word_1_7' title='bbox 1974 426 2159 495; x_wconf 79' lang='lat' dir='ltr'>ART.</span> <span class='ocrx_word' id='word_1_8' title='bbox 2202 429 2255 495; x_wconf 90' lang='lat'>1.</span> <span class='ocrx_word' id='word_1_9' title='bbox 2294 428 2603 509; x_wconf 81' lang='lat' dir='ltr'>QUAEST.</span> <span class='ocrx_word' id='word_1_10' title='bbox 2649 432 2727 499; x_wconf 91' lang='lat'>11.</span> 
     </span>
    </p>
   </div>
   <div class='ocr_carea' id='block_1_3' title="bbox 350 561 1898 1487">
    <p class='ocr_par' dir='ltr' id='par_1_3' title="bbox 350 561 1898 1487">
     <span class='ocr_line' id='line_1_3' title="bbox 353 561 1898 645; baseline 0.001 -18"><span class='ocrx_word' id='word_1_11' title='bbox 353 579 502 629; x_wconf 91' lang='lat' dir='ltr'>cum</span> <span class='ocrx_word' id='word_1_12' title='bbox 530 577 699 645; x_wconf 87' lang='lat' dir='ltr'>aqua</span> <span class='ocrx_word' id='word_1_13' title='bbox 730 561 800 626; x_wconf 90' lang='lat' dir='ltr'>in</span> <span class='ocrx_word' id='word_1_14' title='bbox 835 561 1210 644; x_wconf 73' lang='lat' dir='ltr'>frigiditate,</span> <span class='ocrx_word' id='word_1_15' title='bbox 1240 563 1348 629; x_wconf 84' lang='lat' dir='ltr'>sed</span> <span class='ocrx_word' id='word_1_16' title='bbox 1382 563 1700 641; x_wconf 85' lang='lat' dir='ltr'>effective,</span> <span class='ocrx_word' id='word_1_17' title='bbox 1733 564 1898 629; x_wconf 88' lang='lat' dir='ltr'>sicut</span> 
     </span>
     <span class='ocr_line' id='line_1_4' title="bbox 352 668 1891 753; baseline 0 -18"><span class='ocrx_word' id='word_1_18' title='bbox 352 670 502 735; x_wconf 88' lang='lat' dir='ltr'>dicit</span> <span class='ocrx_word' id='word_1_19' title='bbox 541 668 808 734; x_wconf 82' lang='lat' dir='ltr'>Basilius</span> <span class='ocrx_word' id='word_1_20' title='bbox 844 690 859 732; x_wconf 89' lang='lat'>:</span> <span class='ocrx_word' id='word_1_21' title='bbox 893 687 1013 733; x_wconf 89' lang='lat' dir='ltr'>nec</span> <span class='ocrx_word' id='word_1_22' title='bbox 1055 672 1274 734; x_wconf 91' lang='lat' dir='ltr'>tamen</span> <span class='ocrx_word' id='word_1_23' title='bbox 1319 688 1402 735; x_wconf 91' lang='lat' dir='ltr'>ex</span> <span class='ocrx_word' id='word_1_24' title='bbox 1447 671 1571 735; x_wconf 92' lang='lat' dir='ltr'>hoc</span> <span class='ocrx_word' id='word_1_25' title='bbox 1610 670 1891 753; x_wconf 77' lang='lat' dir='ltr'>videtur,</span> 
     </span>
     <span class='ocr_line' id='line_1_5' title="bbox 351 775 1896 861; baseline 0.001 -20"><span class='ocrx_word' id='word_1_26' title='bbox 351 776 522 861; x_wconf 88' lang='lat' dir='ltr'>quod</span> <span class='ocrx_word' id='word_1_27' title='bbox 557 776 757 859; x_wconf 84' lang='lat' dir='ltr'><strong>possit</strong></span> <span class='ocrx_word' id='word_1_28' title='bbox 789 775 1096 852; x_wconf 87' lang='lat' dir='ltr'>calefieri,</span> <span class='ocrx_word' id='word_1_29' title='bbox 1128 778 1233 841; x_wconf 86' lang='lat' dir='ltr'>vel</span> <span class='ocrx_word' id='word_1_30' title='bbox 1270 777 1597 856; x_wconf 82' lang='lat' dir='ltr'>consumi3</span> <span class='ocrx_word' id='word_1_31' title='bbox 1636 778 1747 842; x_wconf 88' lang='lat' dir='ltr'>sed</span> <span class='ocrx_word' id='word_1_32' title='bbox 1777 798 1896 861; x_wconf 90' lang='lat' dir='ltr'>po-</span> 
     </span>
     <span class='ocr_line' id='line_1_6' title="bbox 350 883 1890 966; baseline 0.001 -18"><span class='ocrx_word' id='word_1_33' title='bbox 350 887 472 948; x_wconf 90' lang='lat' dir='ltr'>test</span> <span class='ocrx_word' id='word_1_34' title='bbox 519 883 783 948; x_wconf 84' lang='lat' dir='ltr'>effectus</span> <span class='ocrx_word' id='word_1_35' title='bbox 826 883 969 964; x_wconf 88' lang='lat' dir='ltr'>ejus</span> <span class='ocrx_word' id='word_1_36' title='bbox 1013 884 1275 966; x_wconf 86' lang='lat' dir='ltr'><strong>reprimi</strong></span> <span class='ocrx_word' id='word_1_37' title='bbox 1318 902 1338 949; x_wconf 87' lang='lat'><strong>:</strong></span> <span class='ocrx_word' id='word_1_38' title='bbox 1384 884 1552 949; x_wconf 86' lang='lat' dir='ltr'>sicut</span> <span class='ocrx_word' id='word_1_39' title='bbox 1600 902 1721 950; x_wconf 86' lang='lat' dir='ltr'>nec</span> <span class='ocrx_word' id='word_1_40' title='bbox 1759 885 1890 966; x_wconf 90' lang='lat' dir='ltr'>Sol,</span> 
     </span>
     <span class='ocr_line' id='line_1_7' title="bbox 350 989 1892 1074; baseline 0.001 -20"><span class='ocrx_word' id='word_1_41' title='bbox 350 989 648 1074; x_wconf 82' lang='lat' dir='ltr'>quamvis</span> <span class='ocrx_word' id='word_1_42' title='bbox 676 989 1013 1069; x_wconf 80' lang='lat' dir='ltr'>calefaciat,</span> <span class='ocrx_word' id='word_1_43' title='bbox 1043 990 1237 1056; x_wconf 90' lang='lat' dir='ltr'>habet</span> <span class='ocrx_word' id='word_1_44' title='bbox 1261 991 1607 1057; x_wconf 79' lang='lat' dir='ltr'>formaliter</span> <span class='ocrx_word' id='word_1_45' title='bbox 1636 992 1892 1074; x_wconf 87' lang='lat' dir='ltr'>infrigi-</span> 
     </span>
     <span class='ocr_line' id='line_1_8' title="bbox 350 1097 1893 1183; baseline 0.001 -19"><span class='ocrx_word' id='word_1_46' title='bbox 350 1098 518 1176; x_wconf 81' lang='lat' dir='ltr'>dari3</span> <span class='ocrx_word' id='word_1_47' title='bbox 550 1098 660 1163; x_wconf 88' lang='lat' dir='ltr'>sed</span> <span class='ocrx_word' id='word_1_48' title='bbox 684 1097 1089 1162; x_wconf 84' lang='lat' dir='ltr'>solummodo</span> <span class='ocrx_word' id='word_1_49' title='bbox 1114 1116 1229 1181; x_wconf 89' lang='lat' dir='ltr'>per</span> <span class='ocrx_word' id='word_1_50' title='bbox 1250 1098 1667 1179; x_wconf 79' lang='lat' dir='ltr'>frigiditatem</span> <span class='ocrx_word' id='word_1_51' title='bbox 1690 1101 1749 1164; x_wconf 92' lang='lat' dir='ltr'>ei</span> <span class='ocrx_word' id='word_1_52' title='bbox 1776 1120 1893 1183; x_wconf 91' lang='lat' dir='ltr'>op-</span> 
     </span>
     <span class='ocr_line' id='line_1_9' title="bbox 350 1204 1894 1289; baseline 0.003 -22"><span class='ocrx_word' id='word_1_53' title='bbox 350 1204 621 1289; x_wconf 84' lang='lat' dir='ltr'>positam</span> <span class='ocrx_word' id='word_1_54' title='bbox 655 1207 859 1287; x_wconf 89' lang='lat' dir='ltr'>potest</span> <span class='ocrx_word' id='word_1_55' title='bbox 893 1205 1155 1270; x_wconf 86' lang='lat' dir='ltr'>effectus</span> <span class='ocrx_word' id='word_1_56' title='bbox 1189 1207 1332 1287; x_wconf 91' lang='lat' dir='ltr'>ejus</span> <span class='ocrx_word' id='word_1_57' title='bbox 1365 1206 1628 1287; x_wconf 80' lang='lat' dir='ltr'>reprimi</span> <span class='ocrx_word' id='word_1_58' title='bbox 1660 1229 1677 1271; x_wconf 77' lang='lat' dir='ltr'>t</span> <span class='ocrx_word' id='word_1_59' title='bbox 1707 1213 1771 1272; x_wconf 86' lang='lat' dir='ltr'>et</span> <span class='ocrx_word' id='word_1_60' title='bbox 1803 1209 1894 1272; x_wconf 85' lang='lat' dir='ltr'>sic</span> 
     </span>
     <span class='ocr_line' id='line_1_10' title="bbox 350 1311 1892 1398; baseline 0.002 -21"><span class='ocrx_word' id='word_1_61' title='bbox 350 1314 566 1395; x_wconf 86' lang='lat' dir='ltr'>patent</span> <span class='ocrx_word' id='word_1_62' title='bbox 592 1311 813 1376; x_wconf 81' lang='lat' dir='ltr'>omnia</span> <span class='ocrx_word' id='word_1_63' title='bbox 841 1313 1109 1396; x_wconf 64' lang='lat' dir='ltr'>quaesita</span> <span class='ocrx_word' id='word_1_64' title='bbox 1137 1314 1305 1377; x_wconf 91' lang='lat' dir='ltr'>circa</span> <span class='ocrx_word' id='word_1_65' title='bbox 1331 1313 1505 1377; x_wconf 88' lang='lat' dir='ltr'>illius</span> <span class='ocrx_word' id='word_1_66' title='bbox 1530 1313 1674 1380; x_wconf 74' lang='lat' dir='ltr'>eceli</span> <span class='ocrx_word' id='word_1_67' title='bbox 1704 1317 1892 1398; x_wconf 88' lang='lat' dir='ltr'>aquei</span> 
     </span>
     <span class='ocr_line' id='line_1_11' title="bbox 350 1424 670 1487; baseline -0.006 0"><span class='ocrx_word' id='word_1_68' title='bbox 350 1424 670 1487; x_wconf 86' lang='lat' dir='ltr'>naturam.</span> 
     </span>
    </p>
   </div>
   <div class='ocr_carea' id='block_1_4' title="bbox 869 1648 1348 1729">
    <p class='ocr_par' dir='ltr' id='par_1_4' title="bbox 869 1648 1348 1729">
     <span class='ocr_line' id='line_1_12' title="bbox 869 1648 1348 1729; baseline 0.002 -13"><span class='ocrx_word' id='word_1_69' title='bbox 869 1648 1228 1729; x_wconf 78' lang='lat' dir='ltr'>QUAESTIO</span> <span class='ocrx_word' id='word_1_70' title='bbox 1270 1651 1348 1717; x_wconf 88' lang='lat' dir='ltr'>II.</span> 
     </span>
    </p>
   </div>
   <div class='ocr_carea' id='block_1_5' title="bbox 352 1800 1886 1874">
    <p class='ocr_par' dir='ltr' id='par_1_5' title="bbox 352 1800 1886 1874">
     <span class='ocr_line' id='line_1_13' title="bbox 352 1800 1886 1874; baseline 0.003 -15"><span class='ocrx_word' id='word_1_71' title='bbox 352 1803 437 1859; x_wconf 77' lang='lat' dir='ltr'>An</span> <span class='ocrx_word' id='word_1_72' title='bbox 458 1804 856 1874; x_wconf 75' lang='lat' dir='ltr'>firmamentum</span> <span class='ocrx_word' id='word_1_73' title='bbox 886 1802 961 1857; x_wconf 81' lang='lat' dir='ltr'>sit</span> <span class='ocrx_word' id='word_1_74' title='bbox 986 1800 1128 1857; x_wconf 83' lang='lat' dir='ltr'>idem</span> <span class='ocrx_word' id='word_1_75' title='bbox 1155 1817 1271 1858; x_wconf 82' lang='lat' dir='ltr'>cum</span> <span class='ocrx_word' id='word_1_76' title='bbox 1297 1803 1453 1873; x_wconf 77' lang='lat' dir='ltr'>iqneo</span> <span class='ocrx_word' id='word_1_77' title='bbox 1481 1806 1545 1871; x_wconf 86' lang='lat' dir='ltr'>(a)</span> <span class='ocrx_word' id='word_1_78' title='bbox 1574 1804 1827 1862; x_wconf 78' lang='lat' dir='ltr'>elemento</span> <span class='ocrx_word' id='word_1_79' title='bbox 1845 1804 1886 1862; x_wconf 85' lang='lat'>¹.</span> 
     </span>
    </p>
   </div>
   <div class='ocr_carea' id='block_1_6' title="bbox 339 1959 1893 4923">
    <p class='ocr_par' dir='ltr' id='par_1_6' title="bbox 347 1959 1893 2891">
     <span class='ocr_line' id='line_1_14' title="bbox 428 1959 1887 2046; baseline 0.003 -22"><span class='ocrx_word' id='word_1_80' title='bbox 428 1959 515 2025; x_wconf 93' lang='lat' dir='ltr'>De</span> <span class='ocrx_word' id='word_1_81' title='bbox 559 1964 793 2025; x_wconf 86' lang='lat' dir='ltr'>natura</span> <span class='ocrx_word' id='word_1_82' title='bbox 839 1961 1218 2026; x_wconf 87' lang='lat' dir='ltr'>firmamenti</span> <span class='ocrx_word' id='word_1_83' title='bbox 1239 2011 1256 2038; x_wconf 92' lang='lat'>‚</span> <span class='ocrx_word' id='word_1_84' title='bbox 1308 1966 1372 2027; x_wconf 91' lang='lat' dir='ltr'>et</span> <span class='ocrx_word' id='word_1_85' title='bbox 1412 1967 1508 2028; x_wconf 90' lang='lat' dir='ltr'>est</span> <span class='ocrx_word' id='word_1_86' title='bbox 1553 1965 1824 2046; x_wconf 82' lang='lat' dir='ltr'>quaestio</span> <span class='ocrx_word' id='word_1_87' title='bbox 1869 1982 1887 2028; x_wconf 73' lang='grc' dir='ltr'><strong><em>ε</em></strong></span> 
     </span>
     <span class='ocr_line' id='line_1_15' title="bbox 351 2067 1886 2152; baseline 0.003 -19"><span class='ocrx_word' id='word_1_88' title='bbox 351 2067 579 2133; x_wconf 80' lang='lat' dir='ltr'>Utrum</span> <span class='ocrx_word' id='word_1_89' title='bbox 593 2067 674 2131; x_wconf 90' lang='lat' dir='ltr'>sit</span> <span class='ocrx_word' id='word_1_90' title='bbox 691 2068 979 2150; x_wconf 88' lang='lat' dir='ltr'>ejusdem</span> <span class='ocrx_word' id='word_1_91' title='bbox 995 2072 1246 2133; x_wconf 81' lang='lat' dir='ltr'>naturae</span> <span class='ocrx_word' id='word_1_92' title='bbox 1264 2087 1416 2135; x_wconf 93' lang='lat' dir='ltr'>cum</span> <span class='ocrx_word' id='word_1_93' title='bbox 1437 2070 1632 2152; x_wconf 86' lang='lat' dir='ltr'>igneo</span> <span class='ocrx_word' id='word_1_94' title='bbox 1655 2074 1738 2151; x_wconf 87' lang='lat' dir='ltr'>(a)</span> <span class='ocrx_word' id='word_1_95' title='bbox 1764 2073 1886 2138; x_wconf 90' lang='lat' dir='ltr'>ele-</span> 
     </span>
     <span class='ocr_line' id='line_1_16' title="bbox 350 2175 1893 2262; baseline 0.003 -22"><span class='ocrx_word' id='word_1_96' title='bbox 350 2179 598 2254; x_wconf 82' lang='lat' dir='ltr'>ment03</span> <span class='ocrx_word' id='word_1_97' title='bbox 626 2178 690 2239; x_wconf 89' lang='lat' dir='ltr'>et</span> <span class='ocrx_word' id='word_1_98' title='bbox 714 2175 884 2257; x_wconf 89' lang='lat' dir='ltr'>quod</span> <span class='ocrx_word' id='word_1_99' title='bbox 916 2176 1006 2240; x_wconf 84' lang='lat' dir='ltr'>sic</span> <span class='ocrx_word' id='word_1_100' title='bbox 1022 2226 1040 2256; x_wconf 88' lang='lat'>,</span> <span class='ocrx_word' id='word_1_101' title='bbox 1069 2176 1328 2244; x_wconf 86' lang='lat' dir='ltr'>videtur</span> <span class='ocrx_word' id='word_1_102' title='bbox 1353 2178 1565 2261; x_wconf 90' lang='lat' dir='ltr'>primo</span> <span class='ocrx_word' id='word_1_103' title='bbox 1590 2198 1704 2262; x_wconf 91' lang='lat' dir='ltr'>per</span> <span class='ocrx_word' id='word_1_104' title='bbox 1738 2199 1893 2245; x_wconf 90' lang='lat' dir='ltr'>auc·-</span> 
     </span>
     <span class='ocr_line' id='line_1_17' title="bbox 348 2285 1892 2370; baseline 0.002 -18"><span class='ocrx_word' id='word_1_105' title='bbox 348 2287 668 2352; x_wconf 88' lang='lat' dir='ltr'>toritatem</span> <span class='ocrx_word' id='word_1_106' title='bbox 697 2285 1062 2370; x_wconf 82' lang='lat' dir='ltr'>Scripturae,</span> <span class='ocrx_word' id='word_1_107' title='bbox 1091 2306 1239 2370; x_wconf 84' lang='lat' dir='ltr'>quae</span> <span class='ocrx_word' id='word_1_108' title='bbox 1265 2289 1509 2354; x_wconf 91' lang='lat' dir='ltr'>nullam</span> <span class='ocrx_word' id='word_1_109' title='bbox 1539 2289 1686 2354; x_wconf 86' lang='lat' dir='ltr'>facit</span> <span class='ocrx_word' id='word_1_110' title='bbox 1713 2309 1892 2355; x_wconf 89' lang='lat' dir='ltr'>men-</span> 
     </span>
     <span class='ocr_line' id='line_1_18' title="bbox 348 2394 1889 2482; baseline 0.001 -22"><span class='ocrx_word' id='word_1_111' title='bbox 348 2396 591 2460; x_wconf 88' lang='lat' dir='ltr'>tionem</span> <span class='ocrx_word' id='word_1_112' title='bbox 626 2395 704 2460; x_wconf 92' lang='lat' dir='ltr'>de</span> <span class='ocrx_word' id='word_1_113' title='bbox 748 2394 1159 2477; x_wconf 88' lang='lat' dir='ltr'>productione</span> <span class='ocrx_word' id='word_1_114' title='bbox 1195 2395 1372 2477; x_wconf 86' lang='lat' dir='ltr'>ignis</span> <span class='ocrx_word' id='word_1_115' title='bbox 1414 2418 1431 2460; x_wconf 78' lang='lat' dir='ltr'>t</span> <span class='ocrx_word' id='word_1_116' title='bbox 1467 2415 1625 2479; x_wconf 90' lang='lat' dir='ltr'>ergo</span> <span class='ocrx_word' id='word_1_117' title='bbox 1669 2398 1725 2462; x_wconf 91' lang='lat' dir='ltr'>si</span> <span class='ocrx_word' id='word_1_118' title='bbox 1755 2399 1889 2482; x_wconf 86' lang='lat' dir='ltr'>ipse</span> 
     </span>
     <span class='ocr_line' id='line_1_19' title="bbox 348 2502 1884 2586; baseline 0.003 -19"><span class='ocrx_word' id='word_1_119' title='bbox 348 2519 723 2585; x_wconf 85' lang='lat' dir='ltr'>supremum</span> <span class='ocrx_word' id='word_1_120' title='bbox 751 2505 846 2567; x_wconf 91' lang='lat' dir='ltr'>est</span> <span class='ocrx_word' id='word_1_121' title='bbox 870 2506 934 2567; x_wconf 91' lang='lat' dir='ltr'>et</span> <span class='ocrx_word' id='word_1_122' title='bbox 964 2502 1435 2569; x_wconf 89' lang='lat' dir='ltr'>nobilissimum</span> <span class='ocrx_word' id='word_1_123' title='bbox 1472 2504 1884 2586; x_wconf 91' lang='lat' dir='ltr'>elementum,</span> 
     </span>
     <span class='ocr_line' id='line_1_20' title="bbox 349 2609 1890 2698; baseline 0.003 -23"><span class='ocrx_word' id='word_1_124' title='bbox 349 2612 488 2692; x_wconf 76' lang='lat' dir='ltr'>eJus</span> <span class='ocrx_word' id='word_1_125' title='bbox 524 2610 857 2693; x_wconf 89' lang='lat' dir='ltr'>productio</span> <span class='ocrx_word' id='word_1_126' title='bbox 892 2628 1025 2674; x_wconf 92' lang='lat' dir='ltr'>non</span> <span class='ocrx_word' id='word_1_127' title='bbox 1062 2609 1284 2675; x_wconf 85' lang='lat' dir='ltr'>debuit</span> <span class='ocrx_word' id='word_1_128' title='bbox 1303 2614 1608 2695; x_wconf 71' lang='lat' dir='ltr'>praemitti</span> <span class='ocrx_word' id='word_1_129' title='bbox 1642 2632 1659 2677; x_wconf 75' lang='grc' dir='ltr'><strong><em>ε</em></strong></span> <span class='ocrx_word' id='word_1_130' title='bbox 1694 2633 1890 2698; x_wconf 92' lang='lat' dir='ltr'>prop-</span> 
     </span>
     <span class='ocr_line' id='line_1_21' title="bbox 347 2716 1888 2802; baseline 0.003 -20"><span class='ocrx_word' id='word_1_131' title='bbox 347 2717 786 2783; x_wconf 85' lang='lat' dir='ltr'>tereavidetur</span> <span class='ocrx_word' id='word_1_132' title='bbox 797 2716 972 2800; x_wconf 90' lang='lat' dir='ltr'>quod</span> <span class='ocrx_word' id='word_1_133' title='bbox 984 2716 1207 2782; x_wconf 86' lang='lat' dir='ltr'>saltem</span> <span class='ocrx_word' id='word_1_134' title='bbox 1220 2718 1617 2802; x_wconf 87' lang='lat' dir='ltr'>intelligatur</span> <span class='ocrx_word' id='word_1_135' title='bbox 1630 2722 1888 2786; x_wconf 91' lang='lat' dir='ltr'>nomine</span> 
     </span>
     <span class='ocr_line' id='line_1_22' title="bbox 348 2825 513 2891; baseline -0.012 0"><span class='ocrx_word' id='word_1_136' title='bbox 348 2825 513 2891; x_wconf 85' lang='lat' dir='ltr'>coeli.</span> 
     </span>
    </p>

    <p class='ocr_par' dir='ltr' id='par_1_7' title="bbox 347 2929 1885 3657">
     <span class='ocr_line' id='line_1_23' title="bbox 427 2929 1883 3018; baseline 0.002 -21"><span class='ocrx_word' id='word_1_137' title='bbox 427 2937 488 2997; x_wconf 74' lang='lat'>2.</span> <span class='ocrx_word' id='word_1_138' title='bbox 512 2931 672 2995; x_wconf 83' lang='lat' dir='ltr'>Item</span> <span class='ocrx_word' id='word_1_139' title='bbox 693 2929 817 2996; x_wconf 90' lang='lat' dir='ltr'>hoc</span> <span class='ocrx_word' id='word_1_140' title='bbox 840 2931 1095 2997; x_wconf 86' lang='lat' dir='ltr'>videtur</span> <span class='ocrx_word' id='word_1_141' title='bbox 1115 2932 1486 2999; x_wconf 90' lang='lat' dir='ltr'>auctoritate</span> <span class='ocrx_word' id='word_1_142' title='bbox 1509 2935 1883 3018; x_wconf 79' lang='lat' dir='ltr'>Augustini,</span> 
     </span>
     <span class='ocr_line' id='line_1_24' title="bbox 348 3037 1885 3123; baseline 0.004 -22"><span class='ocrx_word' id='word_1_143' title='bbox 348 3040 481 3123; x_wconf 87' lang='lat' dir='ltr'>qui,</span> <span class='ocrx_word' id='word_1_144' title='bbox 508 3052 701 3120; x_wconf 75' lang='lat' dir='ltr'>super</span> <span class='ocrx_word' id='word_1_145' title='bbox 739 3037 1024 3104; x_wconf 77' lang='lat' dir='ltr'>Genesim</span> <span class='ocrx_word' id='word_1_146' title='bbox 1047 3037 1136 3104; x_wconf 80' lang='lat' dir='ltr'>ad</span> <span class='ocrx_word' id='word_1_147' title='bbox 1157 3037 1438 3105; x_wconf 80' lang='lat' dir='ltr'>litteram</span> <span class='ocrx_word' id='word_1_148' title='bbox 1458 3047 1503 3122; x_wconf 82' lang='lat'>²,</span> <span class='ocrx_word' id='word_1_149' title='bbox 1536 3042 1696 3106; x_wconf 89' lang='lat' dir='ltr'>etin</span> <span class='ocrx_word' id='word_1_150' title='bbox 1721 3042 1885 3108; x_wconf 85' lang='lat' dir='ltr'>libro</span> 
     </span>
     <span class='ocr_line' id='line_1_25' title="bbox 347 3146 1885 3231; baseline 0.001 -17"><span class='ocrx_word' id='word_1_151' title='bbox 347 3148 426 3215; x_wconf 84' lang='lat' dir='ltr'>de</span> <span class='ocrx_word' id='word_1_152' title='bbox 458 3147 730 3213; x_wconf 74' lang='lat' dir='ltr'>civitate</span> <span class='ocrx_word' id='word_1_153' title='bbox 757 3146 873 3211; x_wconf 79' lang='lat' dir='ltr'>Dei</span> <span class='ocrx_word' id='word_1_154' title='bbox 891 3193 913 3225; x_wconf 89' lang='lat'>,</span> <span class='ocrx_word' id='word_1_155' title='bbox 940 3146 1091 3211; x_wconf 91' lang='lat' dir='ltr'>dicit</span> <span class='ocrx_word' id='word_1_156' title='bbox 1124 3150 1380 3212; x_wconf 91' lang='lat' dir='ltr'>tantum</span> <span class='ocrx_word' id='word_1_157' title='bbox 1426 3153 1703 3231; x_wconf 90' lang='lat' dir='ltr'>quatuor</span> <span class='ocrx_word' id='word_1_158' title='bbox 1740 3170 1885 3217; x_wconf 92' lang='lat' dir='ltr'>cor-</span> 
     </span>
     <span class='ocr_line' id='line_1_26' title="bbox 348 3252 1881 3340; baseline 0.003 -21"><span class='ocrx_word' id='word_1_159' title='bbox 348 3274 504 3340; x_wconf 86' lang='lat' dir='ltr'>pora</span> <span class='ocrx_word' id='word_1_160' title='bbox 530 3272 667 3319; x_wconf 89' lang='lat' dir='ltr'>esse</span> <span class='ocrx_word' id='word_1_161' title='bbox 690 3252 939 3334; x_wconf 90' lang='lat' dir='ltr'>mundi,</span> <span class='ocrx_word' id='word_1_162' title='bbox 972 3253 1204 3319; x_wconf 87' lang='lat' dir='ltr'>scilicet</span> <span class='ocrx_word' id='word_1_163' title='bbox 1235 3255 1494 3337; x_wconf 90' lang='lat' dir='ltr'>humor,</span> <span class='ocrx_word' id='word_1_164' title='bbox 1525 3262 1588 3321; x_wconf 90' lang='lat' dir='ltr'>et</span> <span class='ocrx_word' id='word_1_165' title='bbox 1613 3258 1881 3338; x_wconf 76' lang='lat' dir='ltr'>humuS‚</span> 
     </span>
     <span class='ocr_line' id='line_1_27' title="bbox 350 3361 1885 3443; baseline 0.001 -15"><span class='ocrx_word' id='word_1_166' title='bbox 350 3381 480 3443; x_wconf 84' lang='lat' dir='ltr'>aer,</span> <span class='ocrx_word' id='word_1_167' title='bbox 520 3366 585 3427; x_wconf 90' lang='lat' dir='ltr'>et</span> <span class='ocrx_word' id='word_1_168' title='bbox 617 3363 733 3426; x_wconf 93' lang='lat' dir='ltr'>lux</span> <span class='ocrx_word' id='word_1_169' title='bbox 765 3382 781 3427; x_wconf 74' lang='grc' dir='ltr'>ε</span> <span class='ocrx_word' id='word_1_170' title='bbox 814 3361 870 3423; x_wconf 91' lang='lat' dir='ltr'>si</span> <span class='ocrx_word' id='word_1_171' title='bbox 913 3378 1072 3443; x_wconf 84' lang='lat' dir='ltr'>ergo</span> <span class='ocrx_word' id='word_1_172' title='bbox 1109 3362 1593 3428; x_wconf 88' lang='lat' dir='ltr'>firmamentum</span> <span class='ocrx_word' id='word_1_173' title='bbox 1627 3368 1723 3429; x_wconf 90' lang='lat' dir='ltr'>est</span> <span class='ocrx_word' id='word_1_174' title='bbox 1761 3366 1885 3430; x_wconf 88' lang='lat' dir='ltr'>ali-</span> 
     </span>
     <span class='ocr_line' id='line_1_28' title="bbox 348 3467 1879 3555; baseline 0.002 -20"><span class='ocrx_word' id='word_1_175' title='bbox 348 3470 520 3554; x_wconf 88' lang='lat' dir='ltr'>quod</span> <span class='ocrx_word' id='word_1_176' title='bbox 544 3470 623 3534; x_wconf 93' lang='lat' dir='ltr'>de</span> <span class='ocrx_word' id='word_1_177' title='bbox 649 3467 1025 3551; x_wconf 80' lang='lat' dir='ltr'>corporibus</span> <span class='ocrx_word' id='word_1_178' title='bbox 1047 3469 1295 3547; x_wconf 88' lang='lat' dir='ltr'>mundi,</span> <span class='ocrx_word' id='word_1_179' title='bbox 1325 3472 1389 3534; x_wconf 88' lang='lat' dir='ltr'>et</span> <span class='ocrx_word' id='word_1_180' title='bbox 1413 3488 1547 3534; x_wconf 94' lang='lat' dir='ltr'>non</span> <span class='ocrx_word' id='word_1_181' title='bbox 1571 3475 1665 3536; x_wconf 90' lang='lat' dir='ltr'>est</span> <span class='ocrx_word' id='word_1_182' title='bbox 1689 3476 1879 3555; x_wconf 88' lang='lat' dir='ltr'>terra,</span> 
     </span>
     <span class='ocr_line' id='line_1_29' title="bbox 349 3576 1525 3657; baseline -0.001 -16"><span class='ocrx_word' id='word_1_183' title='bbox 349 3595 464 3642; x_wconf 93' lang='lat' dir='ltr'>nec</span> <span class='ocrx_word' id='word_1_184' title='bbox 490 3593 682 3657; x_wconf 87' lang='lat' dir='ltr'>aqua,</span> <span class='ocrx_word' id='word_1_185' title='bbox 707 3591 826 3637; x_wconf 93' lang='lat' dir='ltr'>nec</span> <span class='ocrx_word' id='word_1_186' title='bbox 851 3591 961 3637; x_wconf 90' lang='lat' dir='ltr'>aer</span> <span class='ocrx_word' id='word_1_187' title='bbox 982 3596 1000 3652; x_wconf 91' lang='lat'>;</span> <span class='ocrx_word' id='word_1_188' title='bbox 1031 3592 1190 3655; x_wconf 90' lang='lat' dir='ltr'>ergo</span> <span class='ocrx_word' id='word_1_189' title='bbox 1218 3578 1311 3639; x_wconf 90' lang='lat' dir='ltr'>est</span> <span class='ocrx_word' id='word_1_190' title='bbox 1332 3576 1525 3657; x_wconf 80' lang='lat' dir='ltr'>ignis,</span> 
     </span>
    </p>

    <p class='ocr_par' dir='ltr' id='par_1_8' title="bbox 339 3679 1884 4923">
     <span class='ocr_line' id='line_1_30' title="bbox 428 3679 1884 3767; baseline 0.001 -19"><span class='ocrx_word' id='word_1_191' title='bbox 428 3687 487 3748; x_wconf 84' lang='lat'>3.</span> <span class='ocrx_word' id='word_1_192' title='bbox 521 3683 679 3747; x_wconf 84' lang='lat' dir='ltr'>Item</span> <span class='ocrx_word' id='word_1_193' title='bbox 721 3679 914 3762; x_wconf 88' lang='lat' dir='ltr'>Hugo</span> <span class='ocrx_word' id='word_1_194' title='bbox 937 3680 1016 3745; x_wconf 90' lang='lat' dir='ltr'>de</span> <span class='ocrx_word' id='word_1_195' title='bbox 1040 3685 1256 3746; x_wconf 86' lang='lat' dir='ltr'>sancto</span> <span class='ocrx_word' id='word_1_196' title='bbox 1282 3681 1533 3748; x_wconf 87' lang='lat' dir='ltr'>Victore</span> <span class='ocrx_word' id='word_1_197' title='bbox 1557 3702 1884 3767; x_wconf 86' lang='lat' dir='ltr'>exponens</span> 
     </span>
     <span class='ocr_line' id='line_1_31' title="bbox 347 3788 1884 3870; baseline 0.003 -15"><span class='ocrx_word' id='word_1_198' title='bbox 347 3790 502 3855; x_wconf 86' lang='lat' dir='ltr'>illud</span> <span class='ocrx_word' id='word_1_199' title='bbox 545 3812 561 3854; x_wconf 75' lang='grc' dir='ltr'><strong>ε</strong></span> <span class='ocrx_word' id='word_1_200' title='bbox 601 3791 685 3853; x_wconf 79' lang='lat' dir='ltr'>In</span> <span class='ocrx_word' id='word_1_201' title='bbox 718 3788 1045 3870; x_wconf 76' lang='lat' dir='ltr'>principio</span> <span class='ocrx_word' id='word_1_202' title='bbox 1087 3791 1330 3855; x_wconf 78' lang='lat' dir='ltr'>creavit</span> <span class='ocrx_word' id='word_1_203' title='bbox 1372 3790 1537 3856; x_wconf 78' lang='lat' dir='ltr'>Deus</span> <span class='ocrx_word' id='word_1_204' title='bbox 1574 3793 1795 3858; x_wconf 80' lang='lat' dir='ltr'>eoelum</span> <span class='ocrx_word' id='word_1_205' title='bbox 1823 3800 1884 3860; x_wconf 80' lang='lat' dir='ltr'>et</span> 
     </span>
     <span class='ocr_line' id='line_1_32' title="bbox 348 3894 1883 3978; baseline 0.001 -13"><span class='ocrx_word' id='word_1_206' title='bbox 348 3902 599 3975; x_wconf 77' lang='lat' dir='ltr'>terram,</span> <span class='ocrx_word' id='word_1_207' title='bbox 627 3894 778 3959; x_wconf 89' lang='lat' dir='ltr'>dicit</span> <span class='ocrx_word' id='word_1_208' title='bbox 800 3894 965 3958; x_wconf 90' lang='lat' dir='ltr'>circa</span> <span class='ocrx_word' id='word_1_209' title='bbox 989 3894 1377 3978; x_wconf 88' lang='lat' dir='ltr'>principium</span> <span class='ocrx_word' id='word_1_210' title='bbox 1397 3896 1546 3960; x_wconf 90' lang='lat' dir='ltr'>libri</span> <span class='ocrx_word' id='word_1_211' title='bbox 1560 3897 1638 3964; x_wconf 84' lang='lat' dir='ltr'>de</span> <span class='ocrx_word' id='word_1_212' title='bbox 1655 3902 1883 3967; x_wconf 77' lang='lat' dir='ltr'>Sacra-</span> 
     </span>
     <span class='ocr_line' id='line_1_33' title="bbox 344 4000 1881 4089; baseline 0.002 -19"><span class='ocrx_word' id='word_1_213' title='bbox 344 4006 577 4073; x_wconf 77' lang='lat' dir='ltr'>mentis</span> <span class='ocrx_word' id='word_1_214' title='bbox 609 4006 632 4042; x_wconf 84' lang='lat'>⁸</span> <span class='ocrx_word' id='word_1_215' title='bbox 674 4023 690 4065; x_wconf 76' lang='lat' dir='ltr'><em>z</em></span> <span class='ocrx_word' id='word_1_216' title='bbox 726 4023 757 4063; x_wconf 79' lang='grc' dir='ltr'><strong>α</strong></span> <span class='ocrx_word' id='word_1_217' title='bbox 784 4000 1074 4085; x_wconf 87' lang='lat' dir='ltr'>Namque</span> <span class='ocrx_word' id='word_1_218' title='bbox 1096 4007 1264 4068; x_wconf 88' lang='lat' dir='ltr'>terra</span> <span class='ocrx_word' id='word_1_219' title='bbox 1289 4006 1425 4069; x_wconf 89' lang='lat' dir='ltr'>erat</span> <span class='ocrx_word' id='word_1_220' title='bbox 1452 4005 1665 4089; x_wconf 89' lang='lat' dir='ltr'>ipsum</span> <span class='ocrx_word' id='word_1_221' title='bbox 1692 4010 1881 4073; x_wconf 81' lang='lat' dir='ltr'>terrae</span> 
     </span>
     <span class='ocr_line' id='line_1_34' title="bbox 345 4110 1881 4196; baseline -0.001 -17"><span class='ocrx_word' id='word_1_222' title='bbox 345 4113 757 4196; x_wconf 88' lang='lat' dir='ltr'>elementum,</span> <span class='ocrx_word' id='word_1_223' title='bbox 793 4115 856 4175; x_wconf 91' lang='lat' dir='ltr'>et</span> <span class='ocrx_word' id='word_1_224' title='bbox 895 4110 1131 4175; x_wconf 85' lang='lat' dir='ltr'>coelum</span> <span class='ocrx_word' id='word_1_225' title='bbox 1157 4114 1296 4175; x_wconf 86' lang='lat' dir='ltr'>erat</span> <span class='ocrx_word' id='word_1_226' title='bbox 1337 4110 1498 4176; x_wconf 85' lang='lat' dir='ltr'>levis</span> <span class='ocrx_word' id='word_1_227' title='bbox 1536 4118 1599 4177; x_wconf 88' lang='lat' dir='ltr'>et</span> <span class='ocrx_word' id='word_1_228' title='bbox 1623 4115 1881 4178; x_wconf 90' lang='lat' dir='ltr'>mobilis</span> 
     </span>
     <span class='ocr_line' id='line_1_35' title="bbox 343 4218 1881 4302; baseline 0.001 -17"><span class='ocrx_word' id='word_1_229' title='bbox 343 4220 748 4285; x_wconf 90' lang='lat' dir='ltr'>circumfusio</span> <span class='ocrx_word' id='word_1_230' title='bbox 793 4218 1189 4300; x_wconf 87' lang='lat' dir='ltr'>reliquorum</span> <span class='ocrx_word' id='word_1_231' title='bbox 1224 4218 1455 4299; x_wconf 87' lang='lat' dir='ltr'>trium,</span> <span class='ocrx_word' id='word_1_232' title='bbox 1485 4237 1634 4302; x_wconf 82' lang='lat' dir='ltr'>quae</span> <span class='ocrx_word' id='word_1_233' title='bbox 1660 4221 1724 4284; x_wconf 90' lang='lat' dir='ltr'>in</span> <span class='ocrx_word' id='word_1_234' title='bbox 1754 4223 1881 4286; x_wconf 82' lang='grc'>011·-</span> 
     </span>
     <span class='ocr_line' id='line_1_36' title="bbox 342 4325 1878 4410; baseline 0.001 -17"><span class='ocrx_word' id='word_1_235' title='bbox 342 4329 519 4393; x_wconf 91' lang='lat' dir='ltr'>cuitu</span> <span class='ocrx_word' id='word_1_236' title='bbox 556 4328 767 4393; x_wconf 89' lang='lat' dir='ltr'>medio</span> <span class='ocrx_word' id='word_1_237' title='bbox 792 4325 1062 4410; x_wconf 87' lang='lat' dir='ltr'>jacentis</span> <span class='ocrx_word' id='word_1_238' title='bbox 1083 4329 1273 4391; x_wconf 83' lang='lat' dir='ltr'>terrae</span> <span class='ocrx_word' id='word_1_239' title='bbox 1300 4344 1605 4409; x_wconf 87' lang='lat' dir='ltr'>suspensa</span> <span class='ocrx_word' id='word_1_240' title='bbox 1634 4327 1878 4394; x_wconf 80' lang='lat' dir='ltr'>sereba-</span> 
     </span>
     <span class='ocr_line' id='line_1_37' title="bbox 340 4429 1879 4513; baseline 0.001 -18"><span class='ocrx_word' id='word_1_241' title='bbox 340 4434 468 4511; x_wconf 85' lang='lat' dir='ltr'>tur,</span> <span class='ocrx_word' id='word_1_242' title='bbox 506 4435 569 4495; x_wconf 90' lang='lat' dir='ltr'>et</span> <span class='ocrx_word' id='word_1_243' title='bbox 600 4429 757 4494; x_wconf 89' lang='lat' dir='ltr'>illud</span> <span class='ocrx_word' id='word_1_244' title='bbox 801 4445 963 4511; x_wconf 87' lang='lat' dir='ltr'>opus</span> <span class='ocrx_word' id='word_1_245' title='bbox 1001 4429 1294 4494; x_wconf 93' lang='lat' dir='ltr'>omnium</span> <span class='ocrx_word' id='word_1_246' title='bbox 1331 4447 1671 4513; x_wconf 91' lang='lat' dir='ltr'>corporum</span> <span class='ocrx_word' id='word_1_247' title='bbox 1696 4481 1713 4511; x_wconf 90' lang='lat'>,</span> <span class='ocrx_word' id='word_1_248' title='bbox 1744 4433 1879 4498; x_wconf 87' lang='lat' dir='ltr'>sive</span> 
     </span>
     <span class='ocr_line' id='line_1_38' title="bbox 340 4535 1880 4615; baseline 0.002 -14"><span class='ocrx_word' id='word_1_249' title='bbox 340 4537 690 4602; x_wconf 85' lang='lat' dir='ltr'>coelestium</span> <span class='ocrx_word' id='word_1_250' title='bbox 712 4584 731 4615; x_wconf 87' lang='lat'>,</span> <span class='ocrx_word' id='word_1_251' title='bbox 776 4535 912 4602; x_wconf 84' lang='lat' dir='ltr'>sive</span> <span class='ocrx_word' id='word_1_252' title='bbox 955 4535 1353 4601; x_wconf 86' lang='lat' dir='ltr'>terrestrium</span> <span class='ocrx_word' id='word_1_253' title='bbox 1396 4536 1880 4604; x_wconf 84' lang='lat' dir='ltr'>formandorum</span> 
     </span>
     <span class='ocr_line' id='line_1_39' title="bbox 341 4641 1880 4728; baseline 0.002 -20"><span class='ocrx_word' id='word_1_254' title='bbox 341 4644 674 4708; x_wconf 88' lang='lat' dir='ltr'>materiam</span> <span class='ocrx_word' id='word_1_255' title='bbox 700 4641 1082 4707; x_wconf 86' lang='lat' dir='ltr'>continebat.</span> <span class='ocrx_word' id='word_1_256' title='bbox 1109 4663 1142 4702; x_wconf 77' lang='lat' dir='ltr'>n</span> <span class='ocrx_word' id='word_1_257' title='bbox 1165 4641 1264 4707; x_wconf 89' lang='lat' dir='ltr'>Ex</span> <span class='ocrx_word' id='word_1_258' title='bbox 1287 4642 1409 4708; x_wconf 92' lang='lat' dir='ltr'>hoc</span> <span class='ocrx_word' id='word_1_259' title='bbox 1434 4644 1690 4709; x_wconf 86' lang='lat' dir='ltr'>videtur</span> <span class='ocrx_word' id='word_1_260' title='bbox 1707 4647 1880 4728; x_wconf 89' lang='lat' dir='ltr'>quod</span> 
     </span>
     <span class='ocr_line' id='line_1_40' title="bbox 339 4750 1866 4835; baseline 0.002 -20"><span class='ocrx_word' id='word_1_261' title='bbox 339 4751 821 4817; x_wconf 81' lang='lat' dir='ltr'>firmamentum</span> <span class='ocrx_word' id='word_1_262' title='bbox 872 4750 958 4816; x_wconf 89' lang='lat' dir='ltr'>sit</span> <span class='ocrx_word' id='word_1_263' title='bbox 1006 4750 1084 4815; x_wconf 91' lang='lat' dir='ltr'>de</span> <span class='ocrx_word' id='word_1_264' title='bbox 1137 4751 1368 4815; x_wconf 89' lang='lat' dir='ltr'>natura</span> <span class='ocrx_word' id='word_1_265' title='bbox 1415 4750 1687 4835; x_wconf 78' lang='lat' dir='ltr'>alicuius</span> <span class='ocrx_word' id='word_1_266' title='bbox 1750 4753 1866 4818; x_wconf 88' lang='lat' dir='ltr'>ele·</span> 
     </span>
     <span class='ocr_line' id='line_1_41' title="bbox 339 4859 565 4923; baseline -0.004 0"><span class='ocrx_word' id='word_1_267' title='bbox 339 4859 565 4923; x_wconf 89' lang='lat' dir='ltr'>menti.</span> 
     </span>
    </p>
   </div>
   <div class='ocr_carea' id='block_1_7' title="bbox 416 4964 1910 5050">
    <p class='ocr_par' dir='ltr' id='par_1_9' title="bbox 416 4964 1910 5050">
     <span class='ocr_line' id='line_1_42' title="bbox 416 4964 1910 5050; baseline 0.001 -20"><span class='ocrx_word' id='word_1_268' title='bbox 416 4971 478 5030; x_wconf 73' lang='grc'>4.</span> <span class='ocrx_word' id='word_1_269' title='bbox 510 4966 670 5031; x_wconf 88' lang='lat' dir='ltr'>Item</span> <span class='ocrx_word' id='word_1_270' title='bbox 696 4967 820 5031; x_wconf 93' lang='lat' dir='ltr'>hoc</span> <span class='ocrx_word' id='word_1_271' title='bbox 844 4965 1099 5032; x_wconf 85' lang='lat' dir='ltr'>videtur</span> <span class='ocrx_word' id='word_1_272' title='bbox 1120 4965 1386 5030; x_wconf 87' lang='lat' dir='ltr'>ratione.</span> <span class='ocrx_word' id='word_1_273' title='bbox 1416 4964 1694 5031; x_wconf 89' lang='lat' dir='ltr'>Tantum</span> <span class='ocrx_word' id='word_1_274' title='bbox 1726 4983 1910 5050; x_wconf 70' lang='lat' dir='ltr'>qua·a</span> 
     </span>
    </p>
   </div>
   <div class='ocr_carea' id='block_1_8' title="bbox 339 5072 1880 5157">
    <p class='ocr_par' dir='ltr' id='par_1_10' title="bbox 339 5072 1880 5157">
     <span class='ocr_line' id='line_1_43' title="bbox 339 5072 1880 5157; baseline 0.001 -18"><span class='ocrx_word' id='word_1_275' title='bbox 339 5078 486 5140; x_wconf 86' lang='lat' dir='ltr'>tuor</span> <span class='ocrx_word' id='word_1_276' title='bbox 529 5077 681 5139; x_wconf 89' lang='lat' dir='ltr'>sunt</span> <span class='ocrx_word' id='word_1_277' title='bbox 719 5073 1050 5157; x_wconf 88' lang='lat' dir='ltr'>qualitates</span> <span class='ocrx_word' id='word_1_278' title='bbox 1088 5072 1316 5155; x_wconf 82' lang='lat' dir='ltr'>primae</span> <span class='ocrx_word' id='word_1_279' title='bbox 1362 5096 1375 5138; x_wconf 93' lang='lat'><strong>:</strong></span> <span class='ocrx_word' id='word_1_280' title='bbox 1421 5092 1578 5155; x_wconf 89' lang='lat' dir='ltr'>ergo</span> <span class='ocrx_word' id='word_1_281' title='bbox 1623 5074 1880 5140; x_wconf 84' lang='lat' dir='ltr'>videtur</span> 
     </span>
    </p>
   </div>
   <div class='ocr_carea' id='block_1_9' title="bbox 341 5197 1876 5482">
    <p class='ocr_par' dir='ltr' id='par_1_11' title="bbox 341 5197 1876 5482">
     <span class='ocr_line' id='line_1_44' title="bbox 406 5197 1874 5265; baseline 0.002 -16"><span class='ocrx_word' id='word_1_282' title='bbox 406 5199 424 5234; x_wconf 90' lang='lat'><strong>¹</strong></span> <span class='ocrx_word' id='word_1_283' title='bbox 444 5198 525 5263; x_wconf 79' lang='lat' dir='ltr'>Cf.</span> <span class='ocrx_word' id='word_1_284' title='bbox 554 5198 802 5250; x_wconf 77' lang='lat' dir='ltr'>Alexand.</span> <span class='ocrx_word' id='word_1_285' title='bbox 830 5197 1048 5262; x_wconf 68' lang='lat' dir='ltr'>Mensis,</span> <span class='ocrx_word' id='word_1_286' title='bbox 1075 5211 1128 5262; x_wconf 90' lang='lat' dir='ltr'>p.</span> <span class='ocrx_word' id='word_1_287' title='bbox 1159 5198 1225 5261; x_wconf 87' lang='lat'>11,</span> <span class='ocrx_word' id='word_1_288' title='bbox 1247 5211 1302 5262; x_wconf 90' lang='lat' dir='ltr'>q.</span> <span class='ocrx_word' id='word_1_289' title='bbox 1323 5209 1376 5262; x_wconf 89' lang='lat'>1.,</span> <span class='ocrx_word' id='word_1_290' title='bbox 1404 5199 1599 5250; x_wconf 89' lang='lat' dir='ltr'>memb.</span> <span class='ocrx_word' id='word_1_291' title='bbox 1619 5202 1668 5264; x_wconf 81' lang='lat'>6,</span> <span class='ocrx_word' id='word_1_292' title='bbox 1698 5204 1796 5251; x_wconf 86' lang='lat' dir='ltr'>art.</span> <span class='ocrx_word' id='word_1_293' title='bbox 1814 5201 1874 5265; x_wconf 81' lang='grc'>3;</span> 
     </span>
     <span class='ocr_line' id='line_1_45' title="bbox 341 5268 1876 5336; baseline 0.004 -17"><span class='ocrx_word' id='word_1_294' title='bbox 341 5268 395 5319; x_wconf 87' lang='lat' dir='ltr'>S.</span> <span class='ocrx_word' id='word_1_295' title='bbox 418 5269 620 5332; x_wconf 85' lang='lat' dir='ltr'>Thom.,</span> <span class='ocrx_word' id='word_1_296' title='bbox 650 5270 691 5319; x_wconf 83' lang='lat'>11</span> <span class='ocrx_word' id='word_1_297' title='bbox 715 5269 873 5334; x_wconf 69' lang='lat' dir='ltr'>Sent„</span> <span class='ocrx_word' id='word_1_298' title='bbox 897 5270 1014 5320; x_wconf 84' lang='lat' dir='ltr'>dist.</span> <span class='ocrx_word' id='word_1_299' title='bbox 1035 5280 1142 5327; x_wconf 74' lang='lat' dir='ltr'>nv,</span> <span class='ocrx_word' id='word_1_300' title='bbox 1167 5282 1220 5333; x_wconf 86' lang='lat' dir='ltr'>q.</span> <span class='ocrx_word' id='word_1_301' title='bbox 1240 5281 1280 5333; x_wconf 85' lang='lat'>1,</span> <span class='ocrx_word' id='word_1_302' title='bbox 1304 5273 1400 5321; x_wconf 84' lang='lat' dir='ltr'>art.</span> <span class='ocrx_word' id='word_1_303' title='bbox 1420 5274 1450 5321; x_wconf 82' lang='lat'><strong>2</strong></span> <span class='ocrx_word' id='word_1_304' title='bbox 1464 5285 1482 5333; x_wconf 87' lang='lat'>;</span> <span class='ocrx_word' id='word_1_305' title='bbox 1512 5270 1682 5335; x_wconf 79' lang='lat' dir='ltr'>AEgid.</span> <span class='ocrx_word' id='word_1_306' title='bbox 1704 5273 1876 5336; x_wconf 66' lang='lat' dir='ltr'>Rom„</span> 
     </span>
     <span class='ocr_line' id='line_1_46' title="bbox 342 5338 1875 5410; baseline 0.004 -23"><span class='ocrx_word' id='word_1_307' title='bbox 342 5338 387 5388; x_wconf 89' lang='lat'>11</span> <span class='ocrx_word' id='word_1_308' title='bbox 411 5339 568 5401; x_wconf 69' lang='lat' dir='ltr'>Sene„</span> <span class='ocrx_word' id='word_1_309' title='bbox 597 5340 716 5391; x_wconf 83' lang='lat' dir='ltr'>dist.</span> <span class='ocrx_word' id='word_1_310' title='bbox 737 5352 847 5406; x_wconf 81' lang='lat' dir='ltr'>xw,</span> <span class='ocrx_word' id='word_1_311' title='bbox 868 5355 920 5404; x_wconf 86' lang='lat' dir='ltr'>q.</span> <span class='ocrx_word' id='word_1_312' title='bbox 942 5352 981 5405; x_wconf 89' lang='lat'>1,</span> <span class='ocrx_word' id='word_1_313' title='bbox 1003 5344 1097 5391; x_wconf 86' lang='lat' dir='ltr'>art.</span> <span class='ocrx_word' id='word_1_314' title='bbox 1120 5345 1148 5391; x_wconf 83' lang='lat'>2</span> <span class='ocrx_word' id='word_1_315' title='bbox 1163 5356 1180 5404; x_wconf 82' lang='lat'>3</span> <span class='ocrx_word' id='word_1_316' title='bbox 1196 5340 1362 5406; x_wconf 65' lang='lat' dir='ltr'>Rich„</span> <span class='ocrx_word' id='word_1_317' title='bbox 1391 5342 1429 5393; x_wconf 82' lang='grc' dir='ltr'>ΙΙ</span> <span class='ocrx_word' id='word_1_318' title='bbox 1451 5344 1609 5406; x_wconf 57' lang='lat' dir='ltr'>Sene,</span> <span class='ocrx_word' id='word_1_319' title='bbox 1631 5343 1750 5395; x_wconf 85' lang='lat' dir='ltr'>dist.</span> <span class='ocrx_word' id='word_1_320' title='bbox 1766 5356 1875 5410; x_wconf 79' lang='lat' dir='ltr'>nv,</span> 
     </span>
     <span class='ocr_line' id='line_1_47' title="bbox 342 5412 1872 5482; baseline 0.005 -23"><span class='ocrx_word' id='word_1_321' title='bbox 342 5422 394 5476; x_wconf 87' lang='lat' dir='ltr'>q.</span> <span class='ocrx_word' id='word_1_322' title='bbox 410 5422 504 5475; x_wconf 87' lang='lat'>111;</span> <span class='ocrx_word' id='word_1_323' title='bbox 526 5412 701 5477; x_wconf 86' lang='lat' dir='ltr'>Steph.</span> <span class='ocrx_word' id='word_1_324' title='bbox 727 5412 1314 5479; x_wconf 76' lang='lat' dir='ltr'>Bm101.‚118ent‚,dist.</span> <span class='ocrx_word' id='word_1_325' title='bbox 1334 5425 1443 5478; x_wconf 76' lang='lat' dir='ltr'>nv,</span> <span class='ocrx_word' id='word_1_326' title='bbox 1468 5428 1520 5479; x_wconf 87' lang='lat' dir='ltr'>q.</span> <span class='ocrx_word' id='word_1_327' title='bbox 1544 5414 1701 5465; x_wconf 86' lang='lat'>11.--¹</span> <span class='ocrx_word' id='word_1_328' title='bbox 1719 5422 1872 5482; x_wconf 67' lang='lat' dir='ltr'>Aug„</span> 
     </span>
    </p>
   </div>
   <div class='ocr_carea' id='block_1_10' title="bbox 3432 435 3551 498">
    <p class='ocr_par' dir='ltr' id='par_1_12' title="bbox 3432 435 3551 498">
     <span class='ocr_line' id='line_1_48' title="bbox 3432 435 3551 498; baseline 0 0"><span class='ocrx_word' id='word_1_329' title='bbox 3432 435 3551 498; x_wconf 72' lang='lat'>569</span> 
     </span>
    </p>
   </div>
   <div class='ocr_carea' id='block_1_11' title="bbox 1994 567 3548 2262">
    <p class='ocr_par' dir='ltr' id='par_1_13' title="bbox 1997 567 3547 1298">
     <span class='ocr_line' id='line_1_49' title="bbox 2000 567 3547 653; baseline 0.003 -24"><span class='ocrx_word' id='word_1_330' title='bbox 2000 567 2175 649; x_wconf 84' lang='lat' dir='ltr'>quod</span> <span class='ocrx_word' id='word_1_331' title='bbox 2220 568 2474 631; x_wconf 88' lang='lat' dir='ltr'>tantum</span> <span class='ocrx_word' id='word_1_332' title='bbox 2502 572 2789 652; x_wconf 87' lang='lat' dir='ltr'>quatuor</span> <span class='ocrx_word' id='word_1_333' title='bbox 2826 570 3059 636; x_wconf 89' lang='lat' dir='ltr'>debent</span> <span class='ocrx_word' id='word_1_334' title='bbox 3083 586 3218 635; x_wconf 89' lang='lat' dir='ltr'>esse</span> <span class='ocrx_word' id='word_1_335' title='bbox 3259 585 3547 653; x_wconf 84' lang='lat' dir='ltr'>corpora,</span> 
     </span>
     <span class='ocr_line' id='line_1_50' title="bbox 1999 674 3540 762; baseline 0.003 -25"><span class='ocrx_word' id='word_1_336' title='bbox 1999 692 2149 757; x_wconf 82' lang='lat' dir='ltr'>quae</span> <span class='ocrx_word' id='word_1_337' title='bbox 2176 678 2328 739; x_wconf 89' lang='lat' dir='ltr'>sunt</span> <span class='ocrx_word' id='word_1_338' title='bbox 2352 674 2430 739; x_wconf 88' lang='lat' dir='ltr'>de</span> <span class='ocrx_word' id='word_1_339' title='bbox 2458 678 2907 744; x_wconf 87' lang='lat' dir='ltr'>constitutione</span> <span class='ocrx_word' id='word_1_340' title='bbox 2935 678 3159 745; x_wconf 88' lang='lat' dir='ltr'>mundi</span> <span class='ocrx_word' id='word_1_341' title='bbox 3192 677 3540 762; x_wconf 86' lang='lat' dir='ltr'>primaria:</span> 
     </span>
     <span class='ocr_line' id='line_1_51' title="bbox 2000 783 3543 868; baseline 0.001 -23"><span class='ocrx_word' id='word_1_342' title='bbox 2000 799 2158 863; x_wconf 88' lang='lat' dir='ltr'>ergo</span> <span class='ocrx_word' id='word_1_343' title='bbox 2188 783 2293 846; x_wconf 86' lang='lat' dir='ltr'>vel</span> <span class='ocrx_word' id='word_1_344' title='bbox 2331 783 2815 855; x_wconf 78' lang='lat' dir='ltr'>firmamentum</span> <span class='ocrx_word' id='word_1_345' title='bbox 2838 789 2932 849; x_wconf 89' lang='lat' dir='ltr'>est</span> <span class='ocrx_word' id='word_1_346' title='bbox 2956 802 3189 868; x_wconf 89' lang='lat' dir='ltr'>corpus</span> <span class='ocrx_word' id='word_1_347' title='bbox 3215 784 3500 847; x_wconf 87' lang='lat' dir='ltr'>mixtum</span> <span class='ocrx_word' id='word_1_348' title='bbox 3523 832 3543 864; x_wconf 91' lang='lat'>,</span> 
     </span>
     <span class='ocr_line' id='line_1_52' title="bbox 1998 893 3545 979; baseline 0.001 -21"><span class='ocrx_word' id='word_1_349' title='bbox 1998 894 2104 958; x_wconf 86' lang='lat' dir='ltr'>vel</span> <span class='ocrx_word' id='word_1_350' title='bbox 2143 898 2239 958; x_wconf 86' lang='lat' dir='ltr'>est</span> <span class='ocrx_word' id='word_1_351' title='bbox 2272 893 2353 959; x_wconf 90' lang='lat' dir='ltr'>de</span> <span class='ocrx_word' id='word_1_352' title='bbox 2391 899 2622 960; x_wconf 88' lang='lat' dir='ltr'>natura</span> <span class='ocrx_word' id='word_1_353' title='bbox 2653 896 2926 979; x_wconf 88' lang='lat' dir='ltr'>alicujus</span> <span class='ocrx_word' id='word_1_354' title='bbox 2950 901 3225 979; x_wconf 88' lang='lat' dir='ltr'>quatuor</span> <span class='ocrx_word' id='word_1_355' title='bbox 3252 896 3504 960; x_wconf 91' lang='lat' dir='ltr'>elemen</span> <span class='ocrx_word' id='word_1_356' title='bbox 3518 931 3545 945; x_wconf 87' lang='lat'><strong>·</strong></span> 
     </span>
     <span class='ocr_line' id='line_1_53' title="bbox 1998 1004 3546 1081; baseline 0.002 -16"><span class='ocrx_word' id='word_1_357' title='bbox 1998 1004 2218 1066; x_wconf 89' lang='lat' dir='ltr'>torum</span> <span class='ocrx_word' id='word_1_358' title='bbox 2245 1021 2262 1066; x_wconf 72' lang='grc' dir='ltr'>ε</span> <span class='ocrx_word' id='word_1_359' title='bbox 2293 1004 2403 1067; x_wconf 86' lang='lat' dir='ltr'>sed</span> <span class='ocrx_word' id='word_1_360' title='bbox 2442 1022 2573 1068; x_wconf 93' lang='lat' dir='ltr'>non</span> <span class='ocrx_word' id='word_1_361' title='bbox 2600 1007 2696 1068; x_wconf 89' lang='lat' dir='ltr'>est</span> <span class='ocrx_word' id='word_1_362' title='bbox 2720 1005 2999 1069; x_wconf 86' lang='lat' dir='ltr'>mixtum</span> <span class='ocrx_word' id='word_1_363' title='bbox 3015 1052 3033 1081; x_wconf 93' lang='lat'>,</span> <span class='ocrx_word' id='word_1_364' title='bbox 3063 1023 3183 1069; x_wconf 91' lang='lat' dir='ltr'>nec</span> <span class='ocrx_word' id='word_1_365' title='bbox 3207 1004 3286 1068; x_wconf 91' lang='lat' dir='ltr'>de</span> <span class='ocrx_word' id='word_1_366' title='bbox 3313 1007 3546 1068; x_wconf 88' lang='lat' dir='ltr'>natura</span> 
     </span>
     <span class='ocr_line' id='line_1_54' title="bbox 1997 1108 3546 1193; baseline 0.002 -21"><span class='ocrx_word' id='word_1_367' title='bbox 1997 1108 2198 1173; x_wconf 88' lang='lat' dir='ltr'>trium</span> <span class='ocrx_word' id='word_1_368' title='bbox 2225 1109 2686 1176; x_wconf 86' lang='lat' dir='ltr'>elementorum</span> <span class='ocrx_word' id='word_1_369' title='bbox 2706 1112 3084 1177; x_wconf 81' lang='lat' dir='ltr'>inferiorum</span> <span class='ocrx_word' id='word_1_370' title='bbox 3111 1130 3129 1176; x_wconf 75' lang='grc' dir='ltr'><strong><em>ε</em></strong></span> <span class='ocrx_word' id='word_1_371' title='bbox 3160 1129 3317 1193; x_wconf 87' lang='grc'>6130</span> <span class='ocrx_word' id='word_1_372' title='bbox 3346 1115 3442 1176; x_wconf 90' lang='lat' dir='ltr'>est</span> <span class='ocrx_word' id='word_1_373' title='bbox 3466 1110 3546 1175; x_wconf 89' lang='lat' dir='ltr'>de</span> 
     </span>
     <span class='ocr_line' id='line_1_55' title="bbox 1998 1216 2453 1298; baseline 0.007 -21"><span class='ocrx_word' id='word_1_374' title='bbox 1998 1219 2232 1280; x_wconf 89' lang='lat' dir='ltr'>natura</span> <span class='ocrx_word' id='word_1_375' title='bbox 2261 1216 2453 1298; x_wconf 77' lang='lat' dir='ltr'>igniS.</span> 
     </span>
    </p>

    <p class='ocr_par' dir='ltr' id='par_1_14' title="bbox 1995 1322 3548 1728">
     <span class='ocr_line' id='line_1_56' title="bbox 2078 1322 3548 1409; baseline 0.002 -24"><span class='ocrx_word' id='word_1_376' title='bbox 2078 1326 2139 1386; x_wconf 76' lang='lat'>5.</span> <span class='ocrx_word' id='word_1_377' title='bbox 2182 1322 2340 1388; x_wconf 85' lang='lat' dir='ltr'>Item</span> <span class='ocrx_word' id='word_1_378' title='bbox 2374 1325 2605 1408; x_wconf 83' lang='lat' dir='ltr'>triplex</span> <span class='ocrx_word' id='word_1_379' title='bbox 2643 1328 2738 1390; x_wconf 88' lang='lat' dir='ltr'>est</span> <span class='ocrx_word' id='word_1_380' title='bbox 2776 1325 3011 1409; x_wconf 90' lang='lat' dir='ltr'>species</span> <span class='ocrx_word' id='word_1_381' title='bbox 3056 1324 3231 1408; x_wconf 89' lang='lat' dir='ltr'>ignis</span> <span class='ocrx_word' id='word_1_382' title='bbox 3252 1374 3271 1405; x_wconf 89' lang='lat'>,</span> <span class='ocrx_word' id='word_1_383' title='bbox 3315 1323 3548 1388; x_wconf 88' lang='lat' dir='ltr'>scilicet</span> 
     </span>
     <span class='ocr_line' id='line_1_57' title="bbox 1997 1429 3546 1515; baseline 0.001 -23"><span class='ocrx_word' id='word_1_384' title='bbox 1997 1429 2174 1511; x_wconf 89' lang='lat' dir='ltr'>ignis</span> <span class='ocrx_word' id='word_1_385' title='bbox 2219 1432 2408 1497; x_wconf 88' lang='lat' dir='ltr'>carbo</span> <span class='ocrx_word' id='word_1_386' title='bbox 2430 1480 2447 1509; x_wconf 87' lang='lat'>‚</span> <span class='ocrx_word' id='word_1_387' title='bbox 2490 1433 2662 1515; x_wconf 89' lang='lat' dir='ltr'>ignis</span> <span class='ocrx_word' id='word_1_388' title='bbox 2690 1433 2808 1497; x_wconf 89' lang='lat' dir='ltr'>lux</span> <span class='ocrx_word' id='word_1_389' title='bbox 2830 1481 2848 1513; x_wconf 93' lang='lat'>,</span> <span class='ocrx_word' id='word_1_390' title='bbox 2878 1432 3050 1514; x_wconf 88' lang='lat' dir='ltr'>ignis</span> <span class='ocrx_word' id='word_1_391' title='bbox 3078 1433 3342 1496; x_wconf 90' lang='lat' dir='ltr'>flamma</span> <span class='ocrx_word' id='word_1_392' title='bbox 3387 1431 3546 1495; x_wconf 86' lang='lat' dir='ltr'>:sed</span> 
     </span>
     <span class='ocr_line' id='line_1_58' title="bbox 1995 1538 3543 1619; baseline 0.001 -18"><span class='ocrx_word' id='word_1_393' title='bbox 1995 1541 2229 1602; x_wconf 91' lang='lat' dir='ltr'>natura</span> <span class='ocrx_word' id='word_1_394' title='bbox 2256 1539 2651 1603; x_wconf 86' lang='lat' dir='ltr'>firmamenti</span> <span class='ocrx_word' id='word_1_395' title='bbox 2675 1543 2771 1603; x_wconf 91' lang='lat' dir='ltr'>est</span> <span class='ocrx_word' id='word_1_396' title='bbox 2797 1544 2872 1604; x_wconf 85' lang='lat' dir='ltr'>ut</span> <span class='ocrx_word' id='word_1_397' title='bbox 2893 1541 3124 1602; x_wconf 86' lang='lat' dir='ltr'>natura</span> <span class='ocrx_word' id='word_1_398' title='bbox 3147 1538 3310 1603; x_wconf 90' lang='lat' dir='ltr'>lucis</span> <span class='ocrx_word' id='word_1_399' title='bbox 3339 1558 3356 1601; x_wconf 71' lang='grc' dir='ltr'><strong>ι</strong></span> <span class='ocrx_word' id='word_1_400' title='bbox 3385 1555 3543 1619; x_wconf 87' lang='grc'>6130</span> 
     </span>
     <span class='ocr_line' id='line_1_59' title="bbox 1997 1644 3401 1728; baseline -0.002 -18"><span class='ocrx_word' id='word_1_401' title='bbox 1997 1644 2256 1710; x_wconf 84' lang='lat' dir='ltr'>videtur</span> <span class='ocrx_word' id='word_1_402' title='bbox 2279 1647 2591 1711; x_wconf 84' lang='lat' dir='ltr'>contineri</span> <span class='ocrx_word' id='word_1_403' title='bbox 2613 1646 2733 1711; x_wconf 88' lang='lat' dir='ltr'>sub</span> <span class='ocrx_word' id='word_1_404' title='bbox 2759 1646 2945 1711; x_wconf 90' lang='lat' dir='ltr'>tertia</span> <span class='ocrx_word' id='word_1_405' title='bbox 2975 1645 3181 1728; x_wconf 88' lang='lat' dir='ltr'>specie</span> <span class='ocrx_word' id='word_1_406' title='bbox 3208 1644 3401 1726; x_wconf 81' lang='lat' dir='ltr'>igniS.</span> 
     </span>
    </p>

    <p class='ocr_par' dir='ltr' id='par_1_15' title="bbox 1994 1752 3548 2262">
     <span class='ocr_line' id='line_1_60' title="bbox 2078 1752 3539 1832; baseline -0.001 -16"><span class='ocrx_word' id='word_1_407' title='bbox 2078 1757 2139 1816; x_wconf 92' lang='lat'>6.</span> <span class='ocrx_word' id='word_1_408' title='bbox 2184 1752 2344 1818; x_wconf 89' lang='lat' dir='ltr'>Item</span> <span class='ocrx_word' id='word_1_409' title='bbox 2382 1754 2663 1818; x_wconf 89' lang='lat' dir='ltr'>caliditas</span> <span class='ocrx_word' id='word_1_410' title='bbox 2706 1754 2869 1817; x_wconf 87' lang='lat' dir='ltr'>inest</span> <span class='ocrx_word' id='word_1_411' title='bbox 2912 1753 3056 1832; x_wconf 88' lang='lat' dir='ltr'>igni</span> <span class='ocrx_word' id='word_1_412' title='bbox 3101 1753 3173 1815; x_wconf 88' lang='lat' dir='ltr'>in</span> <span class='ocrx_word' id='word_1_413' title='bbox 3219 1769 3475 1816; x_wconf 90' lang='lat' dir='ltr'>summo</span> <span class='ocrx_word' id='word_1_414' title='bbox 3524 1772 3539 1815; x_wconf 88' lang='lat'>:</span> 
     </span>
     <span class='ocr_line' id='line_1_61' title="bbox 1996 1858 3548 1944; baseline -0.001 -20"><span class='ocrx_word' id='word_1_415' title='bbox 1996 1877 2156 1941; x_wconf 87' lang='lat' dir='ltr'>ergo</span> <span class='ocrx_word' id='word_1_416' title='bbox 2178 1860 2233 1923; x_wconf 91' lang='lat' dir='ltr'>si</span> <span class='ocrx_word' id='word_1_417' title='bbox 2253 1861 2496 1944; x_wconf 90' lang='lat' dir='ltr'>aliquid</span> <span class='ocrx_word' id='word_1_418' title='bbox 2527 1861 2810 1925; x_wconf 83' lang='lat' dir='ltr'>maxime</span> <span class='ocrx_word' id='word_1_419' title='bbox 2837 1858 3140 1938; x_wconf 85' lang='lat' dir='ltr'>calefacit,</span> <span class='ocrx_word' id='word_1_420' title='bbox 3172 1858 3332 1923; x_wconf 90' lang='lat' dir='ltr'>illud</span> <span class='ocrx_word' id='word_1_421' title='bbox 3356 1859 3548 1923; x_wconf 86' lang='lat' dir='ltr'>habet</span> 
     </span>
     <span class='ocr_line' id='line_1_62' title="bbox 1996 1961 3545 2045; baseline -0.001 -19"><span class='ocrx_word' id='word_1_422' title='bbox 1996 1967 2297 2027; x_wconf 89' lang='lat' dir='ltr'>naturam</span> <span class='ocrx_word' id='word_1_423' title='bbox 2332 1964 2508 2045; x_wconf 87' lang='lat' dir='ltr'>ignis</span> <span class='ocrx_word' id='word_1_424' title='bbox 2542 1982 2559 2027; x_wconf 75' lang='grc' dir='ltr'><strong><em>ε</em></strong></span> <span class='ocrx_word' id='word_1_425' title='bbox 2594 1963 2705 2028; x_wconf 89' lang='lat' dir='ltr'>sed</span> <span class='ocrx_word' id='word_1_426' title='bbox 2733 1980 3000 2045; x_wconf 89' lang='lat' dir='ltr'>corpora</span> <span class='ocrx_word' id='word_1_427' title='bbox 3024 1961 3301 2026; x_wconf 85' lang='lat' dir='ltr'>coelestia</span> <span class='ocrx_word' id='word_1_428' title='bbox 3328 1962 3545 2026; x_wconf 84' lang='lat' dir='ltr'>maxi-</span> 
     </span>
     <span class='ocr_line' id='line_1_63' title="bbox 1996 2068 3541 2152; baseline 0.001 -20"><span class='ocrx_word' id='word_1_429' title='bbox 1996 2086 2101 2133; x_wconf 87' lang='lat' dir='ltr'>me</span> <span class='ocrx_word' id='word_1_430' title='bbox 2128 2070 2503 2134; x_wconf 84' lang='lat' dir='ltr'>calefaciunt</span> <span class='ocrx_word' id='word_1_431' title='bbox 2530 2070 2852 2149; x_wconf 73' lang='lat' dir='ltr'>inferiora,</span> <span class='ocrx_word' id='word_1_432' title='bbox 2885 2069 3050 2133; x_wconf 91' lang='lat' dir='ltr'>sicut</span> <span class='ocrx_word' id='word_1_433' title='bbox 3074 2073 3247 2152; x_wconf 86' lang='lat' dir='ltr'>patet</span> <span class='ocrx_word' id='word_1_434' title='bbox 3267 2069 3339 2132; x_wconf 91' lang='lat' dir='ltr'>in</span> <span class='ocrx_word' id='word_1_435' title='bbox 3357 2068 3541 2134; x_wconf 87' lang='lat' dir='ltr'>Sole:</span> 
     </span>
     <span class='ocr_line' id='line_1_64' title="bbox 1994 2158 3108 2262; baseline 0 -20"><span class='ocrx_word' id='word_1_436' title='bbox 1994 2197 2152 2261; x_wconf 90' lang='lat' dir='ltr'>ergo</span> <span class='ocrx_word' id='word_1_437' title='bbox 2176 2180 2415 2244; x_wconf 91' lang='lat' dir='ltr'>habent</span> <span class='ocrx_word' id='word_1_438' title='bbox 2439 2180 2705 2262; x_wconf 88' lang='lat' dir='ltr'>igneam</span> <span class='ocrx_word' id='word_1_439' title='bbox 2739 2182 3063 2244; x_wconf 89' lang='lat' dir='ltr'>naturam.</span> <span class='ocrx_word' id='word_1_440' title='bbox 3094 2158 3108 2171; x_wconf 65' lang='grc'><strong><em>’</em></strong></span> 
     </span>
    </p>
   </div>
   <div class='ocr_carea' id='block_1_12' title="bbox 2075 2285 3780 2370">
    <p class='ocr_par' dir='ltr' id='par_1_16' title="bbox 2075 2285 3780 2370">
     <span class='ocr_line' id='line_1_65' title="bbox 2075 2285 3780 2370; baseline -0.001 -19"><span class='ocrx_word' id='word_1_441' title='bbox 2075 2287 2173 2351; x_wconf 86' lang='lat' dir='ltr'>Ad</span> <span class='ocrx_word' id='word_1_442' title='bbox 2202 2289 2568 2370; x_wconf 88' lang='lat' dir='ltr'>oppositum</span> <span class='ocrx_word' id='word_1_443' title='bbox 2599 2293 2696 2353; x_wconf 89' lang='lat' dir='ltr'>est</span> <span class='ocrx_word' id='word_1_444' title='bbox 2720 2288 3066 2354; x_wconf 83' lang='lat' dir='ltr'>auctoritas</span> <span class='ocrx_word' id='word_1_445' title='bbox 3090 2285 3458 2370; x_wconf 85' lang='lat' dir='ltr'>Philosophi</span> <span class='ocrx_word' id='word_1_446' title='bbox 3476 2287 3544 2350; x_wconf 92' lang='lat' dir='ltr'>in</span> <span class='ocrx_word' id='word_1_447' title='bbox 3572 2308 3780 2354; x_wconf 58' lang='lat' dir='ltr'>ranam.</span> 
     </span>
    </p>
   </div>
   <div class='ocr_carea' id='block_1_13' title="bbox 1985 2394 3547 5053">
    <p class='ocr_par' dir='ltr' id='par_1_17' title="bbox 1992 2394 3547 2673">
     <span class='ocr_line' id='line_1_66' title="bbox 1992 2394 3547 2478; baseline 0.001 -21"><span class='ocrx_word' id='word_1_448' title='bbox 1992 2394 2157 2458; x_wconf 88' lang='lat' dir='ltr'>libro</span> <span class='ocrx_word' id='word_1_449' title='bbox 2198 2394 2276 2461; x_wconf 84' lang='lat' dir='ltr'>de</span> <span class='ocrx_word' id='word_1_450' title='bbox 2327 2396 2486 2462; x_wconf 83' lang='lat' dir='ltr'>Coelo</span> <span class='ocrx_word' id='word_1_451' title='bbox 2528 2403 2588 2463; x_wconf 78' lang='lat' dir='ltr'>et</span> <span class='ocrx_word' id='word_1_452' title='bbox 2614 2396 2859 2464; x_wconf 76' lang='lat' dir='ltr'>Mundo</span> <span class='ocrx_word' id='word_1_453' title='bbox 2882 2444 2901 2475; x_wconf 85' lang='lat'>,</span> <span class='ocrx_word' id='word_1_454' title='bbox 2943 2395 3060 2478; x_wconf 87' lang='lat' dir='ltr'>qui</span> <span class='ocrx_word' id='word_1_455' title='bbox 3117 2399 3351 2478; x_wconf 85' lang='lat' dir='ltr'>praeter</span> <span class='ocrx_word' id='word_1_456' title='bbox 3404 2394 3547 2459; x_wconf 83' lang='lat' dir='ltr'>haec</span> 
     </span>
     <span class='ocr_line' id='line_1_67' title="bbox 1994 2502 3543 2587; baseline 0.001 -24"><span class='ocrx_word' id='word_1_457' title='bbox 1994 2504 2272 2583; x_wconf 92' lang='lat' dir='ltr'>quatuor</span> <span class='ocrx_word' id='word_1_458' title='bbox 2309 2521 2577 2587; x_wconf 89' lang='lat' dir='ltr'>corpora</span> <span class='ocrx_word' id='word_1_459' title='bbox 2620 2503 2802 2586; x_wconf 91' lang='lat' dir='ltr'>ponit</span> <span class='ocrx_word' id='word_1_460' title='bbox 2838 2502 2861 2537; x_wconf 71' lang='lat'>⁸</span> <span class='ocrx_word' id='word_1_461' title='bbox 2896 2519 3032 2566; x_wconf 90' lang='lat' dir='ltr'>esse</span> <span class='ocrx_word' id='word_1_462' title='bbox 3071 2519 3306 2584; x_wconf 90' lang='lat' dir='ltr'>corpus</span> <span class='ocrx_word' id='word_1_463' title='bbox 3354 2502 3543 2584; x_wconf 90' lang='lat' dir='ltr'>quin·</span> 
     </span>
     <span class='ocr_line' id='line_1_68' title="bbox 1994 2612 2162 2673; baseline 0.012 -2"><span class='ocrx_word' id='word_1_464' title='bbox 1994 2612 2162 2673; x_wconf 92' lang='lat' dir='ltr'>tum.</span> 
     </span>
    </p>

    <p class='ocr_par' dir='ltr' id='par_1_18' title="bbox 1990 2715 3546 3337">
     <span class='ocr_line' id='line_1_69' title="bbox 2074 2715 3546 2800; baseline 0.001 -22"><span class='ocrx_word' id='word_1_465' title='bbox 2074 2715 2233 2781; x_wconf 91' lang='lat' dir='ltr'>Item</span> <span class='ocrx_word' id='word_1_466' title='bbox 2270 2715 2394 2780; x_wconf 92' lang='lat' dir='ltr'>hoc</span> <span class='ocrx_word' id='word_1_467' title='bbox 2432 2716 2647 2800; x_wconf 87' lang='lat' dir='ltr'>ipsum</span> <span class='ocrx_word' id='word_1_468' title='bbox 2672 2716 2942 2782; x_wconf 82' lang='lat' dir='ltr'>ratione</span> <span class='ocrx_word' id='word_1_469' title='bbox 2986 2716 3360 2782; x_wconf 79' lang='lat' dir='ltr'>ostenditur.</span> <span class='ocrx_word' id='word_1_470' title='bbox 3393 2715 3546 2781; x_wconf 90' lang='lat' dir='ltr'>Cor-</span> 
     </span>
     <span class='ocr_line' id='line_1_70' title="bbox 1990 2809 3538 2910; baseline 0.001 -22"><span class='ocrx_word' id='word_1_471' title='bbox 1990 2809 2312 2907; x_wconf 84' lang='lat' dir='ltr'>ruptibile,</span> <span class='ocrx_word' id='word_1_472' title='bbox 2330 2827 2394 2888; x_wconf 90' lang='lat' dir='ltr'>et</span> <span class='ocrx_word' id='word_1_473' title='bbox 2409 2824 2913 2907; x_wconf 87' lang='lat' dir='ltr'>incorruptibile,</span> <span class='ocrx_word' id='word_1_474' title='bbox 2944 2843 3060 2910; x_wconf 90' lang='lat' dir='ltr'>per</span> <span class='ocrx_word' id='word_1_475' title='bbox 3085 2829 3385 2891; x_wconf 86' lang='lat' dir='ltr'>naturam</span> <span class='ocrx_word' id='word_1_476' title='bbox 3405 2844 3538 2891; x_wconf 94' lang='lat' dir='ltr'>non</span> 
     </span>
     <span class='ocr_line' id='line_1_71' title="bbox 1992 2932 3538 3015; baseline 0.001 -19"><span class='ocrx_word' id='word_1_477' title='bbox 1992 2932 2233 2996; x_wconf 86' lang='lat' dir='ltr'>habent</span> <span class='ocrx_word' id='word_1_478' title='bbox 2257 2932 2545 2997; x_wconf 88' lang='lat' dir='ltr'>eamdem</span> <span class='ocrx_word' id='word_1_479' title='bbox 2566 2933 2838 2996; x_wconf 79' lang='lat' dir='ltr'>formam</span> <span class='ocrx_word' id='word_1_480' title='bbox 2867 2932 3316 3015; x_wconf 86' lang='lat' dir='ltr'>completivam</span> <span class='ocrx_word' id='word_1_481' title='bbox 3338 2933 3360 2968; x_wconf 82' lang='lat'>⁸</span> <span class='ocrx_word' id='word_1_482' title='bbox 3385 2955 3400 2998; x_wconf 73' lang='grc' dir='ltr'><strong><em>ε</em></strong></span> <span class='ocrx_word' id='word_1_483' title='bbox 3428 2933 3538 2998; x_wconf 90' lang='lat' dir='ltr'>sed</span> 
     </span>
     <span class='ocr_line' id='line_1_72' title="bbox 1990 3040 3537 3126; baseline 0.002 -23"><span class='ocrx_word' id='word_1_484' title='bbox 1990 3040 2477 3105; x_wconf 84' lang='lat' dir='ltr'>firmamentum</span> <span class='ocrx_word' id='word_1_485' title='bbox 2504 3040 2880 3105; x_wconf 87' lang='lat' dir='ltr'>naturaliter</span> <span class='ocrx_word' id='word_1_486' title='bbox 2910 3045 3003 3106; x_wconf 88' lang='lat' dir='ltr'>est</span> <span class='ocrx_word' id='word_1_487' title='bbox 3030 3041 3537 3126; x_wconf 79' lang='lat' dir='ltr'>incorruptibile,</span> 
     </span>
     <span class='ocr_line' id='line_1_73' title="bbox 1991 3147 3540 3233; baseline 0 -22"><span class='ocrx_word' id='word_1_488' title='bbox 1991 3148 2261 3230; x_wconf 90' lang='lat' dir='ltr'>igneum</span> <span class='ocrx_word' id='word_1_489' title='bbox 2278 3147 2351 3229; x_wconf 80' lang='lat' dir='ltr'>(b)</span> <span class='ocrx_word' id='word_1_490' title='bbox 2385 3148 2775 3213; x_wconf 82' lang='lat' dir='ltr'>elementum</span> <span class='ocrx_word' id='word_1_491' title='bbox 2796 3149 3167 3213; x_wconf 87' lang='lat' dir='ltr'>naturaliter</span> <span class='ocrx_word' id='word_1_492' title='bbox 3181 3148 3540 3233; x_wconf 87' lang='lat' dir='ltr'>corrumpi-</span> 
     </span>
     <span class='ocr_line' id='line_1_74' title="bbox 1990 3255 3292 3337; baseline 0 -18"><span class='ocrx_word' id='word_1_493' title='bbox 1990 3258 2135 3319; x_wconf 86' lang='lat' dir='ltr'>tur:</span> <span class='ocrx_word' id='word_1_494' title='bbox 2167 3273 2326 3337; x_wconf 91' lang='lat' dir='ltr'>ergo</span> <span class='ocrx_word' id='word_1_495' title='bbox 2362 3272 2497 3319; x_wconf 94' lang='lat' dir='ltr'>non</span> <span class='ocrx_word' id='word_1_496' title='bbox 2524 3258 2678 3318; x_wconf 87' lang='lat' dir='ltr'>sunt</span> <span class='ocrx_word' id='word_1_497' title='bbox 2703 3255 2990 3336; x_wconf 77' lang='lat' dir='ltr'>eJusdem</span> <span class='ocrx_word' id='word_1_498' title='bbox 3020 3258 3292 3319; x_wconf 71' lang='lat' dir='ltr'>naturae.</span> 
     </span>
    </p>

    <p class='ocr_par' dir='ltr' id='par_1_19' title="bbox 1985 3361 3541 4948">
     <span class='ocr_line' id='line_1_75' title="bbox 2072 3361 3541 3445; baseline 0.001 -19"><span class='ocrx_word' id='word_1_499' title='bbox 2072 3362 2231 3427; x_wconf 92' lang='lat' dir='ltr'>Item</span> <span class='ocrx_word' id='word_1_500' title='bbox 2258 3379 2598 3445; x_wconf 90' lang='lat' dir='ltr'>corporum</span> <span class='ocrx_word' id='word_1_501' title='bbox 2620 3361 2999 3426; x_wconf 89' lang='lat' dir='ltr'>habentium</span> <span class='ocrx_word' id='word_1_502' title='bbox 3017 3362 3300 3428; x_wconf 89' lang='lat' dir='ltr'>diversos</span> <span class='ocrx_word' id='word_1_503' title='bbox 3321 3365 3541 3427; x_wconf 91' lang='lat' dir='ltr'>motus</span> 
     </span>
     <span class='ocr_line' id='line_1_76' title="bbox 1988 3468 3540 3549; baseline -0.001 -15"><span class='ocrx_word' id='word_1_504' title='bbox 1988 3470 2311 3534; x_wconf 86' lang='lat' dir='ltr'>naturales</span> <span class='ocrx_word' id='word_1_505' title='bbox 2328 3518 2346 3549; x_wconf 90' lang='lat'>,</span> <span class='ocrx_word' id='word_1_506' title='bbox 2374 3468 2642 3534; x_wconf 83' lang='lat' dir='ltr'>diversae</span> <span class='ocrx_word' id='word_1_507' title='bbox 2668 3473 2819 3532; x_wconf 90' lang='lat' dir='ltr'>sunt</span> <span class='ocrx_word' id='word_1_508' title='bbox 2845 3472 3094 3534; x_wconf 84' lang='lat' dir='ltr'>naturae</span> <span class='ocrx_word' id='word_1_509' title='bbox 3127 3487 3144 3532; x_wconf 74' lang='grc' dir='ltr'>ε</span> <span class='ocrx_word' id='word_1_510' title='bbox 3185 3469 3295 3534; x_wconf 90' lang='lat' dir='ltr'>sed</span> <span class='ocrx_word' id='word_1_511' title='bbox 3317 3471 3540 3533; x_wconf 87' lang='lat' dir='ltr'>firma-</span> 
     </span>
     <span class='ocr_line' id='line_1_77' title="bbox 1990 3574 3540 3657; baseline -0.001 -17"><span class='ocrx_word' id='word_1_512' title='bbox 1990 3580 2283 3641; x_wconf 88' lang='lat' dir='ltr'>mentum</span> <span class='ocrx_word' id='word_1_513' title='bbox 2307 3624 2325 3656; x_wconf 93' lang='lat'>,</span> <span class='ocrx_word' id='word_1_514' title='bbox 2363 3581 2429 3640; x_wconf 91' lang='lat' dir='ltr'>et</span> <span class='ocrx_word' id='word_1_515' title='bbox 2469 3575 2644 3657; x_wconf 89' lang='lat' dir='ltr'>ignis</span> <span class='ocrx_word' id='word_1_516' title='bbox 2662 3623 2680 3654; x_wconf 90' lang='lat'>,</span> <span class='ocrx_word' id='word_1_517' title='bbox 2719 3574 2958 3640; x_wconf 91' lang='lat' dir='ltr'>habent</span> <span class='ocrx_word' id='word_1_518' title='bbox 3000 3574 3285 3640; x_wconf 84' lang='lat' dir='ltr'>diversos</span> <span class='ocrx_word' id='word_1_519' title='bbox 3325 3579 3540 3639; x_wconf 86' lang='lat' dir='ltr'>motus</span> 
     </span>
     <span class='ocr_line' id='line_1_78' title="bbox 1988 3681 3539 3766; baseline -0.002 -19"><span class='ocrx_word' id='word_1_520' title='bbox 1988 3684 2313 3748; x_wconf 84' lang='lat' dir='ltr'>naturales</span> <span class='ocrx_word' id='word_1_521' title='bbox 2334 3732 2352 3763; x_wconf 90' lang='lat'>,</span> <span class='ocrx_word' id='word_1_522' title='bbox 2407 3683 2561 3766; x_wconf 89' lang='lat' dir='ltr'>quia</span> <span class='ocrx_word' id='word_1_523' title='bbox 2601 3682 2778 3763; x_wconf 88' lang='lat' dir='ltr'>ignis</span> <span class='ocrx_word' id='word_1_524' title='bbox 2818 3681 3192 3746; x_wconf 88' lang='lat' dir='ltr'>naturaliter</span> <span class='ocrx_word' id='word_1_525' title='bbox 3240 3685 3539 3746; x_wconf 90' lang='lat' dir='ltr'>movetur</span> 
     </span>
     <span class='ocr_line' id='line_1_79' title="bbox 1990 3791 3531 3870; baseline -0.003 -15"><span class='ocrx_word' id='word_1_526' title='bbox 1990 3795 2174 3855; x_wconf 83' lang='lat' dir='ltr'>motu</span> <span class='ocrx_word' id='word_1_527' title='bbox 2202 3794 2403 3870; x_wconf 88' lang='lat' dir='ltr'>recto,</span> <span class='ocrx_word' id='word_1_528' title='bbox 2451 3791 2935 3853; x_wconf 87' lang='lat' dir='ltr'>firmamentum</span> <span class='ocrx_word' id='word_1_529' title='bbox 2990 3792 3289 3852; x_wconf 85' lang='lat' dir='ltr'>movetur</span> <span class='ocrx_word' id='word_1_530' title='bbox 3338 3792 3531 3852; x_wconf 89' lang='lat' dir='ltr'>natu-</span> 
     </span>
     <span class='ocr_line' id='line_1_80' title="bbox 1988 3896 3537 3977; baseline -0.004 -13"><span class='ocrx_word' id='word_1_531' title='bbox 1988 3900 2206 3963; x_wconf 90' lang='lat' dir='ltr'>raliter</span> <span class='ocrx_word' id='word_1_532' title='bbox 2250 3902 2433 3963; x_wconf 89' lang='lat' dir='ltr'>motu</span> <span class='ocrx_word' id='word_1_533' title='bbox 2476 3897 2822 3962; x_wconf 87' lang='lat' dir='ltr'>orbiculari</span> <span class='ocrx_word' id='word_1_534' title='bbox 2857 3919 2872 3960; x_wconf 90' lang='lat'>:</span> <span class='ocrx_word' id='word_1_535' title='bbox 2905 3914 3063 3977; x_wconf 90' lang='grc'>6130</span> <span class='ocrx_word' id='word_1_536' title='bbox 3097 3896 3117 3959; x_wconf 93' lang='lat' dir='ltr'>i</span> <span class='ocrx_word' id='word_1_537' title='bbox 3124 3896 3273 3977; x_wconf 87' lang='lat' dir='ltr'>gnis</span> <span class='ocrx_word' id='word_1_538' title='bbox 3291 3943 3307 3974; x_wconf 90' lang='lat'>,</span> <span class='ocrx_word' id='word_1_539' title='bbox 3333 3899 3398 3959; x_wconf 90' lang='lat' dir='ltr'>et</span> <span class='ocrx_word' id='word_1_540' title='bbox 3422 3896 3537 3958; x_wconf 84' lang='lat' dir='ltr'>fir-</span> 
     </span>
     <span class='ocr_line' id='line_1_81' title="bbox 1990 4001 3536 4081; baseline -0.005 -10"><span class='ocrx_word' id='word_1_541' title='bbox 1990 4010 2390 4071; x_wconf 85' lang='lat' dir='ltr'>mamentum</span> <span class='ocrx_word' id='word_1_542' title='bbox 2412 4052 2429 4081; x_wconf 92' lang='lat'>,</span> <span class='ocrx_word' id='word_1_543' title='bbox 2459 4008 2613 4068; x_wconf 87' lang='lat' dir='ltr'>sunt</span> <span class='ocrx_word' id='word_1_544' title='bbox 2636 4003 2897 4067; x_wconf 88' lang='lat' dir='ltr'>alterius</span> <span class='ocrx_word' id='word_1_545' title='bbox 2920 4050 2938 4081; x_wconf 90' lang='lat'>,</span> <span class='ocrx_word' id='word_1_546' title='bbox 2970 4006 3035 4065; x_wconf 90' lang='lat' dir='ltr'>et</span> <span class='ocrx_word' id='word_1_547' title='bbox 3059 4001 3320 4065; x_wconf 83' lang='lat' dir='ltr'>alterius</span> <span class='ocrx_word' id='word_1_548' title='bbox 3343 4006 3536 4065; x_wconf 90' lang='lat' dir='ltr'>natu-</span> 
     </span>
     <span class='ocr_line' id='line_1_82' title="bbox 1988 4111 3536 4195; baseline -0.005 -15"><span class='ocrx_word' id='word_1_549' title='bbox 1988 4132 2104 4180; x_wconf 82' lang='lat' dir='ltr'>rae.</span> <span class='ocrx_word' id='word_1_550' title='bbox 2138 4112 2205 4178; x_wconf 89' lang='lat' dir='ltr'>Si</span> <span class='ocrx_word' id='word_1_551' title='bbox 2233 4118 2306 4178; x_wconf 88' lang='grc'>111</span> <span class='ocrx_word' id='word_1_552' title='bbox 2344 4112 2516 4177; x_wconf 87' lang='lat' dir='ltr'>dicas</span> <span class='ocrx_word' id='word_1_553' title='bbox 2541 4112 2715 4195; x_wconf 91' lang='lat' dir='ltr'>quod</span> <span class='ocrx_word' id='word_1_554' title='bbox 2740 4111 2846 4176; x_wconf 90' lang='grc'>1116</span> <span class='ocrx_word' id='word_1_555' title='bbox 2872 4114 3089 4175; x_wconf 89' lang='lat' dir='ltr'>motus</span> <span class='ocrx_word' id='word_1_556' title='bbox 3115 4128 3247 4175; x_wconf 91' lang='lat' dir='ltr'>non</span> <span class='ocrx_word' id='word_1_557' title='bbox 3275 4114 3370 4174; x_wconf 91' lang='lat' dir='ltr'>est</span> <span class='ocrx_word' id='word_1_558' title='bbox 3410 4129 3536 4174; x_wconf 90' lang='lat' dir='ltr'>na·-</span> 
     </span>
     <span class='ocr_line' id='line_1_83' title="bbox 1988 4219 3534 4305; baseline -0.003 -17"><span class='ocrx_word' id='word_1_559' title='bbox 1988 4222 2212 4289; x_wconf 77' lang='lat' dir='ltr'>turaliS</span> <span class='ocrx_word' id='word_1_560' title='bbox 2264 4225 2706 4301; x_wconf 87' lang='lat' dir='ltr'>firmamento;</span> <span class='ocrx_word' id='word_1_561' title='bbox 2755 4222 3059 4305; x_wconf 86' lang='lat' dir='ltr'>objicitur</span> <span class='ocrx_word' id='word_1_562' title='bbox 3106 4224 3329 4285; x_wconf 87' lang='lat' dir='ltr'>contra</span> <span class='ocrx_word' id='word_1_563' title='bbox 3375 4219 3499 4284; x_wconf 92' lang='lat' dir='ltr'>hoc</span> <span class='ocrx_word' id='word_1_564' title='bbox 3514 4268 3534 4299; x_wconf 92' lang='lat'>,</span> 
     </span>
     <span class='ocr_line' id='line_1_84' title="bbox 1988 4328 3537 4415; baseline -0.003 -19"><span class='ocrx_word' id='word_1_565' title='bbox 1988 4332 2143 4415; x_wconf 89' lang='lat' dir='ltr'>quia</span> <span class='ocrx_word' id='word_1_566' title='bbox 2164 4379 2181 4407; x_wconf 91' lang='lat'>‚</span> <span class='ocrx_word' id='word_1_567' title='bbox 2232 4330 2286 4394; x_wconf 89' lang='lat' dir='ltr'>si</span> <span class='ocrx_word' id='word_1_568' title='bbox 2333 4329 2565 4411; x_wconf 86' lang='lat' dir='ltr'>aliquis</span> <span class='ocrx_word' id='word_1_569' title='bbox 2611 4333 2823 4393; x_wconf 91' lang='lat' dir='ltr'>motus</span> <span class='ocrx_word' id='word_1_570' title='bbox 2870 4329 3032 4393; x_wconf 68' lang='lat' dir='ltr'>inaet</span> <span class='ocrx_word' id='word_1_571' title='bbox 3058 4328 3246 4392; x_wconf 88' lang='lat' dir='ltr'>alicui</span> <span class='ocrx_word' id='word_1_572' title='bbox 3284 4328 3537 4410; x_wconf 89' lang='lat' dir='ltr'>corpori</span> 
     </span>
     <span class='ocr_line' id='line_1_85' title="bbox 1987 4434 3538 4518; baseline -0.003 -15"><span class='ocrx_word' id='word_1_573' title='bbox 1987 4456 2121 4503; x_wconf 95' lang='lat' dir='ltr'>non</span> <span class='ocrx_word' id='word_1_574' title='bbox 2158 4437 2464 4502; x_wconf 82' lang='lat' dir='ltr'>naturalis</span> <span class='ocrx_word' id='word_1_575' title='bbox 2485 4484 2503 4514; x_wconf 88' lang='lat'><strong>‚</strong></span> <span class='ocrx_word' id='word_1_576' title='bbox 2554 4439 2651 4500; x_wconf 64' lang='lat' dir='ltr'>est</span> <span class='ocrx_word' id='word_1_577' title='bbox 2684 4435 2963 4518; x_wconf 86' lang='lat' dir='ltr'>reperire</span> <span class='ocrx_word' id='word_1_578' title='bbox 3001 4434 3259 4517; x_wconf 88' lang='lat' dir='ltr'>aliquod</span> <span class='ocrx_word' id='word_1_579' title='bbox 3305 4451 3538 4517; x_wconf 88' lang='lat' dir='ltr'>corpus</span> 
     </span>
     <span class='ocr_line' id='line_1_86' title="bbox 1987 4542 3526 4624; baseline -0.005 -14"><span class='ocrx_word' id='word_1_580' title='bbox 1987 4547 2094 4610; x_wconf 90' lang='lat' dir='ltr'>cui</span> <span class='ocrx_word' id='word_1_581' title='bbox 2113 4545 2195 4609; x_wconf 91' lang='lat' dir='ltr'>sit</span> <span class='ocrx_word' id='word_1_582' title='bbox 2210 4545 2514 4610; x_wconf 78' lang='lat' dir='ltr'>naturalis</span> <span class='ocrx_word' id='word_1_583' title='bbox 2552 4551 2575 4586; x_wconf 79' lang='lat'>⁸</span> <span class='ocrx_word' id='word_1_584' title='bbox 2630 4566 2645 4608; x_wconf 72' lang='grc' dir='ltr'><strong><em>ε</em></strong></span> <span class='ocrx_word' id='word_1_585' title='bbox 2685 4561 2843 4624; x_wconf 87' lang='grc'>6130</span> <span class='ocrx_word' id='word_1_586' title='bbox 2861 4543 2917 4606; x_wconf 87' lang='lat' dir='ltr'>si</span> <span class='ocrx_word' id='word_1_587' title='bbox 2932 4542 3057 4606; x_wconf 89' lang='lat' dir='ltr'>hoc</span> <span class='ocrx_word' id='word_1_588' title='bbox 3080 4546 3244 4606; x_wconf 86' lang='lat' dir='ltr'>esset</span> <span class='ocrx_word' id='word_1_589' title='bbox 3266 4559 3526 4618; x_wconf 84' lang='lat' dir='ltr'>verum,</span> 
     </span>
     <span class='ocr_line' id='line_1_87' title="bbox 1985 4649 3528 4736; baseline -0.003 -19"><span class='ocrx_word' id='word_1_590' title='bbox 1985 4656 2142 4719; x_wconf 88' lang='lat' dir='ltr'>tunc</span> <span class='ocrx_word' id='word_1_591' title='bbox 2165 4658 2327 4717; x_wconf 68' lang='lat' dir='ltr'>esset</span> <span class='ocrx_word' id='word_1_592' title='bbox 2350 4670 2587 4736; x_wconf 88' lang='lat' dir='ltr'>ponere</span> <span class='ocrx_word' id='word_1_593' title='bbox 2612 4650 2869 4734; x_wconf 88' lang='lat' dir='ltr'>aliquod</span> <span class='ocrx_word' id='word_1_594' title='bbox 2895 4667 3149 4733; x_wconf 85' lang='lat' dir='ltr'>corpus,</span> <span class='ocrx_word' id='word_1_595' title='bbox 3179 4649 3288 4714; x_wconf 89' lang='lat' dir='ltr'>cui</span> <span class='ocrx_word' id='word_1_596' title='bbox 3314 4650 3528 4731; x_wconf 87' lang='lat' dir='ltr'>magis</span> 
     </span>
     <span class='ocr_line' id='line_1_88' title="bbox 1986 4756 3536 4839; baseline -0.003 -15"><span class='ocrx_word' id='word_1_597' title='bbox 1986 4758 2356 4824; x_wconf 89' lang='lat' dir='ltr'>conveniret</span> <span class='ocrx_word' id='word_1_598' title='bbox 2398 4758 2646 4823; x_wconf 85' lang='lat' dir='ltr'>moveri</span> <span class='ocrx_word' id='word_1_599' title='bbox 2681 4756 3140 4827; x_wconf 83' lang='lat' dir='ltr'>orbiculariter.</span> <span class='ocrx_word' id='word_1_600' title='bbox 3169 4773 3366 4839; x_wconf 91' lang='lat' dir='ltr'>quam</span> <span class='ocrx_word' id='word_1_601' title='bbox 3415 4757 3536 4821; x_wconf 80' lang='grc'>111-</span> 
     </span>
     <span class='ocr_line' id='line_1_89' title="bbox 1985 4864 2961 4948; baseline -0.004 -18"><span class='ocrx_word' id='word_1_602' title='bbox 1985 4869 2311 4930; x_wconf 90' lang='lat' dir='ltr'>mamento</span> <span class='ocrx_word' id='word_1_603' title='bbox 2337 4885 2355 4929; x_wconf 90' lang='lat'>:</span> <span class='ocrx_word' id='word_1_604' title='bbox 2383 4864 2554 4948; x_wconf 90' lang='lat' dir='ltr'>quod</span> <span class='ocrx_word' id='word_1_605' title='bbox 2584 4864 2815 4928; x_wconf 83' lang='lat' dir='ltr'>falsum</span> <span class='ocrx_word' id='word_1_606' title='bbox 2845 4867 2961 4927; x_wconf 86' lang='lat' dir='ltr'>est.</span> 
     </span>
    </p>

    <p class='ocr_par' dir='ltr' id='par_1_20' title="bbox 2066 4970 3532 5053">
     <span class='ocr_line' id='line_1_90' title="bbox 2066 4970 3532 5053; baseline -0.002 -15"><span class='ocrx_word' id='word_1_607' title='bbox 2066 4974 2227 5040; x_wconf 89' lang='lat' dir='ltr'>Item</span> <span class='ocrx_word' id='word_1_608' title='bbox 2249 4974 2301 5038; x_wconf 90' lang='lat' dir='ltr'>si</span> <span class='ocrx_word' id='word_1_609' title='bbox 2319 4975 2799 5038; x_wconf 84' lang='lat' dir='ltr'>firmamentum</span> <span class='ocrx_word' id='word_1_610' title='bbox 2823 4970 3213 5053; x_wconf 81' lang='lat' dir='ltr'>essetigneae</span> <span class='ocrx_word' id='word_1_611' title='bbox 3235 4972 3489 5035; x_wconf 82' lang='lat' dir='ltr'>naturae</span> <span class='ocrx_word' id='word_1_612' title='bbox 3512 5019 3532 5050; x_wconf 92' lang='lat'>,</span> 
     </span>
    </p>
   </div>
   <div class='ocr_carea' id='block_1_14' title="bbox 1982 5109 3536 5383">
    <p class='ocr_par' dir='ltr' id='par_1_21' title="bbox 1982 5109 3536 5383">
     <span class='ocr_line' id='line_1_91' title="bbox 1985 5109 3531 5179; baseline -0.004 -12"><span class='ocrx_word' id='word_1_613' title='bbox 1985 5115 2200 5168; x_wconf 80' lang='lat' dir='ltr'>cle-Gen.</span> <span class='ocrx_word' id='word_1_614' title='bbox 2220 5116 2291 5167; x_wconf 84' lang='lat' dir='ltr'>ad</span> <span class='ocrx_word' id='word_1_615' title='bbox 2316 5115 2441 5175; x_wconf 69' lang='lat' dir='ltr'>litt„</span> <span class='ocrx_word' id='word_1_616' title='bbox 2469 5114 2560 5165; x_wconf 86' lang='lat' dir='ltr'>lib.</span> <span class='ocrx_word' id='word_1_617' title='bbox 2584 5115 2684 5179; x_wconf 83' lang='grc' dir='ltr'><strong>ΙΙΙ,</strong></span> <span class='ocrx_word' id='word_1_618' title='bbox 2713 5127 2761 5163; x_wconf 92' lang='lat' dir='ltr'>c.</span> <span class='ocrx_word' id='word_1_619' title='bbox 2780 5124 2835 5178; x_wconf 86' lang='lat' dir='ltr'>x,</span> <span class='ocrx_word' id='word_1_620' title='bbox 2864 5127 2920 5164; x_wconf 92' lang='lat' dir='ltr'>n.</span> <span class='ocrx_word' id='word_1_621' title='bbox 2943 5114 3018 5164; x_wconf 71' lang='lat'>14.</span> <span class='ocrx_word' id='word_1_622' title='bbox 3039 5112 3315 5176; x_wconf 83' lang='lat' dir='ltr'>—⁸Hug.‚</span> <span class='ocrx_word' id='word_1_623' title='bbox 3344 5109 3406 5161; x_wconf 79' lang='lat' dir='ltr'>cle</span> <span class='ocrx_word' id='word_1_624' title='bbox 3434 5112 3531 5162; x_wconf 83' lang='lat' dir='ltr'>Sa·</span> 
     </span>
     <span class='ocr_line' id='line_1_92' title="bbox 1982 5181 3536 5253; baseline -0.005 -14"><span class='ocrx_word' id='word_1_625' title='bbox 1982 5191 2260 5253; x_wconf 58' lang='lat' dir='ltr'>ormnem„</span> <span class='ocrx_word' id='word_1_626' title='bbox 2295 5187 2383 5237; x_wconf 87' lang='lat' dir='ltr'>lib.</span> <span class='ocrx_word' id='word_1_627' title='bbox 2423 5188 2574 5252; x_wconf 85' lang='lat' dir='ltr'>VIII,</span> <span class='ocrx_word' id='word_1_628' title='bbox 2602 5199 2712 5251; x_wconf 85' lang='lat' dir='ltr'>par.</span> <span class='ocrx_word' id='word_1_629' title='bbox 2744 5186 2784 5236; x_wconf 94' lang='grc' dir='ltr'>Ι.</span> <span class='ocrx_word' id='word_1_630' title='bbox 2815 5211 2879 5224; x_wconf 90' lang='grc'><strong>-</strong></span> <span class='ocrx_word' id='word_1_631' title='bbox 2905 5184 3178 5247; x_wconf 68' lang='lat' dir='ltr'>‘Aristot.,</span> <span class='ocrx_word' id='word_1_632' title='bbox 3215 5183 3278 5233; x_wconf 86' lang='lat' dir='ltr'>de</span> <span class='ocrx_word' id='word_1_633' title='bbox 3313 5181 3446 5233; x_wconf 85' lang='lat' dir='ltr'>Coelo</span> <span class='ocrx_word' id='word_1_634' title='bbox 3485 5184 3536 5232; x_wconf 75' lang='lat' dir='ltr'>et</span> 
     </span>
     <span class='ocr_line' id='line_1_93' title="bbox 1984 5251 3531 5383; baseline -0.004 -73"><span class='ocrx_word' id='word_1_635' title='bbox 1984 5259 2303 5383; x_wconf 35' lang='lat' dir='ltr'>amdam.</span> <span class='ocrx_word' id='word_1_636' title='bbox 2326 5261 2365 5325; x_wconf 81' lang='lat' dir='ltr'>I,</span> <span class='ocrx_word' id='word_1_637' title='bbox 2385 5262 2527 5311; x_wconf 89' lang='lat' dir='ltr'>cont.</span> <span class='ocrx_word' id='word_1_638' title='bbox 2537 5258 2773 5311; x_wconf 80' lang='lat' dir='ltr'>8·2o.—⁸</span> <span class='ocrx_word' id='word_1_639' title='bbox 2788 5255 2941 5322; x_wconf 66' lang='lat' dir='ltr'>leid„</span> <span class='ocrx_word' id='word_1_640' title='bbox 2959 5259 3100 5308; x_wconf 90' lang='lat' dir='ltr'>cont.</span> <span class='ocrx_word' id='word_1_641' title='bbox 3118 5257 3344 5308; x_wconf 81' lang='lat'>16-32.-</span> <span class='ocrx_word' id='word_1_642' title='bbox 3364 5254 3386 5285; x_wconf 81' lang='lat'>⁸</span> <span class='ocrx_word' id='word_1_643' title='bbox 3401 5251 3531 5305; x_wconf 71' lang='lat' dir='ltr'>leid.</span> 
     </span>
    </p>
   </div>
   <div class='ocr_carea' id='block_1_15' title="bbox 2049 5415 3224 5487">
    <p class='ocr_par' dir='ltr' id='par_1_22' title="bbox 2049 5415 3224 5487">
     <span class='ocr_line' id='line_1_94' title="bbox 2049 5415 3224 5487; baseline -0.003 -18"><span class='ocrx_word' id='word_1_644' title='bbox 2049 5419 2122 5485; x_wconf 83' lang='grc' dir='ltr'>(α)</span> <span class='ocrx_word' id='word_1_645' title='bbox 2152 5419 2274 5472; x_wconf 74' lang='lat' dir='ltr'>eat.</span> <span class='ocrx_word' id='word_1_646' title='bbox 2293 5418 2415 5471; x_wconf 77' lang='lat' dir='ltr'>edit.</span> <span class='ocrx_word' id='word_1_647' title='bbox 2442 5419 2579 5487; x_wconf 79' lang='lat' dir='ltr'>igne.</span> <span class='ocrx_word' id='word_1_648' title='bbox 2599 5443 2665 5458; x_wconf 89' lang='lat'>-</span> <span class='ocrx_word' id='word_1_649' title='bbox 2682 5417 2753 5484; x_wconf 84' lang='grc' dir='ltr'>(ὁ)</span> <span class='ocrx_word' id='word_1_650' title='bbox 2774 5418 2899 5471; x_wconf 70' lang='lat' dir='ltr'>cat.</span> <span class='ocrx_word' id='word_1_651' title='bbox 2916 5416 3044 5468; x_wconf 72' lang='lat' dir='ltr'>edit.</span> <span class='ocrx_word' id='word_1_652' title='bbox 3070 5415 3224 5482; x_wconf 75' lang='lat' dir='ltr'>Ignis.</span> 
     </span>
    </p>
   </div>
  </div>
 </body>
</html>
