4125 6225
615 468 694 530 78
1756 460 2377 529 SENTENTIARUM
2420 462 2568 528 LIB.
2610 463 2657 527 Ι.

692 601 878 684 Resp.
909 601 1258 666 Dicendum
1274 605 1369 665 est
1382 600 1554 683 quod
1570 600 1639 665 in
1653 600 1872 666 divina
1887 600 2149 664 scientia

612 716 765 774 sunt
802 708 1081 786 scibilia3
1136 708 1204 770 in
1245 707 1466 772 divina
1502 725 1658 772 vero
1710 707 1981 771 essentia
2002 711 2155 771 sunt

612 816 933 894 attributa,
975 816 1137 880 sicut
1171 815 1448 898 potentia
1472 864 1489 894 ,
1519 815 1825 897 sapientia
1859 819 1923 879 et
1959 814 2151 879 boni-

616 927 732 987 tas.
778 923 857 987 Et
890 923 1298 1004 Augustinus
1339 923 1481 986 vult
1519 922 1727 986 dicere
1754 922 1926 1004 quod
1963 919 2152 985 Pater

613 1034 676 1094 et
704 1028 905 1094 Filius
932 1030 1122 1095 simul
1171 1030 1390 1095 vident
1438 1028 1659 1094 omnia
1701 1028 2151 1109 cognoscibilia

608 1145 817 1205 creata
840 1145 904 1205 et
930 1141 1203 1207 creanda
1227 1190 1245 1221 ,
1275 1145 1340 1205 et
1359 1141 1579 1204 omnia
1629 1140 1916 1204 essentiae
1962 1139 2148 1203 attri-

611 1247 788 1311 buta.
830 1246 1008 1313 Unde
1048 1248 1256 1313 littera
1280 1248 1550 1329 legenda
1568 1252 1663 1311 est
1677 1247 1935 1312 divisim
1959 1265 1976 1310 ε
1996 1246 2147 1311 Om-

606 1355 715 1418 nia
729 1374 876 1437 quae
891 1356 1133 1420 suntin
1152 1373 1376 1420 eorum
1397 1348 1679 1433 scientia,
1709 1358 1941 1437 utputa
1969 1373 2149 1418 crea-

604 1456 699 1542 t‘a,
726 1464 921 1528 simul
950 1464 1067 1527 scit
1096 1463 1362 1546 quilibet
1391 1481 1408 1525 ι
1439 1462 1730 1526 similiter
1755 1462 1971 1545 omnia
1995 1479 2146 1544 quae

609 1576 758 1634 sunt
797 1571 866 1635 in
921 1590 1146 1636 eorum
1195 1571 1486 1647 essentia,
1528 1574 1761 1652 utputa
1800 1570 2102 1635 attributa
2124 1621 2141 1651 ,

605 1678 794 1742 simul
835 1679 1042 1743 sciunt
1066 1679 1200 1744 sive
1234 1679 1352 1743 scit
1397 1678 1664 1760 quilibet
1695 1700 1711 1742 ε
1744 1681 1807 1742 et
1832 1677 1973 1742 ideo
2011 1697 2146 1743 non

604 1787 746 1849 vult
770 1786 975 1851 dicere
1016 1786 1191 1869 quod
1217 1789 1527 1850 creaturae
1553 1785 1682 1848 sint
1703 1785 1773 1848 in
1798 1785 2017 1851 divina
2037 1803 2146 1851 es-

604 1893 829 1958 sentia.

1228 2005 1365 2052 nun.
1409 2004 1500 2051 111.

643 2120 772 2181 Quia
798 2120 1011 2173 scientia
1037 2120 1132 2171 Dei
1156 2133 1263 2172 non
1285 2123 1364 2171 est
1390 2120 1490 2171 nisi
1515 2120 1578 2171 de
1596 2120 1677 2172 his
1699 2134 1814 2187 qnae
1842 2124 1961 2172 sunt
1973 2157 1992 2185 ,
2018 2120 2105 2171 vel

1101 2192 1337 2257 fuerunt,
1365 2192 1449 2242 vel
1477 2196 1642 2243 erunt.

633 2382 636 2385 ,
680 2321 945 2386 Videtur
992 2322 1115 2387 hoc
1163 2341 1298 2387 esse
1324 2322 1586 2402 falsum3
1637 2323 1790 2406 quia
1839 2324 2003 2387 Deus
2028 2324 2145 2387 scit

599 2448 791 2494 omne
828 2431 998 2513 quod
1043 2435 1246 2512 potest
1271 2431 1476 2495 facere
1510 2454 1524 2495 ε
1558 2431 1667 2495 sed
1705 2434 1910 2512 potest
1935 2430 2141 2494 facere

598 2537 768 2619 quod
794 2556 1129 2620 nunquam
1158 2537 1301 2617 fuit,
1337 2556 1454 2602 nec
1477 2541 1608 2614 est,
1636 2554 1754 2601 nec
1780 2538 1901 2601 erit
1932 2559 1947 2601 ε
1982 2555 2140 2618 ergo

597 2643 861 2735 scientia
897 2642 1008 2708 Dei
1049 2648 1143 2708 est
1185 2645 1263 2708 de
1304 2646 1517 2727 aliquo
1537 2692 1553 2722 ,
1593 2645 1765 2728 quod
1804 2661 2140 2727 nunquam

598 2750 739 2826 fuit,
769 2750 872 2815 vel
897 2755 1013 2828 est,
1060 2751 1165 2815 vel
1212 2754 1354 2814 erit.
1385 2751 1464 2816 Et
1506 2756 1817 2835 praeterea
1854 2756 1947 2817 est
1989 2751 2140 2815 infi—

601 2859 910 2938 nitorum,
944 2860 1109 2925 sicut
1133 2859 1275 2924 vult
1299 2860 1727 2939 Augustinus,
1754 2860 1917 2924 libro
1945 2858 2143 2925 unde-

602 2965 769 3029 cimo
787 2966 866 3031 de
899 2967 1170 3034 civitate
1197 2970 1316 3034 Dei
1338 2968 1381 3047 ¹,
1403 2985 1535 3033 non
1562 2971 1816 3032 tantum
1835 2983 1984 3050 quae
2002 2967 2142 3031 fue-

600 3078 776 3151 runt,
802 3073 905 3138 vel
930 3078 1142 3139 erunt.

677 3179 865 3264 Resp.
889 3180 1235 3246 Dicendum
1253 3182 1424 3264 quod
1442 3181 1742 3263 Magister
1760 3183 2047 3264 loquitur
2058 3183 2140 3247 de

595 3290 857 3354 scientia
896 3291 1192 3367 visionis,
1235 3309 1383 3372 quae
1410 3297 1505 3354 est
1541 3290 1802 3356 illorum
1835 3295 2091 3356 tantum
2116 3338 2134 3367 ‚

595 3417 873 3480 quorum
914 3399 995 3462 ab
1030 3402 1268 3462 aeterno
1311 3398 1438 3462 fuit
1477 3398 1808 3481 praevisi03
1852 3399 1962 3464 sed
2000 3399 2137 3482 ipse

593 3501 811 3583 oincit
836 3502 912 3565 de
939 3502 1200 3565 scientia
1221 3501 1683 3582 intelligentiae,
1718 3520 1866 3584 quae
1892 3503 2137 3567 nullius

594 3613 892 3674 connotat
910 3608 1316 3673 existentiam
1339 3630 1352 3671 :
1376 3608 1546 3690 quod
1573 3613 1744 3691 patet
1784 3631 1799 3673 z
1837 3609 2137 3692 intelligit

594 3717 769 3780 enim
818 3715 981 3781 Deus
1023 3734 1215 3780 omne
1251 3717 1422 3799 quod
1463 3719 1663 3798 potest
1714 3739 1729 3781 ε
1773 3719 1836 3781 et
1868 3716 1957 3781 ita
2000 3735 2134 3782 non

549 3809 562 3822 ’
592 3831 766 3890 recte
780 3825 982 3889 currit
1003 3824 1292 3908 objectio.

1220 4015 1357 4062 DUB.
1398 4014 1488 4060 1v.

637 4131 744 4184 Nec
765 4135 938 4183 tamen
961 4133 1133 4197 potest
1157 4131 1385 4197 incipere
1411 4129 1562 4196 scire,
1587 4128 1673 4181 vel
1697 4129 1957 4197 praescire,
1976 4133 2079 4183 etc.

665 4256 931 4322 Videtur
957 4256 1122 4320 male
1151 4256 1381 4331 dicere,
1407 4258 1560 4338 quia
1578 4254 1738 4319 nihil
1770 4255 1966 4319 scitur
2000 4255 2128 4319 nisi

587 4384 818 4430 verum
847 4384 864 4428 ε
895 4383 1054 4447 ergo
1079 4369 1421 4446 antequam
1446 4364 1527 4427 sit
1554 4381 1805 4443 verum,
1835 4382 1968 4428 non
1995 4364 2129 4427 sci—

586 4480 693 4541 tur
718 4496 735 4540 :
763 4495 923 4558 ergo
948 4477 1003 4540 si
1030 4476 1270 4559 aliquid
1295 4475 1515 4557 incipit
1540 4493 1674 4539 esse
1699 4494 1963 4555 verum,
2008 4476 2129 4539 ali-

585 4585 740 4668 quid
777 4584 997 4667 incipit
1040 4603 1078 4648 a
1122 4583 1248 4648 Deo
1284 4583 1431 4647 sciri
1472 4606 1488 4648 ε
1519 4602 1677 4665 ergo
1717 4583 1883 4648 Deus
1923 4588 2129 4666 potest

583 4692 860 4775 incipere
875 4692 1113 4774 aliquid
1132 4691 1312 4754 scire.
1342 4690 1520 4767 Item,
1538 4690 1769 4756 creatio
1787 4695 1883 4755 est
1902 4692 2124 4756 divina

582 4792 872 4869 essentia,
899 4795 963 4856 et
985 4797 1200 4854 tamen
1216 4791 1459 4854 ratione
1485 4790 1806 4853 connotati
1832 4790 1997 4855 Deus
2017 4810 2128 4874 po-

581 4903 703 4964 test
740 4900 982 4983 aliquid
1018 4899 1298 4981 incipere
1337 4915 1553 4961 creare
1585 4919 1599 4961 :
1638 4916 1797 4980 ergo
1835 4898 2127 4963 similiter

585 5012 650 5072 et
674 5008 914 5091 aliquid
940 5007 1125 5074 scire.

661 5110 848 5194 Resp.
896 5111 1070 5178 Scire
1103 5109 1435 5193 dupliciter
1478 5109 1731 5174 dicitur.
1764 5108 1908 5175 Uno
1933 5111 2127 5176 modo

581 5219 762 5297 scire,
793 5218 913 5302 hoc
940 5225 1056 5299 est,
1086 5219 1260 5303 quod
1299 5218 1534 5282 habere
1572 5217 2009 5299 cognitionem
2046 5219 2125 5283 de

644 5378 664 5412 ¹
701 5381 850 5443 Aug„
891 5379 952 5429 de
985 5379 1137 5430 civit.
1185 5379 1308 5440 Dei,
1356 5377 1446 5429 lib.
1483 5378 1548 5429 xl
1565 5415 1584 5442 ,
1612 5392 1659 5427 c.
1698 5389 1769 5442 x,
1795 5391 1849 5427 n.
1875 5381 1923 5443 3,
1953 5379 2124 5443 quoad

580 5463 805 5501 sensum.
826 5475 888 5489 -—
908 5450 977 5518 (a)
1005 5451 1145 5502 Edit.
1190 5452 1306 5502 Ven.
1327 5465 1424 5502 non
1445 5449 1596 5501 habet
1618 5449 1768 5500 velle.

2259 599 2508 681 aliqu03
2538 605 2601 664 et
2635 601 2727 665 sic
2762 619 2896 666 non
2936 607 3234 668 connotat
3271 606 3588 671 actualem
3628 605 3800 670 exis-

2259 707 2525 770 tentiam
2557 707 2832 789 cogniti3
2864 709 3043 774 etsie
3076 728 3210 775 non
3238 715 3441 794 potest
3480 712 3650 777 Deus
3677 712 3803 777 ali-

2259 812 2413 894 quid
2436 814 2715 896 incipere
2740 815 2922 894 scire,
2955 816 3021 879 id
3047 820 3163 894 est,
3187 817 3461 901 alicujus
3487 819 3805 901 cognitio-

2258 937 2408 983 nem
2435 921 2715 1005 incipere
2750 922 3006 987 habere.
3036 923 3180 989 Alio
3222 926 3410 990 modo
3437 927 3597 991 scire
3616 976 3635 1005 ,
3678 927 3804 992 hoc

2256 1032 2371 1107 est,
2403 1029 2574 1110 quod
2602 1047 2789 1093 nosse
2830 1030 3072 1113 aliquid
3097 1050 3233 1096 esse
3276 1051 3541 1114 verum3
3574 1039 3641 1098 et
3679 1034 3805 1098 hoc

2254 1137 2411 1199 tunc
2425 1136 2633 1219 primo
2664 1137 2860 1202 scitur
2874 1156 3009 1202 esse
3031 1157 3285 1220 verum,
3308 1142 3562 1223 quando
3579 1141 3807 1224 incipit

2256 1260 2424 1322 esse3
2454 1249 2518 1308 et
2562 1245 2655 1309 sic
2696 1245 2918 1329 incipit
2954 1245 3125 1310 Deus
3166 1248 3348 1328 scire,
3400 1249 3493 1313 sic
3534 1254 3599 1313 et
3634 1248 3805 1313 desi-

2254 1350 2351 1413 nit
2385 1352 2681 1434 praescire
2701 1402 2718 1432 ,
2762 1371 2893 1417 non
2928 1353 3173 1418 ratione
3200 1354 3567 1438 principalis
3595 1354 3805 1436 signi-

2254 1458 2446 1537 ficati,
2486 1460 2658 1541 quod
2691 1465 2785 1525 est
2825 1461 3084 1526 scientia
3101 1512 3117 1541 ,
3149 1463 3257 1527 sed
3283 1463 3527 1527 ratione
3557 1482 3804 1529 conno-

2254 1566 2391 1648 tati,
2422 1568 2590 1649 quod
2617 1568 2878 1650 quidem
2895 1574 2990 1634 est
3014 1570 3249 1636 veritas
3273 1571 3369 1636 rei
3396 1573 3596 1636 scitae.

2909 1788 3048 1838 DUB.
3091 1792 3157 1838 V.

2250 1917 2296 1967 N
2299 1929 2367 1968 on
2385 1920 2554 1981 potest
2570 1930 2695 1983 ergo
2722 1919 2925 1971 noviter
2947 1935 3013 1971 ex
3034 1923 3268 1985 tempore
3292 1922 3424 1973 scire
3448 1922 3531 1973 vel
3555 1922 3796 1987 praescire

2315 1988 2525 2054 aliquid,
2544 1989 2676 2041 sicut
2696 2004 2799 2042 nec
2816 1996 2988 2055 potest
3006 1993 3208 2044 noviter
3225 1993 3308 2044 vel
3330 2007 3394 2044 ex
3412 1996 3645 2059 tempore
3664 1994 3797 2044 velle

2315 2060 2521 2126 aliquid,
2552 2065 2604 2113 et
2620 2066 2795 2114 tamen
2824 2068 2993 2127 potest
3014 2064 3145 2117 velle
3172 2066 3311 2131 quod
3334 2079 3598 2131 nunquam
3613 2065 3795 2117 voluit.

2329 2208 2595 2275 Videtur
2618 2210 2726 2274 hic
2762 2211 2967 2276 dicere
2993 2211 3123 2277 duo
3165 2213 3642 2278 contradictorie
3672 2232 3797 2295 op-

2247 2317 2451 2399 posita
2463 2340 2479 2395 ;
2504 2318 2811 2400 quoniam
2830 2319 2989 2383 illud
3011 2323 3106 2384 est
3123 2336 3389 2397 novum,
3414 2319 3589 2403 quod
3612 2319 3796 2403 prius

2248 2442 2380 2488 non
2401 2425 2544 2502 fuit,
2566 2429 2629 2489 et
2647 2426 2838 2491 modo
2863 2431 2958 2490 est
2989 2445 3006 2489 :
3035 2444 3193 2509 ergo
3220 2427 3273 2490 si
3295 2431 3502 2510 posset
3522 2427 3687 2491 velle
3709 2429 3790 2508 (a)

2247 2533 2419 2614 quod
2458 2533 2634 2615 prius
2682 2551 2816 2597 non
2858 2534 3100 2615 voluit,
3139 2534 3393 2600 videtur
3446 2533 3621 2618 quod
3680 2534 3791 2598 in-

2248 2640 2443 2722 cipiat
2485 2641 2671 2706 velle.

2329 2747 2513 2831 Resp.
2557 2748 2907 2815 Dicendum
2940 2749 3145 2832 quod,
3185 2767 3335 2813 cum
3389 2749 3527 2814 dico
3583 2749 3790 2815 Deum

2247 2855 2432 2933 velle,
2461 2856 2566 2920 hic
2591 2856 2720 2922 duo
2738 2857 2900 2936 dicO,
2932 2862 2994 2920 et
3021 2861 3242 2921 actum
3281 2856 3521 2920 divinae
3546 2859 3790 2924 volun-

2247 2959 2412 3038 tatis,
2440 2962 2503 3023 et
2526 2958 2793 3024 ulterius
2815 2960 3281 3024 ordinationem
3305 2959 3504 3042 ipsius
3521 2959 3783 3024 effectus

2246 3065 2326 3130 ad
2346 3066 2532 3130 illum
2558 3071 2796 3131 actum.
2831 3067 2909 3132 Et
2940 3067 3228 3151 primum
3256 3066 3518 3149 quidem
3548 3071 3643 3131 est
3668 3085 3789 3132 ne-

2246 3176 2613 3256 cessarium,
2655 3180 2719 3241 et
2751 3196 3022 3261 semper,
3068 3195 3189 3241 nec
3235 3180 3441 3260 potest
3480 3176 3786 3260 incipere,

2244 3283 2348 3348 vel
2371 3284 2657 3349 desinere
2687 3304 2704 3348 :
2732 3286 3032 3351 voluntas
3064 3285 3239 3350 enim
3261 3285 3481 3350 divina
3497 3289 3593 3349 est
3610 3302 3787 3349 sem-

2244 3409 2359 3473 per
2383 3392 2455 3455 in
2480 3396 2627 3456 actu
2654 3412 2793 3474 suo,
2822 3393 2911 3456 ita
2936 3394 3109 3475 quod
3135 3411 3253 3457 nec
3290 3396 3494 3477 potest
3527 3392 3638 3457 illo
3678 3411 3788 3457 ca-

2243 3516 2406 3578 rere,
2436 3517 2554 3563 nec
2593 3499 2792 3564 alium
2824 3501 3058 3565 habere
3089 3520 3106 3565 ε
3154 3501 3263 3565 sed
3298 3501 3614 3566 ordinatio
3660 3501 3788 3565 ali-

2244 3609 2347 3688 cuj
2355 3625 2430 3670 us
2457 3606 2718 3671 effectus
2744 3608 2824 3672 ad
2857 3608 3042 3673 illum
3070 3613 3285 3673 actum
3304 3657 3321 3686 ,
3351 3613 3445 3673 est
3466 3609 3785 3674 ordinatio

2243 3715 2335 3777 rei
2353 3714 2590 3779 futurae
2618 3733 2766 3797 quae
2793 3716 3081 3780 nondum
3122 3720 3253 3793 est,
3296 3720 3359 3780 et
3398 3716 3540 3781 ideo
3575 3720 3787 3799 potest

2242 3840 2377 3886 esse
2403 3827 2466 3887 et
2485 3842 2618 3889 non
2640 3842 2797 3903 esse,
2828 3827 2891 3889 et
2916 3824 3198 3888 ordinari
3223 3827 3287 3888 et
3313 3842 3446 3889 nou
3468 3824 3780 3890 ordinari.

2243 3927 2509 4007 Quando
2539 3949 2696 4014 ergo
2726 3931 2958 3997 dicitur
2982 3932 3156 4014 quod
3184 3931 3349 3996 Deus
3386 3934 3591 4014 potest
3617 3932 3784 3997 velle

2241 4039 2413 4120 quod
2438 4057 2773 4122 nunquam
2795 4040 3025 4117 voluit,
3043 4044 3107 4103 et
3123 4044 3339 4103 tamen
3357 4058 3488 4103 non
3511 4058 3595 4104 ex
3614 4043 3783 4104 tem-

2239 4164 2422 4228 pore,
2457 4147 2810 4212 intellectus
2835 4151 2931 4212 est
2968 4149 3141 4232 quod
3169 4148 3425 4213 effectus
3442 4147 3548 4212 ille
3571 4148 3782 4231 potuit

2238 4254 2521 4319 ordinari
2561 4256 2642 4320 ad
2678 4255 2971 4321 divinum
3001 4256 3160 4320 velle
3191 4275 3208 4319 ε
3240 4260 3300 4319 et
3336 4257 3644 4339 quoniam
3672 4274 3781 4320 or-

2237 4361 2475 4426 dinatio
2508 4362 2773 4428 effectus
2804 4367 2900 4427 est
2935 4363 3247 4428 ordinatio
3278 4364 3374 4428 rei
3406 4364 3684 4442 futurae3
3716 4369 3782 4429 et

2237 4471 2407 4553 quod
2433 4475 2529 4535 est
2560 4472 2884 4556 futurum,
2917 4489 3166 4555 semper
3202 4472 3322 4536 fuit
3355 4472 3684 4550 futurum3
3714 4477 3780 4537 et

2236 4579 2407 4660 quod
2451 4578 2647 4644 semel
2696 4579 2818 4643 fuit
2866 4579 3272 4659 ordinatum,
3346 4597 3598 4662 semper
3656 4579 3779 4643 fuit

2233 4686 2599 4750 ordinatum
2664 4686 2747 4751 ad
2792 4685 2999 4764 illam3
3039 4687 3295 4769 quando
3339 4705 3496 4769 ergo
3543 4687 3779 4751 dicitur

2235 4795 2407 4876 quod
2451 4793 2619 4859 Deus
2664 4797 2867 4877 potest
2914 4794 3077 4859 velle
3131 4795 3402 4878 aliquid,
3452 4795 3624 4860 idem
3678 4799 3775 4859 est

2235 4901 2441 4966 dicere
2489 4901 2660 4984 quod
2705 4901 2943 4985 aliquid
2998 4902 3207 4985 potuit
3249 4921 3384 4967 esse
3434 4902 3729 4967 futurum
3755 4952 3773 4983 ,

2235 5001 2369 5066 sive
2394 5002 2629 5066 habere
2643 5001 2932 5065 ordinem
2951 5000 3031 5065 ad
3045 5001 3331 5066 divinam
3350 5001 3773 5079 voluntatem,

2235 5109 2407 5192 quod
2430 5115 2649 5174 tamen
2678 5127 2809 5174 non
2842 5109 3035 5173 habet
3061 5109 3351 5173 ordinem
3384 5132 3399 5174 :
3431 5110 3540 5175 sed
3571 5112 3624 5175 si
3651 5110 3778 5175 ha-

2235 5217 2431 5294 beret,
2461 5218 2542 5281 ab
2568 5219 2811 5281 aeterno
2839 5216 3194 5297 habuisset3
3217 5224 3281 5282 et
3298 5218 3438 5282 ideo
3463 5236 3596 5282 non
3618 5218 3779 5283 inci-

2235 5325 2330 5408 pit
2355 5344 2440 5390 ex
2464 5329 2748 5408 tempore
2780 5346 2795 5388 ε
2821 5327 2886 5388 et
2910 5324 3053 5389 ideo
3086 5325 3460 5408 exemplum
3488 5325 3777 5408 Magistri

2234 5435 2480 5498 bonum
2506 5437 2622 5513 est,
2653 5433 2709 5496 si
2735 5432 2898 5498 velle
2928 5431 3035 5497 Dei
3057 5434 3356 5516 importat
3381 5417 3672 5499 ordinem
3694 5436 3775 5500 ad
