4125 6225
590 442 711 503 224

583 574 881 637 voluntas
925 573 1178 650 divina,
1222 577 1285 638 et
1328 573 1649 650 humana,
1696 572 1847 633 sunt
1888 565 2125 646 hujus-

584 680 789 758 modi3
820 681 942 744 hoc
969 686 1180 764 patet:
1209 700 1389 762 ergo,
1421 682 1539 744 etc.

668 786 856 866 Item,
908 775 1347 870 quascumque
1402 787 1762 850 voluntates
1817 776 2128 857 contingit

584 894 662 958 ad
704 894 979 958 invicem
1029 895 1308 959 ordinari
1356 912 1470 976 per
1513 891 1854 974 perfectam
1900 885 2126 969 praesi-

586 1001 867 1065 dentiam
905 1006 969 1065 et
998 1003 1422 1067 obedientiam
1442 1051 1458 1079 ,
1490 997 1805 1078 contingit
1831 995 1912 1058 ad
1950 991 2128 1055 invi-

586 1127 724 1173 cem
752 1110 1183 1178 conformari:
1215 1109 1324 1174 sed
1350 1110 1743 1174 voluntatem
1772 1105 2127 1167 humanam

587 1215 904 1297 contingit
954 1216 1195 1280 divinae
1249 1234 1362 1299 per
1411 1215 1629 1279 omnia
1681 1212 2009 1293 subjacere
2062 1207 2127 1269 et

587 1322 842 1388 obedire
868 1346 884 1386 ι
909 1341 1098 1405 ergo,
1128 1328 1246 1389 etc.

1133 1540 1580 1608 CONCLUSIO.

595 1702 861 1759 Voluntas
886 1703 1125 1759 humana
1159 1706 1337 1777 potest
1370 1701 1699 1769 conformari
1730 1697 2009 1754 voluntati
2037 1694 2127 1749 di-

657 1795 798 1848 vinoe
819 1807 919 1864 per
942 1793 1175 1848 similem
1202 1791 1576 1848 habitudinem
1603 1788 1678 1845 ad
1703 1793 1901 1855 actum,
1937 1784 2010 1840 αά
2037 1784 2130 1840 ob-

654 1885 877 1956 jectum,
907 1889 959 1941 et
986 1883 1061 1940 ad
1084 1886 1264 1954 finem.

671 2055 856 2138 Resp.
880 2056 959 2120 ad
980 2056 1137 2136 Arg.
1161 2053 1506 2119 Dicendum
1528 2050 1698 2134 quod
1719 2048 1963 2130 aliquid
1984 2067 2131 2112 con-

588 2164 853 2229 formari
912 2164 1144 2241 alicui,
1206 2161 1521 2241 contingit
1581 2158 1915 2241 dupliciter
1958 2177 1973 2219 t
2018 2161 2133 2220 aut

591 2277 909 2353 quantum
958 2271 1038 2334 ad
1086 2268 1566 2333 similitudinem
1586 2316 1605 2346 ,
1654 2271 1765 2330 aut
1812 2268 2131 2348 quantum

592 2379 671 2442 ad
699 2378 1164 2443 habitudinem.
1192 2376 1514 2453 Quantum
1541 2374 1620 2438 ad
1647 2372 2131 2437 similitudinem

591 2488 903 2569 contingit
932 2487 1261 2569 tripliciter
1290 2505 1307 2548 ε
1341 2489 1454 2548 aut
1482 2484 1738 2567 quaudo
1764 2482 1977 2564 aliqua
2003 2483 2132 2546 duo

592 2595 967 2677 participant
1006 2594 1265 2657 tertium
1295 2592 1367 2655 in
1397 2610 1527 2675 quo
1567 2591 2022 2665 assimilantur,
2057 2592 2133 2653 ut

592 2719 842 2784 cygnus
871 2703 933 2765 et
972 2702 1089 2764 nix
1124 2701 1191 2764 in
1227 2699 1550 2778 albedine;
1591 2701 1707 2763 aut
1741 2716 1885 2761 cum
1918 2686 2134 2780 aliqua

591 2809 720 2893 duo
747 2809 836 2872 sic
860 2828 927 2874 se
952 2810 1209 2887 habent,
1237 2807 1408 2890 quod
1432 2825 1642 2870 unum
1667 2809 1760 2870 est
1786 2805 2132 2869 similitudo

591 2914 879 2994 alteriuS,
915 2920 991 2979 ut
1016 2916 1253 2998 species
1279 2915 1510 2994 colori,
1543 2914 1677 2979 sive
1705 2913 1947 2978 idolum
1976 2913 2130 2977 assi-

591 3023 852 3087 milatur
881 3023 1017 3088 sive
1051 3022 1485 3086 conformatur
1511 3020 1685 3099 Jovi;
1729 3024 1841 3083 aut
1876 3020 2132 3102 quando

592 3131 832 3213 aliquid
872 3132 1204 3214 participat
1233 3131 1753 3209 similitudinem,
1789 3133 1863 3193 ut
1900 3148 2134 3211 specu-

590 3238 726 3302 lum
749 3240 851 3303 vel
874 3239 1096 3303 oculus
1116 3239 1524 3313 assimilatur,
1548 3239 1653 3301 vel
1674 3237 2129 3318 conformatur,

593 3346 841 3427 corpori
871 3346 1136 3427 object0.
1170 3342 1382 3408 Primo
1413 3344 1602 3408 modo
1630 3362 1763 3407 non
1794 3349 1888 3408 est
1924 3345 2133 3426 possi-

593 3451 719 3515 bile
746 3451 1027 3533 aliquam
1057 3456 1412 3515 creaturam
1438 3450 1560 3515 Deo
1586 3451 1986 3515 conformari.
2014 3451 2133 3515 Se-

594 3558 801 3622 cundo
828 3559 1019 3622 modo
1054 3559 1269 3640 aliqua
1301 3562 1589 3621 creatura
1615 3557 1741 3621 Deo
1772 3557 2134 3621 conforma-

591 3668 721 3744 tur,
755 3670 829 3729 ut
866 3669 1022 3747 puta
1058 3665 1301 3745 gratia,
1335 3683 1481 3748 quae
1517 3664 1751 3729 dicitur
1784 3664 2135 3728 similitudo

594 3770 735 3852 Dei,
768 3772 873 3837 vel
916 3773 1121 3853 gloria
1160 3791 1306 3855 quae
1353 3776 1448 3836 est
1487 3770 1895 3836 deiformitaS.
1924 3769 2135 3834 Tertio

596 3880 785 3944 modo
803 3878 1210 3959 assimilatur,
1228 3884 1291 3943 et
1307 3880 1737 3942 conformatur
1755 3877 1969 3940 anima
1987 3893 2136 3958 quae

594 3988 789 4052 babet
811 3988 1086 4069 gratiam
1114 3991 1177 4052 et
1203 3989 1504 4069 gloriam3
1539 3986 1618 4048 de
1642 3985 1764 4049 hac
1789 3985 2135 4049 conformi-

594 4099 721 4160 tate
765 4095 927 4159 nihil
962 4096 1041 4159 ad
1080 4114 1384 4178 praesenS.
1418 4094 1563 4157 Alio
1598 4093 1787 4155 modo
1822 4091 2137 4172 contingit

597 4204 979 4269 conformari
1006 4204 1244 4286 aliquid
1268 4203 1455 4281 alicui
1484 4200 1834 4267 secundum
1859 4198 2136 4262 similem

596 4310 1068 4387 habitudinem,
1094 4310 1228 4374 sive
1255 4301 1820 4391 comparationem,
1848 4325 1995 4389 quae
2022 4325 2136 4389 po-

595 4423 718 4482 test
751 4417 873 4481 dici
908 4417 1261 4499 proportio,
1293 4435 1441 4480 cum
1469 4420 1562 4479 est
1593 4434 1813 4480 rerum
1850 4415 2134 4496 ejusdem

506 4547 511 4552 ·
597 4527 885 4607 generis;
932 4530 996 4589 et
1034 4525 1677 4608 proportionabilitas,
1716 4543 1865 4589 cum
1902 4528 1997 4587 est
2028 4543 2137 4588 re-

598 4651 748 4697 rum
787 4633 1186 4696 diversorum
1224 4650 1571 4711 generum,
1611 4632 1745 4695 sive
1785 4649 1917 4694 non
1953 4649 2137 4693 com-

600 4739 1102 4818 municantium,
1151 4744 1223 4803 ut
1264 4740 1375 4803 flat
1413 4740 1510 4804 vis
1550 4740 1618 4802 in
1666 4740 1884 4804 verb0.
1930 4738 2137 4819 Large

598 4851 814 4911 tamen
843 4845 1162 4927 loquendo
1191 4848 1459 4927 utraque
1489 4849 1692 4928 potest
1720 4845 1842 4908 dici
1870 4863 2139 4927 propor-

600 4955 690 5018 tio
719 4973 736 5016 :
766 4958 829 5018 et
868 4953 1008 5016 haec
1040 4951 1203 5014 nihil
1238 4953 1418 5034 ponit
1450 4970 1828 5028 commune,
1859 4951 2012 5034 quia
2045 4956 2142 5015 est

600 5079 716 5144 per
743 5059 1278 5143 comparationem
1308 5061 1586 5125 duorum
1613 5061 1694 5125 ad
1729 5061 1889 5136 du0,
1919 5063 1983 5123 et
2017 5077 2138 5142 po-

603 5172 726 5232 test
763 5187 898 5254 esse
937 5169 1105 5233 inter
1142 5186 1394 5233 summe
1434 5167 1748 5233 distantia.
1789 5166 1868 5231 Et
1904 5185 2140 5232 secun-

1757 419 2380 497 SENTENTIARUM
2418 419 2567 485 LIB.
2614 418 2662 483 1.
3454 413 3492 460 ο

2241 557 2396 620 dum
2422 556 2588 619 hanc
2610 557 2814 638 potest
2835 553 3134 618 voluntas
3161 557 3379 619 nostra
3400 555 3786 621 conformari

2238 662 2509 741 divinae,
2542 661 2835 726 videlicet
2873 679 2988 742 per
3024 660 3299 724 similem
3345 661 3787 727 habitudinem

2239 769 2316 833 ad
2345 775 2559 833 actum
2581 817 2597 845 ,
2631 771 2703 831 ut
2739 769 2904 831 sicut
2934 767 3097 832 Deus
3126 769 3297 851 quod
3327 769 3508 847 vult,
3538 771 3680 833 vult
3707 770 3788 833 li-

2237 876 2535 941 beraliter
2562 881 2626 941 et
2658 876 3071 951 charitative,
3106 876 3196 939 ita
3221 880 3285 939 et
3318 876 3545 953 homo;
3580 880 3641 942 et
3675 896 3790 959 per

2235 984 2510 1047 similem
2564 982 3104 1065 comparationem
3163 981 3242 1045 ad
3294 983 3616 1063 objectum
3640 1031 3658 1058 ,
3714 989 3789 1048 ut

2236 1092 2408 1171 quod
2440 1091 2579 1155 vult
2614 1091 2782 1154 Deus
2804 1138 2820 1167 ,
2852 1090 3006 1154 velit
3045 1090 3272 1168 homo,
3302 1093 3366 1152 et
3396 1090 3619 1153 eodem
3658 1091 3789 1153 fine

2234 1216 2367 1280 quo
2400 1199 2539 1262 vult
2568 1198 2765 1277 DeuS,
2796 1197 2951 1262 velit
2977 1197 3174 1260 homo
3193 1243 3211 1278 ,
3240 1196 3364 1260 hoc
3397 1200 3603 1260 totum
3644 1216 3788 1279 pos-

2239 1306 2419 1369 sibile
2465 1308 2562 1368 est
2608 1321 2775 1382 esse,
2822 1307 2888 1367 et
2931 1306 3133 1365 totum
3179 1302 3476 1384 possibile
3518 1308 3614 1367 est
3658 1321 3789 1367 non

2236 1431 2372 1478 esse
2401 1435 2417 1476 ε
2450 1416 2516 1475 et
2559 1411 2701 1475 ideo
2745 1410 3038 1493 possibile
3077 1414 3172 1474 est
3206 1410 3604 1475 voluntatem
3635 1429 3789 1475 nos-

2238 1525 2408 1584 tram
2455 1519 2692 1583 divinae
2741 1518 3159 1595 conformari,
3201 1522 3265 1581 et
3303 1517 3674 1581 difformari.
3715 1517 3793 1581 Et

2239 1625 2657 1692 concedendae
2685 1629 2838 1689 sunt
2867 1625 3144 1689 rationes
3169 1625 3250 1689 ad
3280 1623 3424 1688 hoc.

2321 1735 2351 1798 1
2381 1739 2443 1798 et
2471 1738 2533 1796 2.
2564 1733 2661 1797 Ad
2691 1734 2850 1797 illud
2885 1751 3044 1814 ergo
3072 1732 3245 1814 quod
3269 1731 3590 1814 objicitur,
3617 1732 3791 1814 quod

2245 1841 2432 1906 distat
2457 1837 2624 1904 Deus'
2652 1841 2732 1905 ab
2766 1840 3058 1919 homine,
3092 1844 3156 1903 et
3182 1840 3470 1903 humana
3496 1840 3792 1904 voluntas

2247 1969 2286 2012 a
2311 1949 2530 2013 divina
2563 1948 2634 2012 in
2666 1948 2994 2012 infinitum
3014 1997 3030 2026 ,
3061 1949 3202 2029 jam
3237 1951 3407 2030 patet
3436 1947 3786 2029 responsio,

2238 2057 2390 2138 quia
2411 2056 2533 2120 hoc
2555 2074 2686 2118 non
2713 2055 2983 2137 impedit
3008 2055 3521 2118 conformitatem
3543 2071 3791 2136 compa-

2249 2163 2537 2237 rationis»,
2557 2162 2706 2226 licet
2728 2163 3033 2245 impediat
3054 2161 3559 2226 conformitatem
3581 2179 3791 2243 aequa-
3825 2147 3832 2154 ’

2237 2272 2433 2336 litatis
2460 2277 2523 2335 et
2550 2272 3043 2337 univocationis.

2316 2384 2383 2443 3.
2407 2380 2503 2444 Ad
2527 2380 2682 2444 illud
2704 2379 3223 2464 quodobjicitur,
3249 2382 3470 2441 utrum
3495 2378 3564 2441 in
3589 2379 3793 2460 seipsa

2239 2487 2346 2552 vel
2387 2487 2457 2550 in
2504 2488 2691 2552 tertio
2737 2488 3194 2565 conformetur,
3240 2486 3580 2550 dicendum
3621 2485 3792 2567 quod

2240 2612 2372 2658 non
2394 2593 2463 2657 in
2483 2595 2711 2677 seipsa,
2733 2594 2861 2657 nisi
2886 2594 3229 2677 loquamur
3247 2593 3324 2657 de
3350 2593 3790 2656 conformitate

2239 2698 2635 2784 longinqua,
2675 2720 2822 2784 quae
2865 2702 3216 2766 attenditur
3257 2700 3328 2763 in
3375 2700 3683 2781 imagine.
3722 2699 3789 2764 Si

2241 2813 2458 2872 autem
2481 2809 2823 2891 loquamur
2842 2808 2919 2873 de
2943 2809 3380 2873 conformitate
3404 2807 3785 2890 propinqua,

2243 2934 2390 2998 quae
2422 2916 2706 2980 consistit
2736 2916 2807 2980 in
2834 2916 3277 2993 similitudine,
3307 2915 3398 2979 sic
3427 2933 3558 2978 non
3585 2915 3792 2996 seipsa

2241 3024 2695 3108 conformatur,
2725 3023 2835 3088 sed
2864 3024 3184 3088 mediante
3215 3023 3455 3104 gratia,
3488 3040 3636 3104 quae
3661 3040 3790 3085 non

2243 3134 2336 3193 est
2378 3134 2685 3214 tanquam
2725 3133 2987 3197 tertium
3023 3132 3103 3195 ab
3138 3135 3412 3214 utroque
3448 3131 3790 3213 participa-

2242 3238 2416 3315 tum,
2447 3238 2554 3302 sed
2585 3244 2678 3302 est
2704 3239 2868 3302 sicut
2901 3239 3248 3303 similitudo
3277 3238 3503 3317 uniuS,
3533 3242 3598 3301 et
3633 3256 3786 3319 pro-

2244 3345 2478 3427 prietas
2522 3345 2803 3411 alteriuS.
2840 3346 3017 3411 Unde
3063 3346 3274 3427 gratia
3313 3351 3408 3410 est
3443 3345 3788 3409 similitudo

2244 3452 2659 3516 essentialiter
2685 3473 2702 3516 t
2729 3472 2859 3517 non
2884 3458 3098 3517 tamen
3121 3457 3367 3535 oportet
3389 3453 3558 3536 quod
3581 3471 3788 3517 essen·

2242 3559 2474 3624 tialiter
2510 3561 2847 3625 conveniat
2883 3560 2953 3624 in
2992 3560 3211 3641 tei-tic,
3245 3561 3397 3643 quia
3437 3560 3785 3625 similitudo

2244 3667 2450 3749 seipsa
2472 3667 2771 3731 convenit
2791 3687 2945 3731 cum
2968 3687 3067 3746 eo,
3092 3670 3192 3751 cuj
3205 3688 3278 3732 us
3301 3672 3394 3732 est
3415 3668 3785 3732 similitudo:

2244 3780 2308 3839 et
2347 3775 2436 3839 sic
2474 3779 2691 3856 patent
2733 3775 2981 3856 objecta
3019 3775 3232 3840 amb0.
3272 3774 3573 3840 Similiter
3601 3774 3655 3838 si
3692 3775 3789 3839 lo-

2243 3900 2523 3964 quamur
2551 3882 2629 3946 de
2666 3883 3103 3947 conformitate
3141 3889 3455 3966 quantum
3492 3883 3573 3947 ad
3608 3881 3791 3945 habi·
3833 3867 3844 3880 “

2243 3990 2564 4069 tudinem,
2595 3992 2880 4056 dicemus
2911 3992 3083 4074 quod
3110 3992 3405 4056 voluntas
3430 4010 3563 4055 non
3589 3992 3794 4074 seipsa

2244 4099 2701 4178 conformatur,
2731 4099 2842 4162 sed
2879 4117 2993 4181 por
3021 4099 3562 4181 comparationem
3588 4099 3666 4163 ad
3702 4098 3791 4163 al—

2242 4209 2490 4285 terum,
2539 4206 2713 4289 quod
2757 4211 2972 4270 tamen
3014 4225 3223 4289 neque
3267 4210 3361 4269 est
3400 4207 3480 4270 de
3521 4206 3792 4272 essentia

2245 4312 2482 4378 divinae
2519 4314 2905 4394 voluntatis,
2944 4332 3063 4377 nec
3105 4314 3450 4391 humanae,
3488 4333 3608 4379 nec
3641 4319 3788 4378 tan-

2245 4438 2442 4502 quam
2473 4422 2736 4485 tertium
2780 4421 3227 4504 participatum
3267 4422 3348 4485 ab
3377 4427 3649 4505 utroque
3678 4442 3695 4486 :
3726 4427 3790 4487 et

2245 4529 2335 4591 sic
2361 4531 2531 4610 patet
2558 4527 2736 4592 illud.

2327 4639 2390 4698 4.
2427 4636 2523 4700 Ad
2554 4634 2709 4699 illud
2742 4636 2912 4719 quod
2947 4636 3176 4701 ultimo
3201 4636 3533 4718 quaeritur,
3563 4642 3784 4702 utrum

2246 4743 2679 4807 conformetur
2707 4762 2821 4826 per
2846 4743 3215 4821 essentiam,
3246 4747 3357 4807 aut
3391 4762 3505 4825 per
3532 4746 3784 4828 partici-

2247 4850 2602 4931 pationem,
2635 4851 2975 4916 dicendum
3009 4851 3181 4933 quod
3211 4869 3328 4915 nec
3358 4852 3474 4931 sic,
3504 4871 3622 4918 nec
3651 4854 3778 4917 sic:

2245 4956 2357 5021 sed
2415 4958 2850 5023 conformatur
2901 4977 3016 5042 per
3078 4958 3549 5042 proportionem
3578 5006 3597 5035 ,
3649 4959 3782 5024 sive

2248 5082 2363 5147 per
2399 5066 2793 5131 consimilem
2833 5068 3277 5132 habitudinem
3325 5088 3342 5132 ε
3390 5072 3454 5132 et
3483 5068 3574 5131 sic
3613 5072 3786 5150 patet

2248 5172 2427 5237 illud.
