4125 6225
1036 426 1232 493 DIST.
1275 425 1442 493 Vm.
1487 425 1716 493 PART.
1763 426 1841 492 n.
1886 426 2069 494 ΛΒΤ.
2106 428 2165 493 ¹I.
2209 425 2509 506 QUAEST.
2552 427 2660 493 w.

265 566 513 628 sentare
526 611 543 643 ,
589 580 708 628 nec
733 581 801 627 se
849 563 1162 629 occultare
1215 566 1440 647 potest,
1480 563 1647 628 sicut
1681 581 1801 628 nec

262 670 615 735 substantia
645 695 660 732 :
705 672 905 737 immo
949 691 1063 755 per
1105 672 1311 754 ipsam
1359 671 1800 735 manifestatur

262 777 638 855 substantia,
664 779 821 844 dum
842 781 987 863 plus
1011 780 1206 846 habet
1229 782 1307 846 de
1320 780 1563 846 ratione
1580 762 1800 845 actua·

260 884 477 963 litatis,
500 905 575 950 ac
595 905 710 969 per
732 887 856 952 hoc
883 889 1403 953 manifestationis
1428 892 1492 953 et
1512 889 1697 954 lucis.
1724 891 1798 955 In

261 993 627 1076 operatione
652 999 866 1059 autem
886 996 1247 1062 voluntaria
1275 1016 1456 1062 secus
1478 1002 1570 1062 est
1601 1021 1615 1063 :
1645 1017 1798 1064 nam

259 1121 412 1166 cum
470 1102 824 1167 substantia
863 1122 931 1168 se
981 1104 1352 1169 naturaliter
1390 1110 1799 1188 repraesentet

259 1209 423 1274 sicut
443 1209 819 1273 naturaliter
848 1213 962 1286 est,
994 1210 1083 1274 sic
1102 1229 1167 1275 se
1184 1211 1498 1275 occultare
1525 1231 1656 1278 non
1681 1233 1799 1296 po-

259 1318 402 1380 test.
455 1313 746 1398 Operatio
793 1316 1179 1396 voluntaria,
1232 1317 1393 1383 sicut
1437 1319 1798 1387 voluntarie

259 1423 397 1487 exit
419 1423 488 1487 in
516 1441 649 1487 oese
666 1472 682 1502 ,
713 1423 802 1487 ita
838 1426 898 1487 et
940 1423 1303 1490 voluntarie
1331 1425 1793 1508 manifestatur,

259 1535 322 1594 et
343 1530 435 1595 ita
460 1531 763 1596 occultari
791 1534 994 1614 potest
1030 1551 1047 1597 :
1079 1533 1280 1597 immo
1319 1551 1452 1598 non
1496 1535 1795 1601 manifes-

259 1641 455 1717 tatur,
494 1637 621 1701 nisi
670 1637 865 1703 homo
916 1639 1075 1703 velit
1103 1661 1118 1703 ε
1153 1639 1306 1704 talia
1351 1644 1567 1706 autem
1620 1648 1793 1723 sunt,

257 1764 406 1829 quae
432 1744 627 1810 latent
664 1746 734 1810 in
781 1750 1022 1811 secreto
1068 1747 1468 1813 conscientiae
1515 1753 1791 1815 nostrae:

256 1859 400 1927 ideo
423 1857 723 1940 quamvis
749 1857 1035 1922 diabolus
1058 1859 1253 1942 possit
1271 1859 1486 1925 videre
1513 1862 1794 1927 animam

256 1967 519 2051 propria
543 1966 810 2046 virtute,
834 1969 1050 2031 tamen
1075 1985 1208 2032 non
1241 1970 1445 2050 potest
1478 1968 1588 2034 illa
1611 1988 1795 2037 cons·

253 2075 484 2158 picere.

333 2188 396 2248 5.
424 2185 519 2250 Ad
547 2185 702 2250 illud
727 2183 899 2267 quod
925 2181 1244 2265 objicitur,
1264 2182 1436 2265 quod
1461 2186 1792 2266 speculum

251 2299 670 2377 repraesentat
697 2294 870 2361 aliud
898 2292 1260 2375 speculum,
1287 2296 1350 2356 et
1377 2310 1525 2374 quae
1551 2298 1701 2359 sunt
1724 2296 1794 2359 in

250 2419 328 2467 eo
347 2406 681 2482 contenta3
709 2400 1051 2466 dicendum
1080 2397 1250 2479 quod
1278 2402 1371 2463 est
1391 2398 1626 2482 duplex
1649 2421 1792 2487 spe-

246 2508 472 2572 culum
506 2531 522 2573 t
552 2508 871 2591 quoddam
899 2504 1219 2584 naturale3
1252 2509 1315 2569 et
1334 2507 1654 2601 quoddam
1680 2529 1793 2575 vo-

243 2614 626 2680 luntarium.
666 2614 1013 2697 Speculum
1056 2612 1375 2689 naturale,
1406 2614 1571 2679 sicut
1609 2621 1792 2683 natu-

243 2720 466 2785 raliter
495 2721 776 2804 suscipit,
809 2721 896 2785 ita
941 2725 1004 2784 et
1049 2720 1422 2785 naturaliter
1461 2723 1701 2802 reddit,
1728 2730 1791 2790 et

239 2829 330 2893 ita
356 2828 528 2893 nihil
553 2828 822 2894 occultat
858 2847 872 2888 :
902 2827 1045 2891 ideo
1071 2827 1402 2909 speculum
1434 2828 1557 2893 sibi
1589 2850 1791 2915 oppo-

237 2937 442 3002 situm
488 2955 620 3001 non
669 2936 876 3001 solum
923 2936 1136 3018 ipsum
1156 2984 1172 3011 ,
1203 2936 1312 3000 sed
1359 2937 1553 3002 etiam
1597 2958 1787 3007 omne

236 3045 417 3129 quod
445 3044 616 3108 lucet
638 3043 707 3107 in
730 3062 806 3109 eo
828 3045 1259 3128 repraesentat.
1291 3041 1638 3127 Speculum
1667 3067 1790 3114 au-

235 3157 370 3218 tem
404 3153 841 3218 voluntarium
864 3172 998 3217 non
1023 3157 1119 3216 est
1153 3152 1223 3216 in
1250 3157 1398 3217 actu
1423 3155 1788 3222 manifesta-

232 3261 435 3325 tionis
480 3278 707 3326 eorum
746 3278 896 3343 quae
931 3260 1000 3322 in
1028 3277 1095 3324 se
1139 3259 1443 3338 continet,
1487 3262 1610 3327 nisi
1636 3282 1786 3329 cum

229 3368 357 3434 hoc
383 3368 537 3433 facit
561 3368 858 3432 voluntas
889 3387 907 3433 z
941 3371 1006 3432 et
1025 3366 1149 3432 tale
1173 3370 1269 3431 est
1293 3369 1624 3451 speculum
1649 3373 1784 3455 spi-

226 3475 469 3541 rituale
496 3498 510 3540 :
539 3481 602 3541 et
622 3476 765 3541 ideo
795 3493 926 3539 non
953 3479 1049 3540 est
1071 3475 1301 3541 simile.

312 3589 378 3649 6.
416 3583 514 3648 Ad
541 3581 698 3647 illud
726 3583 898 3667 quod
916 3583 1215 3665 objicitur
1242 3584 1320 3649 de
1347 3585 1533 3651 oculo
1559 3605 1787 3671 corpo-

224 3691 386 3772 rali;
417 3709 532 3774 per
553 3690 721 3754 hanc
746 3691 952 3773 ipsam
976 3690 1285 3755 rationem
1306 3694 1444 3775 jam
1466 3698 1636 3777 patet
1657 3714 1785 3761 res·
1810 3699 1818 3708 '

221 3796 484 3883 ponsio.
531 3797 764 3863 Oculus
809 3797 983 3861 enim
1027 3815 1202 3862 unus
1243 3801 1587 3882 corporalis
1613 3803 1785 3869 videt

223 3903 554 3989 quidquid
580 3904 755 3969 videt
781 3904 964 3983 aliuS,
996 3904 1051 3968 si
1077 3905 1396 3988 objectum
1421 3907 1504 3970 sit
1529 3910 1782 3993 utrique

222 4013 592 4078 revelatum
630 4034 647 4076 z
676 4012 732 4076 si
760 4015 974 4076 autem
1000 4012 1117 4076 uni
1151 4014 1436 4096 aperitur
1456 4062 1474 4094 ,
1512 4018 1577 4079 et
1602 4018 1783 4082 alteri

219 4120 502 4203 tegitur,
532 4136 704 4182 unus
748 4123 952 4201 potest
988 4119 1204 4184 videre
1236 4120 1402 4201 quod
1450 4137 1584 4185 non
1608 4123 1783 4189 videt

217 4225 418 4290 alius,
453 4223 620 4301 Quia
646 4243 804 4306 ergo
825 4225 1046 4290 nullus
1072 4245 1141 4290 se
1167 4226 1289 4289 sibi
1324 4244 1440 4290 nec
1465 4228 1628 4306 vult,
1662 4248 1782 4296 nec

221 4336 441 4416 potest
473 4332 707 4411 velare,
733 4332 892 4415 quia
918 4333 1039 4396 sihi
1059 4351 1310 4415 semper
1332 4352 1614 4416 praesens
1640 4342 1775 4420 est,

215 4438 367 4503 ideo
398 4438 662 4503 oculum
689 4440 1046 4522 proprium,
1069 4439 1294 4523 siquid
1318 4439 1386 4504 in
1412 4460 1479 4505 se
1504 4446 1621 4523 est,
1647 4463 1778 4510 non

213 4548 437 4628 potest
481 4543 717 4625 latere3
762 4545 1045 4611 alienum
1091 4565 1247 4614 vero
1289 4549 1549 4614 oculum
1576 4556 1780 4633 potest

211 4653 700 4733 subterfugere,
747 4656 812 4717 et
862 4672 931 4719 se
973 4654 1064 4718 illi
1101 4656 1384 4722 revelare
1402 4707 1421 4738 ,
1466 4662 1778 4742 quoniam

211 4779 354 4825 non
389 4763 491 4824 est
510 4760 630 4842 ipsi
654 4779 955 4843 praesenS,
972 4780 1090 4827 nec
1117 4783 1310 4848 super
1334 4783 1487 4831 eum
1512 4773 1772 4851 potens:

209 4873 277 4933 et
323 4867 480 4933 ideo
519 4886 779 4934 omnem
820 4871 1084 4936 oculum
1137 4874 1532 4957 spiritualem
1576 4882 1779 4960 potest

215 4974 623 5040 conscientia
653 4980 873 5041 nostra
897 4977 1116 5057 latere,
1143 4985 1406 5064 excepto
1444 5000 1513 5047 se
1532 5030 1552 5062 ,
1581 4987 1645 5047 et
1669 4985 1777 5050 illo

209 5084 334 5168 qui
385 5085 485 5147 est
518 5101 711 5165 supra
736 5102 825 5149 se.
865 5084 944 5149 Et
978 5085 1121 5151 ideo
1167 5087 1316 5152 dicit
1342 5089 1771 5173 AugustinuS,

273 5283 292 5316 ¹
340 5281 594 5343 August„
638 5279 699 5328 de
742 5279 865 5330 Gen.
900 5280 971 5331 ad
1000 5280 1127 5343 litt„
1169 5282 1259 5333 lib.
1284 5285 1403 5346 ΧΠ,
1446 5300 1490 5336 c.
1535 5297 1667 5339 xvn.
1712 5316 1775 5327 —

59 5393 78 5412 .
203 5354 490 5406 ’.Sanctus
520 5351 706 5402 doctor
740 5351 957 5413 laborat,
979 5357 1037 5406 ut
1057 5357 1227 5419 patet,
1269 5356 1557 5421 ignorantia
1585 5359 1776 5426 lingum

203 5437 428 5490 graecae.
464 5423 585 5475 Hoc
605 5436 741 5488 vox,
769 5426 1116 5490 enm-qumvis,
1144 5426 1274 5479 sicut
1310 5432 1364 5481 et
1381 5427 1511 5494 ista,
1538 5433 1767 5496 enerqia,

3334 432 3452 492 457

1909 580 2100 647 super
2121 564 2407 631 Genesim
2449 562 2539 629 ad
2568 563 2823 630 literam
2849 564 2894 644 ¹,
2919 563 3091 647 quod
3118 563 3283 628 sicut
3305 563 3452 628 sub-

1907 675 2157 739 stantiae
2185 673 2542 757 corporales
2559 673 2798 737 habent
2834 673 3051 755 aliqua
3092 672 3451 737 velamenta

1906 780 2144 863 quibus
2168 799 2235 844 se
2258 780 2483 845 alienis
2510 779 2866 862 aspectibus
2898 777 3236 853 occultant,
3268 778 3360 842 sic
3388 781 3452 842 et

1906 885 1975 950 in
2003 888 2104 951 his
2130 888 2496 952 substantiis
2520 885 2962 969 spiritualibus
2998 903 3116 950 suo
3143 885 3333 950 modo
3357 885 3451 950 in-

1906 994 2329 1076 telligendum
2355 1000 2449 1059 est
2475 1018 2490 1059 t
2521 995 2661 1059 haec
2692 998 2786 1058 est
2810 994 3156 1057 verborum
3179 1011 3447 1057 suorum

1906 1104 2239 1167 sententia.
2271 1103 2348 1168 Et
2385 1105 2437 1168 si
2474 1108 2548 1168 tu
2588 1119 2839 1185 quaeras
2881 1100 3201 1184 quomodo
3247 1103 3452 1183 potest

1905 1212 2029 1276 hoc
2056 1231 2192 1278 esse
2222 1214 2324 1278 vel
2351 1214 2666 1295 intelligi,
2698 1231 2849 1277 cum
2877 1211 3232 1275 substantia
3257 1211 3450 1294 spiri-

1905 1319 2099 1383 tualis
2127 1320 2401 1404 simplex
2419 1320 2494 1383 sit
2524 1325 2587 1384 et
2614 1318 2956 1384 uniformis
2983 1336 3097 1400 per
3122 1322 3365 1396 totum3
3389 1323 3453 1383 et

1907 1426 1997 1490 ita
2031 1427 2285 1491 videtur
2328 1427 2498 1509 quod
2542 1428 2655 1510 qui
2687 1427 2860 1491 videt
2897 1425 3252 1505 modicum,
3289 1425 3451 1489 nihil

1906 1534 2098 1612 latet3
2129 1538 2370 1599 etcum
2397 1534 2739 1599 uniformis
2769 1534 2887 1609 sit,
2917 1550 3048 1596 non
3073 1535 3277 1615 potest
3314 1551 3451 1598 esse

1905 1642 1993 1706 ibi
2019 1641 2258 1725 aliquid
2279 1641 2621 1720 occultans,
2649 1644 2712 1704 et
2739 1639 2979 1722 aliquid
3006 1640 3396 1704 occultatum
3429 1658 3444 1702 ε

1904 1747 2241 1812 dicendum
2269 1747 2439 1830 quod
2470 1747 2869 1811 obstaculum
2897 1746 3056 1810 illud
3102 1764 3234 1810 non
3259 1746 3451 1812 habet

1904 1852 2175 1937 intelligi
2213 1874 2326 1938 per
2353 1854 2898 1937 interpositionem
2941 1853 3213 1935 alicujus
3255 1858 3451 1920 natu-

1902 1980 1994 2026 rae
2019 1981 2260 2047 opacae,
2292 1962 2457 2027 sicut
2484 1967 2579 2027 est
2600 1963 2668 2026 in
2692 1963 2840 2027 visu
2873 1966 3091 2027 nostro
3120 1980 3443 2045 corporeo,

1901 2069 2005 2134 vel
2032 2072 2324 2147 obscure,
2349 2071 2455 2136 vel
2479 2071 2698 2136 minus
2716 2071 2917 2150 clare3
2941 2069 3047 2134 sed
3077 2069 3168 2134 ibi
3193 2069 3448 2137 abscon·

1902 2177 2050 2244 dere
2071 2180 2239 2243 idem
2255 2184 2349 2244 est
2376 2178 2547 2261 quod
2573 2179 2739 2243 nolle
2759 2178 3183 2242 manifestare.
3209 2177 3284 2242 Et
3306 2179 3450 2243 lic-et

1900 2303 2032 2350 non
2078 2287 2202 2350 sint
2238 2286 2327 2350 ibi
2370 2270 2764 2350 diversitates
2799 2287 3111 2369 plicarum
3142 2306 3225 2351 ex
3270 2305 3444 2351 com-

1900 2393 2210 2476 positione
2251 2394 2649 2458 diversarum
2688 2398 3067 2459 naturarum
3089 2443 3106 2473 ,
3155 2399 3308 2458 sunt
3342 2398 3447 2460 ta—

1900 2519 2051 2564 men
2076 2501 2145 2564 in
2187 2502 2408 2565 anima
2452 2501 2693 2583 gradus
2731 2502 3162 2584 potentiarum
3213 2506 3276 2565 et
3313 2506 3446 2566 sta-

1899 2612 2120 2687 tuum,
2178 2610 2530 2673 secundum
2582 2627 2744 2692 quos
2796 2609 3096 2691 quaedam
3144 2610 3448 2674 dicuntur

1898 2733 2032 2780 esse
2055 2717 2294 2782 anitnae
2323 2717 2532 2799 magis
2558 2717 2804 2795 intima3
2826 2721 3047 2799 utpote
3073 2735 3218 2799 quae
3241 2717 3447 2800 respi-

1897 2823 2077 2888 ciunt
2109 2824 2423 2907 potentias
2448 2823 2862 2906 superiores,
2893 2827 2957 2887 et
3007 2823 3442 2905 simplicioreS,

1895 2935 2029 3000 sive
2064 2935 2384 3018 purioreS,
2416 2934 2766 2998 secundum
2798 2952 2960 3017 quas
2996 2935 3212 2999 anima
3234 2937 3448 3017 magis

1893 3041 1964 3106 in
2014 3043 2221 3127 seipsa
2273 3042 2704 3125 recolligitur,
2737 3046 2802 3106 et
2839 3042 2938 3119 ei,
2967 3043 3140 3126 quod
3192 3062 3446 3108 summe

1894 3170 2104 3217 unum
2121 3155 2236 3232 est,
2266 3153 2498 3216 unitur
2526 3155 2591 3217 et
2636 3151 3084 3235 simplificatur
3115 3175 3130 3217 ε
3162 3156 3227 3217 et
3250 3171 3445 3237 penes

1892 3260 2011 3324 has
2050 3261 2333 3326 maxime
2380 3260 2614 3325 residet
2653 3259 3057 3324 conscientias
3085 3264 3438 3324 secretum:

1892 3373 1956 3433 et
1989 3369 2081 3432 sie
2120 3373 2292 3451 patet
2329 3369 2561 3433 solutio
2599 3369 2995 3451 objectorum
3034 3390 3048 3432 :
3094 3386 3177 3432 ex
3205 3367 3446 3450 quibus

1892 3477 2088 3541 etiam
2115 3477 2605 3540 manifestantur
2633 3476 2852 3540 omnia
2871 3493 3019 3558 quae
3046 3475 3115 3538 in
3140 3475 3323 3538 litera
3349 3472 3441 3536 di-

1891 3589 2152 3648 cuntur.
2184 3583 2319 3648 Hoc
2358 3583 2567 3648 solum
2593 3587 2814 3648 autem
2852 3583 3100 3664 indiget
3139 3584 3444 3667 explana·

1890 3690 2083 3771 tione,
2113 3690 2285 3775 quod
2313 3691 2463 3755 dicit
2491 3689 2850 3754 Gennadius
2882 3689 2961 3773 (a)
2985 3737 3002 3768 ,
3031 3691 3201 3773 quod
3241 3715 3273 3753 (ι
3303 3692 3440 3759 dae-

1890 3816 2113 3862 mones
2130 3816 2243 3881 per
2261 3797 2545 3878 energiae
2561 3796 3015 3879 operationem,
3040 3819 3071 3856 1>
3097 3802 3216 3862 etc.
3239 3820 3254 3863 :
3284 3800 3439 3882 quid

1888 3905 2160 3989 appellet
2186 3906 2531 3987 enerqiam.
2562 3903 2640 3968 Et
2675 3903 3011 3968 dicendum
3055 3905 3224 3987 quod
3261 3924 3439 3971 ener-
3492 3937 3680 3994 ruem.

1887 4012 1998 4094 gia
2036 4013 2268 4077 dicitur
2307 4013 2389 4076 ab
2436 4029 2551 4089 en,
2588 4010 2761 4095 quod
2808 4015 2905 4075 est
2952 4012 3057 4092 in,
3109 4016 3172 4076 et
3218 4030 3432 4097 erqon,
3466 4005 3588 4060 quia.

1887 4121 2057 4204 quod
2084 4125 2178 4184 est
2200 4121 2401 4200 labor,
2432 4125 2497 4185 et
2528 4136 2703 4186 mene
2731 4122 2774 4198 ²,
2797 4120 2967 4203 quod
2994 4124 3090 4184 est
3112 4121 3389 4186 defectus
3416 4146 3430 4187 z

1886 4229 2033 4293 inde
2064 4229 2329 4311 energia
2370 4229 2551 4312 quasi
2590 4228 2858 4292 interior
2896 4227 3098 4308 labor,
3132 4228 3235 4292 vel
3277 4230 3437 4295 inte-

1884 4337 2018 4401 rior
2036 4336 2337 4401 defectus.
2352 4335 2532 4400 Unde
2552 4335 2642 4399 illi
2661 4335 2963 4399 dicuntur
2981 4338 3431 4419 energumeni,

1885 4444 1997 4527 qui
2018 4443 2290 4507 interius
2309 4443 2601 4507 laborant
2622 4461 2736 4527 per
2761 4442 3172 4508 vexationem
3199 4444 3434 4511 daemo·

1884 4552 1985 4614 nis
2012 4551 2280 4614 interius
2310 4550 2650 4615 obsidentis
2672 4598 2690 4630 ,
2725 4554 2790 4614 et
2826 4550 3114 4614 animam
3142 4550 3432 4616 laborare

1884 4657 2211 4723 facientis:
2240 4661 2306 4723 et
2350 4658 2473 4722 hoc
2509 4658 2799 4741 estquod
2826 4657 3188 4723 Gennadius
3221 4657 3301 4742 (a)
3333 4659 3433 4723 di-

1883 4785 2026 4832 cere
2056 4766 2346 4832 intendit.
2396 4765 2633 4832 Caetera
2670 4770 2924 4851 patent,
2952 4785 3101 4850 quae
3135 4768 3206 4832 in
3245 4768 3430 4834 litera

1884 4877 2212 4943 dicuntur.

1882 5020 2037 5072 habet
2063 5034 2160 5086 pro
2189 5021 2501 5087 etymologia
2524 5019 2944 5087 praepositionem
2970 5025 3043 5094 ἐν,
3074 5021 3214 5087 quod
3234 5024 3313 5074 est
3340 5022 3422 5088 in,

1883 5106 1942 5152 nt
1975 5102 2082 5166 ipse
2116 5101 2272 5166 dicit,
2301 5107 2353 5154 et
2379 5106 2510 5176 ὶργὸν
2526 5143 2544 5173 ,
2584 5102 2725 5167 quod
2756 5106 2834 5153 est
2877 5101 3020 5153 labor
3053 5117 3145 5154 seu
3171 5105 3426 5169 operatio,-

1885 5181 2186 5232 desinentiae
2216 5196 2341 5234 vero
2370 5184 2504 5232 meni
2529 5183 2673 5233 vocis
2709 5184 3027 5248 enerqumeni
3039 5221 3058 5248 ,
3095 5185 3268 5249 nulla,
3306 5199 3425 5237 cum

1882 5267 1990 5304 non
2009 5254 2095 5318 sit,
2123 5254 2436 5319 etymologia
2461 5254 2740 5319 quaerenda
2757 5258 2852 5306 est.

1947 5345 2010 5410 (a)
2046 5345 2170 5396 Goee.
2190 5344 2313 5396 edit.
2343 5343 2652 5396 Gennaidus.
