4125 6225
1223 407 1236 425 ἱ
1291 459 1486 531 DIST.
1527 462 1634 530 VI.
1678 459 1861 528 ΛΒΤ.
1897 461 1946 527 1.
1992 457 2292 541 QUAEST.
2337 463 2419 529 11.

262 605 397 670 imo
422 601 629 689 potuit
654 602 846 668 etiam·
867 618 1000 666 esse
1023 601 1099 665 de
1129 619 1451 683 supremo,
1481 603 1546 665 et
1570 601 1798 683 praesi-

265 711 417 775 dere
442 716 695 775 terreno
721 709 1093 773 ministerio.
1135 707 1257 773 Sed
1284 710 1438 774 tunc
1464 712 1560 772 est
1587 727 1798 790 quaes-

268 816 382 897 tio,
413 836 563 882 cum
588 817 659 881 in
702 816 931 898 angelo
967 820 1129 880 esset
1162 815 1261 880 vis
1287 815 1798 899 contemplativa,

270 941 471 1007 quare
506 922 713 1005 magis
754 942 868 1006 per
904 922 1475 987 administrativam
1515 941 1664 987 eum
1694 923 1806 987 de-

271 1031 534 1110 scribat3
556 1035 620 1095 et
637 1031 975 1096 dicendum
1000 1031 1171 1112 quod
1189 1031 1288 1094 vis
1315 1030 1808 1113 contemplativa

273 1136 619 1201 attenditur
645 1137 714 1200 in
742 1136 1210 1219 comparatione
1239 1137 1322 1201 ad
1350 1138 1667 1219 superius,
1698 1137 1808 1201 sed

273 1242 1421 1326 administrativa(a)incomparatione
1430 1244 1509 1308 ad
1518 1243 1810 1308 inferius:

275 1354 339 1412 et
362 1351 668 1431 quoniam
685 1353 956 1434 angelus
968 1353 1238 1435 sumpsit
1254 1352 1649 1417 occasionem
1665 1369 1806 1434 pec-

278 1457 463 1520 candi
475 1505 493 1536 ,
512 1458 965 1524 considerando
985 1478 1171 1523 suam
1188 1459 1659 1542 praesidentiam
1680 1475 1815 1522 res-

280 1567 469 1644 pectu
498 1564 909 1644 inferiorum;
942 1566 1084 1630 ideo
1107 1566 1459 1631 secundum
1480 1565 1654 1628 illam
1679 1564 1814 1630 vim

282 1688 435 1734 eum
458 1670 773 1735 describit.
803 1670 983 1736 Unde
1009 1673 1411 1753 Augustinus
1443 1673 1613 1752 dicit,
1644 1671 1817 1754 quod

284 1779 696 1844 consideratio
714 1780 928 1861 angeli
947 1781 1014 1844 in
1034 1780 1347 1863 peccando
1360 1781 1388 1843 f
1388 1781 1486 1844 uit
1502 1779 1817 1844 contrario

282 1870 473 1951 modo
500 1889 984 1953 considerationi
1002 1890 1380 1967 centurioni,
1407 1890 1560 1971 quia
1577 1883 1737 1953 dix‘it
1757 1889 1777 1924 ¹
1799 1910 1814 1952 ε

284 1997 417 2077 qu
467 2011 610 2060 sum
653 1996 834 2063 homo
891 1997 1005 2062 sub
1052 2003 1354 2080 potestate
1398 1999 1780 2064 constitutus
1798 2045 1816 2077 ,

284 2100 521 2168 habens
550 2102 664 2168 sub
700 2119 794 2169 me
820 2104 1052 2169 milites
1071 2125 1096 2174 ,·
1128 2104 1418 2185 Angelus
1443 2122 1479 2168 0
1507 2104 1821 2169 contrario

285 2208 496 2290 primo
524 2210 945 2274 consideravit
968 2211 1223 2291 militeS,
1266 2215 1330 2274 et
1357 2211 1677 2276 ministros
1700 2210 1823 2274 sibi

287 2315 611 2381 subditos:
649 2317 790 2382 ideo
814 2318 1096 2383 elevatus
1112 2322 1208 2382 est
1234 2317 1305 2381 111
1328 2318 1716 2401 superbiam.

371 2428 430 2488 3.
475 2425 572 2489 Ad
615 2424 773 2490 illud
818 2426 989 2508 quod
1028 2426 1343 2509 objicitur,
1394 2426 1566 2509 quod
1606 2427 1825 2491 minus

289 2539 429 2598 erat
460 2533 690 2597 habilis
722 2534 802 2599 ad
830 2535 1255 2617 peccandum3
1287 2535 1628 2600 dicendum
1653 2537 1826 2619 quod

292 2658 524 2705 verum
561 2644 693 2720 est;
737 2644 1017 2706 attamen
1061 2642 1364 2707 voluntas
1418 2644 1487 2707 in
1529 2644 1829 2707 omnibus

293 2751 539 2832 angelis
565 2750 765 2815 libera
788 2755 924 2815 erat
949 2755 1014 2815 et
1045 2751 1396 2842 vertibilis:
1430 2756 1495 2816 et
1519 2751 1661 2816 ideo
1687 2752 1829 2816 sine

294 2859 472 2925 omni
490 2860 804 2943 pronitate
822 2863 1065 2944 poterat
1081 2879 1213 2943 quo
1231 2861 1483 2925 volebat
1500 2859 1825 2925 inclinari:

296 2972 363 3031 et
389 2967 541 3030 hinc
567 2972 661 3029 est
686 2967 859 3049 quod
888 2967 994 3032 ille
1029 2967 1298 3049 gravius
1321 2969 1624 3050 peccavit.
1658 2966 1833 3033 Unde

297 3074 377 3140 ad
412 3076 741 3157 peccatum
781 3092 915 3138 non
947 3073 1298 3140 necessario
1331 3076 1653 3139 concurrit
1677 3092 1833 3158 pro-

296 3180 485 3261 nitas,
526 3181 633 3245 sed
672 3180 1075 3263 vertibilitas3
1105 3200 1224 3246 nec
1258 3186 1588 3264 peccatum
1616 3183 1831 3247 inten-

299 3287 471 3351 ditur
499 3306 581 3351 ex
622 3276 954 3373 pronitate,
983 3290 1095 3353 sed
1127 3290 1339 3372 magis
1380 3307 1463 3354 ex
1493 3293 1744 3355 naturae
1773 3293 1837 3354 et

301 3395 619 3459 donorum
649 3395 978 3478 dignitate,
1020 3401 1083 3462 et
1112 3397 1543 3462 conversionis
1570 3399 1835 3481 profun-

301 3501 514 3567 ditate.
543 3501 623 3566 Et
657 3505 811 3586 quia
836 3505 1021 3569 altior
1045 3508 1183 3569 erat
1199 3552 1217 3583 ,
1248 3505 1395 3569 ideo
1423 3505 1647 3570 cecidit
1683 3523 1837 3588 pro-

301 3607 593 3692 fundius3
622 3615 686 3676 et
726 3612 880 3694 quia
903 3611 1149 3690 fortior,
1180 3612 1323 3677 ideo
1362 3612 1443 3676 ad
1485 3613 1730 3679 malum
1767 3632 1837 3679 se

303 3717 615 3782 convertit
638 3718 866 3783 fortius
889 3722 953 3782 et
978 3717 1487 3801 inseparabilius,

384 3828 446 3888 4.
479 3823 578 3888 Ad
610 3825 768 3889 illud
810 3824 983 3908 quod
1008 3825 1304 3907 oincitur
1348 3825 1576 3890 ultimo
1600 3872 1617 3902 ,
1663 3823 1837 3907 quod

309 3930 560 3997 videtur
583 3932 953 3997 incredibile
986 3932 1158 4015 quod
1191 3932 1351 3997 Deus
1376 3932 1836 3997 nobilissimam

307 4045 663 4105 creaturam
683 4059 868 4106 suam
895 4040 987 4104 sic
1003 4040 1211 4123 perire
1231 4040 1604 4120 dimitteret3
1626 4041 1841 4107 dicen·

307 4147 467 4213 dum
492 4149 664 4231 quod
696 4149 861 4212 mira
887 4148 955 4212 in
991 4148 1115 4212 hoc
1144 4147 1253 4213 Dei
1276 4150 1527 4232 justitia
1564 4149 1841 4214 ostendi-

309 4259 440 4336 tur,
465 4273 612 4339 quae
636 4260 882 4321 tantam
913 4260 1125 4321 servat
1157 4257 1471 4339 justitiam
1487 4305 1506 4337 ‚
1552 4261 1626 4321 ut
1667 4256 1840 4323 ordi-

310 4380 462 4427 nem
483 4363 845 4429 institutum
872 4363 1050 4429 nullo
1081 4364 1271 4429 modo
1305 4364 1645 4446 infringat3
1686 4369 1842 4430 tan-

311 4474 452 4535 tum
482 4476 812 4554 peccatum
837 4471 1010 4551 odit,
1049 4476 1125 4537 ut
1165 4476 1424 4555 propter
1472 4478 1801 4556 peccatum
1822 4522 1842 4554 ,

314 4596 477 4661 quos
510 4579 912 4644 charissimos
951 4578 1301 4661 reputavit,
1351 4580 1626 4663 abjiciat.
1663 4578 1843 4645 Unde

317 4686 503 4752 credo
529 4688 699 4771 quod
715 4692 850 4752 tam
876 4687 1288 4771 spectandum
1300 4693 1663 4754 monstrum
1678 4688 1846 4755 divi-

316 4811 423 4857 nae
439 4795 791 4859 severitatis
802 4795 875 4860 in
892 4795 1122 4877 angelo
1136 4794 1550 4877 nobilissimo,
1562 4802 1626 4862 et
1637 4798 1847 4882 primo

324 4905 605 4986 homine,
638 4927 917 4992 quorum
955 4915 1302 4993 utrumque
1333 4912 1605 4995 propriis
1632 4911 1848 4976 mani-

316 5014 441 5078 bus
467 5015 799 5097 plasmavit
823 5019 885 5080 et
912 5016 1250 5097 decoravit,
1273 5018 1439 5083 Deus
1455 5019 1640 5084 nobis
1665 5019 1848 5082 infir-

321 5122 447 5186 mis
471 5124 802 5207 proposuit
835 5124 909 5207 (b)
956 5127 1017 5189 et
1056 5125 1367 5207 ostendit,
1412 5131 1487 5191 ut
1529 5127 1848 5192 discamus

386 5248 405 5283 ¹
423 5249 628 5314 nauh„
648 5261 765 5313 vm,
783 5252 831 5301 9.
849 5276 915 5288 -
929 5250 953 5286 ¹
969 5250 1090 5317 Isa„
1119 5262 1170 5315 1,
1194 5254 1242 5303 9.
1260 5277 1324 5288 —
1339 5251 1362 5287 ⁸
1388 5252 1559 5318 Helm,
1583 5265 1672 5317 11,
1693 5257 1772 5305 31.
1790 5280 1852 5294 -

323 5319 346 5354 ⁴
364 5320 444 5385 Cf.
469 5319 613 5371 Alex.
639 5322 855 5383 Alensis,
881 5336 935 5387 p.
962 5324 1032 5388 ll,
1056 5337 1107 5387 q.
1130 5335 1225 5389 011,
1247 5324 1439 5376 memb.
1476 5327 1536 5390 33
1568 5326 1624 5377 S.
1645 5327 1850 5391 Tuom„

326 5406 377 5455 p.
399 5393 439 5456 1,
463 5407 513 5458 q.
538 5404 690 5457 um,
708 5397 805 5444 art.
825 5396 880 5457 ⁸3
912 5399 963 5445 et
991 5397 1033 5445 11
1054 5397 1215 5457 Seni„
1250 5395 1364 5445 dist.
1404 5408 1475 5460 vl,
1504 5410 1558 5461 q.
1596 5410 1633 5459 1,
1661 5401 1755 5448 art.
1787 5401 1850 5460 23

328 5463 495 5528 AEgid.
516 5465 689 5529 Rom„
713 5465 757 5515 ll
778 5466 938 5528 Seni„
964 5467 1081 5518 dist.
1100 5479 1175 5533 vt,
1195 5482 1248 5534 q.
1273 5478 1312 5533 1,
1333 5471 1429 5519 art.
1450 5472 1478 5518 3
1493 5482 1514 5533 3
1531 5470 1780 5535 Dur-and„
1811 5472 1853 5522 u

3325 465 3436 529 381

1910 605 2226 683 quantum
2264 601 2429 666 Deus
2471 600 2604 665 odit
2645 603 2973 683 peccatum
2995 649 3013 678 ,
3057 604 3122 664 et
3166 601 3449 666 maxime

1910 708 2275 791 superbiam
2291 757 2309 786 ,
2335 708 2508 791 quod
2536 726 2651 791 pro
2675 726 2805 772 uno
2832 712 3014 771 motu
3038 707 3243 772 cordis
3267 708 3452 771 nobi-

1911 815 2156 880 lissima
2175 819 2466 881 creatura
2494 815 2787 880 omnium
2809 819 3248 879 creaturarum
3270 818 3455 878 aeter-

1914 925 2179 1001 naliter,
2210 928 2273 989 et
2301 924 2435 988 sine
2472 942 2581 1007 spe
2620 925 2827 989 veniae
2871 926 2965 987 est
3008 922 3352 1002 damnata3
3393 925 3456 985 et

1916 1049 2034 1113 pro
2058 1050 2192 1096 uno
2220 1051 2334 1096 esu
2361 1033 2557 1115 pomi,
2579 1035 2644 1096 et
2665 1033 2798 1113 ipse
2819 1032 3049 1109 Adam,
3075 1034 3138 1094 et
3158 1034 3289 1094 tota
3307 1046 3452 1113 pos*

1916 1136 2133 1204 tenitas
2167 1154 2372 1218 usque
2415 1136 2491 1200 ad
2520 1136 2720 1199 finem
2750 1134 2976 1199 mundi
2991 1181 3012 1214 ,
3042 1139 3135 1198 est
3176 1132 3457 1198 mortali-

1918 1243 2033 1306 tati
2059 1247 2123 1307 et
2143 1243 2480 1326 multiplici
2504 1243 2855 1326 poenalitati
2883 1243 3197 1325 subjecta3
3230 1245 3292 1306 et
3319 1242 3460 1308 nisi

1925 1350 2234 1417 Dominus
2256 1337 2621 1434 reliquisset
2648 1351 2832 1418 nobis
2861 1367 3105 1429 semen,
3132 1350 3325 1432 quasi
3352 1348 3459 1414 So·

1923 1457 2114 1524 doma
2143 1461 2487 1538 fuissemus
2515 1462 2559 1522 ².
2586 1458 2685 1523 Ex
2708 1458 2809 1522 his
2835 1458 3341 1522 efficacissimum
3364 1474 3461 1520 re—

1923 1565 2239 1648 linquitur
2264 1570 2723 1648 argumentum
2741 1616 2758 1646 ,
2806 1567 2976 1649 quod
2996 1566 3019 1601 ⁸
3069 1562 3456 1631 horrendum

1924 1680 2014 1740 est
2031 1673 2318 1741 incidere
2337 1676 2413 1740 in
2435 1690 2665 1740 manus
2700 1676 2817 1739 Dei
2843 1675 3123 1739 viventis
3159 1692 3180 1733 .-
3206 1671 3456 1736 sienim

1927 1781 2094 1846 Deus
2116 1800 2245 1846 non
2274 1783 2553 1865 pepercit
2579 1782 2973 1846 nobilissimo
2991 1780 3221 1861 angelo
3243 1796 3463 1861 super-

1927 1890 2156 1969 bienti,
2184 1889 2337 1972 quid
2368 1890 2488 1954 erit
2511 1890 2591 1954 de
2619 1889 2929 1955 vilissimo
2957 1889 3168 1952 cinere
3191 1934 3212 1966 ,
3241 1891 3304 1950 et
3339 1886 3458 1949 ab-

1919 1996 2294 2079 jectissimo,
2313 1997 2382 2060 in
2396 1996 2598 2061 altum
2617 2015 2684 2060 se
2704 1996 3058 2075 extollenti,
3080 2013 3229 2059 cum
3248 1996 3464 2077 ,iacere

1930 2103 2154 2168 debeat
2176 2105 2246 2168 in
2274 2105 2484 2169 cinere
2510 2107 2574 2167 et
2599 2103 2800 2168 cilicio
2819 2151 2837 2182 ,
2882 2103 3014 2168 imo
3042 2101 3273 2185 inipso
3302 2106 3466 2165 ster-

1930 2210 2201 2293 quilinio
2216 2213 2249 2274 ⁴?

2465 2378 2820 2458 QUAESTIO
2862 2379 2943 2447 11.

1992 2533 2087 2590 An
2114 2533 2300 2604 anqezi
2321 2534 2581 2598 utinam,
2614 2536 2711 2605 qui
2747 2534 2893 2606 lapsi
2918 2536 3079 2599 sunt,
3108 2535 3319 2603 tuem-int
3352 2534 3416 2590 de

2444 2639 2685 2697 supremo
2713 2623 2899 2681 ordine
2918 2623 2961 2680 ⁴.

2017 2760 2105 2826 De
2131 2779 2261 2843 quo
2288 2760 2508 2826 ordine
2546 2761 2706 2844 lapsi
2731 2766 2879 2825 sunt
2908 2760 3185 2826 minores
3220 2761 3478 2842 angeli?
3505 2779 3720 2827 ruam

1938 2867 2016 2933 Et
2028 2869 2198 2951 quod
2216 2868 2295 2933 de
2318 2868 2619 2933 omnibus
2638 2917 2655 2948 ,
2678 2869 2933 2934 videtur
2953 2888 3065 2951 per
3082 2868 3430 2951 Hugonem
3457 2891 3474 2933 :

1943 2999 1973 3037 α
2009 2975 2095 3040 De
2143 2975 2430 3058 quolibet
2469 2976 2689 3040 ordine
2723 2975 2922 3058 aliqui
2967 2976 3367 3054 ceciderunt,
3418 2981 3482 3041 et

1940 3100 2150 3147 unum
2161 3081 2451 3148 ordinem
2463 3082 2855 3147 contrarium
2868 3082 3206 3161 fecerunt⁸‚
3225 3083 3336 3150 ubi
3348 3098 3480 3151 non

1942 3198 2037 3259 est
2063 3189 2242 3271 ordo,
2262 3190 2378 3257 sed
2397 3191 2817 3272 sempiternus
2839 3189 3058 3258 horror
3072 3190 3433 3260 inhabitat»
3461 3240 3478 3257 .

2022 3297 2182 3363 ltem
2209 3297 2554 3380 Gregorius
2577 3299 2726 3362 dicit
2759 3299 2829 3362 in
2853 3298 3119 3364 homilia
3146 3303 3483 3367 Pentecos-

1943 3412 2066 3484 tes,
2094 3405 2265 3488 quod
2293 3405 2371 3470 ad
2402 3424 2624 3471 omnes
2651 3406 3034 3488 angelorum
3064 3406 3315 3472 ordines
3358 3407 3485 3471 ali-

1943 3513 2057 3596 qui
2084 3513 2379 3577 homines
2408 3517 2872 3579 assumuntur:
2903 3515 3013 3579 sed
3045 3514 3168 3579 hoc
3194 3534 3325 3581 non
3365 3517 3489 3581 erit

1944 3621 2070 3685 nisi
2096 3621 2178 3685 ad
2218 3622 2699 3686 restaurandam
2741 3623 3001 3687 ruinam
3050 3624 3430 3705 angelorum
3467 3644 3484 3688 ε

1945 3746 2105 3810 0130
2130 3729 2208 3793 de
2230 3728 2512 3811 quolibet
2537 3728 2737 3812 aliqui
2761 3734 3162 3796 corruerunt.

2027 3833 2187 3898 ltem
2233 3835 2573 3917 probatum
2622 3838 2717 3899 est
2752 3836 2922 3919 quod
2962 3835 3213 3902 Lucifer
3250 3837 3372 3903 ruit
3411 3838 3488 3903 de

1947 3964 2248 4029 supremo
2273 3946 2496 4010 ordine
2522 3964 2539 4009 ε
2567 3965 2725 4028 0130
2744 3995 2762 4026 ,
2789 3949 2839 4010 si
2867 3949 2946 4014 de
2966 3949 3073 4013 illo
3097 3950 3488 4032 ceciderunt,

1947 4054 2203 4119 videtur
2229 4054 2403 4136 quod
2433 4055 2635 4119 multo
2668 4055 2893 4119 fortius
2922 4055 3000 4120 de
3027 4057 3194 4121 aliis.

2029 4159 2188 4224 ltem
2215 4178 2436 4225 omnes
2460 4161 2844 4243 angelorum
2870 4162 3123 4228 ordines
3147 4170 3493 4247 procurant

1947 4269 2290 4333 hominum
2330 4268 2597 4334 salutem
2631 4270 2684 4347 ’ς
2718 4269 2888 4333 1111ᾱο
2919 4285 3132 4338 omnes
3164 4278 3319 4339 sunt
3365 4271 3491 4337 ad-

1950 4376 2416 4442 ministratorii
2449 4377 2723 4458 spiritus
2761 4424 2780 4454 ,
2825 4380 2945 4441 etc.
2985 4393 3002 4439 τ
3039 4395 3197 4460 0130
3239 4379 3496 4446 videtur

1952 4485 2124 4566 quod
2152 4484 2453 4548 omnibus
2476 4484 2808 4550 ordinibus
2834 4502 2951 4548 suo
2982 4485 3170 4550 modo
3204 4486 3497 4552 homines

1953 4597 2440 4675 recompensant
2464 4592 2847 4675 obsequium
2863 4641 2881 4672 ,
2910 4595 2985 4656 ut
3001 4592 3321 4658 nutriatur
3347 4595 3497 4660 cha-

1953 4700 2156 4764 ritatis
2176 4701 2473 4765 solatium
2500 4723 2514 4766 :
2543 4701 2653 4766 sed
2673 4701 2835 4765 sicut
2861 4701 3073 4783 angeli
3095 4702 3497 4769 subveniunt

1953 4806 2323 4872 hominibus
2339 4808 2757 4873 ministrando
2781 4857 2799 4888 ,
2824 4808 2911 4872 ita
2928 4808 3220 4873 homines
3245 4810 3493 4891 angelis

1957 4933 2062 4981 eor
2071 4933 2184 4980 um
2198 4915 2451 4998 lapsum
2468 4915 2821 4999 reparando
2845 4937 2860 4980 ε
2881 4933 3041 4999 0130
3055 4916 3322 5000 quilibet
3337 4918 3492 4983 ordo

1955 5021 2184 5086 habuit
2206 5023 2487 5088 ruinam.

2038 5128 2165 5195 Sed
2208 5135 2430 5196 contra
2475 5149 2492 5194 :
2534 5136 2592 5194 1.
2622 5128 2788 5195 Deus
2817 5130 3062 5214 amelia
3084 5134 3497 5213 peccantibus
3531 5151 3602 5199 Aci
3633 5164 3738 5209 opp.

1962 5327 2124 5391 Seni„
2149 5328 2268 5380 dist.
2290 5341 2363 5395 vt,
2397 5343 2450 5393 q.
2472 5340 2510 5380 11
2524 5343 2542 5392 3
2570 5327 3077 5392 Richard.,118ent.,
3100 5331 3220 5383 dist.
3237 5344 3309 5398 w,
3346 5348 3399 5400 q.
3438 5346 3497 5387 11.

1959 5399 2181 5465 -⁸Job,
2198 5413 2252 5466 1,
2268 5404 2414 5452 22.-
2430 5400 2633 5465 θΗεὸικ,
2667 5413 2706 5466 1,
2728 5402 2947 5466 14.-(a)
2966 5403 3052 5454 ΔΙ.
3074 5403 3499 5461 ministrativa-.-

1965 5470 2031 5536 (ὁ)
2059 5471 2126 5523 It.
2149 5472 2448 5537 praeposuit.
