4125 6225
1158 377 1357 447 DIST.
1399 376 1558 445 XIV.
1601 375 1833 444 PART.
1876 377 1928 443 1.
1971 375 2158 443 ΛΒΤ.
2201 376 2252 443 1.
2298 374 2601 455 QUAEST.
2646 378 2697 444 I.

318 518 596 587 secunda
633 532 820 597 vere,
862 520 1179 600 quantum
1222 514 1303 580 ad
1347 532 1452 580 res
1493 516 1817 580 contentas
1833 562 1852 594 ,

319 628 447 693 ibi:
484 627 787 710 Sequitur
808 646 834 691 .·
880 625 1078 690 Dia-it
1121 624 1291 690 Deus
1321 643 1344 685 .·
1391 622 1859 705 Gonmeqmuur

320 753 526 821 aquoe,
552 739 673 800 etc.
701 733 916 798 Prima
937 749 1106 815 parS,
1128 732 1198 796 in
1224 750 1356 813 qua
1375 730 1612 794 scilicet
1636 731 1857 812 agitur

318 845 396 909 de
427 844 616 908 rebus
661 840 1152 919 continentibus,
1196 842 1414 922 utpote
1460 838 1538 902 de
1580 837 1752 902 coelis
1795 841 1859 902 et

318 951 625 1017 coelorum
651 948 1071 1028 distinctione,
1096 946 1287 1012 babet
1300 948 1580 1031 quatuor
1601 948 1850 1029 partes:

316 1059 387 1124 in
413 1059 625 1143 prima
661 1055 1040 1121 determinat
1069 1054 1381 1120 coelorum
1410 1057 1744 1134 naturam;
1785 1054 1856 1118 in

314 1165 593 1230 secunda
619 1163 830 1245 tangit
871 1161 1288 1244 quaestionem
1328 1160 1407 1225 de
1446 1162 1686 1242 figura,
1718 1160 1847 1225 ibi:

319 1274 532 1347 Quoe‘ri
573 1272 772 1340 etiam
814 1271 971 1337 solet
1013 1268 1200 1350 cnjus
1245 1268 1472 1351 Muroe
1491 1289 1514 1331 .·
1557 1268 1622 1330 in
1668 1267 1853 1333 tertia

313 1382 545 1466 quaerit
571 1383 649 1448 de
675 1385 879 1461 motu,
904 1380 1033 1445 ibi:
1069 1381 1392 1459 Quaeritur
1417 1380 1615 1446 etiam
1643 1380 1706 1444 si
1731 1381 1852 1444 stet

311 1498 428 1559 aut
445 1497 807 1561 moveatur,-
828 1490 896 1555 in
915 1493 1143 1574 quarta
1157 1506 1313 1553 vero
1331 1495 1616 1553 removet
1628 1504 1852 1570 quam-

312 1598 458 1663 dam
482 1599 970 1678 dubitationem,
988 1597 1076 1660 ibi
1101 1619 1117 1661 z
1147 1597 1292 1662 Post
1315 1595 1448 1661 hoec
1466 1596 1673 1677 quaen’
1692 1593 1851 1661 solet

310 1723 528 1788 quare,
557 1710 676 1771 etc.
727 1705 960 1772 Omnes
993 1705 1098 1769 hae
1135 1707 1345 1787 partes
1378 1705 1715 1768 remanent
1742 1702 1849 1765 in-

310 1814 534 1879 divisae
582 1819 815 1898 praeter
862 1814 1137 1897 primam
1162 1861 1180 1892 ,
1226 1830 1375 1895 quae
1425 1811 1732 1877 dividitur
1777 1810 1848 1874 in

308 1919 504 1987 duas:
551 1922 620 1985 in
666 1921 875 2005 prima
912 1919 1295 1985 determinat
1319 1921 1618 1983 naturam
1656 1917 1845 1982 coelo-

306 2046 457 2092 rum
495 2028 848 2093 secundum
873 2028 1238 2106 veritatem3
1287 2026 1355 2090 in
1391 2026 1691 2103 secunda,
1739 2043 1844 2089 se-

306 2136 593 2200 cundum
616 2134 1041 2218 quorumdam
1072 2133 1467 2216 opinionem,
1509 2132 1601 2196 ibi
1633 2151 1651 2196 :
1696 2134 1845 2210 Qui-

306 2243 459 2308 dam
483 2259 626 2310 vero
651 2242 895 2320 coelum,
925 2246 1043 2306 etc.
1075 2240 1152 2305 Et
1177 2241 1269 2304 sic
1296 2240 1574 2306 breviter
1598 2239 1724 2304 tria
1748 2240 1847 2304 in-

304 2350 502 2433 quirit
527 2349 827 2432 Magister
847 2349 918 2412 in
939 2348 1062 2411 hac
1085 2351 1262 2431 parte
1284 2367 1301 2411 :
1324 2348 1634 2413 coelorum
1650 2349 1841 2411 natu-

302 2474 466 2537 ram,
493 2457 799 2538 figuram,
829 2460 892 2520 et
917 2458 1189 2519 motum.

957 2645 1095 2691 DUB.
1141 2644 1185 2689 1.

486 2757 697 2809 Glaciali
719 2756 970 2808 soliditate
998 2771 1154 2822 aquas
1182 2755 1520 2821 suspendere,
1552 2756 1651 2806 etc.

379 2881 647 2947 Contra:
683 2881 781 2946 Ex
821 2883 946 2946 hoc
983 2881 1240 2946 videtur
1279 2897 1638 2963 supponere
1665 2880 1837 2962 quod

296 3008 484 3072 aquae
519 2989 645 3053 illae
674 2989 801 3052 sint
824 2989 917 3070 {de
940 3007 1008 3053 se
1035 2989 1428 3072 ponderosae,
1459 2990 1521 3052 et
1547 2987 1718 3070 quod
1745 2988 1835 3052 ibi

294 3099 632 3162 teneantur
674 3115 787 3179 per
831 3096 1204 3162 violentiam
1244 3095 1613 3163 soliditatis:
1662 3096 1830 3179 quod

294 3209 388 3269 est
405 3207 624 3269 contra
650 3204 940 3268 ordinem
966 3203 1419 3270 universitatis.

372 3312 558 3396 Resp.
588 3313 939 3377 Dicendum
965 3312 1044 3377 ad
1071 3313 1215 3392 hoc,
1247 3312 1419 3396 quod
1454 3327 1655 3396 aquas
1693 3311 1833 3375 illas

292 3425 617 3504 comparat
642 3420 961 3500 soliditati,
983 3438 1119 3484 non
1141 3424 1398 3503 propter
1421 3420 1825 3502 gravitatem,

290 3529 400 3594 sed
446 3532 700 3612 propter
744 3527 1226 3593 continuitatem
1276 3531 1339 3592 et
1381 3527 1784 3591 stabilitatem
1808 3575 1828 3606 ,

290 3636 445 3720 quia
471 3654 603 3701 non
628 3636 864 3715 fluunt,
901 3654 1022 3699 nec
1043 3635 1347 3715 refluunt,
1375 3652 1504 3721 nec,
1530 3634 1829 3698 deorsum

288 3744 697 3809 descendunt.

933 3841 1071 3888 nus.
1115 3840 1186 3886 11.

347 3949 511 4013 Super
536 3948 660 4001 illud
684 3946 848 3999 levius
869 3947 1058 3999 coelum
1085 3945 1443 3998 minutioribus
1465 3946 1637 4013 guttis,
1663 3949 1761 3999 etc.

368 4073 635 4138 Contra:
667 4073 735 4138 Si
768 4074 890 4137 boc
913 4090 1144 4137 verum
1170 4076 1286 4151 est,
1325 4071 1576 4137 videtur
1600 4073 1828 4136 firma-

287 4186 577 4247 mentum
597 4199 898 4264 porosum
917 4198 1074 4260 esse,
1100 4198 1253 4245 cum
1271 4197 1386 4262 per
1404 4178 1563 4243 illud
1582 4179 1824 4261 possint

282 4290 489 4369 guttae
532 4302 718 4367 aquae
758 4301 1076 4348 emanare.
1122 4281 1385 4348 Videtur
1431 4282 1623 4346 etiam
1667 4281 1826 4346 illud

282 4413 418 4459 esse
439 4392 784 4472 alterabile,
806 4392 860 4455 si
887 4390 1148 4475 suscipit
1167 4390 1539 4474 peregrinas
1555 4390 1824 4472 impres-

281 4503 511 4566 siones.

361 4606 711 4672 Dicendum
738 4606 819 4672 ad
852 4606 997 4687 hoc,
1038 4605 1213 4689 quod
1244 4623 1379 4670 non
1411 4605 1555 4671 vult
1587 4604 1818 4685 dicere,

281 4713 452 4796 quod
479 4730 666 4795 aquae
691 4711 883 4776 modo
922 4728 1037 4794 per
1072 4708 1569 4774 subtiliationem
1594 4709 1821 4774 caloris

281 4828 722 4907 pertranseant
765 4824 1001 4889 coelum
1047 4822 1368 4889 sidereum
1391 4870 1409 4902 ,
1452 4822 1606 4904 quia
1646 4840 1821 4887 nun-

281 4949 479 5015 quam
504 4931 657 4997 illuc
695 4932 1147 5011 ascenderunt3
1194 4930 1303 4995 sed
1346 4947 1458 5014 per
1484 4946 1818 5013 compara-

278 5041 522 5105 tionem
548 5045 819 5120 naturae,
851 5057 1000 5122 quae
1034 5039 1225 5104 modo
1256 5056 1461 5121 usque
1491 5056 1682 5121 super
1713 5056 1822 5103 ae-

281 5169 421 5215 rem
432 5151 637 5214 elevat
649 5169 871 5232 aquas,
881 5151 1022 5216 vult
1034 5148 1215 5232 quasi
1234 5166 1274 5213 a
1291 5147 1526 5213 minori
1543 5165 1821 5229 arguere

350 5313 366 5344 ¹
384 5313 464 5375 Cf.
491 5310 634 5362 Alex.
663 5311 876 5370 Mensis,
904 5326 956 5374 p.
982 5312 1052 5372 ll,
1077 5324 1128 5374 q.
1150 5322 1208 5375 1.‚
1231 5311 1424 5361 memb.
1446 5314 1506 5376 13
1536 5312 1593 5364 S.
1613 5311 1818 5375 Thom.‚

279 5399 332 5448 p.
357 5384 405 5447 1,
428 5397 479 5449 q.
504 5393 689 5446 nxvm,
707 5386 801 5433 art.
822 5386 852 5432 2
861 5396 879 5446 3
911 5387 962 5433 et
984 5384 1027 5433 ΙΙ
1050 5383 1211 5445 sent„
1233 5381 1351 5435 dist.
1368 5394 1479 5449 xxv,
1504 5397 1557 5449 q.
1579 5396 1620 5448 ι,
1640 5386 1735 5435 art.
1757 5388 1817 5448 13

3396 384 3515 448 565

1963 514 2139 597 quod
2166 512 2387 580 divina
2429 513 2638 579 virtus
2666 531 2868 598 aquas
2904 532 3098 601 supra
3138 519 3514 583 firmamen-

1968 626 2110 687 tum
2151 621 2289 686 sine
2330 624 2580 687 naturas
2627 623 3003 706 praejudicio
3037 625 3244 708 potuit
3281 626 3515 690 consti-

1966 733 2170 809 tuere,
2207 748 2360 795 cum
2392 730 2461 793 in
2505 748 2624 795 sua
2663 734 2969 813 potestate
2994 735 3158 797 esset
3201 731 3414 814 magis
3451 736 3516 799 et

1965 837 2177 919 magis
2202 853 2436 920 corpus
2462 836 2814 901 subtiliare.

2594 1025 2731 1070 mm.
2777 1025 2868 1070 111.

2393 1140 2515 1193 Ideo
2535 1140 2672 1191 enim
2699 1140 2948 1207 fortassis,
2978 1144 3078 1194 etc.

2042 1266 2312 1334 Contra:
2362 1265 2623 1333 Videtur
2665 1267 2789 1333 ista
2835 1269 2997 1335 ratio
3041 1271 3130 1336 ita
3169 1270 3336 1338 benc
3374 1290 3510 1339 oese

1961 1375 2043 1440 ad
2091 1376 2455 1460 oppositum
2468 1424 2486 1454 ,
2532 1376 2695 1441 sicut
2745 1378 2824 1442 ad
2878 1379 3277 1463 propositum
3290 1428 3309 1458 ,
3358 1400 3509 1446 cum

1959 1482 2248 1547 binarius
2268 1482 2414 1566 plus
2430 1484 2686 1548 accedat
2711 1485 2791 1549 ad
2810 1486 3147 1568 unitatem,
3174 1506 3374 1571 quam
3395 1489 3507 1554 ali-

1958 1592 2104 1675 quis
2131 1591 2297 1656 alius
2318 1609 2657 1658 numeruS.

2036 1697 2571 1781 Respondendum
2597 1702 2692 1763 est
2718 1699 2797 1763 ad
2819 1699 2964 1781 hoc,
2996 1699 3169 1783 quod
3198 1701 3318 1766 ista
3342 1703 3504 1769 ratio

1957 1803 2243 1886 Magistri
2295 1808 2389 1870 est
2444 1806 2787 1888 allegorica
2814 1854 2832 1884 ,
2898 1825 3051 1872 vera
3114 1812 3332 1873 tamen
3382 1812 3501 1877 est.

1957 1905 2266 1983 Quamvis
2309 1908 2482 1972 enim
2510 1907 2800 1972 binarius
2835 1908 3004 1973 inter
3033 1928 3341 1976 numeros
3379 1913 3504 1977 mi-

1954 2032 2082 2078 nus
2107 2015 2189 2078 ab
2212 2015 2454 2080 unitate
2493 2018 2766 2098 recedat,
2810 2017 3012 2100 primo
3051 2022 3270 2084 tamen
3310 2019 3505 2087 habet

1953 2120 2270 2187 rationem
2293 2140 2578 2187 recessus
2606 2123 2676 2186 in
2704 2142 2803 2203 se;
2851 2128 2915 2189 et
2948 2129 3205 2208 propter
3239 2125 3362 2191 hoc
3386 2145 3503 2211 per

1953 2227 2168 2312 ipsum
2204 2229 2585 2311 intelligitur
2621 2229 2876 2311 divisio,
2916 2233 3127 2314 magis
3162 2252 3359 2316 quam
3386 2253 3502 2319 per

1951 2335 2114 2400 alios
2134 2354 2461 2417 numeros,
2484 2341 2549 2401 et
2565 2355 2850 2403 recessus
2871 2339 2953 2403 ab
2977 2340 3222 2408 unitate
3242 2342 3501 2406 virtutis

1949 2445 2013 2506 et
2039 2444 2455 2526 perfectionis·
2492 2443 2631 2509 Alia
2656 2448 2872 2510 tamen
2898 2446 3061 2512 ratio
3091 2447 3355 2513 literalis
3376 2450 3494 2530 est,

1948 2568 2148 2632 quam
2174 2551 2323 2615 facit
2340 2549 2640 2634 Magister
2658 2553 2729 2616 in
2748 2552 3053 2630 historiis,
3079 2554 3232 2637 quia
3267 2573 3498 2622 secun-

1947 2660 2029 2728 do
2057 2661 2158 2725 die
2180 2666 2442 2727 notatur
2475 2663 2639 2729 facta
2665 2681 2801 2729 esse
2822 2664 3146 2730 distinctio
3175 2684 3495 2749 aquarum

1946 2769 2028 2833 ab
2051 2768 2276 2851 aquis:
2312 2786 2461 2852 quae
2488 2770 2828 2852 distincti0,
2859 2771 2977 2836 etsi
3020 2771 3318 2839 inchoata
3348 2775 3492 2841 fue·-

1944 2880 2029 2944 rit
2045 2880 2116 2943 in
2129 2880 2405 2946 secundo
2425 2882 2551 2961 die,
2572 2883 2695 2947 fuit
2718 2887 2936 2949 tamen
2962 2890 3405 2952 consummata
3421 2888 3494 2952 in

1943 2988 2133 3052 tertio
2146 3036 2163 3066 ,
2217 3007 2368 3052 cum
2438 2990 2672 3055 dicitur
2726 3010 2745 3055 :
2801 2992 3263 3076 Conqreqentur
3309 3012 3494 3078 aquoe

1942 3094 2019 3161 in
2046 3094 2251 3162 locum
2279 3111 2503 3162 unum.
2543 3096 2622 3162 Et
2645 3097 2799 3181 quia
2831 3099 3051 3165 divina
3088 3101 3251 3167 visio
3278 3103 3494 3185 signat

1940 3202 2464 3287 approbationem
2504 3209 2649 3289 post
2690 3206 3162 3288 perfectionem,
3201 3210 3357 3275 hinc
3397 3216 3492 3278 est

1941 3311 2115 3394 quod
2150 3310 2476 3395 Scriptura
2518 3312 2716 3378 tacuit
2753 3314 3030 3380 secundo
3074 3316 3177 3381 die
3215 3318 3491 3386 verbum

1949 3418 2256 3487 Videndz'.

2408 3570 2846 3642 ARTICULU
2847 3571 2894 3643 S
2938 3573 2994 3645 I.

2018 3742 2119 3807 Ad
2143 3742 2632 3825 intelligentiam
2670 3743 2869 3826 hujus
2896 3744 3096 3826 partis
3133 3745 3356 3813 incidit
3379 3748 3487 3814 hic

1938 3850 2205 3933 quaestio
2239 3851 2318 3916 de
2365 3850 2571 3929 coelis:
2625 3853 2690 3915 et
2731 3855 3117 3932 quaeruntur
3166 3854 3274 3918 hic
3314 3855 3481 3920 tria:

1935 3958 2148 4041 primo
2173 3958 2491 4040 quaeritur
2516 3958 2595 4022 de
2632 3957 2807 4021 coelis
2833 3962 3152 4040 quantum
3176 3961 3257 4025 ad
3282 3966 3483 4028 natu·-

1932 4083 2113 4130 ram:
2157 4065 2432 4130 secunda
2470 4064 2739 4147 quaestio
2780 4068 2874 4129 est
2912 4065 2991 4130 de
3033 4066 3126 4131 eis
3160 4071 3482 4150 quantum

1933 4173 2013 4237 ad
2037 4173 2342 4254 figuram:
2378 4172 2565 4237 tertia
2590 4173 2860 4256 quaestio
2889 4176 3005 4252 est,
3054 4178 3375 4256 quantum
3400 4179 3481 4245 ad

1933 4282 2197 4346 motoris
2242 4281 2667 4346 influentiam.
2730 4280 2907 4346 Circa
2945 4281 3232 4365 primum
3295 4303 3481 4368 quae-

1931 4392 2173 4453 runtur
2197 4388 2325 4454 duo
2350 4412 2366 4454 :
2391 4389 2603 4473 primo
2626 4391 2938 4472 quaeritur
2963 4390 3043 4454 de
3078 4394 3313 4456 natura
3338 4394 3479 4460 coeli

1931 4495 2306 4579 crystallini3
2354 4497 2633 4562 secundo
2670 4496 2750 4562 de
2787 4501 3038 4562 naturae
3067 4498 3211 4564 coeli
3247 4500 3477 4567 firma-

1932 4603 2157 4669 menti.

2481 4767 2840 4848 QUAESTIO
2883 4770 2932 4837 Ι.

2000 4909 2098 4967 An
2123 4910 2307 4967 coelwm
2331 4910 2706 4982 crystallinum
2730 4912 2808 4967 sit
2837 4911 2901 4967 de
2934 4914 3139 4969 natura
3177 4926 3335 4985 aqum
3353 4912 3396 4971 ¹.

2009 5042 2240 5108 Utrum
2269 5042 2710 5127 crystallinum
2748 5043 2983 5109 coelum
3024 5044 3106 5110 sit
3134 5046 3213 5111 de
3240 5049 3472 5113 natura
3502 5074 3714 5121 ranam.

1928 5172 1981 5221 et
2007 5168 2204 5232 Quolib.
2236 5170 2322 5231 lv,
2350 5173 2446 5221 art.
2469 5171 2498 5221 4
2513 5185 2530 5235 3
2561 5169 2728 5234 AEgid.
2750 5170 2922 5236 Rom„
2956 5170 2999 5221 ll
3032 5171 3194 5234 sent„
3221 5171 3339 5224 dist.
3361 5184 3473 5238 κεν,

1927 5255 1979 5305 q.
2003 5251 2038 5305 1,
2060 5244 2158 5291 art.
2182 5245 2238 5305 13
2267 5241 2525 5305 Richard„
2550 5242 2596 5292 11
2619 5242 2778 5303 Sem„
2798 5241 2920 5293 dist.
2941 5254 3049 5308 xlv,
3071 5257 3125 5308 q.
3142 5255 3163 5294 1
3173 5259 3189 5307 ;
3221 5245 3472 5309 Dure-nd„

1931 5313 1971 5362 ll
2001 5312 2162 5378 Sent„
2189 5312 2308 5363 dist.
2330 5324 2438 5376 xxv,
2472 5324 2525 5377 q.
2548 5324 2597 5376 13
2629 5313 2805 5377 steph.
2836 5314 3045 5376 Brulet„
3081 5316 3125 5366 11
3156 5315 3317 5379 sent„
3345 5316 3472 5367 dist.

1925 5395 2036 5450 xiv,
2063 5398 2116 5450 q.
2147 5396 2198 5448 ις
2228 5383 2382 5436 Gabr.
2407 5382 2546 5450 Bisl,
2576 5385 2618 5435 11
2647 5384 2814 5449 sent„
2840 5385 2958 5439 dist.
2978 5399 3088 5454 xiv,
3118 5401 3171 5452 q.
3193 5399 3232 5438 1.
