4125 6225
453 1417 664 1463 Fundam.

689 430 809 491 432

769 564 828 623 5.
866 559 1024 623 Item
1049 558 1348 624 nobiliori
1375 559 1565 624 modo
1594 559 1756 624 vivit
1787 556 1958 641 quod
1982 554 2145 621 vivit
2172 555 2236 616 et

688 667 900 731 influit
932 668 1169 747 vitam,
1213 685 1410 750 quam
1449 667 1621 749 quod
1659 685 1794 731 non
1834 664 2082 742 influit3
2126 662 2235 724 in-

686 774 952 839 fluentia
968 777 1143 839 enim
1163 775 1427 856 signum
1447 774 1847 857 perfectiouis
1866 777 1960 837 est
1977 774 2040 836 et
2057 788 2231 835 com-

689 882 989 963 plementi
1025 904 1040 946 :
1072 901 1229 964 ergo
1267 883 1320 945 si
1347 882 1618 964 angelus
1646 887 1739 945 est
1775 881 1864 944 ita
1891 879 2101 943 nobile
2133 877 2235 940 vi-

689 1010 849 1056 vens
891 991 1055 1055 sicut
1091 992 1342 1067 anima,
1388 996 1451 1054 et
1491 990 1709 1053 anima
1753 993 1958 1071 potest
1994 985 2236 1067 aliquid

689 1098 1057 1177 vivificare,
1087 1116 1244 1178 ergo
1279 1102 1340 1161 et
1376 1096 1647 1179 angelus
1679 1120 1694 1160 ι
1727 1096 1836 1160 sed
1874 1113 2004 1159 non
2034 1096 2239 1176 potest

692 1207 1022 1271 vivificare
1065 1207 1187 1269 nisi
1230 1224 1457 1288 corpus
1505 1205 1879 1270 naturaliter
1920 1203 2038 1266 sibi
2081 1202 2237 1267 uni-

692 1320 832 1380 tum
866 1338 881 1377 :
913 1334 1090 1396 erg0,
1123 1320 1239 1379 etc.
1627 1390 1631 1395 ἢ

772 1423 870 1486 Ad
900 1422 1265 1504 oppositum
1297 1421 1745 1495 DamascenuS,
1777 1419 2098 1484 diffiniens
2128 1436 2237 1481 an-

694 1531 918 1611 gelum
936 1578 953 1605 ,
981 1530 1132 1594 dicit
1165 1531 1184 1564 ²
1216 1530 1387 1611 quod
1423 1528 1695 1609 angelus
1742 1532 1836 1591 est
1882 1526 2239 1590 substantia

694 1637 1152 1712 intellectuaIiS‚
1184 1637 1558 1718 incorporea
1583 1653 1775 1716 :ergo
1805 1633 2078 1715 angelus
2106 1652 2236 1697 non
2270 1706 2278 1719 ,

694 1744 886 1808 habet
925 1763 1156 1827 corpus
1204 1744 1326 1807 sibi
1367 1744 1644 1821 unitum,
1688 1743 1843 1825 quia
1877 1742 1930 1804 si
1974 1741 2241 1805 haberet

696 1868 928 1933 corpus
953 1851 1070 1913 sibi
1098 1851 1355 1914 unitum
1394 1850 1795 1928 naturaliter,
1832 1850 1997 1912 sicut
2042 1850 2265 1919 home,

697 1956 927 2022 dIcitur
952 1977 1088 2021 esse
1110 1976 1471 2040 corporeuS,
1502 1958 1590 2021 ita
1618 1962 1681 2021 et
1702 1957 1994 2039 angelus,

667 2074 680 2085 '
778 2063 936 2128 Item
986 2064 1322 2148 Dionysius
1374 2065 1443 2128 in
1498 2065 1791 2146 pluribus
1833 2065 1983 2128 locis
2028 2064 2183 2128 dicit
2218 2070 2241 2104 ²

701 2172 872 2252 quod
892 2173 1107 2253 angeli
1134 2178 1286 2236 sunt
1304 2171 1543 2236 divinae
1570 2176 1837 2251 menteS,
1860 2177 1922 2236 et
1948 2173 2240 2254 spiritua-

698 2279 786 2342 lia
815 2280 1082 2357 lumina,
1110 2280 1577 2355 immateriales,
1603 2284 1666 2343 et
1697 2280 2078 2361 incorporei.

782 2386 940 2450 Item
968 2389 1089 2452 hoc
1122 2389 1335 2470 ipsum
1354 2387 1706 2451 ostenditur
1727 2387 2082 2452 rationibus
2108 2387 2236 2452 sic:

700 2493 900 2558 Tanto
940 2495 1295 2558 substantia
1343 2498 1437 2558 est
1477 2494 1759 2557 nobilior
1778 2543 1795 2571 ,
1843 2499 2086 2577 quanto
2148 2500 2244 2559 est

700 2602 828 2667 Deo
857 2603 1129 2666 similior
1161 2622 1179 2666 ε
1218 2604 1327 2668 sed
1372 2602 1537 2667 Deus
1576 2602 1841 2667 omnino
1882 2610 2054 2667 caret
2093 2622 2243 2668 cor-

701 2728 885 2791 pore:
915 2729 1072 2791 ergo
1100 2710 1454 2774 substantia
1480 2710 1824 2792 spiritualis
1855 2712 2120 2775 omnino
2137 2730 2243 2775 ca-

701 2835 850 2881 rens
892 2836 1153 2901 corpore
1203 2822 1297 2881 est
1334 2817 1609 2881 nobilior
1653 2818 1820 2880 iuter
1859 2819 2245 2883 substantias

704 2929 990 2990 creatas:
1021 2945 1178 3008 ergo
1208 2927 1315 2991 vel
1361 2930 1456 2990 est
1501 2945 1642 2989 eam
1693 2945 1929 3008 ponere
1980 2928 2050 2990 in
2095 2929 2245 2990 uni-

703 3051 914 3112 verso,
951 3034 1055 3097 vel
1103 3036 1173 3097 in
1202 3034 1511 3099 universo
1555 3034 1806 3098 deficiet
1848 3035 2247 3100 nobilissima

704 3144 1018 3219 creatura,
1052 3146 1115 3206 et
1151 3147 1307 3207 tunc
1351 3142 1728 3207 universum
1768 3147 1930 3207 esset
1973 3145 2244 3228 acepha-

703 3247 878 3313 lum:
907 3248 1078 3331 quod
1111 3254 1206 3314 est
1231 3251 1706 3315 inconveniens,

784 3356 966 3434 Item,
1013 3357 1068 3421 si
1111 3357 1351 3440 aliquid
1403 3360 1804 3442 componitur
1846 3377 1931 3423 ex
1979 3359 2248 3426 diversis

706 3467 978 3545 naturiS,
1014 3470 1078 3530 et
1104 3467 1369 3531 alteram
1413 3467 1672 3531 illarum
1702 3472 1796 3532 est
1823 3469 2103 3550 reperire
2134 3488 2249 3551 per

708 3592 798 3649 se,
829 3574 1142 3656 contingit
1166 3574 1453 3639 similiter
1478 3594 1592 3659 per
1618 3595 1684 3640 se
1709 3578 1988 3658 reperire
2013 3581 2078 3641 et
2098 3579 2249 3641 reli-

709 3698 944 3764 quam:
978 3682 1086 3746 sed
1120 3681 1317 3747 homo
1345 3683 1751 3766 componitur
1786 3702 1868 3748 ex
1895 3685 2250 3750 substantia

712 3789 1022 3869 corporali
1038 3837 1056 3869 ,
1084 3793 1147 3853 et
1173 3790 1487 3872 spirituali
1517 3812 1532 3855 ε
1571 3809 1731 3872 ergo
1766 3808 1916 3855 cum
1961 3791 2042 3854 sit
2067 3809 2249 3873 repe-

711 3895 839 3958 rire
884 3895 1307 3960 substantiam
1351 3916 1513 3980 pure
1561 3898 1953 3980 corporalem
1973 3946 1987 3975 ,
2025 3915 2141 3979 per
2183 3915 2250 3961 se

712 4007 806 4067 est
837 4004 1115 4086 reperire
1151 4004 1580 4069 substantiam
1607 4024 1768 4088 pure
1801 4005 2196 4087 spiritualem
2230 4028 2245 4066 z

708 4109 875 4174 hanc
909 4116 1127 4176 autem
1158 4111 1430 4175 dicimus
1470 4114 1779 4194 angelum
1812 4134 1827 4177 :
1864 4132 2021 4195 ergo
2049 4132 2251 4195 ange-

708 4210 811 4281 lus
839 4235 973 4281 non
1001 4219 1193 4282 habet
1220 4235 1474 4300 corpus.

791 4324 972 4405 Item,
1002 4325 1155 4409 quia
1183 4325 1379 4390 homo
1420 4326 1824 4408 componitur
1864 4327 1946 4390 ex
1991 4345 2252 4410 corpore

710 4435 773 4497 et
801 4433 1039 4514 anima,
1070 4452 1221 4497 cum
1250 4434 1552 4516 peccavit,
1586 4433 1791 4498 factus
1818 4437 1913 4498 est
1939 4435 2252 4516 passibilis

709 4545 775 4606 et
795 4543 1081 4607 mortalis
1110 4566 1124 4607 :
1161 4562 1318 4626 ergo
1350 4544 1404 4608 si
1435 4544 1709 4626 angelus
1731 4544 1995 4607 haberet
2020 4562 2253 4626 corpus

711 4649 834 4713 sibi
857 4651 1148 4732 unitum,
1177 4652 1343 4717 sicut
1380 4655 1443 4715 et
1478 4651 1707 4730 homo,
1736 4651 1994 4716 videtur
2028 4652 2253 4715 saltem

710 4759 885 4841 quod
918 4759 1132 4840 angeli
1171 4759 1284 4841 qui
1310 4763 1731 4841 peccaverunt
1744 4806 1761 4837 ,
1792 4759 1923 4823 sint
1957 4759 2254 4823 mortales

715 4871 780 4930 et
801 4868 1243 4950 corruptibiles
1279 4885 1297 4930 ε
1325 4867 1500 4950 quod
1536 4866 1590 4929 si
1634 4867 1822 4949 plane
1860 4866 2092 4931 falsum
2134 4870 2249 4948 est,

711 4974 1124 5039 manifestum
1146 4978 1262 5057 est,
1279 4980 1400 5040 etc.

780 5172 798 5206 ¹
818 5171 1072 5235 Damaso„
1095 5171 1155 5223 de
1180 5171 1309 5222 Fide
1330 5170 1549 5236 orthod„
1586 5153 1686 5221 1112ss
1704 5172 1743 5221 ιι
1761 5206 1781 5234 ,
1805 5180 2039 5221 c-111.—
2057 5173 2080 5206 ²
2098 5171 2253 5222 Dion.

712 5243 926 5307 Areop„
951 5242 1012 5292 de
1034 5244 1148 5292 Div.
1178 5243 1404 5308 Nomia„
1434 5258 1476 5297 c„
1499 5254 1638 5294 1v.-
1656 5242 1678 5279 ⁸
1695 5242 1877 5306 Marc„
1899 5254 1959 5304 v,
1985 5245 2034 5294 9.
2049 5269 2114 5280 —
2130 5241 2152 5278 '⁰
2171 5245 2254 5295 tn-

715 5314 809 5377 tra,
837 5314 928 5365 lib.
959 5317 1058 5376 lv,
1078 5316 1195 5367 dist.
1218 5327 1361 5366 mv·

1801 412 2425 490 SENTENTIARUM
2464 415 2613 481 LIB.
2658 413 2738 480 11.

2882 614 3333 683 CONCLUSIO.

2341 771 2578 844 Anqeli,
2624 791 2790 846 neque
2832 774 2989 843 boni,
3028 792 3194 846 neque
3227 776 3395 844 mali,
3433 775 3634 832 habent
3661 792 3875 850 corpora

2414 866 2748 920 naturaliter
2772 865 2883 920 sibi
2908 868 3102 933 unita5
3133 865 3227 921 sed
3250 869 3375 922 sunt
3400 866 3722 923 substantias
3742 884 3875 925 mere

2414 952 2749 1021 spirituales.

2424 1097 2610 1182 Resp.
2634 1100 2713 1162 ad
2734 1100 2894 1181 Arg.
2922 1100 3019 1164 Ad
3043 1099 3497 1182 praedictorum
3524 1101 3874 1184 intelligen-

2343 1202 2498 1265 tiam
2526 1208 2620 1266 est
2647 1203 3025 1281 notandum,
3056 1202 3232 1285 quod
3264 1203 3432 1267 circa
3454 1204 3643 1268 istam
3671 1224 3876 1288 quaes-

2344 1309 2585 1371 tionem
2611 1309 3066 1374 dubitaverunt
3090 1309 3431 1391 aliquando
3472 1312 3699 1391 magni
3736 1314 3875 1376 doc-

2342 1424 2533 1496 tores,
2570 1426 2787 1486 utrum
2814 1423 3044 1487 scilicet
3072 1421 3288 1503 angeli
3321 1423 3599 1486 habeant
3625 1442 3878 1506 corpora

2344 1528 2719 1592 naturaliter
2744 1530 2867 1593 sibi
2886 1530 3070 1594 unita
3092 1551 3107 1592 ε
3134 1530 3303 1593 unde
3331 1548 3527 1613 super
3545 1531 3670 1594 hoc
3692 1531 3876 1595 dubio

2343 1632 2626 1716 loquitur
2650 1639 2783 1699 tam
2812 1636 3213 1717 Augustinus
3250 1655 3447 1718 quam
3502 1636 3872 1703 Bernardus.

2347 1740 2469 1806 Sed
2521 1761 2694 1806 nunc
2734 1744 2884 1806 satis
2938 1743 3454 1808 certitudinaliter
3504 1749 3757 1810 tenetur
3773 1794 3789 1822 ‚
3821 1752 3879 1810 et

2346 1850 2648 1931 Magister
2675 1858 2737 1916 et
2772 1851 3124 1916 Richardus
3161 1854 3505 1931 affirmant,
3543 1856 3717 1937 quod
3760 1875 3876 1919 an-

2347 1958 2475 2038 geli
2504 1962 2655 2022 sunt
2678 1960 3054 2024 naturaliter
3079 1960 3456 2042 incorporei,
3495 1980 3617 2024 nec
3650 1962 3880 2025 habent

2349 2084 2613 2149 corpora
2641 2067 3020 2131 naturaliter
3045 2068 3168 2129 sibi
3193 2068 3398 2131 unita.
3429 2067 3517 2131 De
3535 2068 3656 2131 hoc
3676 2072 3879 2131 tamen

2347 2173 2561 2256 plures
2604 2174 2930 2255 dubitant,
2978 2180 3202 2239 utrum
3259 2176 3581 2239 daemones
3616 2176 3880 2239 habeant

2349 2299 2615 2364 corpora
2643 2282 2761 2345 sibi
2792 2282 3295 2366 inseparabiliter
3322 2283 3602 2363 alligata,
3638 2282 3707 2345 in
3740 2284 3877 2365 qui-

2350 2389 2471 2454 bus
2498 2394 2937 2473 torqueantur.
2966 2389 3086 2454 Sed
3117 2390 3268 2453 satis
3309 2390 3576 2473 planum
3602 2396 3695 2454 est
3718 2391 3879 2473 quod

2350 2496 2512 2560 sicut
2538 2496 2689 2560 boni
2731 2496 2946 2579 augeli
2995 2515 3128 2561 non
3174 2497 3413 2560 habent
3457 2515 3723 2579 corpora
3763 2497 3877 2560 uisi

2351 2603 2710 2667 voluntarie
2733 2608 3009 2686 sumpta,
3042 2604 3131 2667 sic
3156 2622 3275 2667 nec
3293 2604 3480 2682 mali;
3511 2608 3575 2667 et
3593 2604 3783 2686 hujus
3804 2604 3879 2666 si—

2353 2728 2561 2791 gnum
2590 2716 2705 2790 est,
2738 2711 2900 2775 sicut
2941 2711 3093 2775 dicit
3136 2709 3484 2775 Richardus
3502 2758 3519 2787 ‚
3552 2711 3721 2793 quod
3752 2728 3878 2773 cor-

2352 2836 2476 2900 pus
2505 2819 2771 2883 modicae
2798 2818 3166 2899 quantitatis
3208 2836 3248 2881 a
3280 2817 3564 2881 maxima
3600 2819 3879 2883 multitu-

2354 2926 2500 2989 dine
2548 2926 2912 2991 daemonum
2946 2925 3290 3008 aliquando
3334 2925 3664 2991 obsidetur
3681 2974 3699 3003 ,
3732 2927 3882 2990 sicut

2353 3033 2594 3114 legitur
2629 3034 2699 3096 in
2743 3034 2957 3099 Marco
2997 3033 3075 3096 de
3117 3033 3227 3097 illo
3262 3032 3376 3116 qui
3422 3032 3574 3096 dicit
3593 3035 3659 3096 ⁸:
3706 3035 3881 3116 Leqio

2352 3140 2517 3204 milii
2547 3155 2771 3205 nomem
2814 3146 2907 3207 est
2933 3163 2958 3205 .·
3000 3139 3171 3219 legio
3211 3141 3420 3219 enim,
3458 3145 3534 3204 ut
3582 3141 3754 3205 idem
3792 3139 3884 3204 Ri-

2357 3244 2629 3310 chardus
2655 3246 2828 3322 dicit,
2862 3248 3142 3311 continet
3183 3265 3293 3310 sex
3339 3246 3541 3310 millia
3568 3251 3885 3311 sexcentos

2355 3355 2691 3435 sexaginta
2724 3376 2739 3418 z
2776 3354 2948 3419 unde
2977 3355 3030 3418 si
3057 3355 3379 3419 daemones
3402 3372 3671 3437 corpora
3702 3356 3886 3419 habe-

2356 3463 2520 3539 rent,
2550 3478 2702 3523 cum
2726 3460 2859 3524 suis
2896 3461 3269 3543 corporibus
3308 3460 3486 3525 nullo
3530 3463 3723 3526 modo
3752 3479 3885 3545 pos-

2357 3570 2498 3630 sent
2519 3567 2885 3631 subintrare
2907 3586 3140 3649 corpus
3152 3568 3242 3632 ita
3260 3569 3611 3633 modicum.
3637 3567 3887 3652 Propter

2358 3673 2530 3756 quod
2560 3675 2711 3738 satis
2737 3675 3147 3756 probabiliter
3163 3675 3286 3739 dici
3314 3679 3540 3758 potest,
3566 3677 3739 3759 quod
3769 3695 3889 3741 non

2359 3780 2570 3844 solum
2603 3799 2737 3845 non
2773 3781 3012 3845 habent
3062 3800 3329 3864 corpora
3376 3783 3500 3846 sibi
3530 3785 3891 3849 naturaliter

2359 3889 2562 3964 unita,
2593 3905 2822 3951 verum
2851 3887 3044 3951 etiam
3084 3907 3203 3953 nec
3231 3889 3403 3968 boni,
3444 3908 3563 3954 nec
3609 3892 3760 3955 mali
3790 3891 3889 3955 ha·

2360 3992 2512 4055 beut
2538 3993 3046 4075 inseparabiliter
3072 3994 3353 4076 alligata,
3371 4001 3693 4078 quantum
3723 4002 3812 4062 est
3823 3998 3891 4062 de

2360 4098 2504 4181 lege
2523 4102 2875 4166 communi.
2909 4099 3039 4166 Nec
3063 4103 3270 4167 obstat
3301 4121 3529 4168 eorum
3564 4107 3887 4180 cruciatus,

2361 4208 2539 4288 quia,
2570 4209 2735 4272 sicut
2755 4209 2824 4272 in
2857 4215 3091 4292 quarto
3117 4209 3282 4274 libro
3307 4215 3329 4249 ⁸
3356 4212 3747 4291 ostendetur,
3774 4212 3890 4294 spi-

2361 4317 2524 4382 ritus
2541 4318 2781 4401 absque
2804 4337 3092 4402 corpore,
3124 4308 3479 4386 secundum
3501 4322 3791 4387 ordinem
3809 4322 3889 4386 di-

2361 4432 2533 4497 vinae
2569 4434 2835 4516 Justitiae
2859 4482 2877 4514 ‚
2904 4440 3110 4518 potest
3148 4436 3228 4501 ab
3272 4438 3424 4517 igne
3452 4439 3763 4503 materiali
3789 4457 3890 4521 pu·

2361 4540 2510 4603 niri.
2562 4540 2985 4608 Concedendae
3040 4547 3192 4609 sunt
3243 4544 3447 4626 igitur
3504 4547 3779 4611 rationes
3818 4544 3886 4609 ad

2361 4646 2529 4710 hanc
2557 4652 2825 4730 partem.

2444 4760 2477 4819 1
2489 4803 2504 4818 .
2524 4756 2620 4820 Ad
2633 4757 2789 4822 illud
2807 4775 2962 4822 vero
2980 4757 3346 4839 Augustini,
3365 4759 3537 4841 quod
3555 4759 3881 4838 inducitur,

2363 4862 2433 4926 in
2459 4862 2620 4930 libro
2665 4869 2891 4930 octavo
2938 4865 3018 4932 de
3068 4866 3344 4933 Ciuitate
3374 4868 3520 4949 Dei,
3565 4868 3884 4933 dicendum

2363 4971 2538 5052 quod
2560 4972 2651 5035 ibi
2669 4972 2956 5054 loquitur
2975 4974 3377 5055 Augustinus
3391 4976 3742 5040 secundum
3768 4975 3885 5057 opi-

2366 5078 2626 5142 nionem
2666 5080 2922 5163 Apuleii
2941 5130 2959 5162 ,
3003 5085 3067 5146 et
3118 5082 3479 5165 frequenter
3524 5083 3693 5148 circa
3734 5083 3885 5147 hanc

2365 5186 2700 5250 materiam
2726 5188 2870 5270 plus
2898 5188 3186 5272 loquitur
3216 5191 3573 5254 secundum
3605 5191 3881 5264 aliorum,

2367 5311 2566 5376 quam
2591 5297 2944 5362 secundum
2966 5298 3347 5363 sententiam
3371 5317 3585 5363 suam.

2448 5405 2512 5465 2.
2554 5401 2656 5468 Ad
2694 5402 2852 5469 illud
2899 5403 3219 5488 Gregorii,
3273 5408 3447 5489 quod
3489 5407 3755 5489 angelus
3800 5408 3884 5470 est
