4125 6225
1392 463 1723 533 DISTINC.
1766 458 1925 537 XIV.
1971 470 2176 541 PARS
2216 476 2295 555 11,

3316 487 3432 549 587

252 604 418 669 sicut
442 602 674 668 dicitur
707 600 780 665 in
800 596 1282 666 Ecclesiastico·¹
1317 624 1333 666 z
1370 600 1427 666 A
1457 602 1647 668 Luna
1685 605 1785 670 εἰ·
1890 607 2097 687 riatio,
2130 628 2249 676 nec
2265 631 2436 678 nova
2456 615 2840 680 terminatio,
2862 615 2941 681 Et
2952 634 3066 700 per
3083 617 3204 681 hoc
3220 621 3438 700 patent

252 728 446 797 annm
474 709 612 776 diez·
648 709 823 789 festi.
863 707 931 772 Si
971 710 1186 772 autem
1230 712 1561 790 quaeratur
1586 728 1786 793 quare

252 819 527 888 Ecclesia
572 818 785 901 magis
821 817 1057 901 accepit
1088 816 1248 880 festa
1285 833 1405 880 sua
1430 819 1785 883 secundum

253 930 684 1011 Solem,quam
697 926 1051 991 secundum
1065 923 1337 1006 Lunam,
1348 926 1626 1009 exceptis
1633 927 1789 991 dno-

251 1039 402 1115 bus;
443 1034 692 1120 prolixa
729 1038 825 1098 est
849 1034 1047 1115 hujus
1073 1033 1444 1115 quaestionis
1482 1034 1788 1099 determi-

250 1145 447 1219 natio,
486 1148 549 1206 et
570 1142 758 1225 plane
779 1140 1058 1204 inveniri
1097 1143 1304 1222 potest
1340 1140 1412 1203 in
1448 1140 1612 1204 libro
1651 1140 1791 1205 Au-

252 1251 498 1333 gustini
513 1249 603 1316 ad
613 1249 1000 1315 ,Ianuarium
1017 1255 1041 1289 ¹
1053 1296 1067 1311 .
1083 1246 1204 1312 Hic
1217 1251 1531 1331 quantum
1545 1247 1791 1331 adprae-

250 1377 398 1424 sens
425 1357 721 1436 sufficiat,
755 1355 878 1420 dici
908 1356 988 1439 (α)
1023 1355 1193 1437 quod
1208 1403 1226 1432 ,
1264 1355 1416 1438 quia
1440 1355 1793 1440 Synagoga

246 1467 317 1530 in
339 1464 617 1529 tenebris
653 1463 856 1528 noctis
894 1463 1289 1543 ambulabat,
1332 1470 1396 1529 et
1442 1465 1794 1531 minuenda

250 1580 406 1653 erat,
435 1573 580 1638 ideo
610 1592 651 1637 a
689 1573 995 1637 luminari
1022 1573 1193 1655 quod
1229 1573 1400 1638 nocti
1441 1578 1693 1657 praeest,
1726 1579 1794 1640 et

250 1681 420 1765 quod
458 1680 778 1744 minuitur
816 1680 889 1744 in
913 1681 1486 1761 consummatione,
1515 1682 1788 1765 accipie-

249 1792 359 1855 bat
410 1807 677 1853 suarum
735 1786 1209 1853 solemnitatum
1271 1788 1738 1853 distinctionem
1771 1809 1789 1868 ;

251 1898 406 1982 quia
427 1916 583 1963 vero
607 1896 882 1962 Ecclesia
914 1899 1056 1980 jam
1101 1895 1387 1960 ambulat
1428 1899 1497 1960 in
1522 1897 1790 1977 lumine,

252 2008 417 2072 sicut
441 2006 520 2071 de
545 2007 682 2089 ipsa
706 2006 940 2071 dicitur
965 2006 1034 2069 in
1054 2005 1447 2088 Apocalypsi
1468 2007 1491 2042 ⁸
1512 2028 1538 2071 .·
1562 2006 1796 2072 Mulier

252 2115 493 2181 amicta
517 2115 662 2194 sole,
702 2119 762 2181 et
801 2114 957 2180 luna
982 2115 1098 2180 sub
1129 2113 1402 2196 pedibus
1439 2112 1616 2195 ejus;
1653 2113 1796 2177 ideo

254 2238 509 2287 menses
536 2223 867 2305 computat
897 2221 972 2304 (b)
1005 2225 1067 2285 et
1083 2221 1218 2286 dies
1248 2221 1563 2285 solemnes
1588 2221 1798 2303 magis

252 2330 606 2395 secundum
647 2332 898 2393 motum
945 2328 1139 2406 Solis,
1183 2348 1376 2412 quam
1413 2328 1635 2407 Lunae,
1682 2348 1797 2394 ex-

253 2441 436 2521 cepto
461 2438 596 2501 solo
628 2436 951 2516 Paschate,
981 2441 1046 2501 et
1068 2455 1181 2520 per
1204 2454 1598 2519 consequens
1632 2436 1796 2502 Pen-

253 2549 484 2610 tecoste
512 2566 527 2608 :
562 2542 879 2608 Paschalis
909 2544 1084 2608 enim
1121 2544 1486 2608 solemnitas
1519 2562 1651 2608 non
1688 2562 1791 2608 so·-

254 2649 391 2713 lum
415 2648 768 2712 celebratur
789 2648 859 2710 in
881 2648 1554 2713 commemorationem
1584 2665 1796 2712 resur-

254 2756 552 2821 rectionis
577 2754 942 2839 praeteritae,
991 2755 1102 2819 sed
1132 2755 1324 2820 etiam
1370 2756 1442 2819 in
1482 2757 1801 2838 praessgu-

254 2865 572 2930 rationem
612 2863 1092 2928 resurrectionis
1132 2864 1367 2946 figurae
1402 2886 1416 2927 ε
1463 2869 1525 2928 et
1561 2865 1632 2928 in
1676 2863 1801 2929 hoc

255 2971 531 3036 Ecclesia
562 2972 840 3054 quodam
866 2969 1058 3035 modo
1085 2974 1182 3036 est
1221 2971 1566 3036 conformis
1591 2972 1802 3055 Syna-

255 3096 490 3161 gogae3
537 3079 711 3144 unde
759 3078 1166 3144 festivitatem
1212 3079 1387 3143 illam
1432 3078 1727 3146 observat
1761 3098 1799 3145 a

258 3191 459 3271 Luna,
502 3210 634 3257 non
658 3192 1063 3275 judaizando,
1095 3191 1207 3255 sed
1244 3191 1457 3274 potins
1482 3191 1660 3256 illam
1695 3193 1820 3257 fu·

257 3305 469 3365 turam
498 3300 959 3366 solemnitatem
989 3318 1186 3382 quam
1220 3302 1530 3382 expectat,
1571 3318 1798 3364 secun-

254 3410 412 3474 dum
438 3408 609 3490 quod
632 3408 757 3471 sibi
793 3406 1114 3490 competit,
1144 3407 1618 3490 praesignandO.
1649 3406 1800 3472 Haec

254 3521 474 3582 autem
510 3516 674 3581 dicta
715 3518 869 3578 sunt
916 3518 1174 3597 propter
1225 3515 1384 3579 illud
1433 3515 1607 3598 quod
1647 3515 1803 3580 dicit

256 3624 581 3708 Scriptura
621 3646 638 3687 ε
691 3623 775 3688 Et
827 3624 966 3689 sint
1007 3623 1086 3687 in
1138 3623 1353 3704 siqua,
1412 3627 1530 3686 etc.
1566 3621 1644 3686 Et
1687 3640 1802 3705 per

253 3732 377 3797 hoc
403 3735 575 3815 patet
607 3731 933 3813 responsio
974 3729 1055 3794 ad
1089 3730 1355 3812 objecta.
1404 3729 1587 3808 Quod
1624 3732 1797 3796 enim

254 3835 485 3900 dicitur
511 3852 647 3898 esse
671 3837 748 3901 in
768 3837 982 3917 siqua,
1013 3835 1136 3898 hoc
1173 3838 1271 3898 est
1297 3833 1399 3897 vel
1448 3834 1514 3897 in
1542 3834 1802 3916 signifi-

256 3944 569 4008 cationem
596 3942 909 4006 imbrium
941 3945 1005 4006 et
1030 3946 1397 4020 ventorum,
1434 3940 1540 4005 vel
1571 3941 1641 4004 in
1670 3941 1803 4006 dis-

255 4052 627 4116 tinctionem
652 4055 1018 4133 temporum
1045 4070 1060 4112 :
1095 4051 1159 4113 et
1178 4049 1321 4113 ideo
1347 4048 1498 4112 dicit
1521 4054 1801 4131 tempora

255 4158 585 4243 pluraliter
608 4207 625 4238 ,
669 4161 928 4241 propter
972 4156 1393 4221 variationem
1432 4160 1799 4238 temporum

255 4268 326 4331 in
348 4272 624 4351 quatuor
643 4265 1043 4349 temporibus
1060 4265 1238 4341 anni,
1265 4263 1618 4328 secundum
1636 4281 1797 4345 qua-

255 4380 401 4440 tuor
439 4374 901 4439 elementorum
936 4371 1293 4454 qualitates,
1335 4369 1414 4434 Et
1452 4370 1800 4452 subjungit

255 4482 393 4550 dies
419 4487 479 4549 et
507 4497 732 4561 annos,
762 4483 837 4545 ut
875 4479 1038 4544 sicut
1064 4497 1178 4562 per
1219 4482 1508 4562 tempora
1532 4479 1801 4543 notaba-

255 4586 686 4668 tur‘variatio,
717 4588 807 4653 sic
836 4589 1026 4652 etiam
1051 4604 1166 4669 per
1186 4586 1319 4651 dies
1336 4590 1398 4651 et
1425 4605 1629 4651 annos
1652 4603 1796 4669 pos·

258 4700 341 4763 sit
365 4700 571 4763 notari
608 4701 822 4762 motus
850 4696 1024 4761 illius
1048 4695 1414 4760 terminatio
1444 4714 1463 4759 t
1509 4695 1600 4759 ita
1627 4695 1801 4777 quod

257 4808 399 4875 dies
414 4807 566 4872 dicit
590 4793 1102 4871 terminationem
1121 4807 1334 4868 motus
1350 4821 1481 4887 quo
1504 4806 1801 4868 movetur

261 4914 365 4981 Sol
394 4917 574 4979 motu
620 4913 1031 4992 firmamenti,
1059 4916 1124 4977 et
1165 4930 1376 4976 annus
1405 4912 1799 4977 terminatio-

259 5040 413 5087 nem
435 5025 648 5086 motus
673 5039 804 5103 quo
829 5024 1128 5085 movetur
1155 5020 1224 5083 in
1252 5019 1511 5102 obliquo
1537 5020 1796 5085 circulo.

261 5129 340 5194 Et
363 5130 434 5192 in
459 5129 583 5192 hoc
611 5132 782 5212 patet
805 5128 978 5211 quod
1001 5146 1131 5193 non
1152 5128 1336 5193 debet
1359 5126 1510 5210 poni
1538 5128 1796 5207 mensis,

263 5241 326 5302 et
352 5237 732 5320 septimana,
757 5235 911 5319 quia
931 5253 1064 5300 non
1084 5235 1374 5316 tangitur
1391 5234 1478 5297 ihi
1497 5251 1668 5299 nova
1689 5252 1802 5299 va·
1847 5241 1854 5249 '

326 5401 346 5436 ¹
361 5398 542 5458 Eccli„
565 5409 717 5462 xmu,
734 5399 782 5446 7.
804 5422 863 5435 -
879 5396 903 5430 ¹
919 5398 1153 5463 August„
1180 5395 1347 5461 Epist.
1363 5407 1453 5460 ιν,
1482 5396 1550 5445 al.
1581 5406 1716 5447 exer.
1736 5419 1799 5432 -

263 5474 288 5512 ⁸
303 5472 478 5536 Apoe„
504 5481 612 5535 xn,
633 5473 680 5523 1.
699 5494 762 5509 -
783 5468 806 5505 ⁸
823 5468 906 5533 Gt.
933 5465 1247 5532 aichardus,
1276 5468 1318 5520 ΙΙ
1349 5467 1511 5530 Sene„
1536 5466 1655 5518 dist.
1677 5476 1795 5530 xxv,

1894 718 2113 782 omnia
2138 737 2284 802 quae
2312 725 2464 785 sunt
2489 722 2779 804 quaesita.

2309 866 2866 986 ARTICULUs
2918 918 2974 986 1.

1975 1086 2075 1152 Ad
2122 1086 2609 1172 intelligentiam
2668 1091 2867 1175 huJus
2916 1092 3147 1175 partis,
3206 1093 3439 1157 omissa

1898 1176 2299 1260 distinctio'ne
2339 1198 2824 1278 elementorum,
2862 1198 3027 1264 circa
3072 1198 3436 1283 productio-

1899 1318 2051 1365 nem
2078 1304 2499 1369 luminarium
2527 1306 2656 1369 duo
2681 1311 3063 1389 quaeruntur
3091 1324 3109 1368 ι
3136 1305 3345 1389 primo
3362 1305 3440 1370 de

1899 1408 2055 1492 ipsis
2115 1410 2540 1477 luminaribus
2600 1432 2715 1496 per
2765 1413 3307 1496 comparationem
3359 1413 3440 1479 ad

1899 1517 2214 1599 corpusin
2241 1536 2370 1600 quo
2396 1518 2716 1598 locantur;
2758 1520 3033 1583 secundo
3060 1520 3137 1582 de
3180 1518 3337 1602 ipsis
3369 1519 3441 1584 in

1899 1625 2369 1707 comparatione
2392 1626 2472 1689 ad
2500 1644 2576 1689 ea
2595 1626 2666 1689 in
2692 1643 2840 1708 quae
2864 1630 3233 1708 operantur.
3266 1624 3442 1691 Circa

1899 1730 2185 1813 primum
2225 1731 2351 1796 tria
2390 1738 2813 1827 quaeruntur:
2855 1733 3067 1815 primo
3102 1732 3437 1815 quaeritur,

1900 1842 2125 1900 utrum
2156 1838 2499 1902 luminaria
2535 1839 2739 1922 posita
2769 1838 2895 1902 sint
2930 1839 2998 1902 in
3025 1840 3249 1904 eodem
3288 1859 3444 1906 con-

1901 1943 2107 2022 tinu0‚
2138 1962 2221 2007 an
2248 1945 2319 2008 in
2349 1946 2642 2024 diversis;
2696 1932 2996 2026 secundO,
3041 1952 3267 2011 utrum
3295 1966 3442 2013 mo-

1901 2054 2178 2115 veantur
2205 2056 2388 2115 motu
2434 2054 2714 2135 corporis
2744 2055 3142 2135 continenti3‚
3173 2074 3259 2119 an
3299 2074 3441 2122 mo-

1902 2155 2072 2219 tibus
2087 2157 2390 2239 propriis3
2415 2160 2602 2223 tertio
2615 2207 2634 2238 ,
2659 2163 2882 2224 utrum
2899 2166 3112 2227 motus
3128 2168 3444 2246 competat

1903 2260 2092 2327 alicui
2113 2265 2292 2343 coelO,
2317 2262 2454 2329 sive
2480 2264 2699 2330 stelliS.

2454 2458 2812 2538 QUAESTIO
2855 2461 2906 2527 l.

1941 2611 2037 2668 An
2067 2613 2367 2671 luminaria
2394 2615 2513 2671 coeli
2535 2618 2597 2672 in
2624 2616 2802 2673 eodem
2828 2619 3079 2675 continuo
3108 2618 3346 2675 locentur
3363 2619 3405 2673 ὅ.

1986 2753 2215 2821 Utrum
2239 2758 2454 2822 omnia
2486 2759 2831 2825 luminaria
2870 2761 3012 2826 coeli
3056 2762 3345 2827 locentur
3373 2765 3445 2830 in

1905 2884 2040 2931 uno
2069 2884 2332 2950 corpore
2372 2868 2673 2931 continuo
2683 2886 2706 2947 3
2752 2870 2817 2931 et
2842 2869 3010 2951 quod
3046 2869 3157 2946 sic,
3188 2871 3445 2936 videtur

1905 2991 2021 3056 per
2045 2978 2298 3037 textum
2326 2992 2521 3038 sacrae
2549 2974 2916 3057 Scripturae,
2961 2994 3092 3058 qua
3117 2976 3267 3041 dicit
3298 2994 3446 3041 om-

1905 3082 2014 3147 nia
2058 3083 2404 3148 luminaria
2445 3083 2516 3147 in
2561 3084 2968 3148 firmamento
3014 3082 3219 3167 posita
3262 3101 3441 3149 esse:

1907 3191 2143 3272 Fiant,
2204 3193 2449 3274 inquit,
2494 3192 2857 3259 luminaria
2916 3194 2993 3259 in
3043 3194 3447 3273 firmamento

1906 3300 2071 3378 coeli,
2122 3303 2239 3364 etc.

1990 3407 2149 3471 Item
2197 3408 2321 3471 hoc
2357 3406 2610 3472 videtur
2647 3407 2893 3471 ratione
2938 3429 2953 3471 ε
3009 3405 3449 3490 Quaecumque

1908 3533 2176 3598 corpora
2216 3516 2703 3596 distinguuntur
2741 3514 2823 3579 ab
2866 3514 3146 3578 invicem
3169 3562 3186 3591 ,
3217 3514 3447 3578 distin-

1906 3628 2205 3706 guuntur
2227 3629 2340 3688 aut
2364 3623 2590 3696 forma,
2621 3627 2734 3687 aut
2758 3621 3095 3705 superficie
3126 3643 3141 3684 ε
3168 3621 3277 3684 sed
3304 3639 3448 3685 cor-

1905 3749 2029 3814 pus
2055 3731 2199 3795 eceli
2224 3749 2263 3794 a
2289 3729 2470 3794 Luna
2511 3747 2718 3812 usque
2744 3729 2825 3792 ad
2870 3730 3101 3793 coelum
3128 3728 3446 3793 stellatum

1906 3844 2001 3904 est
2026 3839 2381 3915 uniforme,
2412 3842 2475 3902 et
2502 3838 2737 3901 iterum
2772 3854 2906 3901 non
2939 3841 3036 3900 est
3069 3854 3302 3919 corpus
3322 3836 3445 3901 ha-

1905 3944 2067 4011 bens
2091 3947 2495 4011 terminatam
2539 3946 2940 4027 superficiem
2971 3967 2986 4009 ε
3018 3962 3177 4026 ergo
3200 3946 3444 4029 impos-

1904 4056 2088 4120 sibile
2125 4060 2218 4119 est
2254 4055 2470 4137 ipsum
2506 4053 2741 4117 habere
2786 4054 3214 4136 pluralitatem
3237 4103 3255 4133 ,
3307 4054 3446 4120 sive

1905 4162 2376 4227 distinctionem
2405 4184 2419 4225 :
2454 4162 2657 4242 igitur
2701 4162 2921 4226 omnia
2945 4162 3290 4226 luminaria
3325 4162 3447 4225 sita

1906 4272 2149 4335 suntin
2170 4272 2394 4335 eodem
2421 4288 2703 4352 corpore.

1986 4378 2167 4459 Item,
2199 4380 2256 4444 si
2294 4380 2511 4463 aliqua
2550 4397 2815 4462 corpora
2857 4383 3006 4442 sunt
3042 4376 3335 4442 distincta
3364 4373 3446 4442 ab

1907 4488 2207 4569 invicem,
2237 4489 2317 4552 ad
2338 4494 2588 4552 motum
2611 4487 2806 4552 unius
2832 4504 2963 4550 non
2991 4485 3277 4568 sequitur
3310 4502 3446 4548 mo-

1906 4601 2011 4660 tus
2028 4596 2288 4661 alterius
2308 4618 2323 4659 ε
2352 4595 2461 4660 sed
2480 4596 2709 4659 ultima
2727 4594 2980 4677 sphaera
2999 4596 3217 4657 movet
3234 4595 3442 4656 totum

1906 4706 2080 4789 quod
2105 4706 2271 4769 intra
2296 4708 2501 4789 ipsam
2531 4708 2628 4769 est
2650 4705 2730 4769 ab
2758 4704 3000 4769 oriente
3039 4703 3109 4765 in
3150 4699 3445 4765 occiden-

1906 4821 2075 4882 tem:
2098 4834 2256 4899 ergo
2279 4833 2533 4880 necesse
2560 4821 2653 4880 est
2669 4819 2867 4879 totam
2893 4818 3192 4878 naturam
3220 4813 3446 4879 coeles-

1907 4928 2039 4990 tem
2061 4944 2197 4990 esse
2224 4944 2434 4989 unum
2462 4942 2694 5006 corpus
2719 4924 3125 4988 continuum.

1989 5033 2180 5113 Item,
2233 5034 2396 5097 sicut
2419 5051 2572 5098 aves
2610 5036 2761 5096 sunt
2784 5031 3109 5115 productae
3133 5030 3213 5095 ad
3249 5047 3445 5095 orna-

1906 5200 2004 5248 art.
2028 5198 2088 5258 3,
2128 5210 2179 5260 q.
2209 5206 2260 5258 ις
2301 5194 2555 5245 Francisc.
2587 5194 2651 5243 de
2691 5194 2875 5258 Mayr„
2913 5193 2954 5242 ll
2991 5193 3149 5254 Sene„
3185 5192 3301 5243 dist.
3328 5205 3443 5257 xlv,

1907 5285 1957 5334 q.
1982 5281 2039 5337 1¹¹
2056 5284 2075 5332 3
2108 5268 2284 5331 steph.
2311 5268 2518 5330 Bruler„
2546 5268 2585 5316 ll
2618 5269 2776 5324 sent„
2804 5267 2923 5316 dist.
2949 5275 3057 5327 xiv,
3084 5279 3134 5329 q.
3158 5275 3226 5315 v1.

1968 5387 2035 5452 (α)
2067 5387 2208 5438 Edit.
2243 5385 2357 5436 Ven-
2383 5384 2626 5450 sufficiat,
2654 5381 2777 5434 dicit
2827 5405 2891 5418 -
2909 5381 2979 5447 (b)
3001 5382 3123 5434 Coet.
3145 5382 3266 5432 edit.
3298 5394 3441 5442 com-

1905 5465 2106 5528 putant.

3478 2777 3683 2822 ranam.
