4125 6225
74 745 141 788 Ad

173 758 290 804 opp.

1238 392 1618 460 DISTINGT.
1659 392 1763 460 lv.
1808 391 1991 459 ART.
2038 392 2145 458 ΠΙ.
2191 391 2492 472 QUAEST.
2536 392 2615 457 II.

3409 395 3528 459 359

331 533 404 592 et
437 527 712 609 angelus
750 527 975 593 heatus
1005 545 1023 590 ε
1067 527 1176 592 sed
1224 528 1367 592 haec
1406 528 1549 593 laus
1587 544 1882 612 praesup-
1985 528 2321 610 ligentiam
2369 530 2466 592 est
2509 526 2888 604 notandum,
2944 528 3140 610 quod,
3178 526 3343 593 sicut
3386 527 3531 592 vult

327 635 515 717 ponit
541 635 1021 716 cognitionem:
1054 653 1235 717 erg0,
1266 641 1385 699 etc.

412 743 643 808 Contra
661 748 720 806 1.
758 741 778 776 ¹
812 764 827 808 :
864 744 1019 809 Cum
1045 745 1294 810 venerit
1336 742 1506 827 quod
1527 743 1881 825 perfectum

323 857 427 916 est
449 899 468 929 ,
516 851 933 917 evacuabitur
972 851 1142 933 quod
1189 867 1272 917 ez·
1320 856 1504 933 parte
1544 856 1634 917 est
1690 872 1715 915 .·
1771 851 1881 915 sed

322 959 615 1040 cognitio
650 958 1012 1041 vespertina
1040 960 1183 1024 ideo
1224 959 1457 1024 dicitur
1494 960 1875 1042 vespertina,

323 1066 490 1148 quia
517 1065 799 1129 tenebrae
825 1068 920 1129 est
940 1065 1223 1130 admixta
1251 1087 1266 1129 τ
1297 1065 1511 1147 angeli
1533 1070 1751 1131 autem
1775 1066 1876 1132 vi-

322 1171 486 1236 dent
506 1172 579 1238 in
595 1172 740 1236 luce
760 1172 950 1254 plena
979 1194 994 1234 z
1026 1191 1209 1254 erg0,
1236 1177 1356 1237 etc.

412 1283 476 1342 2.
508 1277 667 1342 Item
697 1280 975 1360 cognitio
1002 1280 1172 1357 fidei,
1202 1298 1349 1363 quae
1377 1286 1472 1346 est
1502 1299 1617 1363 per
1649 1298 1877 1363 specu-

324 1387 471 1451 lum
496 1436 514 1465 ,
562 1391 911 1454 evacuatur
953 1389 1327 1453 adveniente
1371 1390 1598 1471 gloriae
1645 1389 1877 1469 cogni-

326 1493 507 1558 tione
529 1543 548 1574 ,
600 1512 749 1577 quae
807 1496 1089 1559 consistit
1144 1498 1209 1560 in
1262 1496 1538 1561 videndo
1592 1495 1874 1562 Verbum

325 1605 655 1665 aeternum
697 1624 711 1666 :
744 1603 799 1666 si
825 1621 981 1685 ergo
1020 1603 1299 1685 cognitio
1338 1603 1699 1686 vespertina
1730 1602 1874 1668 ideo

326 1709 695 1789 vespertina
717 1712 831 1788 est,
855 1712 1008 1792 quia
1025 1711 1093 1773 in
1109 1711 1342 1775 umbra
1359 1715 1693 1790 creaturae,
1716 1728 1875 1792 ergo

326 1835 467 1881 non
493 1820 617 1881 stat
641 1836 788 1881 cum
814 1819 1180 1899 cognitione
1211 1818 1458 1901 gloriae.

414 1930 476 1990 3.
506 1926 663 1989 Item
701 1945 889 1990 mane
923 1928 1192 1992 veniens
1234 1911 1491 2010 expellit
1514 1947 1870 2013 vesperam,

324 2037 396 2098 et
435 2032 725 2097 similiter
769 2051 1034 2116 vespera
1072 2035 1331 2117 expellit
1379 2054 1569 2100 mane
1601 2056 1619 2101 ε
1657 2038 1767 2102 sed
1803 2039 1875 2103 in

326 2138 581 2221 angelis
607 2141 906 2204 continue
933 2144 1029 2203 est
1052 2141 1335 2222 cognitio
1362 2143 1679 2207 matutina
1696 2192 1714 2224 ,
1746 2164 1876 2227 qua

327 2247 560 2312 vident
585 2248 656 2311 in
682 2248 822 2330 ipso
837 2246 1043 2314 Verbo
1066 2249 1204 2313 sine
1232 2251 1706 2333 interpositione
1736 2253 1815 2336 (α)
1852 2272 1871 2317 2

324 2372 492 2435 ergo
515 2373 646 2419 non
675 2354 867 2419 habet
893 2357 1107 2422 locum
1142 2357 1210 2420 in
1245 2356 1337 2421 eis
1365 2359 1727 2441 vespertina
1759 2378 1872 2424 co—

322 2462 560 2543 gnitio.

413 2574 475 2632 4.
498 2568 655 2634 Item
680 2588 944 2653 vespera
969 2574 1063 2635 est
1081 2589 1196 2653 per
1213 2571 1701 2638 declinationem
1726 2575 1875 2640 solis

323 2676 413 2741 ad
445 2695 741 2742 occasum
773 2698 790 2742 ε
817 2678 926 2742 sed
954 2678 1021 2741 in
1040 2677 1287 2759 angelis
1318 2678 1515 2742 beatis
1533 2698 1872 2763 nunquam

323 2788 427 2851 est
463 2785 847 2868 proximatio
885 2786 964 2850 ad
1003 2804 1333 2866 occasum,
1385 2787 1494 2851 sed
1530 2789 1874 2853 continuus

318 2893 547 2975 fulgor
564 2897 627 2958 et
650 2894 820 2959 calor
845 2894 1008 2957 lucis
1034 2897 1292 2958 aeternae
1316 2916 1332 2958 ε
1355 2912 1513 2975 ergo
1533 2913 1867 2977 nunquam

318 3004 424 3065 oet
452 3001 520 3064 in
547 3000 639 3064 eis
660 3001 943 3083 cognitio
967 3002 1348 3083 vespertina.

411 3110 472 3171 5.
516 3107 596 3174 Et
632 3112 888 3193 propter
926 3109 1049 3174 hoc
1090 3114 1184 3176 est
1209 3110 1501 3193 quaestio.
1541 3109 1700 3176 Cum
1734 3115 1868 3177 tam

319 3234 519 3281 mane
571 3235 767 3299 quam
815 3234 1078 3299 vespere
1096 3264 1114 3294 ,
1170 3220 1519 3300 utrumque
1570 3218 1869 3301 importet

318 3324 946 3406 approximationem
980 3323 1060 3386 ad
1084 3326 1337 3389 noctem
1364 3330 1427 3389 et
1450 3326 1772 3407 tenebrae,
1804 3333 1868 3393 et

318 3430 546 3513 angeli
594 3432 889 3496 distantia
936 3432 1305 3496 omnimoda
1354 3436 1486 3496 tam
1533 3453 1573 3497 a
1626 3434 1866 3516 frigore

318 3539 564 3622 peccati
588 3586 606 3618 ,
653 3556 851 3621 quam
891 3538 972 3602 ab
1002 3539 1365 3620 ignorantia
1406 3541 1545 3604 veri
1564 3589 1583 3620 ,
1613 3543 1866 3608 videtur

316 3647 499 3730 quod
518 3664 635 3710 nec
660 3646 1006 3725 matutina,
1037 3664 1154 3710 nec
1186 3649 1547 3730 vespertina
1583 3650 1864 3731 cognitio

316 3753 405 3816 sit
426 3752 740 3834 ponenda,
767 3753 877 3817 sed
904 3754 1117 3835 potius
1134 3754 1508 3818 meridiana.
1541 3755 1864 3833 Quaeritur

316 3860 530 3942 igitur
556 3878 670 3942 pro
690 3862 927 3941 quanto
950 3859 1195 3923 dicatur
1220 3862 1506 3942 cognitio
1522 3864 1857 3944 matutina,

315 3974 387 4033 et
411 3986 531 4052 pro
556 3972 795 4051 quanto
823 3969 1181 4051 vespertina
1201 4017 1220 4048 ,
1258 3973 1323 4035 et
1360 3990 1558 4054 quare
1585 3992 1716 4038 non
1746 3992 1861 4055 po-

316 4078 501 4139 nitur
525 4075 881 4140 differentia
894 4076 1102 4155 tertia,
1133 4076 1373 4141 scilicet
1391 4079 1760 4145 meridiana.
1786 4080 1863 4146 Et

310 4185 507 4266 juxta
533 4182 655 4245 hoc
682 4182 994 4264 quaeritur
1019 4183 1099 4247 ad
1142 4202 1303 4266 quos
1339 4186 1696 4267 pertineant
1722 4187 1860 4253 istae

318 4290 740 4371 cognitiones»,
770 4298 834 4353 et
858 4290 935 4354 de
959 4290 1248 4372 ipsarum
1283 4293 1502 4357 ordine
1525 4298 1589 4358 et
1614 4312 1861 4378 praero-

316 4398 562 4478 gativa,
596 4400 667 4461 ut
688 4397 778 4459 sic
807 4397 1121 4461 elucescat
1152 4398 1382 4463 harum
1419 4402 1859 4483 cognitionum

316 4504 638 4587 quidditas
663 4507 727 4568 et
752 4507 1002 4569 natura.

870 4735 1321 4804 CONCLUSIO.

324 4892 568 4963 Anqelus
608 4890 773 4946 bonus
816 4889 979 4945 habet
1023 4906 1139 4947 cum
1181 4896 1462 4951 matutina
1495 4858 1863 4969 ⁸vesper-tinem

398 4996 604 5053 quoque
631 4982 1019 5051 coqnitionern3
1050 4998 1168 5052 quae
1203 4999 1311 5040 non
1337 4988 1619 5058 temporis,
1661 4989 1753 5045 sed
1775 4989 1862 5045 di-

396 5072 634 5141 qm‘tatis
657 5072 804 5125 inter
822 5085 877 5125 se
901 5070 1099 5127 habent
1124 5071 1382 5129 ordinem.

411 5255 599 5339 Resp.
629 5257 709 5320 ad
747 5256 1021 5338 Argum.
1052 5258 1149 5322 Ad
1183 5260 1640 5341 praedictorum
1674 5263 1868 5328 intel-

400 5381 456 5429 ¹1
488 5380 623 5442 Cor„
653 5393 778 5448 1111,
802 5385 879 5433 10.
908 5409 970 5421 —
996 5384 1020 5418 ¹
1050 5385 1201 5451 Aug„
1233 5385 1295 5435 de
1319 5386 1476 5438 Civic.
1519 5365 1638 5451 Dei,
1661 5388 1750 5440 lib.
1771 5391 1867 5456 XI,

1987 635 2392 717 Augustinus
2407 628 2453 712 ⁵,
2496 634 2707 699 omnis
2745 639 3064 714 creatura,
3094 639 3407 718 quantum
3435 640 3529 700 est

1986 743 2064 807 de
2088 762 2184 821 se,
2223 743 2485 806 tenebra
2508 745 2636 821 est3
2669 743 2831 808 Deus
2860 747 3073 809 autem
3099 741 3121 776 ³
3149 742 3270 807 lua:
3313 747 3432 822 est,
3468 747 3529 809 et

1988 849 2255 916 tenebra>
2281 851 2356 915 in
2382 864 2451 914 eo
2481 864 2612 925 non
2634 855 2788 915 sunt
2815 847 2984 927 ulae,
3015 847 3179 912 sicut
3202 848 3432 912 dicitur
3454 849 3527 913 in

1987 960 2293 1024 canonica
2328 958 2589 1023 Ioannis
2611 1007 2629 1038 ,
2669 959 2784 1023 ubi
2828 958 3043 1023 Glossa
3072 978 3089 1021 z
3137 981 3169 1019 α
3209 958 3352 1022 Dies
3377 958 3530 1022 dicit

1982 1066 2470 1130 illustrationem
2530 1085 2569 1129 a
2628 1065 2769 1130 luce
2823 1065 3267 1147 procedentem
3331 1082 3527 1147 super

1983 1172 2125 1237 haec
2163 1173 2497 1238 tenebrosa
2528 1195 2545 1237 τ
2592 1193 2623 1233 n
2668 1190 2859 1236 mane
2904 1177 3120 1237 autem
3153 1174 3217 1236 et
3257 1189 3526 1254 vespera

1982 1280 2203 1344 dicunt
2241 1279 2448 1345 media
2472 1280 2639 1345 inter
2678 1280 2848 1344 diem
2884 1283 2948 1343 et
2971 1282 3225 1344 noctem
3243 1327 3261 1359 ,
3291 1296 3524 1343 secun-

1982 1387 2139 1451 dum
2160 1405 2483 1452 accessum
2511 1392 2575 1451 et
2608 1404 2996 1468 regressum.
3025 1386 3523 1467 Intelligendum

1981 1495 2182 1576 igitur
2214 1495 2388 1577 quod
2412 1494 2629 1559 divina
2653 1494 2768 1558 lux
2804 1493 3176 1557 illuminans
3212 1494 3522 1574 angelum

1981 1601 2449 1665 illuminatione
2485 1601 2758 1683 perfecta
2797 1602 2879 1664 ad
2918 1601 3350 1682 cognitionem
3382 1601 3485 1664 sui
3501 1649 3520 1680 ,

1980 1710 2129 1773 facit
2149 1709 2456 1790 angelum
2485 1710 2723 1787 lucem;
2756 1712 2818 1772 et
2855 1708 3137 1790 cognitio
3175 1709 3374 1792 ipsius
3412 1708 3523 1773 Dei

1978 1816 2051 1880 in
2078 1835 2146 1880 se
2172 1816 2305 1880 dies
2327 1816 2581 1893 dicitur,
2612 1817 2768 1899 quia
2792 1834 2955 1898 pura
2979 1820 3074 1879 est
3099 1815 3246 1895 lux,
3277 1818 3340 1880 et
3366 1833 3524 1896 cog-

1982 1924 2161 2004 nitio,
2194 1928 2257 1988 et
2275 1924 2700 2005 cognoscendi
2722 1923 2906 1987 ratio.
2930 1922 3073 1987 Lux
3091 1923 3213 1986 ista
3234 1922 3525 2004 angelica

1982 2033 2073 2096 sic
2097 2033 2457 2097 illuminata
2489 2032 2684 2097 hahet
2709 2049 3092 2113 cognoscere
3123 2034 3519 2096 creaturam:

1931 2190 1935 2194 .
1982 2143 2047 2205 et
2073 2141 2199 2220 sic,
2228 2140 2381 2222 quia
2422 2139 2743 2220 cognoscit
2785 2140 2848 2204 id
2889 2138 3062 2221 quod
3101 2140 3195 2203 est
3221 2139 3481 2203 tenebra
3501 2186 3519 2217 ,

1981 2252 2074 2312 est
2115 2251 2170 2331 ej
2179 2266 2256 2311 us
2296 2247 2578 2330 cognitio
2612 2266 2831 2326 mane,
2863 2248 2968 2313 vel
2998 2265 3268 2330 vespera
3306 2246 3523 2329 appel-

1979 2355 2143 2419 lata:
2167 2355 2275 2421 sed
2296 2374 2582 2439 vespera,
2607 2359 2800 2438 prout
2818 2356 3144 2437 cognoscit
3162 2358 3522 2418 creaturam

1980 2463 2050 2527 in
2088 2463 2327 2546 seipsa3
2376 2482 2600 2544 mane,
2645 2468 2837 2546 prout
2873 2480 2957 2527 ex
3003 2463 3112 2526 illa
3157 2462 3524 2543 cognitione

1980 2572 2314 2652 consurgit
2339 2571 2419 2635 ad
2444 2571 2701 2635 laudem
2721 2569 2852 2650 Dei,
2874 2571 3008 2635 sive
3026 2571 3105 2634 ad
3131 2568 3523 2633 laudandum

1978 2674 2184 2742 Deum
2226 2726 2245 2755 ,
2314 2681 2378 2741 et
2455 2679 2646 2741 refert
2694 2677 2775 2741 ad
2832 2677 3262 2757 cognitionem
3323 2676 3523 2758 ipsius

1979 2803 2176 2867 quam
2201 2785 2394 2849 habet
2420 2785 2490 2848 in
2530 2783 2758 2849 Verbo.
2794 2782 2967 2848 Unde
2996 2783 3403 2864 Augustinus
3445 2779 3467 2817 ⁴
3501 2800 3519 2845 ε

1986 2916 2016 2953 α
2048 2892 2322 2957 Scientia
2349 2895 2658 2957 creaturae
2677 2940 2696 2970 ,
2727 2891 2797 2954 in
2818 2891 3286 2973 comparatione
3318 2890 3520 2954 scien-

1976 3000 2089 3065 tiae
2123 3001 2431 3066 Creatoris
2451 3048 2468 3078 ,
2500 3000 2779 3084 quodam
2808 2998 2997 3063 modo
3020 2998 3516 3082 advesperascit3

1976 3108 2259 3192 itemque
2282 3109 2574 3189 lucescit,
2603 3110 2666 3172 et
2700 3126 2890 3172 mane
2914 3107 3020 3187 fit,
3054 3125 3204 3171 cum
3250 3107 3387 3189 ipsa
3417 3126 3521 3171 re-

1975 3217 2180 3281 fertur
2209 3218 2277 3280 in
2304 3217 2561 3281 laudem
2602 3216 3130 3297 dilectionemque
3169 3215 3512 3296 Creatoris;

1974 3344 2096 3390 nec
2117 3326 2185 3389 in
2205 3329 2458 3394 noctem
2482 3325 2801 3407 vergitur,
2829 3323 2952 3388 nisi
2974 3340 3124 3387 cum
3158 3322 3232 3406 (b)
3265 3323 3520 3388 Creator

1974 3451 2192 3498 amore
2241 3437 2551 3499 creaturae
2602 3433 3008 3515 relinquitur.
3049 3452 3083 3491 ι)
3117 3430 3295 3495 Unde
3338 3434 3513 3511 nota,

1973 3542 2146 3624 quod
2175 3542 2293 3606 etsi
2329 3542 2408 3605 ad
2436 3540 2919 3604 similitudinem
2948 3540 3058 3621 huj
3071 3556 3145 3602 us
3165 3539 3328 3603 lucis
3355 3540 3517 3603 visi-

1972 3650 2120 3713 bilis
2143 3650 2388 3714 dicatur
2412 3649 2504 3711 ibi
2532 3666 2721 3711 mane
2753 3650 2815 3711 et
2850 3663 3111 3728 vespere
3129 3694 3147 3722 ,
3181 3645 3346 3710 sicut
3370 3646 3513 3711 dic-

1970 3761 2113 3823 tum
2139 3761 2256 3834 est,
2285 3760 2500 3821 tamen
2529 3759 2622 3821 est
2647 3755 2885 3838 duplex
2909 3754 3265 3818 differentia
3294 3776 3311 3818 ε
3344 3773 3476 3818 una
3493 3803 3511 3833 ,

1971 3867 2127 3950 quia
2169 3867 2256 3929 ibi
2303 3882 2566 3947 vespere
2609 3881 2740 3926 non
2794 3861 3065 3926 vertitur
3109 3861 3178 3925 in
3219 3866 3472 3925 noctem
3490 3911 3509 3941 ,

1971 3975 2134 4039 sicut
2175 3974 2254 4038 de
2297 3974 2438 4038 luce
2477 3969 2827 4048 materiali3
2873 3969 3070 4032 altera
3110 3987 3268 4034 vero
3291 4015 3310 4045 ,
3360 3969 3514 4051 quia

1972 4101 2163 4147 mane
2185 4099 2319 4146 non
2342 4079 2618 4144 succedit
2643 4076 2960 4154 meridies,
2986 4094 3194 4160 neque
3223 4077 3348 4141 diei
3373 4096 3513 4141 ves-

1972 4208 2123 4274 pere
2143 4239 2162 4269 ,
2192 4190 2301 4254 sed
2342 4191 2548 4252 totum
2593 4188 2686 4250 est
2732 4185 2946 4249 simul.
2993 4183 3171 4250 Unde
3196 4184 3508 4266 Augusti-

1970 4273 2096 4363 nus
2123 4305 2144 4337 ⁵
2179 4320 2195 4362 z
2239 4321 2270 4358 α
2298 4295 2504 4362 Simul
2536 4292 2791 4379 [inquit]
2822 4292 3063 4357 habent
3087 4293 3219 4357 dies
3247 4311 3509 4375 vespere

1971 4412 2034 4470 et
2059 4422 2272 4470 mane.
2305 4424 2335 4462 ιο
2370 4402 2448 4467 Et
2473 4402 2564 4465 sic
2587 4406 2759 4484 patet
2781 4401 2952 4484 quod
2978 4401 3047 4463 in
3082 4399 3326 4481 angelis
3357 4400 3509 4464 hea-

1970 4514 2051 4576 tis
2086 4515 2181 4577 est
2203 4529 2380 4574 nunc
2405 4509 2689 4590 cognitio
2724 4508 3084 4591 vespertina
3110 4526 3260 4572 cum
3289 4512 3506 4572 matu-

1969 4619 2127 4697 tina,
2165 4635 2285 4682 nec
2307 4616 2546 4681 habent
2569 4615 3052 4691 successionem,
3083 4616 3188 4680 vel
3219 4614 3510 4679 ordinem

1970 4725 2311 4808 temporis3
2340 4723 2578 4787 habent
2601 4727 2817 4788 tamen
2840 4723 3132 4787 ordinem
3155 4722 3505 4804 dignitatiS,

1972 4833 2125 4916 quia
2152 4822 2302 4896 dicit
2325 4830 2730 4912 Augustinus
2749 4830 2772 4865 ⁶
2793 4852 2808 4894 :
2838 4853 2872 4893 α
2889 4828 3180 4910 Cognitio
3197 4834 3508 4894 creaturae

1974 5005 2134 5057 c.v11‚
2164 5004 2263 5057 xx,
2284 5004 2404 5054 xx1;
2428 4990 2488 5041 de
2520 4992 2643 5041 Gen.
2667 4990 2737 5040 ad
2759 4990 2885 5048 litt„
2928 4990 3018 5040 lib.
3046 4991 3143 5052 lv,
3183 5003 3229 5039 c.
3271 5001 3424 5040 xxm.
3444 5016 3510 5029 -

1978 5065 2033 5115 ⁸1
2063 5067 2228 5128 Joan„
2257 5077 2294 5129 1,
2317 5068 2366 5115 5.
2392 5091 2446 5102 --
2471 5065 2493 5099 ⁸
2513 5065 2664 5127 Aug„
2686 5063 2747 5112 de
2775 5062 2926 5113 civit.
2959 5062 3086 5122 Dei,
3113 5061 3204 5111 lib.
3229 5062 3318 5126 Xl,
3348 5073 3393 5113 c.
3415 5074 3508 5112 vu.

1975 5165 2038 5176 —
2056 5138 2192 5197 ⁸1d.,
2218 5136 2279 5187 de
2308 5136 2428 5187 Gen.
2448 5135 2518 5184 ad
2533 5135 2662 5197 litt„
2690 5134 2777 5186 lib.
2813 5135 2901 5199 IV,
2932 5148 2979 5184 c.
3025 5145 3175 5184 xvm.
3193 5158 3254 5171 —
3274 5133 3297 5168 θ
3325 5134 3422 5197 ld.‚
3447 5133 3509 5184 de

1979 5210 2133 5261 civit.
2158 5210 2283 5272 Dei,
2308 5209 2398 5258 lib.
2423 5209 2520 5271 XI,
2549 5221 2596 5256 c.
2614 5217 2710 5256 vu.

2043 5316 2111 5380 (α)
2130 5315 2252 5365 Coet.
2276 5314 2396 5364 edit.
2414 5311 2825 5377 interpolatione.
2846 5337 2909 5348 -
2925 5310 2990 5374 (b)
3015 5311 3235 5377 Le9.ubi
3263 5325 3387 5379 non,
3406 5311 3510 5364 loco

1978 5389 2081 5439 nisi
2102 5402 2252 5452 cum3
2280 5386 2414 5452 apud
2438 5385 2592 5451 Auq„
2615 5389 2655 5434 t.
2680 5383 2772 5435 VII
2789 5419 2807 5448 ,
2832 5397 2885 5451 p.
2907 5384 3016 5435 276.
