4125 6225
439 1083 645 1130 Fundam.

674 420 812 483 456.

674 551 772 617 rei
789 549 1059 618 visibilis
1080 549 1425 634 corporalis
1446 598 1466 630 ‚
1495 549 1635 633 pari
1661 551 1910 616 ratione
1926 550 2218 617 similiter

671 659 798 724 erit
835 657 906 723 in
957 657 1144 723 oculo
1193 657 1508 740 spirituali
1545 662 1838 741 respectu
1881 660 2217 740 cognosci-

673 765 818 831 bilis
843 764 1235 848 spiritualis:
1273 782 1435 847 ergo
1459 766 1514 829 si
1541 764 1803 830 oculum
1834 783 2053 830 meum
2082 767 2216 848 spi-

676 863 976 929 ritualem
1035 881 1171 927 non
1220 863 1374 929 latet
1443 867 1756 929 secretum
1810 864 2216 931 conscientiae

675 989 838 1037 meae
855 1018 873 1046 ‚
905 971 1043 1053 pari
1070 969 1317 1035 ratione
1345 989 1464 1035 nec
1486 970 1706 1035 oculos
1735 971 2133 1037 daemonum.

756 1077 856 1142 Ad
901 1076 1261 1161 oppositum
1305 1083 1323 1117 ¹
1365 1099 1379 1140 :
1419 1077 1512 1142 Tu
1561 1076 1734 1144 solus
1794 1080 1968 1145 nosti
2017 1079 2217 1145 corda

675 1186 959 1268 filiorum
999 1184 1348 1251 hominum.
1396 1181 1539 1248 Non
1573 1202 1732 1266 ergo
1769 1183 2027 1250 daemon
2049 1234 2067 1263 ‚
2112 1187 2216 1252 vel

671 1293 860 1359 alius,

757 1401 917 1466 Item
941 1407 965 1442 ²
1002 1424 1016 1465 :
1068 1400 1201 1485 qu
1230 1401 1542 1467 Dominus
1581 1406 1879 1469 scrutans
1920 1402 2117 1470 corda
2156 1412 2217 1471 et

678 1525 882 1576 renes,
921 1507 1126 1590 Ergo,
1165 1508 1218 1571 si
1257 1507 1566 1574 Dominus
1599 1510 1723 1573 hoc
1754 1509 1878 1574 sibi
1926 1511 2217 1575 attribuit

677 1624 988 1700 tanquam
1009 1615 1345 1699 proprium
1368 1663 1385 1693 ‚
1419 1616 1675 1681 videtur
1696 1618 1867 1700 quod
1888 1636 2021 1682 non
2046 1637 2218 1684 com·

679 1723 962 1788 municet
987 1721 1260 1788 diabolo.

759 1830 919 1895 Item
942 1836 966 1871 ⁸
995 1847 1013 1891 ε
1048 1830 1238 1896 Nemo
1258 1832 1382 1899 scit
1407 1846 1549 1913 quoe
1573 1837 1724 1898 sunt
1743 1831 2058 1911 hominis,
2082 1834 2220 1899 nisi

676 1942 956 2024 spiritus
976 1939 1281 2018 hominis,
1302 1941 1420 2023 qui
1437 1947 1530 2008 est
1557 1940 1633 2006 in
1653 1941 1786 2007 illo.
1818 1939 1939 2005 Sed
1963 1941 2220 2006 daemon

679 2066 799 2113 nec
841 2050 938 2113 est
978 2046 1240 2130 spiritus
1288 2051 1502 2112 noster
1521 2094 1538 2124 ‚
1580 2066 1700 2112 nec
1735 2051 1829 2112 est
1867 2048 1936 2111 in
1978 2049 2163 2112 nobis
2197 2070 2214 2113 z

677 2173 838 2238 ergo
862 2173 993 2221 non
1032 2154 1214 2218 novit
1239 2159 1481 2219 secreta
1513 2155 1916 2220 conscientiae
1956 2160 2214 2220 nostrae.

761 2262 921 2329 Item
948 2261 1354 2344 AugustInus
1383 2267 1434 2342 ⁸,
1462 2263 1532 2327 in
1560 2262 1726 2327 libro
1754 2262 1836 2329 de
1870 2263 2221 2332 Ecclesias-

681 2372 833 2440 ticis
881 2367 1295 2452 Doqvnatibus
1338 2389 1363 2433 .·
1397 2392 1429 2429 α
1473 2368 1761 2435 Internas
1804 2370 2220 2452 cogitationes

680 2481 930 2541 nostras
959 2475 1292 2540 diabolum
1316 2494 1452 2540 non
1479 2476 1697 2542 videre
1724 2481 1969 2541 certum
1996 2481 2110 2541 est.
2140 2500 2171 2537 ι

764 2584 924 2648 Item
967 2583 1212 2648 ratione
1256 2583 1510 2648 videtur
1556 2606 1571 2647 :
1627 2583 1788 2661 Quia
1836 2585 1889 2648 si
1937 2586 2222 2651 internas

681 2687 1098 2769 cogitationes
1124 2689 1556 2768 cognosceret,
1580 2692 1988 2768 cognosceret
2006 2691 2071 2752 et
2087 2688 2222 2753 vir-

680 2798 893 2859 tutes:
931 2812 1091 2876 ergo
1136 2792 1255 2860 Job
1312 2794 1679 2877 patientiam
1733 2798 2139 2878 cognovisset
2200 2820 2215 2861 z

682 2899 855 2984 quod
897 2900 952 2964 si
999 2901 1443 2983 cognovisset,
1495 2919 1626 2965 non
1672 2905 2012 2980 tentasset,
2068 2924 2221 2969 cum

682 3007 843 3072 nolit
871 3008 1162 3092 superari
1195 3031 1211 3074 ι
1244 3008 1353 3072 sed
1383 3011 1650 3074 tentavit
1680 3029 1697 3073 z
1725 3027 1883 3091 ergo
1922 3029 2042 3076 nec
2082 3012 2222 3076 vir-

681 3120 851 3181 tutes
872 3165 890 3197 ,
925 3136 1045 3182 nec
1069 3117 1485 3201 cogitationes
1516 3119 1658 3200 ejus
1684 3120 2006 3200 cognovit.

1225 3384 1674 3452 CONCLUSIO.

681 3539 922 3610 Anoelus
951 3539 1157 3612 malus,
1200 3556 1365 3611 neque
1397 3543 1563 3598 etiam
1597 3542 1784 3607 bonus.
1821 3547 1996 3615 potest
2021 3548 2223 3601 secreta

752 3632 1083 3686 conscientia
1105 3634 1299 3687 nostrae
1322 3635 1574 3697 scrutari,
1606 3649 1934 3705 quanquam,
1959 3649 2059 3707 per
2078 3638 2223 3690 exte-

752 3721 905 3777 riora
927 3718 1168 3791 quadam
1188 3723 1367 3793 εἰςηα,
1396 3736 1460 3777 ea
1487 3722 1743 3793 conjicere
1762 3725 1952 3795 possit.

760 3878 945 3964 Resp.
979 3878 1061 3944 ad
1089 3879 1365 3961 Argum.
1405 3880 1505 3946 Ad
1542 3882 1995 3965 praedictorum
2033 3882 2221 3947 intel—

683 3986 1051 4069 ligentiam,
1086 3991 1184 4051 est
1210 3987 1565 4053 notandum
1601 3989 1775 4073 quod
1795 4037 1813 4069 ,
1852 3989 2014 4054 sicut
2056 3989 2223 4056 Deus

683 4094 997 4160 voluntati
1052 4100 1361 4160 creaturae
1414 4096 1740 4161 rationalis
1795 4096 1967 4163 dedit
2013 4098 2223 4162 domi-

680 4203 867 4267 nium
890 4250 908 4279 ,
952 4202 1087 4268 sive
1136 4202 1475 4267 arbitrium
1499 4250 1518 4282 ,
1566 4203 1672 4266 cui
1719 4202 1897 4268 nulla
1939 4206 2222 4286 potentia

679 4309 1011 4392 praesidet,
1067 4310 1195 4373 nisi
1249 4310 1506 4389 divina3
1559 4309 1650 4374 sic
1688 4313 1829 4393 eJus
1877 4310 2221 4392 cognitivae

677 4416 846 4482 dedit
874 4418 1276 4482 conscientiae
1303 4422 1619 4482 secretum
1638 4465 1656 4497 ,
1687 4420 1876 4501 cujus
1897 4423 2135 4483 secreta
2158 4424 2222 4482 et

679 4523 995 4604 profunda
1017 4543 1149 4590 non
1177 4528 1467 4607 penetrat
1494 4525 1615 4589 nisi
1641 4525 1861 4590 divina
1888 4525 2215 4607 sapientia.

677 4628 756 4696 Et
784 4630 925 4696 ideo
953 4631 1095 4697 dico
1117 4679 1136 4711 ,
1167 4632 1344 4716 quod
1370 4632 1546 4698 nulla
1583 4637 1903 4710 creatura,
1933 4651 2053 4699 nec
2084 4633 2218 4696 hu—

677 4754 870 4803 mana
886 4787 905 4819 ,
939 4758 1058 4804 nec
1084 4740 1404 4822 angelica,
1434 4745 1640 4824 potest
1659 4741 2066 4806 conscientiae
2090 4742 2219 4806 bu-

676 4862 889 4911 manae
934 4864 1119 4912 nosse
1165 4852 1442 4927 secreta,
1500 4848 1625 4913 nisi
1677 4868 1791 4931 per
1837 4850 2059 4932 signa,
2114 4850 2219 4916 vel

675 4956 1073 5036 conjecturas
1086 5004 1104 5037 ‚
1126 4956 1230 5023 vel
1250 4956 1377 5020 nisi
1397 4958 1648 5022 noverit
1666 4956 1777 5021 Dei
1803 4956 2212 5037 revelatione,

675 5065 789 5125 aut
850 5061 1128 5128 hominis
1171 5063 1651 5129 denuntiatione
1693 5071 1738 5128 ⁸.
1787 5063 1865 5130 Et
1909 5065 2216 5148 quoniam

675 5188 881 5252 pauca
921 5175 1072 5237 sunt
1113 5172 1202 5237 ita
1257 5176 1529 5253 secreta,
1582 5173 1744 5256 quin
1791 5173 2101 5258 prodeant
2145 5174 2215 5237 in

723 5340 742 5376 ¹
764 5342 805 5391 ΙΙ
837 5341 1087 5409 Pau-clip„
1117 5355 1195 5406 νι,
1217 5346 1620 5406 30.-²Jerem.‚
1645 5356 1788 5409 xvn,
1813 5349 1956 5396 to.--
1979 5346 2038 5396 ³1
2073 5346 2211 5407 Cor„

1794 415 2424 483 SENTENTIARUM
2463 416 2613 483 LlB.
2656 417 2738 483 ll.

2324 570 2520 636 opera
2559 553 2875 619 exteriora
2897 602 2913 633 ‚
2966 552 3070 617 vel
3118 554 3465 636 appareant
3506 569 3623 636 per
3674 550 3862 633 signa

2324 661 2640 726 exteriora
2665 662 2880 742 faciei,
2913 662 3018 726 vel
3046 678 3160 743 per
3192 661 3379 743 signa
3406 660 3612 725 cordis
3627 709 3648 738 ‚
3690 659 3857 742 quod

2326 772 2624 834 movetur
2690 770 3114 835 diversimode
3176 769 3528 834 secundum
3588 767 3858 833 diversi-

2323 879 2519 940 tatem
2574 877 3019 956 affectionurn3
3072 877 3221 941 hinc
3274 880 3367 940 est
3416 875 3591 958 quod
3637 875 3855 939 multae

2324 985 2738 1067 cogitationes
2773 992 2838 1051 et
2864 986 3191 1051 affetIones
3216 989 3451 1051 nostrae
3475 982 3855 1067 deprehendi

2323 1097 2589 1172 poaeunt
2607 1112 2645 1157 a
2663 1094 2963 1175 malignis
2978 1093 3335 1176 spiritibus,
3367 1092 3493 1155 nisi
3522 1093 3857 1155 arceantur

2324 1195 2435 1262 Dei
2465 1199 2702 1264 virtute
2730 1218 2747 1263 ε
2778 1199 2918 1265 baec
2945 1205 3159 1265 autem
3204 1200 3486 1281 cognitio
3521 1198 3735 1281 potius
3766 1200 3856 1260 est

2324 1310 2707 1390 conjecturae
2730 1358 2748 1388 ,
2788 1327 2984 1392 quam
3028 1312 3214 1374 certae
3252 1306 3581 1372 scientiae:
3612 1310 3679 1369 et
3718 1305 3852 1370 ideo

2325 1414 2747 1480 concedendae
2770 1421 2921 1480 sunt
2946 1416 3226 1481 rationes
3262 1415 3663 1479 ostendentes
3687 1412 3849 1496 quod

2323 1521 2597 1602 angelus
2642 1522 2850 1588 malus
2892 1529 3133 1587 secreta
3173 1521 3579 1587 conscientiae
3627 1524 3849 1584 nostrae

2323 1630 2706 1711 perscrutari
2732 1647 2865 1694 non
2890 1633 3112 1712 potest.

2407 1740 2466 1801 1.
2502 1737 2603 1802 Ad
2632 1737 2789 1802 illud
2815 1755 2973 1819 ergo
2998 1736 3169 1820 quod
3212 1735 3510 1818 objicitur
3552 1734 3760 1818 primo
3788 1733 3850 1796 in

2325 1845 2716 1908 contrarium
2740 1844 2816 1909 de
2851 1843 3232 1908 accusatoris
3251 1842 3488 1922 offici03
3520 1841 3850 1906 dicendum

2326 1952 2499 2035 quod
2528 1970 2657 2016 non
2681 1953 2887 2017 solum
2918 1954 3053 2037 ipse
3070 1952 3322 2017 daemon
3352 1952 3473 2015 erit
3503 1955 3847 2029 accusator,

2327 2059 2528 2124 immo
2556 2061 2749 2125 etiam
2773 2079 2883 2125 cor
2908 2067 3199 2126 nostrum
3228 2082 3243 2124 :
3272 2060 3463 2139 unde,
3490 2058 3608 2123 etsi
3638 2058 3717 2123 de
3741 2076 3850 2123 ex-

2328 2168 2671 2233 terioribus
2718 2169 3072 2233 visibilibus
3110 2167 3393 2233 accusari
3433 2184 3771 2249 possumus
3817 2185 3852 2230 a

2328 2275 2597 2357 diabolo,
2627 2278 2705 2342 de
2736 2277 2988 2343 secretis
3024 2279 3088 2341 et
3127 2275 3389 2340 occultis
3427 2293 3598 2353 non;
3638 2279 3854 2339 neutra
3930 2345 3937 2351 ,

2327 2388 2541 2449 tamen
2572 2386 2888 2468 impunita
2911 2385 3388 2467 relinquentur,
3419 2382 3572 2464 quia
3595 2400 3726 2446 non
3751 2382 3854 2446 de-

2329 2490 2450 2555 erit
2473 2495 2795 2556 accusator
2820 2496 2884 2555 et
2904 2491 3104 2555 testis.

2410 2604 2468 2663 2.
2503 2598 2597 2663 Ad
2620 2598 2776 2663 illud
2797 2598 2968 2681 quod
2993 2597 3316 2680 objicitur,
3337 2596 3509 2678 quod
3536 2598 3855 2678 peccatum

2330 2710 2425 2771 est
2448 2706 2770 2771 character
2794 2704 3024 2769 diaboli
3044 2726 3061 2784 ;
3088 2702 3429 2768 dicendum
3455 2702 3627 2785 quod
3653 2720 3859 2785 pecca·

2330 2817 2470 2878 tum
2528 2817 2683 2877 tunc
2736 2813 2965 2877 dicitur
3014 2829 3148 2876 esse
3200 2810 3528 2875 character
3546 2857 3565 2886 ,
3611 2807 3858 2891 quando

2330 2921 2627 2986 scribitur
2653 2921 2722 2985 in
2747 2922 2992 2985 fronte:
3016 2920 3138 2984 hoc
3154 2924 3368 2984 autem
3397 2922 3513 2996 est,
3540 2936 3692 2982 cum
3721 2936 3856 3001 pec-

2330 3035 2430 3093 cat
2459 3029 2595 3092 sine
2621 3028 2886 3106 rubore,
2921 3029 2986 3090 et
3007 3026 3280 3110 publice,
3316 3030 3387 3090 ut
3407 3028 3547 3108 jam
3576 3027 3772 3108 possit
3802 3025 3859 3089 ei

2330 3137 2538 3203 dici⁸z
2583 3138 2784 3203 Frons
2826 3137 3118 3202 mulieris
3162 3137 3512 3201 meretricis
3555 3136 3734 3215 facta
3776 3141 3862 3201 est

2333 3245 2475 3324 tibi,
2521 3244 2795 3312 noluisti
2847 3245 3198 3311 erubescere
3236 3265 3262 3308 .·
3304 3247 3368 3307 et
3424 3246 3577 3306 tunc
3632 3243 3862 3325 absque

2330 3351 2527 3417 dubio
2574 3357 2900 3436 peccatum
2946 3357 3238 3416 nostrum
3291 3348 3625 3431 cognitum
3683 3355 3778 3414 est
3824 3368 3862 3414 a

2332 3458 2601 3536 diabolo,
2632 3459 2781 3542 quia
2801 3461 2938 3541 jam
2965 3476 3099 3523 non
3127 3461 3221 3522 est
3246 3462 3583 3534 secretum,
3601 3457 3711 3522 sed
3737 3475 3862 3521 ma·

2332 3567 2659 3632 nifestum.

2413 3679 2474 3738 3.
2505 3674 2604 3738 Ad
2635 3673 2792 3739 illud
2826 3673 2998 3757 quod
3033 3672 3331 3755 objicitur
3356 3671 3434 3736 de
3475 3673 3858 3754 Augustino,

2332 3783 2504 3866 quod
2523 3781 2935 3865 cogitationes
2959 3784 3312 3859 noverunt3
3336 3780 3678 3845 dicendum
3699 3781 3859 3864 quod

2331 3889 2618 3973 loquitur
2645 3890 2723 3956 de
2749 3890 3110 3971 cognitione
3135 3891 3550 3973 conjecturae,
3575 3906 3707 3955 non
3732 3908 3864 3954 cer-

2330 4002 2416 4062 1ae
2440 3998 2743 4062 scientiae.

2412 4110 2473 4169 4.
2504 4106 2602 4171 Ad
2624 4105 2783 4169 illud
2802 4105 2975 4187 quod
3002 4104 3322 4187 objicitur,
3349 4104 3521 4186 quod
3548 4103 3759 4169 notior
3777 4107 3865 4169 est

2331 4211 2635 4296 operatio,
2671 4229 2865 4294 quam
2893 4212 3270 4289 substantia3
3307 4210 3653 4275 dicendum
3698 4211 3864 4295 quod

2330 4337 2560 4385 verum
2587 4323 2681 4384 est
2715 4320 2794 4383 de
2828 4320 3195 4401 operatione
3228 4318 3587 4383 extrinseca
3615 4340 3632 4382 :
3663 4318 3740 4383 de
3767 4320 3863 4382 in-

2330 4427 2601 4492 trinseca
2617 4430 2834 4491 autem
2852 4443 2983 4490 non
3007 4424 3198 4490 habet
3214 4444 3464 4508 semper
3489 4426 3858 4491 veritatem:

2331 4535 2550 4599 multae
2584 4535 2759 4598 enim
2808 4551 2911 4598 res
2946 4536 3097 4597 sunt
3142 4533 3324 4597 nobis
3368 4537 3562 4613 notae,
3592 4552 3861 4616 quarum

2329 4643 2601 4709 virtutes
2651 4646 2716 4705 et
2753 4641 3152 4725 operationes
3195 4658 3314 4705 nos
3356 4640 3576 4705 latent.
3627 4639 3741 4706 Vel
3774 4640 3863 4704 di-

2330 4751 2603 4816 cendum
2624 4737 2795 4833 quod
2822 4749 2947 4814 hoc
2966 4748 3183 4816 locum
3199 4747 3391 4813 habet
3410 4749 3480 4812 in
3503 4749 3862 4832 operatione

2329 4858 2627 4937 naturali,
2658 4856 2884 4921 nonin
2910 4856 3275 4939 operatione
3302 4855 3685 4920 voluntaria.
3716 4856 3862 4939 Ope-

2326 4967 2489 5031 ratio
2516 4965 2690 5030 enim
2720 4963 3025 5028 naturalis
3041 5013 3058 5043 ,
3096 4963 3450 5028 secundum
3477 4963 3652 5047 quod
3674 4969 3863 5028 natu-

2328 5075 2478 5139 ralis
2502 5076 2618 5152 est,
2646 5072 2736 5137 ita
2778 5091 2845 5137 se
2887 5071 3263 5137 naturaliter
3301 5074 3454 5135 nata
3497 5076 3594 5135 est
3627 5089 3860 5155 reprae-

2327 5213 2382 5251 n.
2401 5201 2481 5263 81,
2506 5198 2642 5249 inter
2660 5211 2820 5262 opera
2846 5199 2899 5250 S.
2926 5200 3159 5262 August„
3190 5198 3420 5262 Append.
3466 5201 3591 5249 tom.
3636 5199 3766 5250 vm.
3796 5223 3858 5235 -—

2328 5273 2349 5308 ⁸
2368 5273 2531 5334 Scot„
2555 5271 2671 5321 dist.
2696 5281 2748 5321 ix
2777 5270 2926 5335 hujus
2945 5276 3127 5335 quoest.
3151 5282 3208 5333 11,
3238 5270 3311 5321 ibi
3339 5269 3453 5320 :Ad
3466 5274 3569 5320 art.
3588 5273 3636 5331 2,
3660 5269 3858 5320 videtur

2327 5348 2531 5405 tenere,
2561 5343 2698 5407 quod
2737 5342 2949 5406 angelus
2975 5342 3121 5393 alteri
3144 5343 3329 5407 angelo
3365 5355 3472 5392 non
3500 5344 3669 5406 potest
3692 5341 3854 5391 celare

675 5421 737 5472 ιι,
762 5414 899 5463 11.--
930 5414 952 5450 ⁶
972 5416 1080 5466 lmo
1113 5416 1364 5480 Gennad„
1390 5416 1452 5467 de
1477 5416 1689 5506 Eeccles.
1720 5419 1922 5483 noym„
1951 5433 1997 5467 c.
2026 5428 2211 5480 vam,
2324 5414 2598 5466 essentiam
2614 5417 2667 5465 et
2683 5414 3581 5476 intellectionem.-—·.1erem.,m,3.
