4125 6225
715 411 795 471 32
1833 397 2453 466 SENTENTIARUM
2492 399 2639 464 LlB.
2687 399 2736 465 1.

477 558 689 655 11311830·
714 540 829 610 des
856 540 1018 631 ejus,
1050 536 1239 606 Unde
1275 558 1392 628 per
1417 535 1651 606 Isaiam
1693 535 2017 605 Dominus
2044 536 2135 604 ait
2161 541 2180 575 ¹
2213 560 2228 603 :
2264 535 2513 603 Coelum
2540 534 2711 602 mihi
2746 533 2925 603 sedes
2968 547 3063 603 est
3088 587 3105 622 ‚
3139 547 3316 605 terra
3360 547 3586 603 autem
3632 534 3875 605 scabel-

474 625 689 782 {⁴³AEssng
715 656 853 724 lum
874 654 1127 747 pedum
1173 676 1469 722 meorum
1503 679 1525 720 .·
1569 653 1727 745 quia
1764 652 1833 721 in
1881 652 2139 738 electis,
2170 652 2288 743 qui
2324 658 2480 719 sunt
2520 650 2798 737 coelum,
2841 650 3093 720 habitat
3119 650 3296 719 Deus
3340 659 3404 719 et
3444 658 3714 740 regnat,
3761 652 3877 743 qui

476 803 579 856 qui,
602 814 688 844 non
715 774 769 864 ej
780 797 856 841 us
883 771 1213 842 voluntati
1236 770 1468 840 devote
1496 770 1975 862 obtemperant:
2006 769 2213 837 malos
2230 790 2411 853 ver0,
2444 766 2562 859 qui
2589 775 2746 836 sunt
2763 775 2957 853 terra,
2969 766 3621 860 judiciidistrictione
3649 766 3874 836 calcat.

476 865 666 908 ubicum-

476 940 559 983 que
597 932 684 982 m,
712 887 903 957 Unde
929 889 1000 957 in
1026 888 1198 957 libro
1224 888 1590 981 Sapientiae
1616 886 1858 955 dicitur
1881 896 1903 928 ²
1940 911 1955 954 z
1996 912 2031 952 «
2066 884 2366 955 Thronus
2412 883 2789 975 sapientiae,
2833 883 3067 952 anima
3082 883 3262 974 justi
3290 910 3312 950 .·
3339 910 3373 950 »
3409 885 3569 975 quia
3594 883 3666 952 in
3685 883 3882 975 justis

476 994 688 1101 ζξξωί·
712 1005 1062 1096 specialius
1086 1012 1185 1073 est
1209 1027 1409 1096 quam
1438 1004 1510 1071 in
1529 1002 1677 1073 aliis
1700 1004 1923 1089 rebuS,
1954 1002 2026 1071 in
2052 1001 2297 1094 quibus
2314 1009 2532 1070 tamen
2559 1001 2867 1070 omnibus
2893 1007 3066 1070 totus
3092 1009 3210 1069 est.
3244 1027 3280 1067 ε(
3309 1000 3881 1083 Quemadmodum

714 1120 938 1190 anima
975 1120 1100 1211 (ait
1126 1120 1540 1209 Augustinus
1572 1120 1642 1187 in
1670 1118 1942 1211 epistola
1969 1121 1992 1156 ⁸
2016 1118 2101 1187 ad
2128 1117 2609 1210 Hieronymum
2637 1116 2717 1185 de
2744 1117 2997 1209 oriqine
3025 1117 3295 1208 animoe)
3327 1138 3444 1208 per
3469 1139 3698 1186 omnes
3739 1139 3884 1209 par-

714 1236 946 1304 ticulas
971 1236 1260 1328 corporis
1290 1246 1423 1305 tota
1448 1237 1628 1304 adest
1653 1236 1853 1316 simul
1871 1288 1888 1322 ,
1918 1258 2038 1304 nec
2066 1236 2283 1304 minor
2309 1234 2379 1302 in
2411 1235 2779 1303 minoribus
2798 1287 2816 1320 ,
2845 1257 2964 1303 nec
2991 1234 3201 1326 major
3227 1232 3298 1301 in
3323 1233 3680 1325 majoribus
3705 1285 3723 1318 ,
3770 1234 3887 1302 sed

713 1359 930 1421 tamen
959 1353 1030 1420 in
1057 1353 1204 1420 aliis
1233 1353 1586 1435 intensius,
1620 1362 1686 1421 et
1719 1352 1792 1420 in
1841 1351 1989 1420 aliis
2013 1352 2352 1421 remissius
2401 1360 2734 1443 operatur,
2783 1374 2936 1419 cum
2963 1351 3035 1419 in
3071 1349 3349 1438 singulis
3381 1349 3717 1440 particulis
3743 1371 3892 1417 cor-

712 1468 890 1559 poris
916 1468 1344 1536 essentialiter
1386 1474 1523 1537 tota
1561 1469 1645 1535 sit
1679 1494 1693 1535 :
1731 1493 1766 1532 ν»
1812 1468 1905 1536 ita
1931 1474 1996 1536 et
2038 1467 2214 1535 Deus
2238 1519 2255 1553 ,
2287 1489 2438 1535 cum
2476 1467 2560 1534 sit
2587 1465 2656 1534 in
2685 1467 2990 1535 omnibus
3019 1465 3448 1534 essentialiter
3473 1488 3545 1534 ac
3571 1473 3782 1551 totuS,
3814 1464 3889 1532 in

712 1582 847 1651 illis
873 1591 1091 1652 tamen
1136 1584 1398 1675 plenius
1434 1607 1570 1652 esse
1596 1583 1838 1652 dicitur
1878 1606 2044 1675 quos
2087 1582 2451 1668 inhabitat,
2482 1580 2549 1649 id
2587 1590 2722 1667 est,
2767 1582 2838 1650 in
2874 1582 3116 1674 quibus
3146 1580 3238 1649 ita
3263 1591 3391 1667 est,
3440 1589 3516 1648 ut
3548 1581 3742 1649 faciat
3776 1603 3892 1649 eos

714 1700 1037 1791 templum
1065 1723 1287 1768 suum.
1320 1700 1402 1767 Et
1429 1700 1500 1768 hi
1530 1700 1691 1768 tales
1716 1722 1867 1767 cum
1897 1722 1975 1768 eo
2008 1705 2165 1768 sunt
2184 1699 2323 1790 jam
2353 1720 2437 1766 ex
2462 1705 2643 1789 parte
2665 1749 2682 1783 ,
2714 1697 2824 1766 sed
2854 1692 2922 1765 in
2952 1696 3359 1765 beatitudine
3386 1696 3682 1788 perfecte.
3725 1697 3891 1765 Mali

714 1837 872 1884 vero
898 1868 914 1900 ,
947 1815 1066 1884 etsi
1092 1815 1187 1883 ibi
1215 1815 1344 1883 sint
1373 1816 1490 1883 ubi
1517 1815 1654 1905 ipse
1681 1822 1776 1884 est
1798 1869 1816 1903 ,
1849 1815 1968 1907 qui
1994 1837 2326 1906 nusquam
2354 1815 2573 1899 deest,
2619 1836 2754 1881 non
2781 1820 3002 1881 tamen
3029 1820 3184 1880 sunt
3208 1835 3360 1881 cum
3385 1834 3483 1881 eo.
3527 1813 3717 1882 Unde
3746 1814 3896 1881 Au-

715 1930 1044 2018 gustinuS,
1074 1953 1265 2023 super
1290 1933 1618 2000 Ioannem
1638 1938 1660 1973 ¹·
1693 1957 1714 1998 .-
1752 1957 1786 1995 «
1811 1931 1960 1999 Non
1988 1929 2144 2000 satis
2168 1930 2297 1999 fuit
2320 1930 2534 2000 dicere
2571 1956 2587 1998 z
2629 1930 2747 1998 Ubi
2773 1953 2887 2022 eqo
2911 1953 3082 2013 sum,
3117 1939 3178 2002 et
3203 1929 3308 1999 illi
3332 1931 3468 1999 sint
3485 1954 3514 2014 ,·
3538 1929 3650 1999 sed
3675 1929 3889 2019 addit,

716 2069 1010 2129 mecum,
1045 2047 1204 2139 quia
1228 2056 1293 2116 et
1321 2048 1414 2116 ibi
1443 2047 1663 2116 miseri
1689 2056 1962 2139 possunt
1988 2069 2125 2116 esse
2170 2046 2289 2115 ubi
2328 2054 2394 2115 et
2445 2046 2558 2115 ille
2602 2054 2738 2133 est,
2784 2047 2904 2138 qui
2939 2069 3268 2139 nusquam
3308 2046 3505 2116 deest.
3545 2046 3673 2115 Sed
3712 2047 3894 2115 beati

716 2171 872 2231 sunt
896 2186 1047 2232 cum
1077 2163 1229 2249 illo,
1261 2164 1420 2256 quia
1447 2185 1582 2232 non
1609 2171 1766 2232 sunt
1790 2164 1963 2232 beati
1991 2163 2228 2232 nisiex
2255 2186 2332 2232 eo
2370 2163 2548 2255 quod
2578 2185 2730 2234 cum
2765 2163 2883 2231 illo
2911 2171 3068 2232 suut
3088 2216 3105 2250 ,
3141 2163 3260 2255 qui
3300 2164 3619 2232 fruuntur
3663 2186 3741 2232 eo
3764 2215 3783 2250 ,
3825 2173 3897 2232 et

715 2278 944 2347 vident
969 2279 1161 2348 illum
1192 2280 1360 2348 sicut
1387 2287 1502 2349 est.
1537 2280 1696 2348 Mali
1724 2302 1881 2349 vero
1906 2302 2039 2349 non
2068 2288 2223 2348 sunt
2247 2302 2398 2349 cum
2428 2279 2579 2366 illo,
2619 2288 2695 2349 ut
2736 2279 2886 2349 caeci
2925 2280 2998 2348 in
3024 2280 3196 2348 luce.
3236 2280 3368 2349 Nec
3394 2280 3551 2349 boni
3577 2280 3670 2348 ita
3705 2302 3898 2348 nunc

717 2402 873 2464 sunt
898 2417 1051 2464 cum
1077 2418 1154 2464 eo
1182 2404 1257 2463 ut
1280 2396 1545 2464 videant
1569 2419 1684 2488 per
1703 2397 2006 2488 speciem,
2030 2397 2151 2465 etsi
2178 2403 2335 2465 sunt
2351 2395 2577 2487 aliquo
2593 2395 2786 2465 modo
2812 2418 2966 2465 cum
2992 2419 3069 2464 eo
3085 2419 3201 2488 per
3221 2396 3442 2465 fidem.
3466 2423 3499 2462 »
3525 2396 3672 2479 Quo
3690 2396 3895 2464 modo

718 2519 938 2579 autem
967 2511 1141 2578 Deus
1169 2511 1418 2579 habitet
1455 2513 1526 2579 in
1564 2512 1787 2595 boniS,
1820 2535 1902 2580 ex
1944 2513 2080 2581 illis
2108 2513 2523 2605 aliquatenus
2550 2512 2916 2602 intelligere
2945 2514 3193 2583 valebis
3214 2566 3232 2600 ,
3264 2536 3413 2605 quae
3440 2536 3639 2605 supra
3663 2520 3685 2554 ⁸
3713 2512 3898 2582 dicta

717 2636 907 2713 sunt,
940 2651 1091 2696 cum
1121 2628 1200 2696 de
1228 2627 1513 2720 Spiritus
1540 2630 1745 2697 sancti
1779 2630 2186 2721 processione
2228 2630 2571 2721 temporali
2599 2638 2927 2718 ageretur,
2968 2629 3079 2699 ubi
3119 2631 3302 2720 (licet
3333 2652 3412 2700 ex
3447 2629 3656 2720 parte)
3689 2651 3899 2721 expo-

718 2743 903 2811 nitur
947 2743 1065 2833 (eoe
1095 2756 1302 2836 parte
1341 2744 1518 2812 enim
1565 2746 2013 2837 coquoscimus
2040 2800 2060 2828 ,
2106 2758 2171 2813 et
2225 2769 2304 2814 ex
2327 2757 2532 2838 parte
2567 2745 3040 2837 prophetamus
3083 2747 3144 2836 ⁶)
3191 2768 3323 2838 quo
3363 2745 3555 2814 modo
3602 2744 3898 2836 Spiritus

721 2868 983 2927 sanctus
1009 2859 1259 2928 habitet
1283 2859 1355 2927 in
1382 2861 1571 2930 nobis
1592 2914 1609 2947 ,
1640 2862 1760 2952 qui
1787 2884 1923 2929 non
1951 2862 2093 2930 sine
2120 2862 2317 2932 Patre
2341 2869 2406 2930 et
2431 2861 2601 2931 Filio
2628 2862 2975 2931 inhabitat.

484 2988 569 3033 um
602 2992 695 3031 em
810 2976 882 3045 Si
916 2984 1136 3045 autem
1158 2977 1449 3074 quaeri&
1492 2977 1611 3045 ubi
1654 2977 1993 3046 habitabat
2035 2978 2213 3047 Deus
2252 2987 2604 3071 antequam
2652 2978 2872 3049 Sancti
2917 2987 3164 3063 essent3
3207 2979 3485 3049 dicimus
3519 2979 3680 3072 quia
3707 2980 3778 3048 in
3821 3003 3900 3050 se

481 3052 553 3094 vel
575 3051 694 3094 habi-

519 3114 640 3219 m
720 3092 1057 3162 habitabat
1089 3118 1104 3161 ε
1137 3092 1313 3161 unde
1338 3093 1788 3183 AugustinuS,
1821 3094 1893 3162 in
1919 3094 2091 3164 libro
2120 3094 2311 3165 tertio
2338 3103 2564 3166 contra
2589 3095 3026 3165 Maximinum
3061 3124 3076 3165 :
3117 3123 3153 3164 c<
3176 3096 3253 3167 In
3283 3095 3526 3189 templo
3546 3149 3564 3183 ,
3596 3096 3818 3190 inquit
3839 3103 3893 3182 ⁶¹,

524 3242 647 3281 ante-
720 3231 840 3278 suo
868 3208 1121 3279 habitat
1145 3208 1320 3277 Deus
1344 3261 1361 3294 ,
1391 3209 1634 3277 scilicet
1661 3210 1733 3278 in
1759 3211 1996 3279 sanctis
2023 3211 2142 3303 qui
2170 3220 2324 3281 sunt
2354 3213 2674 3304 templum
2708 3212 2826 3281 Dei
2872 3212 3069 3282 modo
3106 3213 3466 3282 secundum
3505 3212 3702 3282 fidem
3751 3236 3902 3282 am-

527 3312 654 3406 ἓὲεῗ
721 3325 1062 3409 bulanteS,
1122 3331 1185 3393 et
1222 3324 1543 3416 templum
1592 3325 1710 3393 Dei
1755 3333 1951 3397 erunt
1989 3328 2347 3419 aliquando
2388 3329 2746 3399 secundum
2794 3331 3071 3422 speciem
3095 3383 3114 3417 ,
3162 3331 3446 3423 qualiter
3487 3331 3685 3399 etiam
3711 3354 3902 3399 nunc

483 3433 693 3474 emtum.
724 3441 1043 3533 templum
1074 3440 1191 3508 Dei
1217 3449 1373 3509 sunt
1400 3442 1663 3531 Angeli.
1696 3441 1826 3510 Sed
1856 3443 2026 3512 dicat
2050 3443 2294 3535 aliquis
2326 3470 2342 3512 ε
2372 3446 2746 3538 Antequam
2773 3446 3010 3515 faceret
3039 3446 3214 3514 Deus
3243 3445 3483 3515 coelum
3527 3455 3594 3515 et
3614 3454 3895 3536 terram,

723 3565 1078 3649 antequam
1128 3556 1365 3625 faceret
1408 3567 1693 3645 sanct03,
1740 3559 1856 3627 ubi
1901 3558 2292 3629 habitabat?
2330 3561 2407 3629 In
2443 3585 2510 3630 se
2547 3561 2880 3631 habitabat
2916 3562 3111 3632 Deus.
3157 3563 3356 3654 Apud
3391 3586 3458 3630 se
3494 3562 3780 3650 habitat,
3830 3576 3902 3633 et

722 3673 896 3765 apud
926 3695 993 3741 se
1020 3680 1138 3741 est.
1171 3672 1320 3741 Non
1356 3695 1511 3763 ergo
1565 3675 1767 3744 sancti
1811 3675 1903 3743 sic
1947 3684 2104 3744 sunt
2136 3676 2374 3746 domus
2399 3676 2552 3763 Dei,
2582 3687 2659 3746 ut
2685 3701 2763 3747 ea
2808 3679 3138 3748 subtracta
3170 3678 3358 3747 cadat
3391 3678 3588 3749 Deus.
3620 3678 3766 3747 Imo
3802 3679 3902 3748 sic

721 3788 972 3857 habitat
998 3788 1173 3857 Deus
1200 3789 1272 3856 in
1300 3789 1536 3878 sanctis
1555 3842 1571 3874 ,
1604 3799 1681 3858 ut
1715 3791 1770 3858 si
1796 3791 1935 3883 ipse
1962 3791 2358 3879 discesserit,
2388 3794 2645 3862 cadant.

484 3931 697 4038 mugit
811 3904 1164 3974 Sciendum
1186 3911 1283 3972 est
1307 3905 1529 3991 etiam,
1554 3906 1713 3997 quia
1737 3908 1833 3997 (ut
1851 3908 1942 3976 ait
1964 3918 1986 3953 ⁸
2002 3907 2073 3976 S.
2089 3909 2503 3997 Augustinus
2521 3909 2591 3977 in
2618 3909 2790 3978 libro
2814 3910 2896 3978 ad
2914 3909 3314 4001 Dardanum)
3338 3910 3465 3979 dici
3492 3911 3623 3979 nisi
3646 3911 3902 3981 stultis-

486 4056 594 4100 νῆα
614 4057 693 4100 do-
723 4044 883 4090 s1me
912 4021 1178 4114 nequit,
1209 4019 1534 4113 Spiritum
1561 4031 1857 4091 sanctum
1885 4046 2020 4092 non
2046 4024 2288 4093 habere
2313 4024 2529 4094 locum
2558 4025 2629 4093 in
2655 4032 2877 4094 nostro
2902 4047 3195 4116 corpore,
3224 4026 3402 4117 quod
3431 4035 3642 4095 totum
3669 4029 3901 4097 anima

485 4124 554 4162 cet
565 4153 577 4174 ,
599 4132 695 4174 quae

510 4182 671 4224 confi„
723 4146 944 4207 nostra
971 4136 1366 4228 impleverit.
1401 4135 1686 4205 Stultius
1723 4138 1964 4207 dicitur
1989 4140 2187 4207 etiam
2215 4140 2535 4229 angustiis
2560 4140 2803 4209 alicubi
2843 4140 3149 4232 impediri
3190 4141 3579 4211 Trinitatem
3601 4194 3619 4228 ,
3654 4150 3731 4212 ut
3769 4143 3902 4212 Pa-

486 4248 690 4361 pssffiss„
724 4263 846 4341 ter,
874 4261 939 4323 et
965 4253 1206 4342 Filius,
1257 4261 1321 4321 et
1349 4252 1636 4344 Spiritus
1662 4262 1925 4323 sanctus
1950 4255 2193 4323 alicubi
2221 4256 2421 4325 simul
2449 4279 2584 4326 esse
2612 4279 2746 4325 non
2774 4257 3043 4348 possint.
3087 4257 3331 4326 Verum
3359 4258 3528 4326 illud
3556 4267 3651 4327 est
3680 4261 3900 4328 multo

724 4370 1118 4454 mirabiliuS,
1151 4369 1331 4461 quod
1362 4391 1515 4438 cum
1545 4369 1718 4438 Deus
1744 4371 1993 4464 ubique
2020 4372 2105 4439 sit
2131 4378 2332 4458 totus,
2361 4396 2498 4442 non
2526 4381 2745 4442 tamen
2773 4372 2844 4440 in
2873 4373 3179 4442 omnibus
3205 4373 3477 4442 habitat.
3510 4373 3673 4454 Quis
3697 4398 3901 4467 porro

723 4486 959 4555 audeat
983 4482 1279 4577 opinari,
1314 4485 1443 4554 nisi
1487 4486 2104 4577 inseparabilitatem
2134 4487 2475 4557 Trinitatis
2504 4489 2766 4581 penitus
2802 4489 3096 4576 ignoret,
3128 4488 3308 4580 quod
3343 4489 3415 4556 in
3439 4489 3666 4581 aliquo
3693 4492 3903 4582 possit

725 4603 1019 4672 habitare
1040 4603 1260 4689 Pater,
1294 4609 1358 4669 et
1396 4601 1608 4670 Filius
1629 4656 1647 4689 ,
1687 4603 1760 4671 in
1794 4626 1928 4695 quo
1955 4627 2091 4673 non
2132 4604 2380 4674 habitet
2425 4604 2708 4697 Spiritus
2752 4610 3049 4673 sanctus?
3085 4613 3201 4674 aut
3235 4605 3302 4672 in
3349 4606 3572 4699 aliquo
3609 4607 3903 4700 Spiritus

725 4727 1016 4806 sanctUS,
1047 4718 1118 4786 in
1146 4741 1280 4810 quo
1309 4741 1443 4788 non
1468 4719 1716 4789 habitet
1743 4720 1968 4807 Pater,
2001 4730 2066 4789 et
2091 4721 2353 4790 Filius?
2382 4721 2751 4791 Fatendum
2776 4745 2931 4811 ergo
2973 4730 3069 4791 est
3096 4722 3345 4813 ubique
3372 4745 3507 4793 esse
3536 4723 3751 4793 Deum
3781 4748 3906 4818 per

725 4835 1087 4907 divinitatis
1110 4836 1551 4927 praesentiam,
1587 4837 1697 4906 sed
1728 4838 2141 4930 non-ubique
2179 4860 2293 4929 per
2320 4838 2812 4908 inhabitationis
2846 4838 3148 4928 gratiam.
3191 4838 3471 4931 Propter
3503 4839 3672 4910 hanc
3718 4843 3906 4911 enim

726 4953 1268 5025 inhabitationem
1294 4953 1547 5042 gratiae,
1580 4975 1714 5023 non
1742 4954 2021 5024 dicimus
2054 4981 2070 5023 ε
2111 4981 2147 5021 α
2164 4955 2358 5023 Pater
2386 4962 2605 5025 noster
2630 4956 2750 5048 qui
2775 4978 2844 5027 es
2870 4955 3117 5048 ubique
3136 5008 3153 5043 ‚
3181 4981 3216 5022 >³
3235 4979 3388 5026 cum
3417 4964 3483 5026 et
3508 4957 3633 5027 hoc
3660 4980 3904 5029 verum

796 5185 813 5219 ¹
838 5184 978 5247 lsai„
1003 5191 1147 5244 LXVI,
1170 5183 1218 5231 ¹.
1233 5205 1298 5217 —
1315 5180 1338 5214 ¹
1356 5178 1496 5244 Sap„
1523 5190 1570 5244 1,
1593 5182 1643 5243 4,
1671 5179 1746 5230 sic
1761 5178 1948 5232 habet:
1976 5184 2032 5233 In
2061 5182 2354 5234 malevolam
2374 5184 2598 5234 animam
2617 5198 2715 5233 non
2733 5183 2968 5234 introibit
2983 5184 3249 5250 sapientia.
3274 5184 3330 5234 ln
3346 5183 3482 5236 libro
3505 5185 3738 5238 Proverb.
3763 5186 3898 5251 legi·

729 5259 813 5306 tur
828 5253 1116 5318 expressius
1133 5250 1282 5316 juxta
1303 5251 1566 5315 Septuag„
1588 5262 1699 5314 nv,
1717 5253 1811 5302 33:
1836 5253 1892 5303 ln
1911 5253 2057 5303 corde
2082 5253 2204 5305 bono
2226 5256 2329 5305 viri
2350 5256 2682 5319 sapientia.—
2699 5254 2722 5290 ⁸
2739 5259 2892 5320 Aug„
2924 5255 3085 5320 Epist.
3108 5266 3293 5318 xxvm,
3321 5268 3370 5304 c.
3393 5268 3450 5319 n,
3476 5257 3545 5306 al.
3570 5269 3743 5321 cmvi,
3769 5272 3807 5308 n
3847 5262 3902 5309 4.

729 5326 814 5363 —-¹·
831 5326 978 5388 Aug„
1009 5324 1062 5370 in
1088 5323 1232 5371 Joan.
1254 5323 1418 5372 Tract.
1442 5333 1549 5371 cx1.
1568 5347 1632 5359 —
1657 5321 1679 5357 ⁸
1696 5322 1825 5373 Dist.
1848 5335 1959 5374 x1v.
1980 5350 2041 5363 —
2066 5327 2086 5358 ⁸
2106 5326 2126 5376 1
2160 5326 2295 5388 Cor„
2317 5338 2436 5391 1111,
2452 5329 2500 5376 9.
2520 5351 2583 5363 -
2600 5326 2623 5361 '¹
2643 5328 2791 5390 Aug,
2822 5328 2967 5377 cont.
2998 5326 3386 5389 Maximin.‚lib.
3410 5328 3500 5390 111,
3517 5328 3584 5380 al.
3609 5329 3685 5392 11,
3714 5343 3761 5380 c.
3783 5340 3903 5392 xxx,

729 5399 783 5446 et
801 5395 892 5445 lib.
919 5396 988 5458 ιι,
1017 5392 1083 5444 at.
1116 5394 1171 5457 l,
1198 5404 1418 5444 c.11.--
1438 5392 1462 5428 ⁸
1482 5395 1631 5457 Aug„
1657 5393 1823 5457 Epist.
1848 5406 1978 5458 nvn,
2005 5395 2072 5446 al.
2109 5407 2376 5449 ccxxxvii.
