4125 6225
1163 435 1361 502 DIST.
1405 431 1563 502 xw.
1609 431 1840 502 PART.
1886 435 1936 503 1.
1980 435 2163 503 ART.
2210 439 2258 503 1.
2300 437 2596 517 QUAEST.
2641 439 2693 505 I.

339 571 777 637 inordinatum
803 572 886 635 sit
908 585 1166 654 ponere,
1187 568 1358 654 quod
1380 571 1637 655 aliquod
1661 573 1743 637 sit
1760 589 1881 638 θω-

336 679 479 744 lum
504 695 809 763 aqueum,
841 678 1013 762 quod
1039 679 1121 743 sit
1144 697 1426 744 sursum.

418 792 480 851 3.
511 787 672 852 Item
697 803 967 870 corpora
990 786 1218 852 mundi
1242 788 1621 852 ordinantur
1652 805 1881 852 secun-

339 894 497 959 dum
533 895 660 977 maj
669 911 848 959 orem
873 894 1290 975 nobilitatem,
1329 897 1393 958 et
1433 895 1775 972 minorem;
1820 897 1884 958 et

340 1020 573 1086 corpus
600 1004 776 1086 quod
799 1002 1079 1067 nobilius
1107 1006 1224 1079 est,
1269 1002 1566 1085 superius
1592 1003 1878 1066 locatur:

340 1127 497 1191 ergo
524 1110 579 1173 si
605 1128 774 1193 aqua
798 1110 1017 1174 minus
1042 1109 1274 1174 nobilis
1299 1113 1416 1187 est,
1439 1128 1633 1192 quam
1658 1111 1881 1176 firma-

340 1221 655 1297 mentum,
698 1235 855 1298 ergo
900 1231 1234 1300 nunquam
1261 1216 1525 1281 locanda
1560 1219 1655 1282 θεῖ
1689 1234 1884 1302 supra

340 1326 842 1389 firmamentum.

419 1437 483 1496 4.
518 1430 677 1495 Item
712 1448 979 1513 corpora
1008 1430 1236 1496 mundi
1268 1430 1646 1496 ordinantur
1675 1431 1797 1496 sub
1820 1434 1884 1496 et

340 1556 535 1622 supra
551 1587 570 1619 ,
597 1539 951 1604 seclmdum
991 1542 1303 1621 majorem
1342 1538 1753 1603 subtilitatem
1770 1589 1788 1619 ,
1819 1541 1884 1604 et

342 1647 657 1712 minorem
674 1695 690 1724 ,
717 1649 782 1711 et
805 1645 1158 1711 secundum
1186 1648 1496 1728 majorem
1522 1647 1842 1710 raritatem
1857 1695 1876 1727 ,

341 1758 404 1818 et
423 1755 734 1818 minorem
755 1775 770 1817 :
795 1753 904 1817 sed
923 1770 1033 1817 aer
1050 1752 1341 1817 subtilior
1357 1758 1453 1817 est
1469 1771 1667 1836 quam
1688 1771 1876 1835 aqua,

341 1864 404 1924 et
433 1861 658 1940 rarior,
692 1866 756 1924 et
785 1860 1076 1924 similiter
1104 1859 1323 1941 ignis:
1351 1878 1509 1942 ergo
1543 1879 1881 1944 nunquam

342 1987 511 2052 aqua
544 1968 701 2033 adeo
741 1969 970 2051 poterit
1001 1967 1286 2032 rarefleri
1303 2016 1321 2047 ,
1361 1971 1436 2031 ut
1476 1967 1558 2030 sit
1591 1967 1881 2033 subtilior

340 2094 486 2140 aere
523 2080 586 2140 et
625 2076 778 2157 igne
808 2099 823 2141 :
856 2094 1013 2157 ergo
1052 2093 1389 2157 nunquam
1416 2073 1671 2140 videtur
1709 2077 1881 2158 quod

337 2184 536 2267 possit
570 2183 1022 2250 convenienter
1061 2201 1257 2267 supra
1300 2183 1525 2265 ignem
1565 2186 1628 2248 et
1667 2203 1879 2249 aerem

338 2291 652 2356 collocari.

419 2403 480 2463 5.
504 2396 662 2462 Item
685 2397 1056 2462 habentium
1079 2397 1370 2462 eamdem
1392 2402 1688 2463 naturam
1711 2399 1879 2464 idem

339 2510 434 2570 est
450 2506 629 2570 locus
649 2525 666 2569 ε
687 2506 840 2588 quia
856 2506 1029 2570 enim
1046 2506 1268 2570 eadem
1286 2509 1382 2569 est
1398 2509 1629 2570 natura
1648 2507 1876 2588 glebae,

337 2618 401 2678 et
427 2614 624 2678 totius
652 2616 871 2691 terrae,
903 2613 1073 2677 idem
1098 2616 1193 2677 est
1216 2613 1394 2677 locus
1423 2612 1657 2693 glebae,
1690 2616 1752 2677 et
1779 2618 1879 2678 to-

335 2720 466 2786 tius
490 2725 679 2785 terrae
705 2742 719 2783 :
742 2738 900 2801 ergo
926 2719 1098 2783 idem
1122 2723 1219 2784 est
1241 2719 1418 2783 locus
1442 2720 1642 2802 hujus
1667 2739 1875 2803 aquae,

335 2832 401 2893 et
426 2829 625 2893 totius
650 2847 835 2911 aquae
867 2847 883 2891 ε
916 2846 1075 2910 ergo
1101 2828 1154 2891 si
1179 2828 1398 2911 aliqua
1421 2846 1590 2910 aqua
1613 2831 1878 2893 natura-

333 2935 483 3001 liter
505 2939 602 3000 est
619 2937 814 3018 Juxta
846 2940 1082 3000 terram
1100 2984 1117 3014 ,
1149 2952 1305 3016 ergo
1333 2937 1398 2998 et
1428 2935 1639 2999 omnis
1662 2954 1830 3018 aqua
1857 2958 1871 3000 :

332 3063 494 3127 ergo
502 3045 757 3109 videtur
770 3044 942 3128 quod
956 3044 1210 3107 nullum
1225 3043 1305 3106 sit
1321 3042 1554 3108 coelum
1570 3062 1871 3128 aqueum.

333 3151 402 3218 Si
427 3157 499 3217 tu
523 3152 716 3232 dicas,
747 3152 918 3234 quod
942 3170 1076 3215 non
1099 3154 1196 3215 est
1220 3152 1566 3233 quaerenda
1588 3152 1693 3215 hic
1714 3152 1876 3217 ratio

332 3265 584 3326 naturae
602 3309 619 3340 ,
654 3260 807 3343 quia
845 3259 968 3324 hoc
1002 3261 1076 3324 fit
1105 3259 1341 3324 virtute
1376 3259 1611 3325 divinae
1649 3264 1876 3342 poten-=

330 3367 470 3446 tiae3
500 3365 669 3429 hanc
693 3365 1170 3448 responsionem
1196 3365 1430 3429 refutat
1446 3364 1871 3446 Augustinus,

330 3490 522 3554 super
543 3473 836 3539 Genesim
858 3471 946 3537 acl
968 3472 1277 3550 litteram,
1302 3472 1599 3554 inquiens
1616 3475 1634 3509 ²
1655 3495 1670 3537 ε
1692 3497 1724 3536 α
1748 3472 1875 3539 Nec

330 3582 674 3664 quisquam
701 3581 868 3645 dicat
893 3581 1036 3645 haec
1061 3580 1522 3663 omnipotentia
1549 3580 1658 3645 Dei
1685 3568 1825 3644 fleri
1853 3604 1868 3646 ε

330 3688 602 3770 qualiter
634 3688 810 3752 enim
846 3687 1013 3751 Deus
1051 3689 1312 3750 naturas
1348 3687 1598 3766 fecerit,
1629 3689 1872 3771 quaeri—

328 3797 469 3868 tur,
513 3812 645 3857 non
684 3794 838 3876 quid
880 3794 957 3858 de
1001 3794 1105 3858 his
1150 3811 1263 3876 per
1302 3793 1689 3858 miraculum
1735 3813 1869 3860 suae

328 3902 626 3985 potentiae
653 3907 974 3985 operetur.
1006 3924 1037 3962 ι)

408 4014 469 4072 6.
519 4009 678 4073 Item
722 4027 945 4092 quaero
990 4008 1071 4072 ad
1114 4008 1268 4092 quid
1317 4009 1536 4092 positae
1583 4015 1734 4075 sunt
1773 4010 1868 4074 ibi

326 4136 535 4200 aquae.
555 4116 620 4181 Si
644 4118 724 4181 ad
745 4117 1256 4199 refrigerandum
1278 4117 1554 4181 calorem
1574 4117 1866 4199 igneum,

326 4224 497 4306 quod
543 4223 812 4306 quidem
846 4223 1098 4289 videtur
1124 4225 1148 4260 ²
1186 4226 1444 4306 propter
1486 4225 1610 4289 hoc
1628 4273 1647 4304 ,
1699 4226 1870 4307 quod

327 4330 642 4396 Saturnus
655 4379 672 4410 ,
704 4331 820 4413 qui
851 4348 1192 4414 supremus
1222 4335 1315 4395 est
1349 4332 1516 4397 inter
1551 4333 1868 4417 planetaS,

326 4443 390 4503 et
411 4439 803 4504 velocissime
827 4443 1148 4518 movetur,
1174 4443 1238 4502 et
1265 4439 1352 4503 ita
1379 4454 1461 4503 ex
1482 4443 1666 4505 motu
1685 4441 1869 4507 debet

326 4565 462 4612 essc
484 4546 765 4625 calidior,
789 4549 1008 4611 tamen
1033 4546 1484 4628 frigidissimus
1509 4552 1634 4630 est,
1660 4553 1724 4614 et
1746 4550 1869 4614 hoc

325 4671 456 4717 non
484 4653 610 4716 nisi
636 4656 893 4736 propter
916 4672 1116 4736 aquas
1140 4653 1304 4732 illas,
1336 4657 1412 4719 ut
1435 4654 1721 4735 videtum
1753 4657 1868 4720 ob-

318 4763 543 4846 Jieitur
567 4768 786 4828 contra
807 4764 953 4841 hoc,
979 4764 1135 4846 quia
1161 4765 1215 4826 si
1239 4782 1426 4847 aquae
1451 4766 1580 4831 illae
1603 4771 1870 4850 possunt

325 4868 698 4950 infrigidare
737 4868 1011 4934 calorem
1046 4870 1195 4934 solis
1229 4874 1292 4935 et
1332 4872 1608 4937 aliorum
1638 4893 1868 4959 corpo-

323 4995 474 5042 rum
489 5023 506 5053 ,
537 4995 694 5058 ergo
721 4979 943 5043 eadem
967 4978 1212 5043 ratione
1240 4984 1508 5063 possunt
1532 4982 1613 5046 ab
1641 4982 1731 5046 eis
1757 5001 1867 5047 ca-

323 5082 525 5147 lefieri
555 5105 570 5146 :
606 5102 766 5166 ergo
808 5089 873 5148 et
916 5086 1210 5150 consumi
1241 5107 1257 5147 ε
1291 5089 1355 5151 θῖ
1396 5087 1486 5152 ita
1527 5088 1867 5172 aliquando

324 5190 600 5255 totaliter
622 5197 1184 5276 corrumperentur
1209 5211 1226 5257 :
1252 5195 1426 5277 quod
1451 5200 1546 5261 est
1569 5197 1865 5265 inconve-

395 5300 410 5363 Α·
433 5336 586 5397 Aug„
611 5334 673 5384 de
697 5336 821 5385 Gen.
842 5337 911 5387 aa
936 5337 1063 5402 litt„
1090 5337 1179 5388 ιῑιι.
1204 5339 1285 5403 ιι,
1311 5353 1358 5390 0.
1378 5352 1417 5404 1,
1446 5353 1501 5391 ιι.
1522 5343 1570 5392 2.
1596 5367 1649 5378 -
1668 5340 1862 5406 ἰωὰ,

390 5420 462 5484 (a)
491 5420 611 5475 Cat.
632 5423 757 5475 edit.
784 5437 949 5489 aque.

3420 443 3538 506 567

1994 572 2201 639 niens.
2224 571 2546 652 Quaeritur
2567 592 2726 656 ergo
2750 576 2935 657 quus
2959 577 3209 640 naturae
3232 578 3388 641 sunt
3411 575 3539 642 fflae

1993 700 2181 765 aquae
2198 733 2216 763 ,
2254 687 2318 748 et
2359 701 2478 766 pro
2525 686 2763 766 quanto
2814 683 3045 747 coelum
3089 681 3247 748 illud
3290 683 3539 748 dicatur

1993 808 2276 872 aqueum
2325 814 2340 856 :
2385 791 2441 855 si
2496 791 2669 854 enim
2724 780 2984 873 propter
3031 795 3333 856 naturam
3384 810 3538 874 per·-

1993 897 2344 980 spicuitatis
2364 945 2382 976 ,
2434 901 2593 962 tunc
2647 914 2837 961 omne
2894 896 3128 962 coelum
3179 897 3365 963 debet
3411 897 3537 963 dici

1992 1024 2294 1089 aqueum.

2540 1153 2991 1222 CONCLUSIO.

1993 1310 2177 1385 Supra
2203 1314 2599 1382 firmamentum
2636 1313 2711 1367 eet
2754 1311 2974 1376 coelum,
3014 1309 3156 1382 quod
3190 1324 3417 1381 aquaem
3462 1309 3537 1384 (α)

2067 1401 2270 1457 dicitur
2299 1404 2526 1474 propter
2564 1401 3027 1474 transparentiam
3072 1404 3125 1458 et
3166 1400 3539 1472 miditatem

2066 1490 2377 1547 virtualem.

2075 1647 2259 1731 Resp.
2291 1648 2370 1713 ad
2395 1647 2555 1730 Arg.
2580 1648 2681 1713 Ad
2708 1645 3159 1731 praedictorum
3179 1645 3540 1730 intelligen-

1992 1754 2148 1820 tiam
2175 1760 2272 1821 est
2294 1754 2679 1832 notandum,
2712 1755 2884 1837 quod
2912 1754 2983 1818 in
3013 1751 3133 1819 hac
3162 1755 3533 1838 quaestione,

1991 1869 2250 1945 propter
2287 1863 2716 1930 diversitatem
2752 1861 3141 1944 positionum
3161 1911 3178 1941 ,
3212 1861 3276 1924 et
3310 1860 3537 1925 debili·—

1991 1972 2187 2034 tatem
2223 1970 2546 2034 rationum
2565 2017 2581 2047 ‚
2612 1968 2725 2034 vix
2765 1971 2969 2051 potest
3002 1966 3244 2050 aliquid
3290 1969 3538 2032 certum

1992 2076 2150 2156 dici3
2190 2077 2298 2141 sed
2338 2073 2725 2159 ex'quadam
2756 2076 3139 2158 proprietate
3173 2080 3238 2141 et
3278 2079 3539 2160 conjec-

1989 2186 2138 2249 tura
2163 2203 2247 2249 ex
2267 2185 2532 2250 diversis
2553 2182 2976 2266 positionibus
3004 2183 3208 2265 potest
3230 2183 3383 2265 eligi
3404 2202 3539 2248 una

1990 2291 2291 2374 quaedam
2315 2292 2545 2369 sobria,
2567 2308 2715 2374 quae
2736 2290 2902 2354 inter
2923 2291 3117 2355 fidem
3139 2294 3202 2355 et
3222 2291 3535 2356 rationem

1989 2400 2240 2468 incedat
2288 2399 2473 2482 quasi
2516 2399 2793 2481 quadam
2838 2397 3051 2462 media
3094 2398 3223 2464 via.
3273 2396 3538 2480 Propter
3563 2432 3696 2490 oph,
3734 2438 3773 2479 1,

1989 2506 2163 2588 quod
2198 2506 2553 2570 notandum
2592 2509 2684 2569 est
2701 2554 2719 2584 ,
2758 2505 2929 2587 quod
2964 2505 3163 2587 aliqui
3203 2508 3537 2588 sequentes

1988 2615 2163 2681 viam
2185 2614 2478 2693 rationis„
2508 2617 2571 2677 et
2594 2612 2938 2677 mundanae
2962 2612 3379 2695 philosophias
3394 2662 3412 2693 ,
3438 2613 3537 2676 di-

1988 2727 2257 2802 xerunt,
2284 2721 2457 2805 quod
2483 2739 2679 2804 supra
2702 2722 3181 2784 firmamentum
3198 2769 3216 2800 ,
3244 2721 3417 2802 quod
3443 2723 3538 2785 est

1987 2829 2224 2894 coelum
2258 2828 2577 2893 sidereum
2597 2877 2615 2908 ,
2647 2828 2845 2892 nullae
2886 2829 3039 2892 sunt
3078 2845 3265 2911 aquae
3305 2845 3535 2911 corpo-

1986 2938 2152 3002 rales
2171 2986 2189 3014 ,
2238 2941 2300 3001 et
2335 2935 2666 3020 Scriptura
2702 2951 2879 3000 sacra
2918 2933 3192 3016 intelligi
3230 2931 3431 2998 debet‘
3458 2933 3535 2999 de

1986 3045 2169 3128 aquis
2196 3042 2656 3127 spiritualibus.
2681 3040 2863 3119 Quod
2889 3039 2941 3105 si
2971 3039 3203 3104 alicubi
3230 3039 3301 3103 in
3327 3038 3534 3124 Scrip-

1984 3156 2133 3217 tura
2157 3152 2411 3235 legatur
2432 3152 2509 3216 de
2535 3150 2672 3215 istis
2697 3149 2880 3234 aquis
2903 3148 3341 3214 materialibus
3362 3149 3534 3231 quod

1983 3260 2111 3324 sint
2142 3278 2341 3343 supra
2375 3261 2857 3323 firmamentum
2890 3258 3152 3322 elevatae
3169 3307 3186 3338 ,
3220 3260 3377 3321 tunc
3415 3274 3534 3321 no·

1983 3367 2156 3431 mine
2181 3367 2569 3431 firmamenti
2596 3365 2978 3447 intelligitur
3004 3383 3114 3429 aer
3141 3385 3156 3428 ε
3185 3364 3249 3428 θῖ
3275 3367 3532 3433 utrum-

1982 3494 2110 3558 que
2138 3476 2375 3539 horum
2404 3473 2724 3538 dictorum
2757 3470 3021 3537 eliciunt
3047 3488 3131 3535 ex
3157 3472 3370 3536 verbis
3395 3471 3534 3536 Au-

1981 3582 2229 3663 gustini
2257 3605 2272 3644 :
2301 3580 2587 3663 primum
2610 3598 2693 3644 ex
2717 3580 2868 3659 hoc,
2900 3579 3075 3661 quod
3100 3578 3250 3642 dicit
3274 3579 3343 3642 in
3365 3572 3537 3644 lilio

1981 3687 2120 3753 XIII
2155 3690 2656 3770 confessionum,
2690 3686 2861 3769 quod
2886 3686 3013 3750 iflae
3039 3704 3226 3769 aquae
3254 3685 3380 3749 sint
3405 3686 3530 3749 im-

1982 3796 2316 3874 mortales3
2354 3793 2712 3859 secundum
2735 3811 2891 3858 vero
2918 3811 3002 3857 ex
3027 3794 3151 3857 hoc
3177 3793 3351 3875 quod
3376 3792 3529 3857 dicit

1978 3921 2171 3987 super
2194 3902 2484 3969 Genesim
2502 3901 2591 3966 acl
2613 3901 2892 3967 litteram
2908 3900 2956 3981 ⁸,
2985 3899 3158 3984 quod
3180 3900 3303 3964 hoc
3325 3903 3529 3983 potest

1978 4010 2252 4093 intelligi
2278 4009 2357 4073 de
2382 4009 2596 4092 aquiS,
2622 4026 2770 4091 quae
2799 4008 3279 4091 suspenduntur
3303 4007 3373 4071 in
3397 4026 3527 4072 nu-

1976 4121 2185 4185 bibus.
2216 4118 2339 4183 Sed
2371 4118 2560 4181 istam
2596 4117 2973 4201 positionem
3002 4117 3322 4200 improbat
3348 4116 3524 4180 Basi-
3555 4128 3752 4186 Impmb.

1976 4228 2107 4291 lius
2138 4228 2214 4293 in
2237 4226 2677 4292 Heoeaemeron
2698 4226 2722 4260 ⁴
2752 4245 2775 4286 .·
2805 4226 3105 4308 reprobat
3151 4225 3345 4289 etiam
3388 4224 3525 4307 ipse

1976 4336 2213 4414 textus,
2239 4333 2353 4415 qui
2380 4332 2529 4397 dicit
2554 4332 2764 4396 stellas
2790 4348 2924 4397 esse
2952 4332 3185 4415 positas
3211 4333 3282 4396 in
3309 4332 3527 4396 firma-

1975 4446 2214 4521 mento,
2238 4459 2350 4524 per
2366 4439 2536 4523 quod
2560 4440 3043 4505 firmamentum
3061 4440 3309 4505 dixerat
3330 4457 3527 4522 supra

1976 4568 2177 4635 aquas
2213 4551 2295 4615 ab
2332 4550 2517 4633 aquis
2550 4550 2785 4615 divisas
2816 4573 2831 4615 ε
2864 4550 2917 4614 si
2952 4568 3111 4633 ergo
3140 4551 3521 4613 firm'amen-

1974 4663 2115 4724 tum
2142 4658 2300 4723 illud
2328 4661 2423 4722 θεῖ
2449 4657 2682 4723 coelum
2708 4656 3057 4737 sidereum,
3086 4662 3151 4722 et
3172 4674 3361 4739 aquae
3392 4656 3520 4721 illae

1975 4770 2130 4832 sunt
2149 4765 2526 4845 materiales,
2550 4765 2775 4849 positio
2797 4766 3100 4849 praedicta
3124 4762 3302 4830 nullo
3329 4763 3519 4828 modo

1973 4875 2229 4940 videtur
2260 4892 2442 4957 posse
2477 4876 2665 4938 stare.
2701 4870 2778 4937 Et
2812 4872 2957 4938 ideo
2994 4872 3138 4953 alii,
3176 4871 3519 4935 innitentes
3546 4893 3677 4956 opin-
3713 4901 3759 4943 2.

1973 4980 2179 5046 textui
2214 4998 2410 5045 sacrae
2441 4978 2787 5063 Scripturae
2821 4980 3174 5045 secundum
3208 4979 3382 5062 quod
3413 4979 3517 5043 vi-

1973 5089 2161 5154 detur
2188 5105 2445 5167 sonare,
2472 5086 2771 5152 dixerunt
2799 5086 2970 5168 quod
2997 5086 3254 5170 aliquod
3284 5086 3517 5150 coelum

1972 5214 2230 5262 sursum
2257 5199 2350 5261 est
2375 5213 2598 5279 aqueae
2626 5197 2909 5274 naturae,
2935 5192 3107 5277 quod
3133 5190 3351 5260 divina
3378 5193 3515 5258 dis-

1967 5373 2016 5480 ζ.
2036 5370 2096 5422 v,
2123 5371 2178 5407 ιι.
2199 5360 2246 5408 9.
2263 5355 2532 5421 —„⁸11›1·d.,
2562 5368 2606 5406 ο.
2628 5364 2698 5417 iv,
2732 5367 2786 5404 ιι.
2809 5358 2856 5406 7.
2874 5381 2936 5393 -
2955 5354 2978 5390 ὀ
2996 5355 3168 5420 nasu,
3200 5356 3251 5405 fn
3280 5318 3513 5406 minem.

2005 5444 2111 5481 om.
2132 5441 2211 5480 ΠΙ.
