4125 6225
1583 432 1962 501 DIS‘I'INGT.
2002 433 2077 498 V.
3293 441 3404 501 361

317 562 395 631 Si
418 570 643 632 autem
667 565 1015 657 quaeritur,
1047 572 1271 635 utrum
1308 574 1451 659 post
1476 568 1867 637 creationem
1895 568 2225 638 conversis
2261 568 2516 660 aliquid
2550 568 2866 638 collatum
2890 569 3017 655 sit,
3067 591 3184 660 per
3228 570 3408 662 quod
3498 583 3599 627 Post

3454 646 3634 688 creatio-

226 686 792 768 converterentur,
822 680 890 750 id
918 690 1015 750 est
1037 734 1056 768 ,
1088 682 1439 772 diligerent
1463 682 1674 753 Deum
1700 711 1718 770 3
1753 683 2071 772 dicimus,
2102 684 2263 776 quia
2288 691 2383 753 est
2409 684 2503 754 eis
2528 684 2764 754 collata
2790 684 3004 772 gratia
3020 707 3402 776 cooperan5‚
3435 719 3534 749 nem
3574 708 3652 751 an-

224 794 367 863 sine
395 819 531 887 qua
556 819 693 865 non
720 803 932 888 potest
958 798 1268 889 proficere
1305 798 1643 884 rationalis
1685 808 1985 869 creatura
2026 799 2109 869 ad
2159 800 2470 869 meritum
2498 801 2670 871 vitae.
2711 799 2954 871 Cadere
2983 801 3160 869 enim
3200 809 3409 893 potest
3436 770 3546 873 ‘¹1¹2'ss
3567 771 3651 876 ἐξ

222 933 341 1002 per
368 934 473 998 se;
506 913 618 981 sed
645 912 960 1004 proficere
984 936 1119 981 non
1147 922 1353 1005 potest
1381 914 1521 983 sine
1550 916 1760 1004 gratia
1787 915 2165 1006 adjuvante.
3437 895 3650 1010 {2⁹23}

3457 1032 3633 1065 conver*-

307 1027 463 1098 Non
488 1028 1124 1118 indigebat·angelus
1157 1030 1368 1117 gratia
1413 1052 1528 1122 per
1556 1055 1755 1123 quam
1795 1031 2294 1124 justificaretur,
2324 1031 2483 1122 quia
2512 1030 2729 1099 malus
2756 1054 2893 1101 non
2921 1039 3088 1119 erat3
3133 1032 3245 1101 sed
3274 1056 3410 1125 qua
3437 1088 3646 1139 ,mmm

218 1145 301 1211 ad
329 1143 744 1233 diligendum
773 1143 984 1213 Deum
1016 1146 1296 1236 perfecte
1320 1198 1340 1232 ,
1372 1153 1437 1215 et
1475 1146 1915 1216 obediendum
1954 1148 2404 1239 adjuvaretur.
2447 1147 2740 1240 Operans
2768 1147 3034 1245 quidem
3066 1150 3276 1238 gratia
3310 1149 3409 1218 di-
3450 1159 3532 1189 ¹¹⁰⁰
3554 1160 3650 1189 ¹¹³0·

3451 1209 3534 1252 rito
3571 1210 3648 1253 ali-

218 1259 420 1346 citur,
451 1283 586 1350 qua
605 1259 1008 1350 justificatur
1032 1261 1278 1353 impius
1300 1314 1318 1349 ,
1350 1262 1417 1330 id
1448 1270 1579 1348 est,
1609 1263 1689 1332 de
1719 1263 1921 1355 impio
1950 1263 2029 1331 fit
2059 1263 2209 1356 pius
2227 1316 2245 1350 ,
2277 1265 2356 1333 de
2386 1264 2562 1333 malo
2589 1264 2803 1333 bonus
2824 1291 2842 1351 3
2867 1287 3222 1355 cooperans
3248 1289 3404 1336 vero
3433 1273 3648 1386 ‘12233‘1

217 1376 473 1465 gratia,
503 1399 637 1467 qua
656 1377 934 1468 juvatur
969 1378 1052 1446 ad
1092 1377 1257 1447 bene
1286 1380 1642 1448 volendum
1670 1381 2040 1466 efficaciter,
2091 1389 2155 1449 et
2192 1379 2404 1449 Deum
2434 1403 2567 1473 prae
2607 1380 2917 1449 omnibus
2945 1380 3397 1470 diligendum,
3459 1406 3622 1448 coope-

3460 1461 3593 1500 rante.

216 1500 282 1561 et
305 1493 717 1584 operandum
742 1493 991 1562 bonum
1014 1547 1032 1581 ,
1066 1477 1141 1564 et‘
1156 1496 1237 1563 ad
1268 1496 1815 1588 perseverandum
1843 1498 1915 1565 111
1944 1498 2117 1566 bono
2144 1550 2161 1577 ,
2193 1504 2257 1565 61
2283 1496 2667 1588 hujusmodi
2701 1524 2716 1565 ε
2753 1496 2834 1564 de
2862 1496 3106 1587 quibus
3134 1505 3355 1588 postea
3380 1503 3400 1538 ¹
3428 1531 3521 1583 Qu,
3551 1545 3647 1588 gn-

3447 1595 3504 1637 na
3538 1596 3648 1639 indi-

217 1609 483 1700 plenius
507 1609 820 1679 dicemus,
852 1610 1019 1681 Data
1042 1620 1139 1680 est
1162 1634 1318 1700 ergo
1345 1595 1596 1702 angelis
1627 1614 1746 1705 qui
1772 1614 2198 1705 perstiterunt
2223 1636 2576 1705 cooperans
2600 1613 2812 1702 gratia
2831 1665 2848 1698 ,
2881 1634 2998 1703 per
3025 1635 3226 1704 quam
3246 1633 3400 1681 con-
3465 1659 3609 1714 guerit

216 1727 390 1795 versi
419 1734 602 1814 sunt,
632 1735 710 1795 ut
733 1727 945 1797 Deum
974 1730 1255 1819 perfecte
1281 1730 1657 1820 diligerent.
1690 1730 2003 1801 Conversi
2027 1752 2185 1820 ergo
2211 1737 2434 1799 sunta
2465 1729 2640 1797 bono
2668 1727 2847 1820 quod
2874 1727 3233 1813 habebant,
3267 1751 3398 1797 non
3437 1721 3642 1836 ⁸252ss-

217 1842 476 1933 perdito
497 1893 518 1930 ,
549 1843 633 1911 ad
659 1842 874 1935 majus
910 1844 1163 1914 bonum
1206 1846 1384 1939 quod
1428 1869 1563 1915 non
1590 1846 1918 1916 habebant
1955 1872 1971 1915 1
2003 1855 2071 1915 61
2113 1847 2281 1916 facta
2322 1853 2416 1916 est
2443 1845 2567 1913 ista
2591 1844 2929 1914 conversio
2958 1866 3077 1935 per
3121 1845 3397 1935 gratiam
3483 1859 3583 1890 ”⁰¹¹-

218 1967 676 2050 cooperantem
704 1960 913 2029 libero
940 1961 1211 2030 arbitrio
1230 2015 1250 2049 ,
1282 1985 1432 2054 quae
1460 1962 1671 2051 gratia
1697 1962 1845 2031 aliis
1870 1964 1989 2055 qui
2013 1962 2387 2032 ceciderunt
2413 1960 2707 2052 apposita
2735 1982 2870 2028 non
2897 1960 3050 2029 fuit.

302 2074 461 2144 Ideo
490 2075 669 2167 quod
695 2100 736 2145 a
761 2076 1161 2169 quibusdam
1188 2079 1509 2148 dici‘solet
1551 2102 1687 2149 non
1713 2101 1848 2148 esse
1874 2079 2341 2171 imputandum
2380 2078 2513 2147 illis
2549 2077 2666 2169 qui
2694 2077 2907 2146 aversi
2933 2084 3122 2163 sunt,
3159 2089 3225 2146 et
3264 2100 3400 2147 non
3427 2051 3637 2170 ῑωέἲιζῗ.

3427 2178 3529 2221 dum
3554 2179 3644 2222 iuis

219 2191 561 2278 conversi,
593 2193 753 2284 quia
778 2193 920 2262 sine
947 2195 1165 2284 gratia
1190 2196 1484 2265 converti
1511 2218 1644 2265 nou
1672 2203 1974 2288 poterant
2000 2221 2017 2282 ;
2047 2195 2162 2264 sed
2190 2195 2307 2264 illa
2333 2217 2468 2263 non
2497 2201 2595 2263 est
2621 2194 2715 2260 eis
2737 2192 2888 2261 data
2907 2244 2925 2278 ,
2956 2215 3076 2261 nec
3102 2194 3294 2285 culpa
3320 2194 3400 2262 11-
3429 2241 3503 2294 qu,
3525 2253 3645 2283 am,

219 2307 437 2375 lorum
468 2306 596 2376 fuit
623 2308 801 2400 quod
830 2331 964 2378 non
992 2318 1089 2379 est
1113 2311 1263 2380 data
1280 2364 1300 2398 ,
1343 2312 1501 2403 quia
1526 2311 1598 2381 in
1626 2311 1719 2380 eis
1745 2312 1935 2380 nulla
1960 2312 2158 2403 culpa
2186 2310 2402 2379 adhuc
2436 2316 2849 2402 praecesserat
2878 2332 2894 2376 :
2928 2310 3010 2377 ad
3055 2310 3234 2401 quod
3270 2310 3401 2379 dici
3428 2304 3465 2345 ⁵¹
3483 2308 3597 2346 mm·

218 2432 452 2515 potest,
487 2424 800 2517 quoniam
830 2426 1074 2518 quibus
1094 2428 1388 2519 apposita
1414 2436 1509 2496 est
1534 2428 1675 2518 ipsa
1692 2427 1926 2516 gratia,
1960 2427 2245 2497 nonfuit
2269 2450 2351 2495 ex
2367 2426 2617 2495 meritis
2643 2446 2910 2510 eorum;
2938 2425 3189 2518 alioqui
3204 2428 3228 2462 ³
3240 2425 3400 2517 jam

218 2562 346 2610 non
374 2554 545 2610 esset
568 2542 795 2632 qratia
827 2594 847 2628 ,
876 2542 931 2610 si
956 2565 1037 2611 ex
1067 2543 1299 2612 merito
1315 2596 1334 2631 ,
1366 2543 1545 2635 quod
1573 2551 1739 2612 esset
1759 2550 1911 2612 ante
1938 2543 2216 2633 gratiam
2237 2596 2256 2629 ,
2288 2542 2578 2611 daretur.

300 2657 497 2739 Quod
524 2680 682 2727 vero
708 2657 856 2726 aliis
882 2680 1013 2727 non
1058 2667 1153 2727 est
1176 2659 1360 2746 data,
1392 2658 1587 2752 culpa
1625 2682 1854 2728 eorum
1883 2659 2012 2727 fuit
2030 2711 2049 2746 ,
2085 2660 2244 2751 quia
2278 2681 2432 2726 cum
2471 2667 2641 2727 stare
2669 2665 2961 2751 possent,
2995 2657 3395 2743 noluerunt,
3453 2654 3622 2773 ¹2:ng

217 2796 565 2866 quousque
591 2773 805 2862 gratia
829 2784 1302 2865 apponeretur;
1334 2775 1501 2844 sicut
1529 2776 1646 2843 alii
1670 2775 2093 2867 perstiterunt
2119 2828 2136 2861 ,
2168 2775 2411 2860 donec,
2444 2773 2579 2842 illis
2603 2774 2985 2844 cadentibus
3017 2796 3134 2866 per
3171 2796 3398 2866 super·
3463 2781 3603 2835 gratia

3447 2856 3532 2885 non
3563 2843 3619 2886 sit

214 2889 420 2977 biam,
465 2890 558 2958 eis
596 2889 811 2979 gratia
839 2890 1132 2983 apposita
1171 2900 1288 2960 est.
1319 2892 1562 2984 Aperte
1604 2913 1759 2981 ergo
1796 2891 2173 2961 cadentium
2209 2890 2407 2982 culpa
2441 2890 2512 2958 in
2552 2890 2677 2961 hoc
2719 2890 3116 2981 deprehendi
3145 2897 3394 2981 potest,
3444 2904 3543 2947 data
3577 2906 3641 2948 ei·

3426 2967 3500 3021 qui
3529 2968 3640 3010 ceci-

215 3006 369 3098 quia
392 3006 549 3079 licet
577 3005 718 3075 sine
743 3007 955 3096 gratia
980 3007 1334 3099 nequirent
1361 3008 1699 3100 proficere,
1718 3029 1923 3099 quam
1949 3007 2248 3076 nondum
2267 3012 2669 3097 acceperant,
2700 3029 2816 3098 per
2839 3006 2909 3074 id
2938 3014 3187 3092 tamen,
3217 3006 3396 3097 quod
3426 3029 3597 3072 derunt.

215 3124 303 3192 eis
327 3123 649 3193 collatum
678 3132 817 3192 erat
845 3123 916 3192 in
943 3124 1290 3214 creatione,
1320 3132 1622 3217 poterant
1664 3146 1801 3194 non
1828 3124 2081 3211 cadere,
2112 3124 2181 3193 id
2215 3131 2349 3211 est,
2383 3131 2585 3211 stare;
2623 3123 2785 3214 quia
2809 3122 2977 3191 nihil
3023 3129 3185 3209 erat,
3216 3124 3396 3214 quod

214 3238 289 3308 ad
316 3263 547 3310 casum
571 3263 681 3311 eos
708 3241 1163 3332 compelleret,
1198 3241 1309 3311 sed
1342 3262 1463 3311 sua
1489 3248 1845 3332 spontanea
1870 3241 2212 3311 voluntate
2238 3239 2738 3311 declinaverunt
2769 3263 2786 3307 t
2821 3239 3000 3332 quod
3025 3239 3081 3307 si
3124 3262 3262 3308 non
3304 3239 3399 3309 fe-

213 3355 483 3441 cissent,
517 3357 696 3447 quod
721 3356 950 3427 datum
977 3365 1072 3425 est
1101 3358 1246 3426 aliis
1271 3410 1292 3441 ,
1327 3357 1563 3449 utique
1589 3358 1858 3427 daretur
1882 3365 1947 3426 et
1970 3356 2133 3426 istis2

293 3473 415 3542 Hie
444 3473 662 3564 quaeri
688 3472 890 3559 solet,
924 3481 1151 3542 utrum
1178 3473 1249 3540 in
1276 3473 1418 3565 ipsa
1444 3473 1941 3543 confirmatione
1969 3473 2143 3542 beati
2166 3471 2417 3541 fuerint
2441 3471 2693 3560 angeli,
2726 3479 2790 3541 et
2816 3493 2903 3540 an
2929 3470 3138 3562 ipsam
3172 3471 3395 3540 beati-
3423 3472 3640 3591 &2322

212 3590 509 3659 tudinem
538 3590 761 3682 aliquo
790 3590 985 3658 modo
1013 3591 1395 3658 meruerint.
1429 3589 1621 3672 Quod
1648 3591 1717 3658 in
1747 3590 1888 3682 ipsa
1912 3589 2412 3659 confirmatione
2444 3588 2621 3656 beati
2658 3589 2942 3675 fuerint,
2988 3588 3212 3680 plures
3244 3611 3398 3657 con·
3423 3597 3518 3652 ipsa
3540 3611 3639 3641 eon-

3437 3659 3639 3704 firmatio·

210 3713 534 3775 testantur
560 3705 974 3775 auctoritates
1004 3730 1020 3774 :
1054 3714 1118 3774 et
1142 3706 1287 3774 ideo
1314 3729 1433 3797 pro
1456 3706 1780 3776 constanti
1798 3705 2178 3774 habendum
2201 3711 2319 3774 est.
2349 3705 2593 3774 Utrum
2620 3728 2777 3775 vero
2797 3726 2913 3796 per
2934 3704 3215 3792 gratiam
3237 3713 3394 3773 tunc
3440 3722 3637 3828 5:033}

3623 3818 3635 3842 ‚

112 3816 117 3821 ⁴
210 3821 326 3890 sibi
355 3823 580 3892 datam
606 3823 815 3914 ipsam
841 3822 1318 3891 beatitudinem
1347 3823 1732 3908 meruerint,
1755 3822 2143 3911 ambiguum
2173 3830 2290 3891 est.
2316 3821 2723 3903 Quibusdam
2746 3821 2921 3888 enim
2951 3820 3187 3911 placet,
3210 3820 3387 3911 quod
3486 3848 3564 3891 sed

3338 3936 3353 3951 ο
3458 3915 3601 3953 ulrum

210 3959 350 4006 eam
375 3938 744 4007 meruerint
771 3961 887 4030 per
914 3939 1198 4027 gratiam
1225 3962 1429 4030 quam
1457 3939 1528 4006 in
1557 3937 2053 4007 confirmatione
2079 3948 2539 4031 perceperant,
2578 3937 2912 4028 simulque
2956 3936 3026 4003 in
3055 3936 3149 4003 eis
3193 3959 3389 4004 meri·
3420 3982 3515 4013 eam
3542 3986 3635 4016 me-

3445 4035 3610 4078 ruerint

212 4060 347 4123 tum
375 4062 437 4123 et
468 4053 815 4146 praemium
840 4054 1040 4122 fuisse
1069 4053 1299 4122 dicunt
1331 4078 1346 4121 ε
1378 4077 1497 4123 1166
1524 4055 1835 4124 meritum
1858 4045 2256 4146 praecessisse
2287 4054 2643 4145 praemium
2663 4061 2951 4143 tempore
2978 4104 2996 4136 ‚
3025 4050 3138 4119 sed
3164 4073 3382 4119 causa.
3439 4109 3518 4151 pe,
3536 4110 3632 4153 g„-

3417 4160 3522 4201 tiam
3535 4166 3634 4204 111116

208 4169 371 4238 Aliis
397 4178 623 4238 autem
652 4169 913 4240 videtur
938 4171 1116 4263 quod
1145 4170 1616 4240 beatitudinem
1645 4193 1845 4262 quam
1870 4178 2258 4262 receperunt
2293 4170 2365 4237 in
2406 4166 2937 4256 confirmatione,
2969 4189 3083 4258 per
3111 4166 3389 4256 gratiam
3434 4221 3517 4263 „ibi
3562 4223 3635 4265 da·

211 4290 361 4353 tunc
385 4286 750 4377 appositam
775 4309 911 4355 non
940 4288 1342 4374 meruerint,
1374 4288 1658 4357 dicentes
1684 4295 1842 4356 tunc
1868 4309 2004 4355 non
2032 4286 2233 4356 fuisse
2260 4286 2351 4355 eis
2377 4286 2682 4355 collatam
2710 4287 2990 4376 gratiam
3020 4282 3103 4351 ad
3133 4306 3387 4352 meren·
3417 4285 3634 4402 *ἓξὲξ-

208 4398 395 4488 dum,
423 4401 539 4470 sed
566 4402 651 4471 ad
678 4402 865 4472 beate
894 4403 1257 4474 vivendum
1290 4428 1306 4472 :
1338 4426 1457 4474 nec
1486 4412 1645 4473 tunc
1672 4404 1766 4473 eis
1790 4403 2020 4473 datum
2049 4425 2184 4473 esse
2213 4403 2464 4471 bonum
2493 4425 2628 4494 quo
2652 4408 3084 4487 mererentur,
3115 4399 3225 4468 sed
3252 4422 3386 4490 quo
3434 4414 3524 4451 est:
3555 4410 3610 4453 de

3415 4470 3496 4513 hoe
3515 4473 3628 4516 enim

207 4514 478 4586 feliciter
503 4518 903 4588 fruerentur.
937 4519 1129 4600 Quod
1156 4527 1375 4589 autem
1406 4529 1562 4590 tunc
1589 4521 1660 4589 in
1680 4520 2033 4612 praemium
2056 4526 2467 4611 acceperunt,
2500 4541 2617 4611 per
2646 4517 2962 4608 obsequia
2987 4516 3176 4585 nobis
3202 4514 3387 4583 611111-
3441 4533 3600 4635 gfversi

207 4628 364 4720 bita,
396 4655 480 4703 ex
504 4633 626 4702 Dei
658 4634 1030 4705 obedientia
1056 4644 1121 4704 et
1146 4639 1537 4719 reverentia,
1566 4637 1806 4708 mereri
1830 4636 2061 4708 dicunt
2092 4662 2109 4704 ι
2142 4642 2205 4705 61
2231 4636 2324 4705 ita
2349 4636 2695 4728 praemium
2740 4632 3061 4727 praecessit
3101 4632 3332 4702 merita
3362 4656 3379 4700 z
3423 4607 3624 4698 stiffi.

210 4756 274 4815 et
298 4747 420 4819 hoc
444 4751 610 4821 mihi
639 4754 850 4842 magis
878 4754 1131 4846 placere
1159 4753 1386 4824 fateor.

274 4945 291 4980 ¹
309 4948 464 5015 Intra,
492 4950 614 5004 dist.
632 4963 760 5004 xxvi
789 4958 841 5004 et
860 4965 1011 5007 xxix.
1029 4977 1092 4994 -
1110 4954 1134 4991 ¹
1153 4955 1312 5020 Rom„
1333 4965 1410 5019 xi,
1427 4957 1475 5008 6.
