4125 6225
766 485 886 550 468

761 621 1043 687 tenditur
1071 619 1143 683 in
1181 617 1407 684 eodem
1439 637 1456 683 :
1493 635 1652 701 ergo
1679 622 1776 683 est
1798 617 2178 696 essentialis;
2217 617 2299 683 si-

761 731 870 794 cut
896 746 1015 793 nec
1040 727 1118 791 de
1141 725 1370 808 gloria.

842 839 880 899 3
906 840 968 899 et
991 840 1052 899 4.
1080 834 1180 900 Ad
1215 833 1371 898 illud
1402 831 1573 916 quod
1612 830 1911 914 objicitur
1938 850 2052 915 per
2092 832 2298 898 simile

759 943 838 1008 de
869 943 1011 1008 aliis
1032 943 1431 1022 viventibus,
1460 944 1526 1005 et
1550 940 1629 1005 de
1651 939 2104 1019 luminaribuS,
2128 943 2301 1022 patet

761 1051 1124 1135 responsi0,
1166 1050 1338 1134 quod
1376 1067 1507 1113 non
1549 1052 1644 1112 est
1682 1047 1888 1112 simile
1927 1066 2045 1111 nec
2087 1047 2158 1111 in
2189 1065 2295 1127 re,

760 1175 881 1223 nec
916 1159 987 1222 in
1012 1159 1256 1223 ratione
1290 1181 1305 1222 ε
1337 1157 1409 1221 in
1432 1174 1504 1221 re
1541 1175 1705 1232 non,
1736 1155 1890 1239 quia
1916 1153 2024 1219 illa
2058 1155 2301 1219 habent

760 1267 1045 1331 diversas
1080 1265 1475 1349 operationes
1502 1263 1846 1346 specificas,
1894 1280 2027 1326 non
2058 1262 2148 1325 sic
2177 1280 2299 1325 an-

760 1374 920 1456 geli;
948 1375 1019 1438 in
1043 1375 1290 1439 ratione
1315 1391 1477 1454 non,
1508 1372 1667 1456 quia
1684 1371 1794 1434 illa
1819 1374 1970 1434 sunt
2004 1368 2301 1435 ordinata

667 1503 676 1512 ·
761 1482 840 1547 ad
879 1482 1158 1548 diversas
1187 1479 1622 1560 necessitates,
1651 1477 1871 1559 angeli
1894 1494 2049 1541 vero
2078 1495 2301 1542 omnes

525 2584 596 2628 Ad
614 2596 716 2641 opp.

760 1589 841 1654 ad
864 1607 1071 1655 unum
1095 1588 1462 1673 principale.
1494 1585 1743 1652 Rursus
1759 1586 1827 1649 in
1850 1585 1984 1652 vita
2007 1589 2297 1651 contem-

758 1694 1001 1779 plativa
1027 1699 1122 1760 est
1141 1696 1389 1773 unitas,
1420 1695 1491 1757 in
1530 1694 1737 1758 activa
1764 1693 2244 1758 multiformitas
2279 1715 2294 1758 ε

759 1805 824 1867 et
862 1803 1169 1869 habitatio
1217 1802 1600 1885 angelorum
1638 1804 1734 1866 est
1777 1802 2122 1865 uniformis
2168 1824 2183 1866 :
2237 1805 2303 1866 et

758 1916 1071 1996 praeterea
1098 1911 1206 1976 ina
1232 1911 1442 1993 magis
1465 1911 1699 1976 distant
1721 1909 1802 1975 ab
1829 1928 1993 1991 un0,
2026 1913 2091 1974 et
2115 1928 2298 1975 sum-

763 2037 872 2085 mo
905 2043 920 2084 :
951 2037 1110 2103 ergo
1123 2067 1142 2101 ,
1171 2024 1290 2085 etc.

1290 2250 1697 2331 QUAESTIO
1738 2250 1819 2317 ΙΙ.

762 2405 858 2464 An
873 2405 1152 2462 distinctio
1171 2406 1481 2476 angelorum
1497 2407 1574 2462 sit
1591 2421 1627 2460 a
1649 2408 1871 2473 natura,
1893 2404 1980 2460 vel
1997 2420 2032 2460 a
2050 2407 2239 2476 qratia
2257 2402 2296 2458 ¹.

842 2559 1000 2637 Quae
1040 2559 1121 2623 sit
1155 2558 1573 2623 distinctionis
1603 2558 1903 2623 ordinum
1940 2557 2303 2641 principalis

760 2683 987 2744 causa,
1032 2670 1255 2730 utrum
1300 2666 1532 2729 scilicet
1582 2664 1664 2728 sit
1703 2683 1743 2728 a
1794 2668 2025 2729 natura
2044 2712 2060 2742 ‚
2111 2665 2217 2729 vel
2262 2685 2302 2730 a

757 2774 995 2854 gratia3
1022 2776 1086 2837 et
1110 2772 1281 2855 quod
1316 2791 1356 2836 a
1385 2777 1620 2836 natura
1642 2820 1659 2849 ,
1701 2771 1958 2838 videtur
1992 2790 2109 2855 per
2141 2771 2300 2837 illud

758 2885 929 2968 quod
970 2884 1122 2949 dicit
1147 2883 1450 2967 Magister
1473 2884 1543 2947 in
1577 2883 1762 2947 litera
1795 2902 1813 2946 ε
1852 2908 1884 2943 κ
1927 2881 2300 2966 Superiores

756 2996 908 3057 sunt
925 3040 943 3069 ‚
970 2992 1083 3075 qui
1110 2999 1343 3057 natura
1365 2997 1517 3056 sunt
1543 2991 1755 3073 magis
1781 2990 2044 3056 subtiles
2062 3039 2080 3068 ,
2114 2995 2177 3055 et
2204 2992 2299 3055 in-

751 3099 1106 3183 telligentia
1146 3100 1425 3185 amplius
1464 3099 1853 3184 perspicaces
1880 3121 1897 3164 2
1922 3120 1953 3160 n
2004 3117 2195 3181 ergo,
2244 3099 2299 3164 si

745 3208 913 3272 ordo
955 3208 1300 3273 attenditur
1359 3207 1714 3272 secundum
1780 3207 1901 3270 sub
1946 3209 2011 3270 et
2062 3225 2294 3289 supra,

754 3315 1011 3381 videtur
1035 3315 1208 3398 quod
1231 3315 1387 3380 ordo
1405 3316 1785 3397 angelorum
1813 3315 1894 3378 sit
1919 3333 1960 3378 a
1984 3318 2236 3379 natura.

836 3429 897 3489 2.
919 3423 1110 3504 Item,
1139 3441 1358 3506 supra,
1385 3423 1785 3487 distinctione
1807 3441 1877 3486 111
1904 3445 1920 3487 z
1953 3446 1985 3483 α
2012 3421 2088 3486 In
2105 3440 2293 3487 exor-

755 3530 860 3596 dio
887 3548 1023 3595 suae
1051 3530 1428 3596 conditionis
1452 3531 1561 3594 alii
1591 3530 1971 3614 superiores,
1996 3530 2104 3594 alii
2126 3530 2293 3596 infe-

755 3639 956 3703 riores
997 3638 1106 3702 Dei
1148 3639 1459 3722 sapientia
1496 3638 1824 3704 constituti
1866 3641 2018 3702 sunt
2051 3659 2068 3701 :
2109 3659 2141 3699 ι
2185 3638 2293 3703 sed

754 3747 924 3829 quod
951 3745 1318 3810 habuerunt
1343 3746 1424 3811 ab
1441 3745 1701 3810 exordio
1727 3762 1866 3809 suae
1893 3744 2289 3826 conditionis,

754 3858 849 3920 est
885 3854 976 3918 eis
1017 3853 1306 3919 naturale
1349 3873 1368 3919 ι
1408 3872 1567 3937 ergo
1615 3854 1932 3919 distinctio
1988 3854 2294 3919 ordinum

753 3961 937 4026 estin
963 3962 1055 4026 eis
1080 3981 1120 4026 a
1142 3966 1397 4026 natura.

832 4074 892 4134 3.
924 4069 1105 4150 Item,
1132 4088 1561 4154 quaecumque
1583 4069 1751 4135 Deus
1766 4071 1914 4135 facit
1930 4089 1969 4134 a
1986 4070 2293 4153 primaria

748 4178 1107 4243 conditione
1125 4227 1144 4258 ,
1176 4178 1324 4243 facit
1342 4178 1414 4243 in
1431 4178 1654 4259 modo,
1684 4179 1891 4261 specie
1909 4226 1926 4255 ,
1951 4182 2015 4244 et
2039 4179 2286 4257 ordine,

745 4283 834 4349 ita
861 4286 1029 4366 quod
1052 4285 1174 4349 ista
1197 4289 1348 4349 sunt
1372 4285 1687 4350 naturalia
1717 4285 2066 4368 unicuique
2093 4309 2108 4350 z
2132 4304 2289 4368 ergo

746 4390 1208 4456 nobilissimam
1235 4396 1617 4471 creaturam,
1643 4392 1878 4456 scilicet
1903 4391 2284 4474 angelicam,

747 4516 788 4562 a
826 4499 1137 4583 principio
1164 4517 1300 4564 suae
1326 4500 1701 4564 conditionis
1735 4501 1954 4565 debuit
1989 4501 2194 4566 facere
2220 4501 2289 4566 in

746 4608 1022 4689 perfecto
1067 4607 1257 4672 modo
1275 4655 1294 4686 ,
1342 4587 1549 4691 specie
1570 4655 1589 4688 ,
1636 4611 1700 4671 et
1737 4609 1959 4673 ordine
1989 4630 2006 4672 ι
2033 4608 2088 4672 si
2128 4627 2287 4691 ergo

744 4714 868 4780 hoc
894 4720 988 4781 est
1014 4734 1054 4779 a
1077 4718 1341 4794 natura,
1371 4713 1542 4798 quod
1567 4719 1662 4780 est
1686 4715 1777 4782 eis
1803 4717 1886 4782 ab
1912 4716 2096 4782 initio
2118 4716 2286 4783 indi-

742 4827 885 4888 tum
902 4871 921 4904 ,
952 4825 1151 4906 patet,
1174 4826 1294 4887 etc.

824 4935 885 4994 4.
927 4929 1088 4994 ltem
1121 4931 1347 5011 gratiae
1376 4932 1637 5011 gratum
1662 4930 1944 4996 facientis
1973 4935 2070 4997 est
2096 4932 2283 4998 unire

741 5042 807 5103 et
842 5037 1175 5102 assimilari
1206 5059 1222 5101 z
1252 5037 1306 5101 si
1349 5053 1508 5118 ergo
1550 5038 1723 5120 quod
1761 5043 1856 5103 oet
1888 5040 2281 5124 principium

739 5145 1045 5220 uniendi,
1075 5162 1207 5208 non
1234 5146 1329 5207 est
1358 5142 1743 5226 principium
1778 5145 2016 5209 ordinis
2050 5147 2283 5211 distin-

729 5290 736 5295 ,
806 5271 824 5306 ¹
845 5270 928 5333 Cf.
952 5270 1007 5321 S.
1028 5269 1232 5333 Thom.,
1259 5282 1311 5332 p.
1336 5269 1375 5329 Ι,
1404 5281 1455 5333 q.
1478 5279 1622 5325 cvm.
1646 5272 1742 5319 art.
1766 5272 1788 5317 1
1818 5273 1868 5320 et
1891 5273 1951 5336 23
1981 5276 2032 5322 et
2057 5272 2096 5321 n
2121 5273 2282 5337 Seni„

729 5340 861 5392 dist.
882 5353 960 5403 ιι,
979 5354 1030 5404 q.
1049 5352 1089 5403 1,
1111 5343 1207 5391 art.
1225 5342 1253 5391 3
1263 5356 1281 5404 3
1307 5339 1475 5403 AEgid.
1495 5341 1666 5405 Rom.‚
1690 5342 1732 5392 u
1753 5342 1912 5406 Sem„
1932 5343 2049 5394 dist.
2074 5356 2148 5409 11,
2169 5359 2219 5408 q.
2239 5356 2277 5409 1,

742 5417 842 5463 art.
860 5414 922 5475 23
947 5410 1208 5474 Richard„
1238 5411 1281 5462 ΙΙ
1308 5411 1468 5473 Sene„
1496 5411 1615 5463 dist.
1641 5423 1715 5477 11,
1743 5426 1799 5478 q.
1822 5424 1899 5477 113
1925 5414 2108 5465 Thom.
2132 5417 2276 5481 Arg„

745 5482 789 5532 ΙΙ
810 5482 971 5544 Sena,
997 5481 1219 5545 dietax,
1248 5494 1302 5546 q.
1324 5492 1377 5545 1,
1404 5484 1502 5533 art.
1527 5487 1586 5548 ¹5
1617 5483 1878 5550 Aibertns,
1902 5483 1964 5537 de
1992 5485 2278 5551 Hieran-eli„

1879 473 2507 549 SENTENTIARIJM
2550 484 2697 551 LIB.
2749 479 2831 550 ΙΙ.

2404 621 2672 702 guendi,
2701 621 2952 688 videtur
2974 620 3147 704 quod
3163 622 3475 687 distinctio
3493 621 3796 687 ordinum
3812 642 3934 689 non

2406 728 2488 791 sit
2511 747 2550 791 a
2574 728 2782 810 gratia
2815 751 2831 794 ε
2867 729 2977 793 sed
3003 732 3100 795 est
3122 747 3163 793 a
3188 730 3427 812 gratia,
3463 730 3569 795 vel
3595 748 3634 795 a
3670 734 3933 795 natura:

2407 852 2595 917 erg0‚
2621 839 2740 900 etc.

2488 942 2716 1007 Contra
2748 943 2873 1007 hoc
2895 943 3193 1026 objicitur
3223 962 3336 1028 per
3365 944 3813 1009 diffinitionem
3838 961 3940 1009 or·
3962 943 4125 988 m

2407 1049 2601 1129 dinis,
2629 1069 2827 1134 quam
2847 1050 3150 1133 Magister
3174 1052 3351 1133 ponit
3374 1052 3444 1115 in
3463 1051 3652 1115 litera
3681 1073 3695 1115 :
3734 1075 3764 1112 α
3785 1050 3939 1116 Ordo

2407 1162 2503 1222 est
2533 1159 2875 1222 multitudo
2899 1158 3255 1223 coelestium
3277 1158 3626 1240 spirituum
3645 1159 3762 1242 qui
3788 1159 3942 1222 inter

2407 1284 2475 1329 se
2502 1266 2718 1348 aliquo
2746 1284 3013 1330 munere
3042 1266 3269 1347 gratiae
3297 1266 3664 1330 similantur
3699 1287 3766 1327 :n
3795 1251 3939 1347 ergo

2409 1373 2665 1440 videtur
2691 1375 2864 1456 quod
2885 1374 3127 1457 absque
3166 1392 3434 1439 munere
3461 1375 3696 1455 gratiae
3722 1374 3792 1438 in
3828 1393 3942 1440 an-

2407 1480 2570 1564 gelis
2594 1500 2725 1546 non
2748 1482 2830 1546 sit
2855 1482 3034 1547 ordo.

2488 1589 2649 1654 Item
2667 1608 3008 1673 supremus
3029 1589 3323 1654 omnium
3346 1590 3654 1655 ordinum
3681 1595 3776 1655 est
3799 1590 3940 1655 ordo

2410 1696 2745 1780 Seraphim
2766 1697 2846 1779 (a)
2872 1698 3015 1763 :sed
3040 1698 3195 1762 ordo
3214 1695 3547 1780 Seraphim
3575 1700 3674 1762 est
3694 1698 3776 1761 ab
3794 1698 3941 1762 emi-

2407 1807 2627 1871 nentia
2641 1806 2987 1871 dilectionis
3001 1810 3064 1870 et
3081 1805 3403 1870 charitatiS
3421 1827 3436 1869 ε
3456 1824 3614 1887 ergo
3631 1806 3873 1888 primus
3885 1811 3939 1870 et

2408 1914 2775 1998 praecipuus
2795 1914 2952 1978 ordo
2984 1917 3079 1977 est
3106 1932 3145 1977 a
3172 1913 3381 1994 gratia
3413 1912 3510 1976 :si
3541 1930 3704 1994 ergo
3736 1930 3938 1976 omnes

2409 2021 2516 2085 alii
2560 2039 2643 2084 ex
2691 2020 2799 2085 illo
2843 2020 3153 2102 pendent,
3216 2019 3471 2084 videtur
3514 2019 3691 2102 quod
3739 2019 3938 2084 nullus

2408 2129 2565 2194 ordo
2595 2130 2667 2191 in
2693 2129 2941 2210 angelis
2965 2129 3046 2191 sit
3067 2129 3205 2192 sine
3237 2128 3404 2192 dono
3435 2130 3689 2210 gratiae.

2490 2235 2650 2299 Item
2674 2234 2913 2299 Throni
2947 2235 3280 2310 dicuntur,
3312 2236 3475 2300 sicut
3508 2235 3668 2299 dicit
3709 2235 3933 2316 Grego-

2409 2344 2545 2407 rius
2571 2345 2630 2421 ²‚
2659 2343 2815 2425 quia
2852 2346 3027 2406 tanta
3056 2342 3406 2406 divinitatis
3444 2344 3656 2423 gratia
3694 2344 3935 2426 repien-

2409 2456 2555 2548 tur,
2582 2455 2659 2515 ut
2685 2452 2755 2515 in
2777 2451 2867 2514 eis
2889 2451 3100 2515 sedeat
3130 2450 3291 2514 Deus
3319 2468 3336 2512 z
3367 2445 3420 2514 si
3447 2469 3607 2531 ergo
3632 2450 3796 2514 Deus
3820 2469 3936 2514 non

2408 2561 2638 2625 dicitur
2666 2560 2882 2624 sedere
2903 2608 2924 2639 ‚
2948 2577 3068 2622 nec
3092 2559 3469 2638 inhabitare,
3502 2560 3631 2623 nisi
3656 2578 3769 2642 per
3793 2577 3938 2640 gra-

2408 2669 2565 2733 tiam
2590 2673 2852 2751 gratum
2881 2668 3212 2732 facientem
3232 2717 3248 2745 ,
3280 2685 3436 2749 ergo
3463 2669 3620 2732 ordo
3657 2665 3935 2731 Throno-

2407 2794 2555 2840 rum
2584 2794 2717 2839 non
2744 2779 2838 2839 est
2860 2774 2982 2838 nisi
3009 2794 3048 2839 a
3070 2775 3279 2856 gratia
3308 2794 3325 2839 :
3354 2794 3514 2857 ergo
3534 2777 3673 2859 pari
3702 2776 3935 2840 ratione

2408 2880 2664 2947 videtur
2682 2881 2759 2946 de
2782 2881 2946 2944 aliia.

2490 2987 2648 3051 Item
2679 2987 2844 3052 Deus
2880 3005 3014 3052 non
3047 2988 3297 3070 praefert
3323 2987 3657 3054 hominem
3696 2989 3935 3054 homini

2404 3101 2662 3180 propter
2683 3095 2998 3161 naturalia
3015 3144 3032 3176 ‚
3063 3095 3170 3161 sed
3196 3099 3453 3179 propter
3482 3096 3713 3162 merita
3741 3120 3756 3160 :
3790 3115 3935 3179 ergo

2404 3205 2461 3271 si
2485 3205 2802 3270 distinctio
2829 3204 3126 3269 ordinum
3161 3208 3255 3268 est
3276 3204 3633 3269 secundum
3657 3206 3934 3271 divinam

2404 3314 2834 3396 acceptionem
2856 3360 2875 3390 ,
2903 3330 3036 3376 non
3071 3315 3166 3376 est
3201 3311 3556 3379 secundum
3592 3314 3931 3392 naturalia,

2405 3421 2515 3485 sed
2532 3421 2888 3485 secundum
2909 3418 3212 3501 gratuita.

2941 3692 3391 3762 CONCLUSIO.

2401 3848 2733 3919 Anqelorum
2759 3847 3007 3905 ordinum
3033 3849 3312 3906 distinctio
3342 3851 3684 3923 principalis
3711 3867 3812 3909 esse
3836 3867 3933 3907 non

2464 3944 2644 4011 potest
2669 3956 2705 3995 a
2736 3945 2964 4007 natura,
2993 3940 3086 3996 sed
3106 3940 3177 3996 ab
3212 3944 3337 4013 ipsa
3363 3946 3553 4012 qratia
3584 3960 3606 4000 .·
3639 3960 3933 4017 quanquam

2471 4035 2678 4087 natura
2714 4032 3109 4105 praeambulam
3151 4032 3240 4088 det
3279 4032 3726 4105 dispositionem,
3756 4036 3933 4106 qratia

2471 4122 2826 4178 nihilomiuus
2842 4124 3226 4196 perfectionem
3248 4123 3477 4196 proebet.

2478 4280 2665 4364 Resp.
2686 4281 2767 4346 ad
2794 4281 2954 4363 Arg.
2977 4282 3325 4347 Dicendum
3343 4284 3514 4367 quod
3534 4332 3551 4360 ‚
3578 4285 3744 4350 sicut
3769 4288 3930 4369 patet

2398 4407 2483 4455 ex
2507 4389 2883 4454 diffinitione
2909 4390 3149 4455 ordinis
3174 4409 3371 4473 supra
3398 4392 3601 4474 posita
3621 4442 3638 4473 ‚
3661 4394 3815 4459 ordo
3840 4396 3929 4459 est

2397 4516 2438 4562 a
2464 4501 2730 4578 natura,
2760 4501 2825 4562 et
2854 4501 2947 4562 est
2972 4517 3011 4562 a
3039 4498 3244 4579 gratia
3273 4521 3288 4563 z
3316 4499 3425 4563 sed
3452 4518 3491 4563 a
3516 4504 3766 4581 natura,
3794 4506 3929 4566 tan-

2396 4623 2592 4689 quam
2618 4624 2658 4669 a
2685 4604 3085 4687 praeambula
3119 4604 3567 4688 dispositione3
3610 4626 3651 4671 a
3689 4608 3924 4691 gratia,

2393 4716 2703 4795 tanquam
2728 4732 2768 4777 a
2792 4712 3172 4796 completiva
3202 4713 3608 4795 perfectione.
3638 4714 3769 4780 Hoc
3796 4716 3926 4780 dico

2392 4820 2471 4885 de
2498 4821 2622 4884 iuis
2647 4820 2979 4886 ordinibus
3015 4821 3368 4885 secundum
3396 4840 3558 4903 quos
3591 4824 3926 4887 attenditur

2392 4928 2711 4994 distinctio
2749 4928 3256 4993 hierarchiarum
3286 4929 3356 4993 in
3392 4932 3708 5013 supremis
3741 4930 3924 5014 spiri-

2390 5036 2593 5117 tibus,
2625 5038 2789 5102 sicut
2812 5037 3145 5102 manifeste
3173 5042 3435 5120 apparet
3462 5057 3546 5102 ex
3582 5038 3786 5103 officio
3805 5088 3825 5117 ,
3862 5042 3922 5102 et

2390 5145 2636 5210 actione
2658 5192 2676 5222 ‚
2705 5148 2771 5208 et
2805 5145 3240 5209 nominatione
3270 5146 3560 5228 ipsorum
3591 5148 3914 5223 ordinum;

2390 5285 2442 5337 q.
2470 5281 2575 5332 vu,
2606 5273 2702 5320 art.
2724 5272 2784 5333 ες
2816 5269 2991 5333 Steph.
3017 5270 3227 5333 Brulef.,
3256 5272 3295 5321 11
3325 5270 3485 5335 Seni„
3518 5272 3620 5322 dist
3662 5283 3744 5335 rx,
3770 5286 3823 5338 q.
3844 5282 3917 5333 1¹5

2390 5342 2542 5393 Gabr.
2594 5342 2736 5405 Biel,
2774 5344 2818 5391 ΙΙ
2853 5342 3015 5403 Sem„
3055 5342 3174 5392 dist.
3207 5353 3296 5406 11,
3323 5356 3374 5406 q.
3417 5353 3479 5392 ιι.
3511 5370 3567 5380 -—
3611 5345 3635 5377 ¹
3658 5346 3826 5408 Greg.,
3867 5342 3916 5390 in

2387 5411 2753 5550 mhhom.
2773 5424 2955 5465 κων.
2974 5439 3028 5449 -
3050 5414 3120 5478 (α)
3144 5413 3270 5465 Goet.
3295 5412 3419 5463 edit.
3457 5413 3705 5479 Seraphin
3725 5452 3743 5479 ,
3777 5415 3916 5463 etsie
