4125 6225
707 444 825 505 258

706 575 861 639 tioni
904 590 1041 638 suae
1092 570 1547 649 substernitur3
1592 570 1701 635 sed
1744 572 1951 636 solum
1991 575 2236 638 ratione

704 681 1021 746 connotati
1070 702 1085 743 ι
1130 678 1301 762 quod
1339 680 1527 760 patet.
1574 675 1641 742 Si
1676 678 1848 742 enim
1896 679 2095 743 creari
2143 683 2237 744 est

704 806 881 852 nunc
906 787 1114 870 primo
1142 804 1275 850 esse
1295 835 1312 866 ,
1349 785 1576 871 desinit
1600 787 1802 849 creari
1829 804 1961 850 non
1989 786 2235 850 ratione

704 897 846 977 ejus
870 895 1039 977 quod
1068 894 1270 977 ponit,
1302 893 1411 957 sed
1425 893 1667 958 ratione
1689 893 2077 958 immediatae
2104 893 2235 958 eol-

701 1002 952 1067 lationis
980 1002 1060 1066 ad
1083 1001 1380 1066 nihilum.

779 1114 838 1172 4.
877 1108 1056 1187 Quod
1099 1109 1395 1191 objicitur
1432 1108 1604 1191 quod
1645 1110 1916 1174 mutatio
1955 1113 2050 1173 est
2090 1107 2229 1188 via3

699 1218 1039 1283 dicendum
1067 1218 1238 1300 quod
1270 1217 1538 1282 mutatio
1567 1234 1721 1299 quae,
1738 1218 1931 1283 habet
1955 1217 2084 1282 duo
2114 1235 2234 1280 ex-

699 1329 903 1390 trema
930 1326 1100 1390 entia
1129 1325 1397 1407 positiva
1413 1372 1431 1402 ,
1456 1324 1565 1389 illa
1589 1329 1682 1389 est
1703 1343 1850 1408 quae
1879 1325 2231 1389 necessario

698 1432 909 1496 differt
934 1450 972 1494 a
996 1431 1303 1509 termino,
1335 1431 1696 1512 cujusmodi
1736 1435 1830 1494 est
1866 1431 2138 1494 mutatio
2163 1430 2232 1493 in

698 1556 863 1618 esse;
894 1540 1162 1603 mutatio
1185 1556 1339 1604 vero
1363 1556 1510 1621 quae
1530 1543 1783 1603 tantum
1801 1539 1997 1602 habet
2020 1556 2231 1602 unum

697 1650 1058 1711 extremum
1098 1665 1210 1711 ens
1243 1664 1377 1710 non
1411 1651 1616 1729 potest
1657 1647 1863 1710 dicere
1905 1645 2188 1710 medium
2208 1695 2226 1725 ‚

694 1754 804 1817 sed
850 1755 1199 1819 necessario
1236 1758 1483 1836 oportet
1518 1752 1689 1837 quod
1728 1772 1795 1818 se
1830 1758 2041 1818 teneat
2080 1771 2230 1818 cum

693 1860 892 1925 altero
915 1866 1375 1927 extremorum.
1934 1918 1948 1943 ,

776 1971 835 2030 5.
886 1967 1066 2046 Quod
1118 1969 1420 2051 objicitur
1466 1967 1638 2051 quod
1681 1968 1895 2032 omnis
1938 1972 2230 2033 creatura

692 2092 963 2167 creatur,
1011 2087 1350 2152 dicendum
1402 2090 1497 2152 est
1530 2086 1701 2169 quod
1753 2105 1983 2151 verum
2023 2090 2116 2151 est
2152 2086 2229 2151 de

696 2198 983 2258 creatura
1006 2196 1261 2277 proprie
1288 2195 1480 2273 dicta3
1516 2195 1569 2258 si
1596 2198 1813 2258 autem
1841 2193 2021 2275 large
2047 2194 2227 2257 dica-

688 2302 818 2381 tur,
840 2319 969 2365 non
986 2303 1196 2367 solum
1209 2306 1497 2366 creatura
1514 2302 1746 2366 dicitur
1757 2301 1928 2383 quod
1949 2304 2223 2378 creatur,

688 2410 798 2474 sed
840 2411 1013 2492 quod
1051 2417 1443 2486 concreatur,
1484 2415 1548 2475 et
1580 2411 1750 2493 quod
1787 2414 1881 2474 est
1918 2415 2226 2473 creaturae

690 2534 1049 2599 annexum3
1082 2524 1144 2583 et
1164 2519 1287 2582 hoc
1311 2519 1501 2582 modo
1526 2521 1620 2581 est
1647 2517 1879 2581 creatio
1905 2523 1947 2580 ¹.
1975 2516 2041 2580 Si
2072 2534 2227 2597 ergo

688 2624 1023 2706 quaeritur,
1054 2645 1182 2707 quo
1223 2626 1413 2690 modo
1451 2628 1653 2707 potest
1678 2644 1843 2703 esse3
1886 2623 2227 2687 dicendum

686 2731 856 2812 quod
875 2732 941 2793 in
959 2732 1188 2814 primis
1220 2732 1298 2815 (α)
1324 2736 1417 2796 est
1446 2735 1646 2796 status
1660 2780 1679 2810 ,
1697 2735 1771 2795 ut
1789 2731 1965 2814 prius
1982 2735 2227 2794 tactum

684 2837 825 2900 fuit.
860 2836 1040 2903 Unde
1056 2888 1073 2918 ,
1107 2838 1271 2902 sicut
1291 2839 1500 2903 unitas
1527 2856 1673 2921 quae
1694 2837 1840 2901 facit
1867 2838 2225 2920 subjectum

685 2962 896 3008 unum
916 2993 933 3022 ‚
982 2963 1114 3009 non
1156 2950 1251 3010 est
1291 2964 1425 3010 una
1470 2946 1593 3009 alia
1649 2945 1929 3024 unitate3
1976 2945 2064 3008 sic
2109 2963 2228 3008 nec

687 3052 942 3134 creatio,
964 3073 1093 3137 qua
1110 3053 1464 3119 substantia
1485 3053 1619 3119 exit
1635 3054 1703 3117 in
1727 3071 1882 3133 esse,
1901 3071 2014 3135 per
2032 3053 2227 3118 aliam

687 3162 1074 3228 creationem
1101 3162 1473 3246 producitur
1500 3162 1635 3228 sive
1667 3165 2062 3227 concreatur.

1277 3399 1476 3475 PARS
1527 3398 1608 3478 Π.

686 3584 829 3631 Aen·
853 3584 915 3630 m
945 3582 1240 3629 emmau
1266 3584 1344 3628 DE
1372 3582 1625 3630 nonnus
1649 3581 2006 3629 common:
2032 3583 2227 3638 QUAN-

765 3678 892 3724 TUM
918 3678 998 3723 Al>
1022 3677 1206 3722 mma
1232 3678 1502 3723 PROPTER
1525 3677 1691 3732 Qum
1721 3678 1983 3725 CREATUS
2009 3678 2143 3726 EST.

1067 3842 1477 3912 EXPOSITIO
1518 3845 1844 3914 TEXTUS.

1128 3997 1191 4047 Et
1215 3996 1335 4062 quia
1359 4010 1468 4047 non
1484 3996 1649 4062 valet,
1677 4001 1777 4050 etc.

771 4122 980 4205 Supra
1011 4123 1149 4205 egit
1170 4123 1475 4205 Magister
1501 4125 1579 4190 de
1610 4125 1971 4191 conditione
1996 4145 2219 4192 rerum

690 4235 929 4315 aparte
972 4231 1304 4315 principii3
1346 4232 1450 4296 hic
1475 4234 1611 4314 agit
1637 4254 1676 4298 a
1716 4239 1893 4317 parte
1928 4237 2096 4300 finis.
2146 4236 2225 4301 Et

690 4340 996 4421 quoniam
1020 4359 1122 4404 res
1148 4359 1187 4403 a
1215 4341 1342 4403 fine
1363 4387 1379 4416 ‚
1405 4344 1469 4404 et
1493 4343 1844 4406 secundum
1881 4342 2066 4407 illum
2091 4361 2227 4407 res-

688 4452 943 4529 pectum
962 4497 979 4527 ,
1002 4448 1318 4530 accipiunt
1348 4447 1811 4513 distinctionem
1833 4443 2219 4530 formarum3

517 4581 527 4592 ·
559 4582 606 4593 ··
647 4616 658 4628 ,
686 4554 827 4618 ideo
863 4573 1009 4639 pars
1035 4555 1155 4618 ista
1179 4555 1374 4618 habet
1399 4558 1527 4618 tres
1556 4557 1896 4637 particulas
1936 4580 1952 4621 ε
1982 4558 2050 4621 in
2090 4557 2225 4639 pri-

684 4677 813 4742 ma,
837 4663 1163 4744 praemisso
1182 4680 1382 4745 quare
1405 4663 1733 4728 rationalis
1752 4671 2044 4731 creatura
2058 4667 2224 4729 facta

683 4771 785 4851 sit,
812 4789 893 4835 ex
913 4771 1382 4854 comparatione
1408 4790 1629 4836 rerum
1658 4773 1737 4837 ad
1762 4774 1981 4852 finem,
2005 4778 2224 4838 osten·

683 4877 774 4942 dit
798 4896 1017 4942 rerum
1058 4879 1558 4958 distinctionem3
1604 4881 1674 4943 in
1711 4882 1987 4946 secunda
2025 4900 2218 4960 vero,

682 4985 1036 5050 secundum
1073 4985 1250 5050 illam
1293 4986 1759 5051 distinctionem
1799 4990 2084 5070 assignat
2118 4988 2221 5052 di·-

680 5112 936 5168 versam
964 5096 1500 5176 comparationem
1517 5094 1595 5158 ad
1620 5095 1847 5175 finem,
1875 5096 1962 5159 ibi
1993 5095 2222 5162 :Ideo-

679 5216 799 5282 que
819 5203 884 5266 ai
904 5206 1230 5283 quoeratur
1252 5216 1447 5283 quare
1473 5202 1565 5268 sit
1589 5207 1843 5267 creatus
1865 5202 2066 5281 home,
2097 5205 2217 5267 etc.

679 5303 891 5372 Tertio
908 5326 1062 5372 vero
1088 5308 1367 5373 breviter
1388 5307 1668 5392 epilogat
1694 5307 2110 5375 determinata
2136 5328 2220 5375 ex

750 5428 771 5464 ¹
788 5428 937 5479 Hunc
963 5429 1176 5479 modum
1196 5429 1403 5480 dicendi
1429 5433 1713 5494 sequuntur
1736 5429 2036 5483 Thomistae.

1832 434 2454 502 SENTENTIARUM
2491 436 2641 502 LlB.
2686 437 2766 504 Il.

2343 572 2496 655 ipsis
2513 622 2531 652 ,
2566 572 2799 637 faciens
2834 572 3010 637 viam
3045 571 3124 636 ad
3163 574 3391 636 caetera
3414 574 3740 655 sequentia
3763 576 3874 639 de-

2344 681 2743 743 terminanda
2764 730 2779 760 ,
2828 680 2916 743 ibi
2965 702 2980 743 :
3027 681 3129 744 Ex
3177 681 3525 760 praemissis
3581 689 3871 764 apparet.

2344 784 2558 851 Prima
2594 792 2657 851 et
2685 788 2907 851 ultima
2937 792 3114 870 parte
3141 788 3617 852 remanentibus
3641 789 3878 853 indivi-

2343 895 2458 973 siS,
2482 894 2692 958 media
2717 894 3024 959 dividitur
3053 895 3118 957 in
3143 900 3306 958 tres:
3335 894 3406 957 in
3432 895 3640 976 prima
3668 896 3871 960 deter-

2344 1003 2549 1067 minat
2576 1004 2772 1067 flnem
2801 1002 3240 1067 intellectualis
3262 1003 3661 1080 substantiae3
3683 1004 3748 1065 in
3774 1022 3871 1067 se-

2343 1110 2552 1174 cunda
2571 1159 2587 1186 ,
2635 1112 2833 1175 finem
2875 1111 3250 1174 substantiae
3293 1128 3454 1192 pure
3499 1110 3869 1191 corporalis,

2341 1220 2431 1284 ibi
2444 1240 2460 1285 :
2475 1222 2559 1289 Et
2568 1224 2955 1303 sicutfactus
2966 1227 3057 1288 est
3066 1223 3245 1288 homo
3251 1227 3509 1304 propter
3519 1225 3737 1300 Deum,
3748 1226 3866 1285 etc.

2343 1325 2417 1390 In
2433 1329 2619 1392 tertia
2636 1347 2791 1395 vero
2817 1330 3193 1393 determinat
3219 1330 3414 1392 finem
3437 1327 3764 1410 compositi
3790 1347 3875 1391 ex

2342 1439 2638 1518 utroque,
2659 1436 2729 1500 in
2746 1440 3060 1519 quantum
3080 1441 3175 1500 est
3193 1435 3336 1512 tale,
3360 1436 3449 1499 ibi
3480 1458 3494 1499 ε
3521 1436 3605 1500 De
3620 1435 3873 1501 homine

2340 1557 2584 1623 quoque
2627 1545 2701 1608 in
2737 1543 3105 1625 Scriptura,
3150 1547 3267 1607 etc.
3309 1541 3385 1606 Et
3409 1542 3498 1604 ibi
3525 1542 3731 1624 primo
3760 1541 3875 1605 de-

2339 1651 2640 1726 terminat
2676 1653 3044 1729 veritatem3
3085 1651 3362 1716 secundo
3394 1650 3579 1715 solvit
3613 1650 3872 1714 dubita-

2338 1755 2578 1820 tionem
2598 1806 2616 1837 ,
2646 1758 2735 1822 ibi
2766 1780 2782 1823 :
2819 1759 2982 1827 Solet
3009 1761 3201 1825 etiam
3227 1758 3433 1841 quoeri
3448 1807 3465 1838 ,
3495 1773 3638 1823 cum
3665 1757 3870 1837 maio-

2339 1863 2472 1942 ri3‚
2497 1867 2618 1928 etc.

2988 1964 3125 2010 nus.
3172 1963 3216 2008 1.

2690 2068 2819 2129 Quia
2837 2070 3006 2121 bonus
3029 2075 3108 2121 est
3136 2072 3290 2135 Deua,
3320 2082 3514 2120 sumus.

2415 2177 2680 2246 Videtur
2706 2201 2821 2264 per
2854 2182 3293 2264 Augustinum
3332 2181 3566 2246 falsum
3608 2180 3816 2246 dicere
3847 2204 3861 2246 ε

2336 2303 2487 2349 nam
2516 2288 2569 2350 si
2606 2290 3054 2372 consequentia
3085 2295 3178 2353 est
3219 2290 3422 2369 bona,
3454 2307 3610 2370 ergo
3638 2289 3691 2352 si
3736 2307 3864 2353 non

2336 2411 2650 2473 essemuS,
2678 2395 2844 2460 Deus
2868 2416 2998 2460 non
3018 2401 3177 2461 esset
3198 2398 3429 2460 bonus.

2415 2500 2482 2565 Si
2512 2501 2679 2566 dicas
2702 2505 2871 2586 quod
2897 2523 3027 2567 non
3047 2508 3141 2567 est
3169 2504 3618 2585 consequentia
3643 2520 3863 2568 neces-

2335 2608 2535 2687 saria,
2558 2610 2709 2691 quia
2737 2628 2867 2675 non
2891 2612 3039 2676 dicit
3060 2611 3151 2674 ibi
3188 2612 3729 2693 consequentiam,
3758 2610 3865 2674 sed

2336 2733 2630 2796 causam;
2662 2719 2960 2799 objicitur
2995 2724 3214 2784 contra
3235 2721 3391 2799 hoc,
3436 2721 3586 2801 quia
3619 2720 3866 2783 bonitas

2333 2822 2442 2887 Dei
2466 2829 2580 2889 aut
2600 2833 2694 2889 est
2712 2846 2902 2891 causa
2927 2828 3283 2908 sufficiens,
3313 2832 3577 2892 autnon
3611 2848 3627 2890 :
3657 2826 3709 2889 si
3733 2826 3862 2890 sus-

2334 2932 2572 3012 flcienS,
2593 2952 2751 3016 ergo
2773 2937 2951 3017 ponit
2972 2936 3265 3000 effectum
3286 2936 3509 2999 eodem
3527 2935 3716 2999 modo
3735 2952 3863 3018 quo

2332 3037 2496 3102 inest
2527 3061 2543 3105 t
2574 3041 2683 3106 sed
2729 3042 3154 3106 necessarium
3204 3046 3297 3106 est
3335 3042 3537 3107 Deum
3576 3060 3711 3107 esse
3748 3042 3867 3105 bo-

2333 3164 2495 3212 num
2529 3171 2544 3212 z
2584 3168 2740 3232 ergo
2777 3170 3030 3215 necesse
3065 3151 3186 3215 fuit
3227 3155 3545 3216 creaturas
3585 3152 3763 3215 exire
3799 3150 3867 3214 in

2332 3273 2468 3319 esse
2501 3279 2516 3319 z
2548 3275 2704 3340 ergo
2726 3259 2861 3322 non
2877 3258 3318 3323 voluntarium
3349 3281 3366 3323 t
3398 3261 3583 3341 cujus
3608 3257 3866 3340 opposi-

2331 3365 2474 3426 tum
2503 3369 2925 3430 monstratum
2965 3370 3058 3432 est
3096 3366 3167 3430 in
3196 3365 3360 3430 libro
3402 3385 3456 3446 1,
3486 3365 3560 3430 in
3593 3369 3868 3430 tractatu

2331 3469 2409 3537 de
2445 3469 2802 3540 Voluntate.

2413 3578 2570 3644 item
2593 3582 2846 3646 videtur
2860 3581 3026 3646 male
3039 3581 3446 3665 appropriare
3470 3604 3486 3646 ε
3509 3582 3582 3645 in
3596 3581 3868 3665 vestigio

2332 3687 2503 3752 enim
2529 3693 2623 3752 est
2651 3687 3199 3770 correspondentia
3215 3707 3424 3752 causae
3448 3688 3526 3752 ad
3544 3688 3861 3769 effectum,

2329 3794 2420 3860 ita
2444 3796 2615 3878 quod
2650 3796 2920 3859 essentia
2964 3799 3270 3860 creaturae
3317 3799 3731 3878 repraesentat
3765 3815 3866 3861 es-

2330 3908 2598 3970 sentiam
2628 3903 2957 3984 CreatoriS,
2990 3905 3268 3986 potentia
3292 3905 3664 3987 potentiam,
3697 3907 3866 3972 veri-

2331 4019 2426 4078 tas
2467 4017 2829 4090 veritatem,
2869 4018 2932 4077 et
2970 4013 3215 4076 bonitas
3259 4013 3603 4078 bonitatem
3650 4033 3668 4077 τ
3711 4033 3870 4095 ergo

2331 4120 2513 4184 debet
2534 4120 2772 4184 dicere:
2797 4118 2957 4196 Quia
2980 4118 3144 4183 Deus
3176 4121 3290 4195 est,
3313 4137 3558 4184 sumuS.
3593 4120 3859 4203 Propter

2329 4227 2452 4292 hoc
2480 4233 2573 4292 est
2598 4229 2868 4311 quaestio
2902 4249 2917 4292 t
2955 4227 3116 4292 Cum
3144 4229 3222 4292 ad
3248 4233 3538 4293 nostrum
3563 4249 3697 4294 esse
3721 4249 3867 4294 con-

2330 4340 2544 4400 currat
2589 4336 2901 4418 potentia,
2949 4337 3290 4419 sapientia,
3338 4336 3585 4400 bonitas
3604 4385 3621 4416 ,
3669 4355 3866 4420 quare

2330 4442 2661 4506 causalitas
2694 4443 2896 4506 nostri
2937 4461 3068 4507 esse
3097 4443 3305 4525 potius
3341 4443 3711 4509 attribuitur
3752 4445 3868 4509 bo-

2328 4551 2532 4626 nitati,
2563 4561 2759 4632 quam
2786 4550 2966 4614 aliis?

2408 4658 2591 4742 Resp.
2619 4658 2964 4723 Dicendum
2992 4659 3165 4741 quod
3193 4676 3382 4723 causa
3410 4657 3482 4741 (b)
3515 4658 3584 4721 in
3613 4662 3764 4722 actu
3782 4675 3862 4722 ex

2328 4783 2643 4831 concursu
2672 4767 2997 4830 efficientis
3023 4771 3085 4830 et
3113 4766 3279 4844 fluia,
3306 4766 3457 4848 quia
3478 4766 3625 4829 finis
3650 4770 3863 4830 movet

2328 4875 2701 4939 efficientem
2729 4875 2798 4938 in
2838 4874 2942 4938 his
2983 4873 3409 4937 inferioribus
3440 4873 3518 4938 Et
3557 4875 3860 4956 quoniam

2327 4981 2625 5048 voluntas
2674 4981 2825 5046 dicit
2868 4980 3023 5045 illud
3067 4999 3196 5063 quo
3245 4981 3522 5045 efficiens
3560 4981 3862 5064 ¹iungitur

2326 5085 2444 5152 fini
2470 5090 2540 5151 in
2565 5088 2945 5153 habentibus
2972 5089 3381 5169 intellectum,
3405 5087 3559 5152 hinc
3576 5087 3858 5170 estquod

2326 5196 2625 5262 voluntas
2649 5199 2746 5259 est
2768 5214 2960 5260 causa
2983 5195 3349 5260 immediata
3380 5215 3399 5259 t
3428 5202 3492 5260 et
3511 5196 3600 5270 ita
3624 5196 3855 5260 dictum

2327 5309 2457 5386 est,
2487 5307 2551 5369 et
2578 5308 2906 5368 ostensum
2948 5304 3019 5368 in
3059 5304 3268 5387 primo
3318 5304 3504 5369 libro.
3548 5303 3855 5381 Quoniam

2389 5431 2455 5497 (α)
2476 5430 2534 5481 G.
2546 5429 2625 5480 ed.
2644 5427 3047 5494 imprimis-(b)
3059 5429 3181 5493 Sap.
3199 5427 3406 5493 ponitur
3421 5426 3499 5478 val
3511 5427 3850 5480 constituitur.
