4125 6225
653 417 774 490 590

650 559 889 624 ventur
910 553 1036 619 nisi
1061 558 1243 618 motu
1265 551 1438 615 illius
1463 548 1736 631 sphaerae
1776 568 1792 611 z
1822 560 1982 624 ergo
2021 546 2075 609 si
2106 547 2194 610 ita

637 643 994 729 'collocatur
1019 658 1462 743 unusquisque
1490 656 1744 739 planeta
1769 654 1842 718 in
1872 672 1992 719 suo
2015 654 2191 734 orbe,

655 772 820 836 sicut
845 770 1041 836 stellae
1067 770 1140 833 in
1180 773 1404 832 octava
1429 764 1712 848 sphaera,
1741 763 1996 828 videtur
2023 764 2197 846 quod

658 879 913 943 nullum
938 876 1255 942 luminare
1281 873 1539 959 proprio
1565 877 1749 937 motu
1777 872 2009 935 habeat
2050 888 2194 935 mo-

661 986 820 1052 veri.

743 1071 924 1166 Item,
955 1091 1008 1154 si
1038 1089 1383 1154 luminaria
1405 1088 1620 1170 aliqua
1646 1090 1990 1152 moventur
2017 1091 2200 1150 motu

662 1200 921 1284 proprio
963 1200 1041 1263 ad
1086 1197 1448 1263 faciendum
1503 1196 2014 1278 progressionem
2031 1244 2049 1274 ‚
2094 1194 2200 1259 vel

664 1307 1272 1390 retrogradationem
1291 1354 1308 1383 ,
1357 1303 1747 1388 impossibile
1805 1308 1900 1367 est
1949 1305 2201 1367 motum

667 1418 807 1482 caeli
834 1435 968 1481 esse
992 1416 1381 1482 uniformem
1406 1413 1497 1477 :si
1521 1431 1679 1495 ergo
1706 1417 1920 1477 motus
1941 1417 2037 1477 est
2057 1411 2202 1476 uni-

666 1524 890 1589 formis
915 1526 977 1588 et
1015 1527 1362 1606 perpetuus
1380 1569 1396 1598 ,
1427 1521 1684 1585 videtur
1720 1519 1890 1602 quod
1930 1502 2106 1583 nibil
2123 1519 2204 1582 sit

666 1631 948 1714 planetas
993 1629 1241 1696 moveri
1285 1628 1565 1693 motibus
1618 1627 1892 1711 propriis
1912 1675 1931 1707 ,
1979 1632 2044 1691 et
2086 1625 2200 1690 ali-

666 1741 921 1823 quando
946 1738 1358 1818 retrocedere,
1388 1736 1729 1820 aliquando
1757 1737 2081 1821 progredi.

1207 1979 1655 2047 CONCLUSIO.

666 2136 989 2193 Luminaria
1015 2135 1226 2190 orbium
1250 2150 1357 2190 non
1375 2139 1654 2191 moventur
1670 2136 1913 2206 propriis
1939 2134 2195 2206 motibus),

765 2222 857 2278 sed
885 2220 960 2278 ad
983 2225 1184 2277 motum
1209 2220 1421 2277 orbium
1447 2223 1509 2276 in
1537 2235 1638 2292 quo
1664 2223 1786 2293 ipsa
1810 2224 1938 2276 sunt
1961 2222 2093 2276 sita.

523 2419 552 2450 n
624 2440 634 2450 .
745 2381 930 2464 Resp.
988 2381 1085 2444 Ad
1135 2382 1296 2462 Arg.
1344 2380 1525 2457 Quod
1570 2381 1648 2444 de
1686 2380 1807 2445 hac
1852 2382 2205 2462 quaestione

456 4558 586 4615 opin.
606 4560 649 4601 2.

665 2488 1096 2553 controversia
1122 2488 1247 2551 fuit
1272 2487 1439 2551 inter
1478 2486 1820 2563 naturale3‚
1855 2491 1919 2552 et
1948 2489 2199 2552 mathe-

666 2596 947 2660 maticos,
979 2594 1405 2660 Mathematici
1430 2595 1604 2658 enim
1630 2595 1910 2659 maxime
1931 2595 2208 2662 conside-

664 2710 874 2768 rantes
898 2703 1356 2787 apparentiam,
1374 2707 1448 2767 ut
1473 2703 1646 2767 illam
1676 2707 1930 2785 possent
1947 2704 2197 2770 salvare

662 2812 858 2876 simul
884 2830 1033 2876 cum
1073 2815 1284 2875 motus
1321 2811 1737 2894 perpetuitate
1761 2815 1826 2875 et
1852 2811 2198 2877 uniformi-

668 2925 816 2998 tate,
843 2924 1195 3001 posuerunt
1221 2920 1639 2998 excentricOS,
1669 2928 1733 2983 et
1759 2919 2105 3002 epicycIOS,
2144 2926 2209 2987 et

663 3026 944 3110 planetas
970 3025 1218 3089 moveri
1246 3025 1317 3088 in
1357 3025 1639 3089 motibus
1664 3027 1941 3108 propriis
1967 3027 2038 3090 in
2066 3026 2207 3109 epi—

666 3136 862 3219 cyclis
922 3159 937 3200 z
977 3141 1042 3200 et
1087 3135 1442 3199 secundum
1484 3134 1625 3199 haec
1646 3183 1665 3213 ,
1710 3136 1954 3200 salvata
1995 3141 2207 3201 motus

665 3242 1124 3318 uniformitate,
1168 3240 1509 3323 aliquando
1546 3241 1859 3321 contingit
1881 3242 2204 3324 planetam

669 3351 966 3434 deprimi,
1011 3349 1354 3432 aliquando
1400 3348 1636 3414 elevari
1667 3351 2021 3415 secundum
2062 3369 2208 3416 mo-

671 3465 811 3524 tum
838 3458 1039 3542 ipsius
1066 3456 1335 3540 planetae
1368 3457 1440 3520 in
1479 3457 1761 3540 epicyclo
1780 3506 1799 3538 ,
1839 3461 1903 3523 et
1944 3458 2209 3542 epicycli

671 3565 740 3630 in
785 3564 1177 3643 excentricO,
1219 3569 1282 3629 et
1323 3565 1666 3628 excentrici
1697 3564 1863 3629 circa
1904 3570 2199 3631 centrum

672 3675 1038 3758 proprium,
1079 3672 1251 3755 quod
1290 3677 1385 3737 est
1416 3677 1598 3737 extra
1636 3677 1928 3737 centrum
1955 3673 2206 3738 mundi.

670 3781 772 3846 Ab
815 3781 1234 3865 objectionem
1274 3784 1492 3845 autem
1531 3781 1927 3847 naturalium
1959 3782 2038 3847 de
2069 3800 2212 3846 cor-

673 3891 843 3972 poris
873 3890 1047 3954 illius
1074 3890 1511 3967 continuitate,
1542 3890 1926 3972 respondent
1951 3891 2213 3956 diversi-

673 3998 891 4077 mode,
923 3998 1201 4062 dicentes
1245 3998 1415 4080 quod
1459 4016 1592 4063 non
1617 4002 1711 4061 est
1732 3998 2207 4078 inconveniens,

672 4104 726 4167 si
752 4123 984 4187 corpus
1004 4104 1161 4169 illud
1177 4104 1493 4193 =scinditur
1514 4109 1696 4170 motu
1718 4104 2020 4187 planetae,
2056 4105 2211 4189 quia

663 4218 768 4279 ,est
792 4217 1041 4279 naturae
1069 4214 1299 4295 igneae.
1330 4213 1458 4277 Alii
1483 4213 1738 4294 dicunt,
1768 4214 1943 4296 quod
1978 4232 2213 4297 corpus

671 4321 832 4387 illud
853 4340 986 4386 non
1011 4320 1342 4399 scinditur,
1367 4324 1430 4385 et
1446 4320 1716 4403 planetae
1734 4322 2211 4403 pertranseunt:

676 4447 907 4513 corpus
941 4429 1115 4496 enim
1155 4428 1421 4492 luminis
1454 4428 1648 4492 simul
1674 4433 2036 4511 potestesse
2063 4448 2214 4495 cum

676 4538 800 4601 alio
847 4555 1130 4620 corpore.
1175 4534 1407 4601 Positio
1448 4554 1602 4602 vero
1644 4536 2037 4602 naturalium
2087 4541 2208 4615 est,

677 4644 841 4708 sicut
879 4643 1231 4709 Aristotelis
1249 4644 1269 4680 ¹
1326 4648 1390 4708 et
1436 4644 1993 4723 CommentatoriS,
2041 4644 2216 4727 quod

675 4750 946 4835 planetae
987 4769 1118 4816 non
1176 4754 1519 4817 moventur
1560 4752 1684 4816 nisi
1721 4756 1905 4817 motu
1944 4771 2216 4817 suorum

667 4859 963 4939 orbium,
1004 4858 1171 4924 sicut
1197 4859 1414 4925 clavus
1448 4860 1621 4922 fixus
1654 4859 1725 4925 in
1751 4864 1892 4924 rota
1919 4864 2218 4927 movetur

675 4969 856 5030 motu
901 4970 1057 5030 rotae
1080 5015 1099 5046 ,
1145 4984 1279 5030 non
1326 4967 1584 5049 proprio
1629 4988 1644 5030 ε
1693 4971 1757 5030 et
1801 4966 1926 5031 boc
1964 4972 2219 5050 ponunt

675 5078 933 5157 propter
974 5073 1146 5139 illius
1189 5074 1474 5157 corporis
1519 5074 2212 5156 incorruptibilitatem,

676 5185 933 5264 propter
955 5200 1149 5264 quam
1177 5201 1309 5247 non
1347 5187 1551 5266 potest
1576 5183 1804 5264 scindi,
1838 5202 1957 5248 nec
1982 5184 2216 5250 transi-

677 5292 819 5351 tum
843 5291 1126 5371 praebere
1151 5290 1259 5354 alii
1279 5291 1551 5377 corpori,
1573 5290 1831 5355 Ponunt
1847 5292 2042 5356 etiam
2068 5310 2211 5357 cen-

743 5412 766 5448 ¹
783 5409 956 5469 Arist„
983 5409 1264 5476 Metaplzys.
1285 5412 1373 5464 lib.
1397 5414 1486 5464 ΧΠ
1503 5451 1520 5477 ,
1550 5417 1692 5467 cont.
1709 5416 1791 5466 37.

1791 397 2413 475 SENTENTIARUM
2452 404 2601 471 LIB.
2642 405 2724 472 11.

2302 547 2480 607 trum
2506 559 2641 605 esse
2664 541 2836 606 idem
2862 540 3119 604 orbium
3147 540 3577 623 superiorum,
3596 546 3664 607 et
3687 541 3834 608 inse·

2303 650 2573 728 riorum,
2604 648 2838 712 scilicet
2865 651 3156 713 centrum
3183 648 3409 713 mundi
3439 654 3699 732 propter
3735 669 3835 717 ro-

2305 757 2682 820 tunditatem
2713 755 3054 838 perfectam
3083 755 3337 820 orbium
3364 756 3656 839 ipsorum
3675 806 3693 838 ,
3732 759 3839 840 qui

2308 862 2699 927 circulariter
2739 866 3103 940 moventur,
3147 862 3238 926 ita
3280 864 3453 945 quod
3502 883 3678 928 unus
3715 884 3841 931 non

2306 973 2624 1037 subintrat
2668 971 2962 1036 alterum.
3009 969 3265 1035 Ponunt
3303 973 3499 1035 etiam
3534 991 3687 1037 cum
3730 972 3844 1037 boc

2307 1083 2619 1162 majorem
2665 1083 2728 1144 et
2769 1079 3085 1144 minorem
3129 1078 3529 1145 velocitatem
3566 1080 3641 1142 in
3673 1080 3840 1144 orbi-

2309 1190 2450 1270 bus,
2489 1193 2554 1252 et
2591 1206 2675 1251 ex
2714 1187 2835 1251 hoc
2873 1187 3110 1251 habere
3138 1187 3327 1252 modo
3355 1187 3843 1269 retrogradatio·

2308 1315 2451 1375 neS,
2482 1297 2674 1361 modo
2717 1297 3226 1378 progressioneS,
3257 1295 3410 1378 quia
3450 1315 3602 1361 cum
3639 1315 3846 1362 unum

2309 1422 2541 1485 corpus
2584 1402 2864 1467 multum
2890 1403 3191 1486 praecedit
3215 1403 3489 1467 alterum
3516 1422 3635 1467 sua
3675 1404 3848 1469 velo·

2309 1512 2495 1575 citate
2513 1559 2531 1589 ,
2562 1511 2836 1575 alterum
2876 1511 3130 1576 videtur
3155 1497 3568 1576 retrocedere.
3609 1511 3690 1576 Et
3716 1512 3850 1577 haec

2310 1618 2528 1683 omnia
2574 1619 2875 1683 videntur
2918 1617 3099 1683 valde
3145 1636 3425 1683 consona
3475 1620 3735 1685 rationi.
3778 1621 3851 1685 Et

2309 1725 2477 1806 ideo,
2517 1727 2663 1790 licet
2706 1726 2930 1809 positio
2977 1726 3579 1792 mathematicorum
3623 1746 3850 1794 secun-

2310 1834 2469 1898 dum
2508 1815 2832 1916 judiciu'm
2877 1852 3183 1898 sensuum
3222 1835 3515 1900 videatur
3561 1854 3701 1902 esse
3741 1856 3850 1902 ve-

2310 1942 2464 2021 rior,
2482 1942 2655 2025 quia,
2676 1940 3030 2007 secundum
3042 1942 3219 2006 illam
3245 1943 3420 2008 viam
3452 1935 3846 2025 procedendo

2311 2053 2375 2114 et
2393 2050 2760 2130 judicandO,
2790 2069 2920 2115 non
2947 2050 3258 2115 falluntur
3282 2052 3450 2117 circa
3479 2057 3697 2119 motus
3720 2072 3852 2119 cor·

2311 2176 2545 2240 porum
2580 2159 2986 2241 superiorum
3022 2161 3377 2225 secundum
3420 2179 3598 2240 rem3
3635 2167 3849 2227 tamen

2311 2283 2443 2329 non
2470 2270 2716 2348 oportet
2745 2286 2879 2330 esse
2907 2268 3144 2346 verius,
3176 2269 3330 2351 quia
3362 2269 3593 2333 falsum
3618 2273 3715 2334 est
3740 2270 3854 2333 fre-

2312 2379 2582 2456 quenter
2607 2375 2714 2439 via
2738 2375 3102 2441 inveniendi
3129 2395 3358 2442 verum
3390 2399 3405 2440 :
3438 2377 3549 2442 sed
3577 2377 3845 2441 rationa-

2312 2480 2504 2546 bilius
2531 2482 2787 2546 videtur
2813 2483 3172 2564 procedere,
3193 2488 3258 2548 et
3279 2502 3517 2566 ponere
3543 2484 3851 2548 naturalis

2311 2589 2728 2673 philosophus
2758 2612 2774 2654 ε
2803 2590 2944 2655 ideo
2987 2590 3044 2654 si
3082 2591 3258 2655 illam
3292 2591 3671 2674 positionem
3708 2611 3851 2657 sus-

2313 2697 2516 2761 tinere
2539 2697 2834 2776 velimuS,
2864 2702 3070 2781 potest
3095 2697 3465 2781 responderi
3493 2700 3573 2765 ad
3600 2717 3678 2764 ea
3709 2718 3852 2783 quae

2314 2805 2707 2888 objiciuntur
2727 2806 2797 2868 in
2821 2806 3208 2889 oppositum.

2397 2920 2456 2978 1.
2504 2915 2605 2979 Ad
2640 2915 2805 2980 illud
2843 2916 3022 2980 enim
3071 2916 3246 2999 quod
3297 2915 3634 2998 obiicitur,
3687 2915 3855 2999 quod

2314 3040 2466 3086 aves
2491 3022 2563 3085 in
2588 3040 2756 3102 aere,
2786 3025 2847 3086 et
2872 3023 3073 3106 pisces
3095 3024 3163 3085 in
3191 3022 3375 3106 aquis
3406 3023 3685 3088 motibus
3714 3042 3854 3107 pro·

2314 3125 2877 3213 priis'moventur,
2910 3132 3253 3196 dicendum
3277 3132 3451 3215 quod
3488 3150 3622 3196 non
3648 3137 3744 3196 est
3770 3134 3858 3197 si-

2318 3238 2501 3319 mile,
2528 3239 2685 3321 quia
2722 3243 2854 3303 tam
2897 3257 3030 3318 aer,
3067 3257 3265 3321 quam
3297 3257 3496 3322 aqua,
3526 3244 3682 3305 sunt
3722 3259 3855 3307 cor-

2315 3362 2473 3428 pora
2494 3364 2642 3428 quae
2669 3350 2937 3430 possunt
2962 3347 3268 3426 rarefleri,
3295 3346 3434 3413 sive
3461 3348 3850 3412 condensari.

2317 3450 2632 3517 Praeterea
2686 3453 2807 3517 ista
2845 3453 3159 3517 elementa
3200 3472 3332 3517 non
3388 3457 3541 3519 sunt
3584 3454 3675 3519 sic
3710 3461 3856 3520 nata

2316 3562 2586 3640 moveri,
2617 3563 2692 3625 ut
2719 3579 2985 3644 corpora
3013 3579 3160 3644 quae
3185 3562 3266 3626 ad
3302 3580 3529 3627 eorum
3555 3568 3857 3631 ornatum

2315 3672 2639 3752 spectant,
2690 3688 2839 3752 quae
2892 3670 3179 3752 ipsorum
3235 3674 3421 3735 motu
3473 3672 3858 3737 sufficienter

2316 3776 2561 3858 possint
2574 3778 2984 3840 transmutari
3001 3778 3302 3858 localiter,
3318 3778 3675 3857 secundum
3688 3779 3859 3861 quod

2319 3885 2524 3967 exigit
2565 3885 2752 3949 decor
2797 3885 3111 3950 universi.
3142 3885 3489 3979 Praeterea,
3519 3887 3673 3971 ipsis
3717 3888 3860 3952 ani-

2318 3997 2595 4062 malibus
2622 3998 2926 4080 competit
2948 4001 3163 4063 motus
3194 4000 3640 4083 progressivus
3678 4018 3860 4084 prop-

2318 4110 2416 4171 ter
2441 4107 2542 4170 sui
2566 4106 3018 4188 indigentiam,
3050 4111 3111 4170 et
3138 4107 3251 4189 qui
3276 4110 3373 4172 est
3399 4107 3479 4172 ad
3512 4126 3857 4196 asseguen·

2320 4213 2479 4278 dum
2506 4213 2764 4297 aliquod
2786 4214 3151 4280 delectabile
3191 4233 3210 4278 ε
3247 4218 3311 4280 et
3334 4216 3458 4281 hoc
3483 4215 3550 4280 in
3576 4216 3859 4280 lumina-

2319 4321 2502 4386 ribus
2530 4321 2674 4406 coeli
2707 4340 2826 4385 nec
2863 4326 3219 4404 competere
3246 4327 3478 4405 potest,
3506 4341 3626 4388 nec
3652 4324 3857 4390 debet.
3960 4351 3969 4359 ·

2401 4434 2463 4494 2.
2494 4430 2593 4495 Ad
2615 4430 2773 4494 illud
2791 4430 2962 4512 quod
2988 4431 3307 4514 objicitur,
3328 4430 3500 4514 quod
3518 4435 3734 4496 motus
3761 4449 3861 4496 or-

2320 4535 2504 4600 bium
2532 4540 2628 4600 est
2653 4539 2914 4620 propter
2935 4542 3151 4602 motus
3173 4538 3629 4618 luminarium3
3652 4539 3860 4603 dicen-

2323 4642 2482 4707 dum
2506 4643 2680 4727 quod
2706 4663 2937 4710 verum
2960 4649 3056 4710 est
3085 4649 3340 4710 :tamen
3365 4663 3446 4711 ex
3473 4645 3595 4710 hoc
3615 4664 3747 4710 non
3768 4664 3860 4712 se·

2324 4750 2579 4833 quitur,
2627 4750 2801 4833 quod
2844 4752 2978 4816 sola
3018 4753 3364 4818 luminaria
3410 4753 3679 4818 debeant
3719 4772 3861 4819 mo-

2322 4857 2463 4922 veri
2499 4879 2515 4921 :
2556 4858 2892 4924 non-enim
2920 4860 3009 4924 sic
3035 4860 3320 4926 salvatur
3345 4861 3681 4943 integritas
3722 4878 3858 4926 cor·

2323 4966 2495 5049 poris
2515 4966 2745 5048 quinti,
2766 4966 2820 5030 si
2842 4967 3039 5031 stellae
3056 4973 3401 5033 moventur
3420 4969 3699 5034 motibus
3717 4986 3857 5052 pro·

2324 5073 2500 5156 priiS,
2529 5074 2694 5137 sicut
2718 5075 2770 5138 si
2800 5078 3181 5141 moveantur
3205 5076 3465 5141 orbibus
3492 5076 3630 5141 suis
3661 5095 3678 5140 ε
3708 5077 3859 5159 quia

2323 5181 2413 5246 ibi
2454 5198 2568 5265 per
2593 5182 2788 5248 talem
2831 5189 3080 5250 motum
3123 5200 3465 5268 corporum
3510 5185 3857 5250 ccelestium

2325 5308 2458 5355 non
2484 5292 2558 5354 fit
2585 5291 2798 5375 aliqua
2823 5290 3093 5357 mutatio
3119 5292 3199 5358 de
3223 5292 3362 5358 loco
3398 5295 3475 5359 ad
3508 5294 3722 5358 locum
3759 5311 3857 5357 se-

2326 5400 2612 5469 cundum
2661 5400 3034 5469 totalitatem
3078 5401 3331 5470 mobilis
3349 5450 3371 5483 ,
3419 5401 3528 5470 sed
3562 5402 3733 5469 circa
3766 5402 3859 5467 lo·
