4125 6225
441 1818 655 1867 rmum.

467 4768 537 4814 Aci
568 4782 643 4826 op-

480 4841 574 4885 pos.

667 405 790 471 634

667 554 868 618 quam
896 541 1195 605 naturam
1214 543 1468 609 tertiam
1494 562 1646 611 cum
1680 542 1894 628 aliqua
1921 551 2215 613 creatura

672 642 1053 726 participare
1076 668 1090 709 ε
1117 651 1183 712 et
1205 667 1399 731 penes
1414 651 1533 717 has
1553 651 2003 717 similitudines
2029 654 2211 719 nullo

673 751 864 815 modo
881 754 1228 819 attenditur
1240 758 1399 823 ratio
1412 758 1713 845 imaginis
1722 759 1791 824 in
1802 760 2089 842 homine,
2102 762 2213 827 sed

672 876 869 941 penes
885 860 1077 925 aliam
1088 863 1431 946 duplicem,
1453 867 1688 934 scilicet
1711 869 1979 947 ordiniS,
1993 873 2056 933 et
2068 888 2216 935 con-

675 967 901 1030 similis
937 969 1330 1037 habitudinis
1351 1022 1368 1051 ,
1399 975 1755 1041 secundum
1792 996 1992 1060 quam
2019 979 2217 1043 ratio-

674 1070 839 1135 nalis
863 1091 997 1137 non
1016 1074 1204 1140 distat
1240 1077 1312 1141 in
1334 1078 1666 1143 infinitum
1691 1099 1730 1145 a
1763 1079 2077 1161 Creatore,
2106 1083 2218 1147 sed

675 1178 860 1244 valde
904 1183 1374 1269 appropinquat
1418 1187 1480 1252 ei
1502 1236 1521 1267 ‚
1567 1189 1735 1253 sicut
1773 1207 1969 1273 supra
2011 1194 2219 1256 osten·

676 1305 824 1353 sum
845 1293 961 1353 est.

1250 1510 1608 1589 QUAESTIO
1641 1514 1721 1579 II.

891 1660 986 1718 An
1012 1662 1162 1719 homo
1187 1666 1263 1720 sit
1288 1667 1468 1737 imaqo
1486 1668 1587 1723 Dei
1611 1669 1945 1726 naturaliter
1965 1667 2004 1723 ¹.

763 1824 994 1890 Utrum
1010 1827 1207 1893 homo
1235 1830 1318 1893 sit
1343 1830 1561 1913 imago
1588 1832 1698 1897 Dei
1725 1834 2128 1916 naturaliter3
2161 1841 2224 1901 et

684 1935 858 2016 quod
888 1935 998 2016 sic,
1027 1937 1307 2002 videtur.
1340 1939 1521 2017 Quod
1548 1941 1712 2006 inest
1737 1942 1928 2007 alicui
1955 1962 1994 2007 a
2015 1945 2225 2027 prima

683 2059 803 2105 sua
843 2042 1127 2125 origine,
1172 2045 1337 2110 inest
1383 2047 1442 2111 ei
1489 2049 1864 2114 naturaliter
1892 2069 1909 2113 ε
1940 2052 2047 2116 sed
2091 2070 2225 2118 esse

682 2147 1040 2229 imaginem
1067 2153 1177 2217 Dei
1204 2156 1501 2219 convenit
1526 2156 1835 2221 hominia
1860 2177 1981 2223 sua
2015 2160 2228 2243 prima

684 2256 1046 2323 conditione
1078 2278 1097 2323 ε
1129 2279 1286 2343 ergo
1316 2263 1481 2327 inest
1507 2264 1567 2327 ei
1595 2265 1986 2330 naturaliter.

770 2365 955 2445 Item,
985 2372 1157 2452 quod
1188 2373 1352 2438 inest
1387 2374 1688 2439 omnibus
1713 2377 2141 2442 communiter
2165 2379 2228 2441 et

684 2474 1211 2556 inseparabiliter,
1251 2479 1409 2544 illud
1450 2481 1616 2545 inest
1649 2483 2023 2548 naturaliter
2067 2507 2082 2548 ε
2117 2485 2228 2549 sed

687 2598 825 2645 esse
857 2581 1208 2665 imaginem
1250 2588 1550 2652 convenit
1592 2588 1842 2653 homini
1883 2574 2237 2658 universa-->

687 2687 834 2753 liter
856 2693 919 2753 et
937 2690 1439 2774 inseparabiliter
1474 2717 1489 2759 :
1522 2714 1704 2778 ergo,
1729 2701 1849 2761 etc.

777 2799 960 2880 Item,
990 2801 1162 2884 quod
1191 2802 1487 2867 convenit
1511 2803 1705 2869 alicui
1732 2806 2085 2871 secundum
2111 2825 2227 2872 na-

689 2911 927 2977 turales
970 2911 1110 2992 ejus
1148 2909 1560 2991 proprietates
1581 2960 1600 2990 ,
1630 2914 1929 2977 convenit
1950 2914 2009 2977 ei
2035 2918 2227 2979 natu-

688 3023 948 3088 raliter:
976 3021 1087 3085 sed
1114 3037 1250 3084 esse
1275 3020 1629 3102 imaginem
1661 3021 1961 3085 convenit
1983 3021 2230 3086 homini

685 3130 1038 3197 secundum
1058 3129 1430 3193 intrinsecas
1455 3130 1762 3210 potentias
1778 3133 1842 3195 et
1863 3131 2186 3195 naturales
2209 3152 2226 3195 z

690 3257 849 3320 ergo
871 3235 1169 3302 convenit
1192 3237 1590 3301 naturaliter.

768 3346 929 3411 Item
972 3363 1108 3410 esse
1143 3344 1502 3426 imaginem
1544 3344 1654 3410 Dei
1689 3363 1823 3434 non
1862 3351 1957 3411 est
1980 3347 2157 3412 homi
2166 3348 2232 3412 ni

690 3455 981 3522 accidens
1002 3502 1020 3534 ,
1054 3453 1164 3518 sed
1202 3453 1417 3537 potius
1445 3453 1878 3533 substantiale,
1908 3454 2073 3518 sieut
2097 3472 2232 3520 esse

688 3563 1041 3644 vestigium
1089 3560 1252 3624 nulli
1294 3560 1520 3625 accidit
1553 3564 1864 3624 creaturae
1912 3584 1928 3625 ε
1977 3561 2032 3623 si
2075 3579 2232 3642 ergo

691 3671 890 3737 homo
914 3688 1048 3734 non
1068 3673 1163 3733 est
1173 3669 1393 3751 imago
1413 3668 1523 3733 Dei
1544 3667 1856 3733 naturalis
1871 3714 1892 3745 ‚
1920 3686 2081 3749 ergo
2101 3686 2233 3733 non

691 3783 785 3843 est
810 3795 916 3842 res
939 3776 1271 3856 naturalis,
1291 3777 1402 3841 sed
1432 3775 1776 3840 artificialis
1808 3794 1824 3838 ε
1857 3775 1914 3839 si
1929 3794 2087 3858 ergo
2112 3778 2236 3842 hoc

692 3890 788 3952 est
815 3885 1005 3968 plane
1034 3884 1289 3962 falsum,
1320 3883 1555 3948 scilicet
1591 3883 1762 3966 quod
1788 3883 1986 3948 homo
2018 3883 2100 3948 sit
2125 3903 2237 3949 ar·-

692 3996 990 4075 tificialis,
1021 4013 1179 4078 ergo
1204 4014 1335 4059 non
1363 3999 1457 4060 est
1488 3996 1709 4078 imago
1735 3996 2103 4076 artificialis,
2127 3994 2237 4060 sed

693 4105 1044 4170 naturalis:
1076 4123 1255 4187 erg0,
1287 4108 1408 4169 etc.

776 4212 935 4277 Item
972 4213 1188 4277 asinus
1222 4212 1568 4277 artificialis
1593 4230 1728 4276 non
1751 4213 1846 4276 est
1872 4214 2094 4279 asinus
2117 4232 2237 4280 ve-

695 4339 809 4386 rus
843 4342 858 4383 ι
888 4338 1047 4402 ergo
1082 4320 1301 4401 imago
1344 4318 1685 4382 artificialis
1723 4336 1858 4383 non
1892 4323 1987 4383 est
2019 4320 2239 4402 imago

700 4447 853 4496 vera
884 4451 899 4492 :
931 4427 1040 4492 sed
1077 4425 1273 4489 homo
1307 4428 1405 4489 est
1429 4425 1645 4507 imago
1671 4444 1829 4490 vera
1858 4447 1874 4490 ε
1913 4444 2072 4509 ergo
2107 4445 2241 4491 non

699 4538 796 4602 est
833 4536 1051 4617 imago
1097 4532 1444 4599 artificialis
1488 4552 1507 4596 ε
1536 4537 1602 4597 et
1625 4538 1720 4598 est
1742 4533 2110 4616 artificialis,
2136 4535 2243 4601 vel

699 4642 1009 4708 naturalis
1039 4664 1054 4706 z
1088 4659 1268 4723 ergo,
1295 4644 1414 4706 etc.

784 4752 1055 4817 Contra:
1089 4754 1150 4812 1.
1177 4748 1464 4813 Hilarius
1481 4796 1499 4828 ,
1529 4747 1598 4810 in
1639 4746 1805 4812 libro
1827 4748 1907 4814 de
1935 4748 2238 4830 synodis,

705 4858 1024 4926 diffiniens
1042 4855 1802 4936 naturalem,-imaginem
1821 4854 1972 4919 dicit
1994 4877 2009 4918 τ
2038 4880 2070 4917 (ι
2084 4855 2246 4920 Ima-

701 4987 789 5051 go
815 4971 911 5031 est
937 4968 1082 5048 ejus
1097 4965 1214 5042 rei,
1242 4964 1323 5028 ad
1354 4982 1551 5045 quam
1569 4962 1983 5044 imaginatur,
2004 4965 2246 5045 species

700 5074 1092 5140 indifferens.
1130 5093 1161 5131 n
1201 5071 1323 5136 Sed
1359 5070 1554 5136 homo
1594 5088 1728 5134 non
1757 5075 1852 5134 est
1879 5070 2118 5152 species
2144 5071 2248 5135 in-

706 5185 1005 5250 differens
1022 5181 1224 5266 ipsius
1245 5181 1396 5247 Dei:
1424 5200 1585 5264 ergo
1608 5199 1742 5245 non
1768 5184 1863 5245 est
1882 5181 2103 5263 imago
2129 5200 2246 5247 na-

702 5293 948 5357 turalis.

776 5418 795 5453 ¹
811 5417 893 5482 Cf.
913 5415 1173 5479 Bishai-d„
1203 5415 1246 5466 n
1272 5416 1435 5479 seut„
1461 5415 1580 5467 dist.
1597 5426 1686 5465 xvi
1702 5452 1718 5480 ‚
1735 5427 1788 5479 q.
1811 5425 1890 5477 υς
1919 5414 2099 5480 steph.
2128 5415 2250 5466 Bru·

1797 408 2423 481 SENTENTIARUM
2461 414 2612 483 LIB.
2652 417 2733 482 n.

2400 554 2462 613 2.
2494 550 2658 617 Item
2695 552 3123 635 Augustinus,
3142 554 3223 621 dc
3250 554 3460 622 decem
3480 556 3752 626 Chordis
3774 565 3803 603 ¹
3829 577 3848 624 z

2327 680 2358 720 α
2384 656 2560 724 Sicut
2584 661 2797 726 differt
2822 661 3039 743 imago
3064 661 3463 745 imperatoris
3488 666 3557 729 in
3582 667 3719 731 filio
3739 716 3758 747 ,
3789 670 3853 732 et

2317 765 2389 829 in
2413 784 2706 848 nummo,
2739 769 2831 833 sic
2868 770 3081 834 differt
3105 770 3323 852 imago
3351 772 3423 836 iu
3448 770 3609 838 Filio
3633 774 3764 852 Dei,
3792 780 3855 841 et

2318 872 2390 935 in
2427 873 2687 940 homine
2718 898 2734 940 :
2765 876 2818 939 si
2849 874 3051 958 igitur
3076 876 3292 959 imago
3319 878 3390 942 in
3416 879 3550 944 filio
3577 880 3854 964 impera-

2321 980 2478 1044 toris
2502 987 2596 1046 est
2620 983 2951 1063 naturalis,
2979 983 3047 1047 in
3072 1002 3345 1050 nummo
3364 990 3461 1050 est
3488 988 3855 1067 artificialia,

2321 1087 2577 1153 videtur
2614 1089 2786 1172 quod
2828 1090 3000 1155 solus
3027 1090 3228 1157 Filius
3254 1093 3362 1159 Dei
3390 1095 3472 1158 sit
3491 1096 3719 1179 imago
3742 1115 3858 1162 na-

2322 1197 2570 1278 turalis,
2597 1198 2792 1263 homo
2817 1217 2972 1264 vero
2998 1201 3207 1265 solum
3230 1203 3596 1268 artificialis.

2405 1307 2464 1366 3.
2496 1301 2655 1368 Item
2676 1305 2798 1370 hoc
2837 1307 3054 1389 ipsum
3076 1308 3329 1374 videtur
3359 1311 3629 1374 ratione.
3682 1309 3861 1377 Sicut

2325 1412 2662 1493 proprium
2694 1417 2790 1478 est
2814 1432 3102 1498 personae
3130 1415 3273 1480 Filii
3299 1436 3433 1483 esse
3459 1418 3704 1484 Filium
3726 1468 3746 1499 ,
3777 1419 3864 1484 ita

2327 1520 2660 1602 proprium
2685 1526 2780 1585 est
2805 1540 2940 1586 esse
2971 1523 3323 1606 imaginem
3353 1546 3371 1589 ε
3411 1527 3521 1590 sed
3558 1527 3696 1590 sola
3720 1545 3863 1609 per-

2326 1644 2485 1691 sona
2510 1627 2654 1692 Filii
2670 1632 2764 1693 est
2782 1629 2982 1695 Filius
3008 1632 3338 1709 naturalis,
3365 1635 3430 1696 et
3452 1652 3585 1697 non
3612 1634 3815 1698 homo
3844 1654 3861 1698 :

2325 1753 2486 1816 ergo
2514 1736 2651 1817 pari
2680 1737 2929 1802 ratione
2956 1737 3088 1802 sola
3114 1756 3385 1821 persona
3410 1738 3556 1803 Filii
3582 1744 3681 1804 oet
3704 1741 3867 1805 ima-

2330 1860 2418 1924 go
2446 1844 2780 1921 naturalis,
2810 1849 2874 1909 et
2900 1862 3033 1909 non
3059 1846 3277 1910 homo.

2408 1955 2470 2014 4.
2510 1951 2668 2015 Item
2689 1999 2708 2031 ,
2749 1952 2917 2034 quod
2952 1955 3047 2016 est
3077 1971 3116 2017 a
3145 1952 3475 2017 voluntate
3497 2001 3514 2030 ,
3544 1971 3684 2017 non
3708 1957 3807 2018 aet
3832 1974 3872 2019 a

2329 2061 2563 2122 natura
2592 2081 2606 2122 ε
2638 2059 2747 2124 sed
2774 2060 3101 2141 productio
3127 2060 3405 2125 hominis
3427 2064 3522 2125 est
3553 2080 3593 2124 a
3633 2062 3871 2126 volun·

2329 2169 2457 2229 tate
2489 2164 2640 2229 Dei:
2674 2183 2832 2248 ergo
2863 2184 2994 2230 non
3035 2170 3132 2231 est
3155 2186 3195 2231 a
3222 2170 3454 2233 natura
3484 2186 3504 2230 z
3533 2167 3647 2232 sed
3673 2169 3753 2232 ab
3792 2188 3870 2233 eo

2330 2273 2523 2337 habet
2568 2290 2703 2337 esse
2745 2273 3097 2355 imaginem
3116 2321 3132 2351 ,
3173 2292 3214 2337 a
3240 2293 3372 2357 quo
3408 2274 3694 2339 habetet
3721 2293 3870 2358 pro-

2332 2380 2478 2444 duci
2510 2401 2527 2443 ε
2557 2380 2611 2443 si
2636 2379 2839 2461 igitur
2863 2380 3081 2445 anima
3100 2380 3382 2444 hominis
3409 2398 3545 2444 non
3570 2382 3873 2463 produci-

2331 2491 2440 2553 tur
2457 2507 2496 2552 a
2517 2487 2642 2554 Deo
2660 2490 3013 2554 secundum
3038 2496 3356 2568 naturam,
3385 2492 3496 2555 sed
3517 2492 3871 2556 secundum

2331 2596 2728 2662 voluntatem
2748 2645 2767 2676 ,
2804 2614 2936 2661 non
2965 2599 3087 2662 erit
3110 2598 3330 2679 imago
3379 2598 3492 2663 Dei
3526 2599 3859 2678 naturaliS,

2333 2703 2441 2768 sed
2464 2704 2846 2770 voluntaria.

2415 2813 2474 2873 5.
2507 2809 2666 2873 Item
2692 2813 2903 2892 imaqo
2931 2811 3080 2876 dicit
3106 2811 3527 2876 imitationem
3549 2815 3614 2877 et
3647 2812 3873 2877 simili-

2335 2918 2626 2984 tudinem
2656 2940 2671 2985 :
2702 2937 2860 3000 ergo
2887 2919 2943 2982 si
2970 2919 3211 3002 aliquid
3238 2923 3333 2983 est
3357 2921 3577 3002 imago
3596 2920 3871 3004 alicujus

2335 3026 2664 3107 naturaIiS,
2686 3026 3068 3090 assimilatur
3085 3046 3236 3091 cum
3261 3028 3432 3092 eoin
3456 3033 3695 3092 natura
3721 3052 3736 3093 :
3763 3029 3870 3093 sed

2335 3136 2530 3201 homo
2579 3154 2730 3200 cum
2780 3136 2909 3201 Deo
2948 3136 3015 3201 in
3064 3141 3295 3201 natura
3346 3137 3686 3201 assimilari
3741 3156 3872 3201 non

2336 3247 2541 3327 potest
2573 3262 2591 3306 t
2618 3261 2778 3325 ergo
2794 3261 2926 3309 non
2950 3245 3156 3326 potest
3182 3245 3323 3327 ejus
3345 3261 3483 3309 osse
3502 3245 3728 3327 imago
3759 3264 3874 3310 na-

2336 3351 2582 3416 tui-alis».

2868 3519 3319 3587 CONCLUSIO.

2342 3676 2510 3733 Homo
2547 3678 2625 3731 ωε
2657 3677 2758 3730 Dei
2791 3678 2973 3746 imaqo
3016 3677 3320 3742 naturalis,
3371 3690 3481 3731 non
3521 3678 3874 3748 artificia12'33

2412 3780 2578 3835 neque
2603 3765 3002 3834 connaturalis,
3039 3780 3155 3821 cum
3182 3766 3627 3837 assimileturper
3650 3770 3875 3837 romam

2413 3854 2756 3923 naturalem,
2796 3869 2904 3910 non
2935 3869 3037 3926 per
3070 3853 3133 3909 id
3172 3858 3352 3912 tamen
3392 3855 3537 3927 quod
3572 3857 3639 3911 in
3680 3862 3876 3913 natura

2415 3945 2715 4000 conveniat.

2425 4103 2615 4187 Resp.
2656 4102 2736 4167 ad
2779 4102 3057 4185 Argum.
3115 4101 3468 4167 Dicendum
3516 4103 3693 4186 quod
3736 4122 3876 4169 cum

2347 4212 2566 4292 imago
2593 4211 2839 4276 dicatur
2874 4211 2954 4275 ab
2994 4213 3141 4276 actu
3164 4213 3661 4294 repraesentandi
3692 4212 3878 4295 (nam

2348 4321 2567 4401 imago
2590 4319 2863 4383 refertur
2900 4317 2979 4382 ad
3004 4321 3438 4402 prototypum,
3464 4322 3541 4383 ut
3576 4320 3727 4384 dicit
3757 4318 3877 4383 Da-

2351 4444 2690 4492 mascenus
2712 4425 2781 4509 ⁸),
2804 4428 2867 4490 et
2886 4426 3361 4508 repraesentatio
3379 4425 3719 4508 dupliciter
3739 4444 3878 4509 pos-

2351 4536 2432 4600 sit
2454 4534 2794 4600 convenire
2820 4533 3032 4613 alicui,
3058 4533 3162 4598 vel
3182 4552 3297 4616 per
3321 4533 3596 4597 formam
3622 4538 3878 4599 natura·

2350 4643 2502 4722 lem,
2542 4641 2646 4708 vel
2678 4659 2792 4724 per
2822 4641 3095 4705 formam
3124 4639 3556 4720 artificialem3
3592 4640 3735 4705 ideo
3763 4640 3879 4704 du-

2356 4750 2507 4834 plex
2533 4752 2627 4812 est
2663 4748 2884 4828 imago
2907 4796 2926 4826 ,
2953 4746 3262 4811 naturalis
3296 4745 3535 4810 scilicet
3576 4751 3640 4810 et
3685 4747 3883 4811 artifi-

2298 4915 2303 4921 .
2354 4858 2529 4923 cialis
2573 4878 2591 4922 z
2628 4860 2692 4921 et
2726 4874 2874 4920 cum
2916 4855 3112 4921 homo
3154 4874 3284 4919 non
3323 4859 3737 4938 repraesentet
3778 4873 3883 4939 per

2354 4966 2629 5031 formam
2655 4963 3047 5028 artificialem
3069 5013 3086 5043 ,
3117 4962 3227 5027 sed
3258 4981 3371 5046 per
3405 4980 3592 5026 suam
3620 4964 3884 5027 formam

2357 5072 2714 5138 naturalem
2737 5120 2756 5152 ,
2787 5074 2849 5136 et
2873 5071 3185 5154 potentias
3210 5070 3270 5135 ei
3304 5071 3685 5134 naturaliter
3720 5070 3885 5134 indi-

2360 5185 2492 5260 tas3
2536 5181 2678 5245 ideo
2711 5178 2909 5243 homo
2947 5196 3080 5242 non
3125 5182 3222 5242 est
3258 5178 3477 5259 imago
3512 5177 3878 5257 artificialiS,

2361 5341 2470 5404 lei„
2502 5341 2544 5392 11
2569 5342 2728 5403 sent„
2757 5339 2875 5390 dist.
2889 5351 3009 5404 ΠΙ,
3039 5353 3092 5405 q.
3122 5340 3453 5406 n.—²Aug.,
3480 5338 3541 5389 de
3561 5339 3665 5390 dec.
3689 5336 3877 5398 Chora„

2359 5429 2407 5466 c.
2428 5425 2519 5466 xx.
2553 5439 2609 5452 -
2636 5413 2660 5448 ⁸
2683 5413 2942 5477 Damaso„
2964 5411 3028 5463 de
3053 5412 3180 5463 Fide
3196 5410 3417 5478 orthod,
3442 5412 3532 5464 lib.
3558 5412 3647 5476 iv,
3670 5425 3717 5462 c.
3736 5421 3855 5461 xvii.
