4125 6225
1242 363 1436 430 DIST.
1477 365 1555 430 II.
1603 364 1834 431 PART.
1883 364 1933 429 1.
1978 363 2159 429 ART.
2202 362 2254 427 Ι.
2298 361 2575 442 QUAEST
2618 366 2665 429 Ι.

444 497 625 577 Item,
655 497 823 560 sicut
852 485 920 560 33
963 498 1155 561 1131131
1186 500 1412 566 unitas
1443 501 1525 565 ad
1549 501 1903 566 distinctio-

338 623 544 684 nem,
570 604 659 668 ita
682 621 856 670 nunc
882 605 960 669 ad
988 604 1390 672 durationem
1421 631 1436 673 ε
1473 609 1584 674 sed
1609 609 1678 672 in
1712 608 1899 692 spiri-

339 713 642 777 tualibus
682 731 816 776 303
852 713 1061 777 301313
1102 717 1198 777 331
1241 717 1520 798 reperire
1559 715 1904 780 distinctio-

340 838 516 885 nem
550 819 900 883 secundum
937 821 1355 885 substantiam
1375 872 1393 902 ,
1436 841 1667 887 verum
1709 823 1903 888 etiam

342 930 505 1010 ejus
542 945 911 991 mensuram
952 949 967 991 z
1012 946 1170 1010 ergo
1204 931 1339 1012 pari
1378 930 1625 996 ratione
1665 935 1728 994 et
1769 948 1904 994 3333

339 1033 575 1116 angeli
603 1052 971 1099 mensuram
998 1034 1351 1101 durationis
1378 1037 1606 1101 habet:
1633 1036 1741 1101 sed
1772 1055 1905 1100 non

342 1143 684 1225 temporis,
728 1160 878 1206 cum
904 1159 1038 1206 non
1076 1143 1364 1207 varietur
1403 1162 1521 1208 nec
1564 1148 1850 1209 mutetur
1884 1167 1899 1209 ε

342 1269 519 1332 ergo
548 1250 739 1315 aliam
769 1268 1141 1314 mensuram
1167 1251 1514 1333 propriam.

444 1357 601 1423 Item
655 1375 846 1422 omne
900 1357 1071 1440 quod
1123 1357 1316 1422 habet
1368 1377 1503 1423 esse
1560 1358 1904 1424 limitatum

343 1469 509 1530 actu
522 1514 539 1542 ‚
581 1466 770 1529 habet
822 1482 1191 1529 mensuram
1207 1514 1225 1545 ,
1278 1484 1394 1548 per
1448 1484 1644 1548 quam
1702 1471 1907 1548 potest

347 1573 662 1654 cognosci
705 1576 846 1656 eJus
887 1571 1179 1636 limitatio
1233 1594 1248 1637 :
1303 1574 1413 1638 sed
1456 1573 1578 1637 tale
1623 1576 1718 1638 est
1769 1591 1904 1638 esse

348 1681 573 1745 omnis
600 1681 792 1745 creati
824 1702 839 1744 t
868 1698 1026 1761 ergo
1042 1728 1058 1756 ‚
1094 1684 1211 1743 etc.
1243 1681 1573 1762 Arguatur
1601 1684 1673 1744 ut
1698 1681 1898 1763 prius

447 1788 606 1852 Item
639 1806 942 1852 mensura
979 1788 1331 1852 durationis
1358 1786 1612 1869 respicit
1639 1787 1904 1851 modum

352 1879 676 1960 durandi:
703 1896 815 1959 sed
841 1895 1194 1977 spiritualia
1210 1895 1450 1959 habent
1476 1894 1742 1959 modum
1767 1913 1902 1960 suae

322 2001 715 2106 ‘durationis
750 2002 1144 2067 differentem
1171 2021 1211 2067 a
1253 2002 1684 2085 corporalibus
1699 2051 1717 2082 ,
1762 2020 1903 2067 ma-

30 2456 123 2500 Ad
172 2463 321 2510 opp.

354 2109 539 2174 xime
569 2128 609 2173 a
644 2109 1080 2190 mutabilibus,
1108 2129 1259 2173 cum
1300 2109 1531 2174 durent
1562 2114 1904 2193 perpetua-

355 2216 509 2281 liter
532 2220 596 2281 et
616 2216 1135 2281 immutabiliter:
1170 2235 1328 2299 ergo
1358 2234 1471 2300 per
1505 2217 1696 2281 istam
1728 2236 1906 2283 men-

358 2342 585 2396 snram
615 2324 855 2389 hahent
879 2325 1262 2389 mensurari.

447 2431 674 2496 Contra
720 2453 733 2494 ε
784 2437 843 2496 1.
890 2432 1294 2513 Augustinus
1337 2431 1428 2498 ad
1473 2432 1766 2498 orosium
1813 2441 1831 2475 ²
1878 2458 1903 2499 .·

372 2561 403 2600 a
434 2538 599 2602 Deus
626 2543 841 2603 movet
867 2537 1260 2620 spiritualem
1285 2543 1584 2603 naturam
1607 2559 1722 2622 per
1746 2544 1902 2605 tem-

363 2664 542 2728 pora,
564 2646 955 2728 corporalem
967 2664 1122 2711 vero
1145 2665 1258 2730 per
1277 2647 1414 2711 loca
1434 2651 1497 2711 et
1514 2650 1801 2730 tempora
1824 2671 1838 2712 ε
1869 2671 1900 2709 n

361 2771 523 2835 ergo
549 2753 888 2836 spiritualis
913 2758 1162 2818 naturae
1183 2772 1485 2819 mensura
1505 2758 1602 2818 est
1626 2760 1899 2838 tempus.

443 2866 505 2924 2.
541 2861 697 2926 Item
725 2861 893 2926 Beda
924 2884 939 2925 ε
980 2883 1011 2923 α
1040 2861 1325 2937 Quatuor
1364 2861 1657 2926 feruntur
1695 2864 1903 2946 primo

361 2973 573 3033 creata
612 2990 628 3032 z
676 2969 968 3049 angelica
1018 2973 1282 3048 natura;
1329 2968 1596 3033 materia
1654 2970 1899 3052 prima;

362 3077 601 3142 coelum
648 3094 1023 3160 empyreum
1041 3125 1058 3155 ,
1102 3081 1164 3140 et
1207 3080 1482 3159 tempus.
1532 3097 1562 3136 n
1631 3075 1696 3142 Si
1745 3096 1901 3160 ergo

359 3192 619 3269 tempus
646 3191 766 3252 stat
786 3206 909 3270 ,pro
939 3204 1260 3263 mensura,
1283 3204 1442 3268 ergo
1472 3190 1587 3250 aut
1609 3188 1902 3269 spiritua-

358 3293 450 3357 lia
477 3295 548 3356 in
583 3294 893 3377 principio
922 3312 1051 3359 non
1084 3293 1449 3357 habuerunt
1490 3312 1859 3358 mensuram
1879 3345 1897 3376 ,

360 3403 476 3463 aut
497 3418 627 3464 non
655 3401 1020 3465 habuerunt
1037 3400 1230 3464 aliam
1249 3419 1288 3464 a
1307 3400 1767 3482 corporalibus3
1792 3407 1905 3466 aut

360 3505 532 3571 Beda
559 3508 681 3571 fuit
707 3509 1096 3573 insufficiens
1118 3510 1187 3571 in
1218 3507 1326 3571 illa
1350 3510 1813 3574 numeratione.

446 3619 505 3678 3.
539 3614 697 3678 Item
724 3617 966 3680 ratione
994 3615 1266 3680 videtur.
1290 3615 1468 3681 Unus
1488 3620 1580 3707 est
1598 3616 1775 3681 locus
1789 3619 1902 3700 qui

361 3728 459 3787 est
485 3723 872 3786 continentia
901 3724 1248 3788 visibilium
1276 3727 1338 3786 et
1363 3724 1805 3802 invisibilium,
1830 3731 1903 3790 ut

359 3847 741 3912 empyreum
774 3852 790 3893 ι
821 3848 979 3911 3130
1002 3832 1051 3893 31
1083 3848 1415 3906 13333313,
1448 3848 1594 3912 quae
1626 3836 1721 3895 est
1746 3835 1902 3896 tem-

360 3954 520 4019 333,
557 3956 689 4000 303
721 3942 819 4001 331
856 3938 1118 4025 majoris
1152 3938 1677 4020 appropriationis
1705 3958 1902 4021 quam

358 4044 573 4122 100113,
616 4045 869 4108 videtur
915 4045 1087 4127 quod
1124 4064 1334 4108 unum
1381 4046 1464 4108 sit
1506 4048 1794 4129 tempuS,
1835 4048 1904 4110 13

358 4170 493 4233 quo
520 4152 648 4214 sint
674 4152 1031 4233 spiritualia
1062 4157 1125 4215 et
1147 4154 1500 4236 corporalia
1534 4176 1549 4218 ε
1582 4172 1714 4218 303
1740 4172 1899 4237 3130

359 4259 600 4323 11311331
625 4276 992 4323 mensuram
1026 4260 1371 4341 propriam.

444 4369 504 4428 4.
528 4365 707 4445 Item,
731 4366 895 4430 sicut
914 4365 1089 4430 idem
1115 4369 1209 4430 est
1236 4384 1548 4432 numerus
1576 4386 1706 4450 quo
1726 4387 1903 4432 men-

360 4477 666 4536 surantur
692 4476 756 4536 et
780 4477 1207 4537 numerantur
1238 4474 1453 4538 decem
1483 4492 1670 4538 canes
1700 4479 1764 4539 et
1790 4476 1903 4539 de-

360 4598 503 4643 cem
547 4579 840 4644 homines
863 4628 880 4658 ,
937 4580 1025 4644 sic
1067 4579 1238 4645 idem
1290 4585 1384 4644 est
1429 4600 1741 4646 numerus
1770 4603 1904 4667 quo

358 4692 788 4753 numerantur
826 4688 1045 4753 decem
1085 4688 1299 4770 angeli
1343 4691 1405 4752 et
1433 4689 1651 4753 decem
1690 4691 1904 4756 homi-

358 4813 476 4859 1133
509 4817 525 4858 :
567 4797 620 4859 si
660 4815 817 4878 ergo
847 4798 1204 4879 spiritualia
1261 4816 1391 4862 non
1436 4798 1672 4863 habent
1710 4801 1901 4865 aliam

361 4922 733 4969 mensuram
789 4905 1209 4971 distinctionis
1261 4925 1458 4988 quam
1510 4909 1858 4990 corporalia
1876 4959 1897 4990 ,

360 5030 523 5092 ergo
552 5031 671 5076 nec
699 5012 888 5077 aliam
919 5032 1289 5078 mensuram
1315 5014 1686 5080 durationis.

442 5122 501 5184 5.
538 5120 694 5185 Item
722 5120 919 5185 homo
964 5122 1187 5186 beatus
1231 5127 1293 5187 et
1333 5123 1602 5204 angelus
1640 5142 1900 5189 mensu-

360 5232 590 5292 rantur
616 5227 840 5292 eadem
868 5246 1192 5311 mensura,
1238 5230 1391 5313 quia
1428 5249 1652 5298 omnes
1678 5233 1845 5298 beati
1881 5256 1896 5298 z

429 5354 449 5388 ¹
480 5354 633 5417 Aug„
659 5353 731 5404 ad
754 5353 917 5417 Oros„
948 5367 998 5418 q.
1030 5365 1115 5405 11..

1966 4804 1973 4810 ’
2010 4802 2163 4885 picit
2209 4800 2630 4865 substantiam
2690 4801 2784 4864 rei
2840 4819 2857 4863 ε

3434 366 3553 426 277

2015 501 2122 565 sed
2151 501 2358 586 nhomo
2394 501 2618 565 beatus
2653 499 2845 564 habet
2890 498 3064 562 idem
3107 514 3244 561 esse
3287 514 3439 561 cum
3487 515 3555 562 se

2013 627 2145 671 non
2188 608 2373 672 beato
2422 631 2437 672 ε
2477 627 2636 689 3130
2676 611 2738 671 31
2779 607 3070 672 eamdem
3117 621 3487 668 mensuram
3534 625 3550 668 ε

2014 733 2173 797 3130
2233 716 2454 780 eadem
2504 732 2806 780 mensura
2860 714 3318 777 mensurantur
3357 712 3555 776 homo

2014 825 2223 890 viator
2262 827 2326 889 et
2355 822 2626 904 angelus
2660 844 2675 885 :
2721 839 2878 904 ergo
2906 824 2969 885 et
2999 819 3299 904 quaelibet
3323 821 3555 883 natura

2015 931 2357 1014 corporalis
2387 954 2402 994 ε
2432 948 2565 994 303
2592 947 2750 1010 3130
2781 928 2973 992 1131131
3009 944 3376 992 3133331313
3403 944 3554 1009 pro-

2013 1039 2243 1122 priam.

2095 1151 2156 1210 6.
2189 1146 2348 1210 Item
2371 1164 2486 1229 per
2512 1142 2899 1227 impossibile
2929 1161 2947 1207 ι
2980 1140 3048 1208 Si
3075 1142 3269 1206 habet
3291 1158 3553 1206 mensu-

2014 1273 2156 1319 ram
2175 1303 2192 1331 ,
2222 1259 2335 1319 aut
2377 1260 2471 1318 est
2511 1253 2862 1318 substantia
2880 1301 2897 1333 ,
2932 1255 3048 1316 331
3076 1254 3170 1315 331
3206 1251 3497 1314 accidens
3530 1272 3548 1315 ε

2015 1380 2147 1426 303
2169 1362 2520 1427 substantia
2553 1385 2567 1422 :
2603 1379 2761 1442 ergo
2791 1360 3099 1425 accidens.
3132 1357 3200 1423 Si
3228 1358 3515 1423 accidens
3532 1409 3550 1439 ,

2014 1470 2084 1533 in
2114 1487 2241 1551 quo
2267 1474 2543 1551 genere?
2576 1466 2717 1531 Non
2759 1467 2883 1531 nisi
2922 1467 2992 1530 in
3030 1484 3265 1548 genere
3298 1466 3556 1549 quanti-

2012 1576 2164 1639 tatis
2198 1599 2213 1640 :
2268 1594 2416 1640 non.
2446 1575 2731 1640 discretae
2763 1590 2781 1636 ε
2832 1591 2989 1655 3130
3037 1573 3386 1639 continuae.
3432 1576 3553 1641 Sed

2014 1698 2150 1744 non
2173 1682 2265 1744 est
2291 1679 2480 1758 linea,
2514 1695 2723 1761 neque
2752 1676 3141 1759 superficies,
3162 1695 3281 1741 nec
3300 1696 3550 1761 corpus,

2016 1805 2133 1851 nec
2172 1787 2393 1851 locus:
2426 1802 2582 1867 ergo
2614 1785 2718 1849 vel
2753 1787 2847 1848 est
2874 1787 3129 1868 tempus
3145 1832 3163 1864 ,
3194 1784 3300 1848 vel
3336 1784 3499 1848 nihil
3534 1804 3552 1848 ε

2016 1912 2175 1976 3130
2242 1897 2357 1958 331
2416 1893 2708 1975 angelica
2766 1893 2996 1956 natura
3057 1891 3304 1956 nullam
3363 1891 3556 1956 habet

2016 2019 2422 2079 mensuram3
2467 2003 2581 2064 aut
2621 1999 2674 2063 si
2715 1998 2908 2063 habet
2923 2047 2942 2079 ‚
2993 2016 3126 2062 non
3169 1999 3363 2064 habet
3410 2017 3555 2082 pro-

2015 2110 2249 2192 priam.
3009 2169 3016 2178 .

2567 2257 2717 2324 (1οΝ
2723 2256 3020 2324 CLUSIO.

2016 2413 2288 2473 Greawroe
2326 2414 2643 2486 spirituales
2686 2412 2882 2468 habent
2928 2410 3195 2468 dive-sam
3241 2428 3278 2468 a
3324 2377 3556 2486 tempore

2087 2519 2390 2559 mensuram
2424 2506 2487 2559 in
2515 2516 2700 2574 qenere
2725 2516 3006 2566 mensurae,
3039 2516 3158 2573 quoe
3183 2501 3387 2559 dicitur
3419 2506 3550 2559 (331·-

2093 2594 2337 2649 ter-nitas.

2097 2752 2281 2834 Resp.
2314 2752 2395 2817 ad
2420 2750 2578 2834 Arg.
2610 2751 2958 2815 Dicendum
2986 2751 3179 2834 quod,
3202 2770 3352 2816 cum
3375 2770 3553 2835 quee-

2013 2860 2179 2925 ritur
2213 2863 2435 2924 utrum
2463 2858 2753 2941 angelica
2778 2865 3010 2923 natura
3036 2859 3267 2922 habeat
3289 2877 3554 2924 mensu-

2013 2985 2156 3030 ram
2184 2967 2507 3050 propriam
2521 3016 2539 3044 ,
2569 2966 2887 3030 diversam
2915 2983 2955 3028 a
2978 2968 3264 3047 tempore
3281 3015 3299 3045 ,
3339 2966 3555 3030 distin-

2014 3076 2348 3157 guendum
2385 3077 2515 3152 est,
2554 3074 2706 3158 quia
2733 3076 2847 3138 aut
2879 3073 3210 3157 loquimur
3251 3073 3328 3139 de
3371 3091 3555 3139 men-

2014 3202 2166 3248 sura
2193 3184 2623 3267 spiritualium
2649 3182 3000 3246 secundum
3042 3199 3176 3246 esse
3207 3182 3379 3265 quod
3420 3200 3554 3246 non

2016 3295 2322 3373 mutatur,
2355 3295 2474 3379 autc
2493 3291 2845 3356 secundum
2873 3290 3233 3353 affectiones
3262 3313 3276 3355 :
3308 3290 3363 3353 si
3394 3308 3553 3373 3130

2015 3402 2092 3466 de
2125 3419 2425 3465 mensura
2448 3399 2776 3483 loquimur
2811 3415 2960 3481 quae
3000 3397 3253 3480 respicit
3288 3416 3424 3463 esse
3438 3447 3456 3476 ,
3490 3404 3556 3463 et

2012 3528 2162 3592 quae
2189 3510 2420 3574 dicitur
2459 3526 2710 3586 aevum,
2744 3507 2867 3570 hoc
2900 3505 3090 3570 modo
3117 3506 3447 3571 consuevit
3473 3507 3554 3570 ab

2014 3617 2295 3700 antiquis
2329 3616 2689 3680 doctoribus
2719 3613 3084 3697 responderi
3111 3632 3127 3676 ε
3161 3614 3292 3678 Α31
3331 3613 3554 3697 loque-

2013 3725 2103 3789 ris
2120 3724 2199 3789 de
2226 3724 2585 3788 diversitate
2614 3722 2683 3785 13
2709 3739 2946 3802 genere
2971 3739 3317 3799 mensurae,
3350 3726 3461 3787 aut
3487 3724 3557 3788 in

2014 3852 2254 3915 genere
2295 3833 2457 3896 entis
2496 3850 2513 3896 z
2566 3831 2618 3894 si
2659 3831 2727 3893 in
2774 3849 3012 3912 genere
3060 3848 3381 3895 mensnrae
3400 3879 3416 3907 ‚
3466 3832 3557 3896 sic

2013 3944 2260 4024 oportet
2288 3958 2525 4022 ponere
2550 3938 2993 4016 differentiam,
3024 3937 3188 4002 sicut
3213 3938 3557 4003 ostendunt

2012 4049 2413 4113 auctoritates
2439 4052 2503 4110 31
2525 4047 2802 4110 13110333
2830 4046 3139 4124 inductae;
3170 4046 3228 4110 si
3267 4065 3422 4112 vero
3458 4046 3550 4110 lo-

2012 4157 2230 4240 quaris
2271 4157 2349 4221 de
2387 4156 2746 4220 diversitate
2791 4154 2861 4218 in
2907 4173 3146 4236 genere
3204 4156 3367 4220 entis
3392 4202 3408 4233 ,
3465 4154 3553 4218 sic

2010 4265 2242 4347 triplex
2274 4264 2394 4329 fuit
2436 4263 2673 4347 opinio.
2719 4261 2880 4326 Nam
2923 4263 3185 4345 quidam
3224 4263 3546 4339 dixerunt,

2011 4372 2186 4454 quod
2206 4372 2371 4435 sicut
2397 4372 2575 4436 locus
2604 4375 2664 4434 et
2689 4370 3052 4454 superficies
3069 4369 3241 4434 idem
3267 4373 3420 4433 sunt
3437 4387 3552 4451 per

2011 4481 2350 4544 essentiam
2372 4527 2388 4555 ‚
2432 4479 2786 4543 differentia
2826 4478 3180 4543 secundum
3215 4494 3551 4559 compara-

2010 4589 2252 4653 tionem
2271 4636 2288 4665 ,
2319 4588 2408 4651 sic
2435 4587 2606 4651 idem
2634 4590 2727 4650 ast
2754 4604 2930 4651 nunc
2958 4587 3084 4650 aevi
3117 4590 3180 4649 et
3206 4586 3511 4669 temporis
3528 4635 3548 4664 ,

2010 4697 2147 4760 sola
2179 4694 2649 4778 comparatione
2679 4692 3000 4757 differens
3040 4690 3225 4757 Nunc
3272 4691 3397 4756 aevi
3431 4708 3557 4755 res-

2926 4799 3276 4863 substantia
3337 4802 3552 4863 autem

2010 4909 2203 4993 primi
2233 4907 2507 4987 130111113,
2536 4912 2850 4991 quantum
2876 4907 2957 4970 ad
2981 4925 3140 4983 3333,
3167 4907 3431 4971 0133130
3459 4911 3555 4970 331

2009 5017 2385 5097 113130111113;
2420 5018 2784 5099 comparata
2822 5016 3041 5079 autem
3080 5015 3161 5078 ad
3198 5014 3426 5094 situm,
3462 5019 3556 5078 est

2013 5125 2287 5190 mobilis,
2334 5123 2411 5188 Et
2453 5125 2662 5207 primo
2698 5122 2889 5186 modo
2925 5125 3337 5186 mensuratur
3378 5139 3555 5186 nunc

2012 5232 2166 5311 aevi3
2229 5234 2506 5297 secundo
2563 5232 2751 5297 modo
2808 5248 2985 5293 nunc
3032 5229 3342 5312 temporis
3387 5250 3402 5293 :
3465 5229 3556 5293 ita

2011 5340 2184 5422 quod
2218 5339 2387 5404 idem
2419 5340 2514 5402 est
2537 5355 2742 5417 nunc,
2775 5334 3196 5401 diversimode
3221 5352 3553 5423 compara-

3599 4295 3730 4343 Posit.
3750 4298 3792 4341 1.
