4125 6225
549 542 642 593 Quo

506 605 633 647 mood

705 400 785 463 90
1829 394 2450 463 SENTENTIARUM
2488 397 2639 463 LIB.
2684 399 2734 464 Ι.

792 534 1264 605 Verumtamen
1307 532 1521 601 adhuc
1554 533 1839 620 instant,
1891 539 1955 601 et
1991 533 2355 602 secundum
2393 534 2923 626 conjunctionem
2960 535 3511 623 argumentando
3504 537 3607 605 ita
3641 560 3850 628 proce—

498 668 644 739 -auedh
707 649 941 719 dunt.
988 648 1134 716 Non
1175 648 1389 735 enim,
1434 649 1785 740 inquiunt,
1828 657 2036 740 potest
2071 672 2242 735 esse,
2283 656 2362 717 nt
2404 650 2644 741 aliquis
2689 651 3181 742 praedestinatus
3219 651 3347 738 sit,
3383 660 3448 720 et
3490 653 3845 724 damnetur.

495 744 539 846 'q
538 734 651 835 {ilis-²
707 768 1076 857 Utrumque
1103 766 1377 834 istorum
1407 766 1605 834 simul
1630 789 1764 835 esse
1798 789 1932 835 non
1956 774 2213 857 potest:
2258 766 2369 835 sed
2407 768 2688 835 alterum
2723 766 2963 835 horum
2991 790 3127 834 non
3153 774 3361 858 potest
3392 790 3526 836 non
3549 791 3716 855 esse,
3746 772 3857 839 sci·

529 855 597 897 oni

603 883 615 896 ⁸
703 883 851 951 licet
878 882 1042 973 quin
1069 883 1188 950 iste
1215 881 1298 950 sit
1320 883 1866 974 praedestiuatus:
1896 883 1979 951 ab
2010 892 2254 951 aeterno
2279 883 2456 952 enim
2485 882 2980 975 praedestinatus
3007 890 3134 968 est,
3177 891 3242 950 et
3275 905 3410 952 non
3448 891 3654 975 potest
3679 886 3861 957 modo

703 1021 837 1067 non
864 1020 1000 1066 esse
1025 997 1538 1089 praedestinatus,
1572 999 1739 1067 Cum
1788 1021 1942 1087 ergo
1971 999 2375 1091 impossibile
2415 999 2500 1067 sit
2527 999 2725 1068 simul
2754 1007 3112 1090 utrumque
3152 1021 3327 1084 esse,
3375 1006 3438 1066 et
3469 1000 3858 1091 impossibile

704 1115 788 1183 sit
814 1114 1090 1183 alterum
1118 1136 1251 1182 non
1279 1136 1414 1183 esse
1437 1168 1454 1200 ,
1486 1114 1750 1183 videtur
1773 1136 1906 1183 non
1935 1137 2120 1205 posse
2151 1115 2434 1184 alterum
2462 1138 2598 1184 esse
2623 1169 2640 1202 ,
2672 1114 2914 1190 scilicet
2941 1121 3016 1182 ut
3042 1113 3414 1183 damnetur.
3448 1115 3639 1197 Quod
3668 1118 3722 1184 si
3750 1127 3859 1205 est,

705 1253 860 1320 ergo
886 1253 1020 1299 non
1048 1237 1255 1321 potest
1283 1253 1416 1299 esse
1434 1282 1452 1317 ,
1482 1238 1718 1300 utnon
1746 1230 2058 1300 salvetur.
2092 1232 2170 1299 In
2197 1230 2398 1322 hujus
2439 1231 2816 1325 quaestionis
2854 1229 3179 1299 solutione
3201 1283 3219 1317 ,
3251 1233 3517 1299 mallem
3556 1233 3719 1301 alios
3757 1257 3865 1303 au-

705 1349 877 1436 dire,
910 1372 1112 1440 quam
1139 1349 1365 1417 docere
1398 1373 1413 1415 :
1445 1348 1723 1416 dicimus
1755 1355 1975 1416 tamen
2002 1348 2084 1416 de
2126 1348 2533 1439 praescientia
2573 1347 2857 1416 similem
2893 1369 3077 1432 posse
3123 1348 3373 1416 moveri
3414 1350 3860 1439 quaestionem.

707 1466 991 1558 Ideoque
1019 1473 1153 1533 tam
1180 1464 1286 1533 hic
1306 1516 1324 1551 ‚
1356 1488 1554 1559 quam
1581 1464 1674 1533 ibi
1701 1517 1717 1549 ‚
1747 1488 1953 1533 unam
1982 1464 2258 1533 facimus
2284 1465 2797 1557 responsionem,
2828 1463 3114 1532 dicentes
3138 1463 3712 1534 determinandum
3737 1466 3866 1536 fore

706 1581 899 1667 illud,
923 1583 1030 1649 cui
1058 1581 1368 1650 innititur
1394 1589 1531 1650 tota
1557 1582 1696 1650 haec
1725 1581 2021 1674 quaestiO,
2054 1581 2295 1650 scilicet
2331 1607 2345 1649 t
2382 1579 2788 1673 Impossibile
2814 1588 2911 1647 est
2935 1580 3217 1648 alterum
3242 1579 3523 1648 istorum
3549 1603 3685 1649 non
3712 1604 3862 1669 esse,

709 1698 950 1767 scilicet
977 1698 1144 1789 quin
1170 1698 1290 1765 iste
1318 1698 1513 1766 modo
1541 1699 1624 1765 sit
1648 1697 2146 1790 praedestinatus
2179 1723 2193 1765 ε
2230 1698 2311 1766 ab
2339 1707 2585 1766 aeterno
2611 1696 2786 1765 enim
2814 1697 2933 1764 iste
2959 1687 3455 1787 praedestinatus
3485 1705 3604 1765 est.
3638 1697 3872 1765 Distin-

707 1813 1044 1902 guendum
1071 1820 1167 1881 est
1198 1835 1350 1881 cum
1377 1814 1468 1882 ait
1496 1839 1513 1881 ε
1553 1814 1740 1882 «Iste
1782 1837 1916 1882 non
1944 1821 2153 1905 potest
2189 1813 2384 1883 modo
2425 1836 2559 1881 non
2591 1835 2724 1881 esse
2759 1811 3254 1904 praedestinatus
3279 1863 3297 1897 ,
3342 1811 3449 1881 vel
3490 1835 3630 1881 non
3672 1822 3869 1905 potest

709 1931 901 1998 modo
928 1952 1064 1998 esse
1091 1930 1255 2021 quin
1280 1930 1365 1998 sit
1400 1930 1895 2023 praedestinatus
1925 1956 1942 1998 ε
1979 1958 2013 1995 )>
2054 1930 2180 1999 hoc
2215 1931 2395 1999 enim
2418 1929 2819 2020 conjunctim
2842 1981 2861 2016 ‚
2893 1928 2998 1998 vel
3034 1928 3415 2019 disjunctim
3452 1929 3736 2019 intelligi
3762 1952 3874 2021 po·

711 2052 854 2113 test.
884 2045 1033 2114 Non
1059 2045 1235 2114 enim
1262 2054 1471 2137 potest
1510 2069 1646 2114 esse
1685 2055 1762 2115 ut
1796 2048 1880 2115 ab
1914 2055 2158 2116 aeterno
2200 2047 2283 2114 sit
2323 2047 2855 2139 praedesfinatu5‚
2906 2053 2973 2114 et
3014 2045 3209 2114 modo
3252 2068 3388 2113 non
3426 2047 3511 2113 sit
3546 2045 3874 2137 praedesti-

710 2170 933 2245 natus;
965 2184 1083 2229 nec
1119 2169 1329 2254 potest
1354 2185 1490 2230 esse
1514 2163 1714 2232 simul
1744 2171 1818 2231 ut
1852 2163 1937 2231 sit
1971 2163 2501 2255 praedestinatuS,
2546 2170 2607 2232 et
2647 2185 2784 2231 non
2826 2163 2910 2230 sit
2934 2162 3432 2253 praedestinatus
3462 2186 3479 2229 ε
3514 2162 3632 2230 sed
3660 2170 3873 2231 tamen

710 2278 923 2370 potuit
963 2300 1098 2346 esse
1143 2277 1226 2346 ab
1253 2286 1494 2347 aeterno
1530 2279 1707 2371 quod
1735 2303 1870 2348 non
1896 2288 2060 2348 esset
2089 2280 2588 2372 praedestinatus
2604 2331 2622 2364 ,
2658 2287 2723 2348 et
2750 2279 2963 2370 potuit
2990 2280 3075 2347 ab
3101 2287 3344 2348 aeterno
3370 2300 3507 2347 non
3548 2300 3689 2347 esse
3715 2300 3876 2371 prae-

708 2394 1089 2462 destinatus.
1122 2395 1204 2462 Et
1231 2395 1398 2462 sicut
1426 2395 1508 2462 ab
1536 2402 1779 2465 aeterno
1819 2398 1993 2465 Deus
2025 2399 2237 2488 potuit
2263 2420 2415 2465 eum
2444 2419 2577 2464 non
2607 2395 3067 2486 praedestinare
3085 2447 3102 2480 ,
3146 2395 3240 2462 ita
3262 2394 3643 2463 conceditur
3668 2418 3708 2463 a
3734 2395 3877 2487 qui-

709 2510 985 2579 busdam
1013 2511 1191 2603 quod
1214 2520 1277 2579 et
1302 2511 1496 2580 modo
1524 2519 1732 2603 potest
1757 2513 1932 2581 Deus
1957 2536 2112 2581 eum
2157 2535 2292 2581 non
2321 2511 2829 2604 praedestinasse.
2882 2511 2987 2579 Ab
3015 2519 3257 2580 aeterno
3285 2533 3440 2600 ergo
3468 2519 3682 2603 potest
3713 2511 3875 2580 Deus

711 2649 844 2694 non
878 2628 1366 2720 praedestinasse
1393 2650 1547 2696 eum
1582 2653 1596 2695 :
1631 2651 1786 2717 ergo
1829 2636 2039 2720 potest
2080 2629 2202 2698 iste
2232 2652 2367 2698 non
2399 2624 2598 2697 fuisse
2637 2627 3159 2720 praedestiuatus,
3194 2627 3266 2694 Si
3295 2649 3453 2696 vero
3479 2648 3619 2695 non
3657 2627 3878 2697 fuisset

708 2743 1226 2833 praedestinatus,
1260 2766 1377 2812 nec
1401 2744 1596 2814 modo
1623 2753 1787 2814 esset
1811 2745 2310 2837 praedestinatus
2342 2769 2357 2813 ε
2391 2767 2546 2834 ergo
2568 2745 2761 2819 modo
2790 2751 2998 2836 potest
3025 2766 3160 2813 non
3186 2766 3320 2812 esse
3349 2743 3868 2835 praedestinatus

569 2922 576 2929 .
707 2859 807 2927 Ita
835 2867 899 2927 et
923 2859 1002 2928 de
1030 2860 1432 2952 praescientia
1458 2869 1523 2930 et
1546 2861 1627 2930 de
1655 2861 1965 2953 praescitis
1992 2861 2221 2930 dicunt
2246 2912 2264 2947 ,
2296 2861 2474 2952 quod
2506 2861 2576 2927 in
2608 2860 2970 2928 actionibus
2995 2861 3102 2928 vel
3133 2859 3205 2927 in
3245 2859 3740 2951 operationibus
3768 2860 3877 2928 Dei

708 2984 773 3043 et
800 2976 1145 3045 hominum
1172 2977 1553 3047 nullatenus
1593 2977 1958 3046 concedunt
1996 3003 2013 3044 τ
2055 3000 2138 3046 ex
2178 3000 2312 3069 quo
2351 2978 2529 3046 enim
2574 2977 2830 3069 aliquid
2869 2977 3113 3046 factum
3142 2988 3235 3045 est
3260 2975 3369 3047 vel
3409 2977 3662 3045 dictum
3687 3029 3705 3063 ,
3747 2999 3877 3045 non

708 3093 1070 3162 concedunt
1110 3093 1287 3185 quod
1316 3095 1520 3185 possit
1547 3117 1680 3163 non
1708 3117 1842 3162 esse
1867 3095 1973 3163 vel
2018 3117 2155 3168 non
2195 3093 2439 3181 fuisse3
2485 3095 2620 3165 imo
2655 3093 3056 3186 impossibile
3099 3102 3196 3162 est
3249 3116 3387 3162 non
3419 3116 3554 3162 esse
3605 3094 3711 3163 vel
3750 3117 3878 3163 non

708 3209 941 3295 fuisse,
981 3211 1158 3301 quod
1187 3210 1431 3279 factum
1471 3219 1566 3278 est
1607 3211 1713 3279 vel
1747 3210 1996 3279 dictum
2018 3264 2034 3296 ,
2085 3211 2435 3280 referentes
2482 3210 2975 3302 possibilitatem
3017 3210 3125 3281 vel
3168 3210 3762 3301 impossibilitatem
3800 3211 3879 3279 ad

709 3336 1013 3394 naturam
1041 3328 1136 3395 rei
1163 3327 1519 3395 existentis.
1565 3327 1733 3395 Cum
1761 3350 1916 3396 vero
1943 3328 2024 3396 de
2055 3328 2623 3420 praedestinatione
2663 3327 2784 3398 Dei
2810 3328 3065 3417 agitur,
3093 3327 3486 3419 possibilitas
3508 3327 3621 3395 vel
3648 3327 3880 3417 impos-

710 3443 983 3511 sibilitas
1010 3443 1092 3511 ad
1120 3444 1473 3533 potentiam
1515 3444 1633 3546 Dei
1661 3443 1972 3529 refertur,
2018 3467 2169 3534 quae
2197 3466 2451 3537 semper
2477 3445 2705 3513 eadem
2732 3445 2864 3513 fuit
2902 3453 2968 3512 et
2993 3453 3088 3513 est
3109 3495 3129 3531 ,
3160 3444 3319 3535 qnia
3362 3441 3840 3535 praedestinatio
3860 3494 3877 3527 ,

709 3559 1136 3650 praescientia,
1168 3559 1479 3649 potentia,
1511 3582 1724 3627 unum
1753 3559 1828 3627 in
1854 3560 1988 3628 Deo
2022 3568 2141 3629 est.

500 3712 611 3763 Quid
630 3713 684 3755 ,η
798 3675 1098 3766 Cumque
1120 3675 1600 3765 praedestinatio
1626 3675 1711 3742 sit
1733 3675 1957 3763 gratiae
1984 3676 2396 3768 praeparatio,
2430 3677 2498 3746 id
2523 3684 2643 3763 est,
2674 3676 2900 3744 divina
2927 3675 3154 3745 electio
3182 3698 3316 3767 qua
3356 3676 3551 3766 eleqit
3577 3695 3748 3766 quos
3771 3696 3881 3742 vo-

475 3774 682 3886 {353¹}ss

475 3904 518 3938 et
537 3898 579 3940 iu
594 3900 685 3952 qui-

713 3791 837 3859 luit
862 3802 1020 3858 ante
1040 3789 1277 3858 mundi
1301 3791 1858 3873 constitutionem,
1892 3800 1966 3860 ut
1995 3793 2087 3859 ait
2113 3794 2466 3885 Apostolus
2510 3797 2569 3880 ¹3
2614 3791 2980 3885 reprobatio
3026 3815 3061 3859 e
3101 3814 3414 3861 converso
3453 3789 3880 3880 intelligenda

714 3915 809 3975 est
849 3908 1246 3999 praescientia
1288 3908 1655 3999 iniquitatis
1697 3908 2174 4000 quorumdam,
2223 3917 2287 3977 et
2333 3909 2719 4002 praeparatio
2764 3909 3204 3977 damnationis
3247 3907 3658 3977 eorumdem.
3701 3905 3881 3975 Sicut

477 3959 555 4001 bus
589 3974 685 4002 cou-

492 4022 659 4134 Ὕξῖζῑ
713 4022 890 4090 enim
916 4023 1504 4114 praedestinationis
1531 4024 1798 4094 effectus
1824 4025 1941 4093 illa
1964 4025 2176 4113 gratia
2218 4032 2313 4093 est
2336 4077 2354 4112 ,
2407 4048 2539 4118 qua
2580 4026 2653 4093 in
2686 4025 2993 4117 praesenti
3033 4022 3503 4116 justificamur,
3551 4032 3756 4115 atque
3800 4020 3879 4090 ad

500 4148 682 4252 ‘1:22⁸ss
714 4146 883 4207 recte
908 4139 1293 4225 vivendum,
1324 4141 1431 4207 et
1415 4164 1484 4208 m
1510 4140 1683 4210 bono
1711 4141 2261 4231 perseverandum
2287 4141 2710 4231 adjuvamur,
2743 4150 2806 4209 et
2844 4141 2961 4209 illa
2986 4163 3120 4232 qua
3164 4140 3236 4207 in
3280 4140 3513 4208 futuro
3554 4139 3883 4209 beatifica-

477 4223 591 4374 Eis
557 4273 689 4376 εὲἶῢ
616 4287 665 4314 υ·
715 4277 898 4342 mur3
933 4255 1025 4323 ita
1064 4256 1430 4347 reprobatio
1457 4256 1573 4324 Dei
1593 4280 1776 4349 ,qua
1802 4257 1885 4325 ab
1925 4264 2172 4325 aeterno
2205 4280 2339 4327 non
2367 4257 2667 4347 eligendo
2709 4257 3028 4348 quosdam
3063 4255 3480 4348 reprobavit,
3517 4254 3879 4324 secundum

477 4401 544 4438 tus

714 4371 848 4440 duo
874 4372 1367 4440 consideratur.
1399 4396 1682 4464 quorum
1712 4374 1997 4442 alterum
2024 4373 2299 4464 praescit,
2332 4384 2396 4441 et
2422 4396 2555 4442 non
2583 4381 2926 4466 praeparat,
2957 4373 3026 4441 id
3053 4382 3173 4458 est,
3219 4371 3681 4462 iniquitatem;
3729 4372 3881 4441 alte—

715 4511 868 4557 rum
895 4487 1149 4579 praescit
1174 4498 1238 4556 et
1265 4499 1618 4580 praeparat,
1649 4490 1889 4558 scilicet
1914 4498 2230 4558 aeternam
2258 4512 2540 4582 poenam.
2573 4489 2758 4559 Unde
2791 4489 3246 4578 Augustinus²
3284 4487 3376 4557 ad
3397 4491 3795 4580 Prosperum
3819 4501 3880 4557 et

718 4605 1057 4674 Hilarium
1076 4628 1100 4669 .·
1134 4629 1169 4669 α
1187 4604 1342 4671 Haec
1358 4656 1377 4688 ‚
1401 4605 1643 4697 inquit,
1674 4607 1905 4695 regula
1922 4608 2300 4675 inconcusse
2326 4608 2607 4676 tenenda
2623 4616 2741 4695 est,
2774 4614 3133 4699 peccatores
3160 4607 3231 4676 in
3249 4606 3525 4698 peccatis
3552 4607 3882 4697 praescitos

721 4744 884 4807 esse,
916 4743 1049 4789 non
1082 4729 1501 4812 praeparatoS,
1534 4744 1793 4812 poenam
1814 4731 2034 4791 autem
2060 4745 2195 4791 esse
2224 4732 2680 4815 praeparatam.
2700 4749 2734 4789 >2
2777 4723 3231 4815 «Praeparavit
3259 4723 3437 4790 enim
3464 4721 3671 4808 Deus,
3699 4732 3776 4792 ut
3799 4723 3884 4791 ait

718 4838 1133 4927 Augustinus
1156 4837 1227 4905 in
1248 4837 1415 4905 libro
1442 4836 1521 4905 de
1549 4841 1731 4907 Bono
1741 4841 2315 4930 perseverantiae‘,
2348 4840 2421 4908 in
2441 4839 2843 4932 praescientia
2860 4862 3003 4925 sua,
3029 4839 3272 4931 quibus
3287 4838 3502 4907 voluit
3527 4838 3707 4907 bona
3724 4862 3841 4908 sua
3862 4865 3878 4926 ;

723 4964 787 5024 ct
803 4955 1329 5047 quibuscumque
1358 4953 1581 5039 donat,
1612 4956 2062 5045 proculdubio
2088 4979 2157 5024 se
2178 4956 2579 5025 donaturum
2598 4978 2731 5024 esse
2758 4955 3105 5047 praescivit.
3132 4980 3167 5019 ι)
3209 4980 3245 5020 «
3261 4954 3672 5046 Praeparavit
3692 4956 3882 5024 etiam

721 5073 919 5158 Deus,
955 5079 1031 5140 ut
1049 5072 1141 5139 ait
1156 5070 1570 5158 FulgentiuS,
1607 5070 1797 5138 malis
1821 5070 2045 5160 ignem
2072 5082 2392 5141 aeternum
2415 5100 2433 5161 ;
2460 5098 2496 5137 »
2527 5072 2661 5140 illis
2687 5074 2916 5163 utique
2936 5123 2955 5158 ‚
2987 5093 3152 5164 quos
3169 5070 3346 5162 juste
3373 5072 3771 5163 praeparavit
3803 5069 3881 5139 ad

719 5187 962 5257 luenda
979 5187 1327 5280 supplicia3
1359 5209 1480 5255 nec
1498 5195 1718 5255 tamen
1741 5189 2136 5280 praeparavit
2163 5190 2244 5259 ad
2263 5189 2557 5258 facienda
2576 5196 2852 5280 peccata.
2882 5187 3281 5281 Praeparavit
3300 5187 3480 5256 enim
3504 5186 3686 5258 Deus
3712 5187 3881 5281 quod

789 5386 808 5421 ¹
827 5385 1030 5451 Ephes„
1057 5399 1098 5452 1,
1121 5389 1165 5438 4.
1187 5411 1253 5427 -
1270 5386 1421 5440 ’Hoc
1444 5386 1661 5438 habetur
1696 5385 1753 5437 in
1781 5384 1954 5437 Glossa
1978 5385 2149 5438 ordin.
2183 5387 2251 5437 ad
2271 5399 2383 5451 cap.
2412 5396 2510 5438 vm
2537 5386 2607 5437 ad
2636 5386 2774 5441 Rom.
2791 5413 2854 5427 —
2878 5387 2901 5423 ⁸
2917 5388 3071 5453 Aug„
3105 5386 3167 5438 de
3187 5388 3321 5440 Bono
3346 5389 3565 5451 Persem,
3604 5401 3656 5438 0.
3678 5396 3790 5438 xxv-
