4125 6225
1079 385 1277 454 DIST.
1320 385 1477 454 XI'V.
1521 386 1731 454 PART
1771 386 1852 457 II.
1895 388 2082 456 ΛΒΤ.
2126 389 2204 456 11.
2244 390 2546 470 QUAEST.
2590 392 2670 459 11.

296 535 446 584 mus
483 521 656 603 quod
682 522 821 604 ipsa
856 537 991 587 non
1032 528 1186 587 sunt
1213 540 1406 588 causa
1430 522 1700 606 alicujus
1728 542 1838 590 eo-

297 645 448 693 rum
491 647 660 713 quae.
686 636 1192 715 corrumpuntur
1242 650 1260 694 ε
1305 654 1338 691 n
1382 651 1541 715 ergo
1586 633 1840 698 videtur

297 737 466 819 quod
490 756 623 802 non
641 738 921 805 habeant
939 741 1007 804 in
1032 741 1134 804 his
1158 741 1563 806 inferioribus
1589 743 1836 807 efficere

294 844 579 929 aliquam
608 847 1117 930 impressionem.

373 956 433 1018 3.
461 952 642 1031 Item,
673 955 846 1038 quod
887 976 1017 1021 non
1056 956 1337 1022 habeant
1361 956 1681 1023 diversam
1709 958 1833 1022 im-

292 1060 690 1143 pressionem
710 1108 734 1139 ,
777 1062 1055 1141 videtur,
1103 1064 1258 1146 quia
1304 1067 1418 1128 aut
1459 1064 1853 1147 imprimunt·

292 1163 567 1230 formam
585 1186 780 1249 quam
795 1188 928 1233 non
944 1170 1204 1250 habent,
1221 1173 1336 1234 aut
1352 1170 1622 1235 formam
1637 1189 1835 1252 quam

296 1272 537 1337 habent
559 1293 576 1337 z
603 1274 876 1339 formam
895 1295 1092 1359 quam
1114 1296 1242 1340 non
1260 1276 1520 1356 habent,
1537 1296 1668 1342 non
1689 1297 1837 1360 pos-

292 1382 446 1443 sunt
489 1381 856 1464 imprimere
877 1430 895 1460 ,
934 1384 1088 1467 quia
1122 1402 1323 1466 agens
1362 1385 1547 1449 debet
1580 1403 1716 1449 esse
1765 1384 1834 1448 in

291 1489 438 1550 actu
460 1494 750 1570 respectu
768 1491 1007 1574 passivi
1037 1491 1126 1555 :si
1159 1477 1541 1574 imprimunt
1561 1493 1833 1556 formam

292 1610 487 1675 quam
513 1594 772 1674 habent,
789 1601 902 1661 aut
933 1617 1091 1680 ergo
1113 1598 1384 1663 formam
1412 1598 1477 1661 in
1497 1618 1626 1680 qua
1651 1618 1833 1665 com-

291 1702 645 1783 municant,
677 1708 789 1768 aut
816 1705 1053 1769 formas
1083 1706 1153 1768 in
1193 1705 1433 1787 quibus
1476 1705 1782 1771 differunt
1812 1732 1826 1773 ε

291 1807 345 1871 si
370 1808 628 1887 formas⁸
647 1809 716 1872 in
753 1810 992 1893 quibus
1018 1811 1358 1892 differunt,
1394 1831 1551 1895 ergo
1579 1815 1834 1881 videtur

291 1916 462 1998 quod
499 1917 655 1981 luna
699 1922 962 1999 generet
988 1920 1235 1997 lunam,
1268 1923 1331 1984 et
1360 1921 1454 1985 sol
1496 1922 1727 2002 solem,
1769 1927 1834 1987 et

289 2023 413 2087 hoc
460 2027 554 2088 est
594 2025 867 2105 falsum3
910 2026 962 2089 si
1005 2027 1279 2091 formam
1316 2028 1383 2091 in
1434 2046 1563 2110 qua
1598 2048 1833 2096 conve-

193 2126 207 2139 ‘
289 2131 499 2212 niunt,
539 2151 695 2216 ergo
740 2135 994 2199 videtur
1021 2135 1193 2218 quod
1235 2136 1452 2200 omnia
1487 2137 1833 2203 luminaria

288 2240 580 2304 eamdem
618 2242 899 2306 habeant
942 2242 1426 2326 impressionem
1451 2244 1521 2308 in
1546 2245 1647 2309 his
1668 2246 1829 2311 infe-

288 2346 584 2411 rioribus,

367 2459 431 2518 4.
479 2453 661 2533 Item,
711 2454 818 2521 Sol
859 2456 1139 2550 calefacit
1175 2462 1431 2542 propter
1457 2477 1651 2524 suum
1681 2478 1828 2525 mo-

287 2566 427 2626 tum
454 2580 537 2628 ex
563 2563 901 2628 emissione
930 2565 1283 2643 radiorum,
1318 2571 1382 2631 et
1406 2567 1495 2631 ita
1512 2567 1828 2633 mediante

286 2668 534 2734 lumine
567 2692 582 2735 :
611 2672 720 2736 sed
738 2673 956 2736 omnia
978 2673 1323 2738 luminaria
1349 2674 1622 2739 coelestia
1649 2695 1828 2740 com-

285 2777 623 2842 municant
664 2778 735 2842 in
786 2780 929 2844 luce
950 2829 966 2857 ,
1019 2786 1083 2845 et
1129 2781 1199 2845 in
1248 2782 1578 2847 radiorum
1629 2784 1825 2848 emis-

285 2884 484 2964 sione,
504 2890 565 2949 et
593 2886 662 2949 in
691 2890 874 2951 motu
904 2906 920 2950 :
951 2905 1109 2969 ergo
1134 2888 1389 2953 videtur
1415 2891 1587 2972 quod
1606 2892 1825 2955 omnia

283 2990 559 3056 habeant
602 2994 939 3058 calefacere
980 3013 998 3058 ε
1038 3012 1197 3075 ergo
1224 2995 1386 3058 nihil
1417 3000 1512 3059 est
1548 2996 1706 3062 illud
1733 2998 1824 3061 di-

284 3116 427 3163 cere
453 3148 471 3177 ,
516 3101 685 3183 quod
730 3101 1029 3185 quaedam
1076 3100 1479 3180 calefaciunt,
1525 3105 1822 3189 quaedam

283 3223 435 3270 non.

361 3317 422 3377 5.
456 3313 615 3379 Item
643 3313 750 3380 Sol
777 3315 973 3382 habet
998 3316 1305 3383 virtutem
1328 3319 1732 3384 illuminandi
1759 3322 1824 3384 et

282 3420 678 3486 calefaciendi
713 3423 853 3497 haec
883 3424 1183 3489 inferiora
1219 3447 1234 3489 z
1266 3426 1321 3489 si
1348 3443 1505 3509 ergo
1546 3426 1653 3491 Sol
1675 3427 1822 3510 plus

281 3529 709 3593 communicat
731 3530 810 3594 de
837 3531 1074 3596 virtute
1099 3551 1217 3596 sua
1244 3531 1444 3598 Lunae
1476 3552 1672 3616 quam
1701 3534 1822 3598 ali-

281 3637 383 3700 cui
414 3639 660 3720 corpori
683 3639 991 3719 inferiori,
1015 3641 1269 3706 videtur
1296 3642 1469 3723 quod
1498 3642 1680 3707 Luna
1706 3643 1821 3708 ha-

278 3742 423 3808 beat
448 3746 738 3810 eamdem
763 3746 1268 3830 impressionem,
1302 3748 1446 3813 licet
1474 3751 1690 3816 minus
1715 3752 1816 3817 in-

277 3854 545 3916 tensam.

356 3963 416 4023 6.
457 3959 616 4024 Item
653 3960 830 4042 ignis
866 3961 1036 4025 inter
1077 3963 1296 4027 omnia
1336 3965 1648 4031 elementa
1674 3986 1817 4032 ma-

273 4066 450 4130 xime
490 4068 728 4133 accedit
771 4069 849 4133 ad
898 4073 1196 4133 naturam
1234 4071 1552 4136 coelestem
1596 4091 1613 4136 ε
1655 4092 1811 4155 ergo

274 4175 491 4238 omnia
512 4175 857 4240 luminaria
880 4177 1147 4242 coelestia
1167 4178 1311 4262 plus
1332 4181 1809 4273 communicant

272 4299 424 4346 cum
450 4283 627 4363 igne,
658 4302 855 4366 quam
875 4303 1024 4348 cum
1049 4285 1263 4368 aliquo
1289 4287 1758 4353 elementorum
1789 4311 1804 4353 :

272 4406 430 4472 ergo
471 4391 726 4456 videtur
764 4392 936 4475 quod
982 4394 1262 4458 maxime
1310 4395 1587 4461 habeant
1614 4396 1810 4461 effec-

269 4498 413 4560 tum
439 4515 634 4580 supra
666 4499 922 4581 ignem,
953 4505 1019 4566 et
1039 4504 1180 4584 eJus
1205 4504 1573 4585 qualitatem
1603 4520 1620 4564 z
1649 4522 1809 4586 ergo

269 4602 527 4667 videtur
552 4606 722 4686 quod
745 4607 983 4687 omnia,
1013 4609 1081 4671 in
1104 4609 1206 4672 sui
1232 4609 1479 4675 actione
1506 4614 1571 4676 et
1599 4612 1807 4676 domi-

270 4709 406 4789 nio,
420 4711 791 4793 qualitatem
808 4713 981 4794 ignis
998 4715 1330 4780 intendant
1343 4721 1405 4781 et
1424 4718 1764 4783 fortificent
1786 4740 1803 4785 t

270 4820 334 4881 et
359 4817 449 4881 ita
471 4818 726 4884 videtur
751 4821 921 4902 quod
948 4822 1167 4886 omnia
1190 4822 1524 4905 desiccent,
1554 4829 1619 4889 et
1637 4826 1810 4891 cale-

270 4924 529 5009 faciant,
557 4932 622 4993 et
645 4929 827 4995 nulla
851 4930 1247 5012 infrigident.

336 5092 400 5152 (α)
427 5089 569 5142 Edit.
606 5092 722 5144 Ven.
741 5093 1047 5156 potentiora.
1064 5120 1126 5131 —
1154 5094 1222 5159 (ὸ)
1251 5095 1376 5145 Item
1404 5096 1489 5147 ad.
1506 5122 1567 5135 —
1594 5096 1659 5162 (c)
1687 5098 1808 5148 Item

274 5175 470 5213 eorum.

3379 402 3509 464 597.

2490 654 2944 724 CONCLUSIO.

1944 817 2266 874 Luminaria
2292 818 2413 875 coeli
2438 817 2677 876 diversas
2703 822 2766 876 in
2791 823 3055 893 corporeis
3081 823 3237 880 rebus
3261 831 3489 884 causant

2013 910 2398 979 impressiones,
2417 911 2558 966 sicut
2584 912 2731 966 inter
2746 925 2800 966 se
2812 913 3236 983 perfectionibus
3260 913 3485 976 diversis

2013 993 2241 1049 distant.

2022 1165 2208 1250 Resp.
2259 1166 2339 1230 ad
2387 1167 2548 1250 Arg.
2591 1166 2764 1250 quod
2810 1167 3157 1233 luminaria
3206 1170 3484 1238 coelestia

1940 1261 2424 1356 impressionem
2442 1275 2678 1339 habent
2694 1292 2889 1356 super
2905 1275 3245 1357 elementa,
3277 1281 3341 1342 et
3360 1279 3485 1345 ele-

1942 1382 2254 1445 mentaria
2293 1401 2559 1467 corpora
2591 1405 2606 1447 :
2636 1382 3120 1465 impressionem
3139 1432 3157 1464 ‚
3187 1384 3478 1469 inquam,

1940 1507 2070 1552 non
2102 1489 2363 1554 unicam
2391 1493 2641 1554 tantum
2662 1538 2681 1569 ,
2711 1489 2820 1554 sed
2850 1491 3320 1556 multimodam.
3351 1492 3482 1559 Ra-

1938 1597 2027 1660 tio
2066 1600 2283 1661 autem
2309 1616 2509 1680 quare
2546 1598 2876 1680 superiora
2913 1599 2985 1661 in
3008 1598 3151 1663 haec
3176 1599 3483 1669 inferiora

1939 1707 2167 1785 agunt,
2200 1707 2264 1768 et
2303 1704 2724 1787 imprimunt,
2767 1708 2829 1770 et
2880 1723 3100 1768 rerum
3145 1707 3483 1789 qualitates

1937 1810 2299 1891 intendunt,
2321 1815 2417 1876 est
2440 1813 2594 1894 quia
2616 1815 2768 1875 sunt
2789 1829 3057 1894 corpora
3082 1813 3398 1880 nobiliora
3418 1822 3482 1882 et

1938 1918 2362 2000 praecellentia
2398 1919 2468 1982 in
2505 1918 2742 1983 virtute
2760 1965 2782 1998 ,
2814 1918 2977 1983 sicut
3011 1920 3386 2002 praecellunt
3410 1924 3482 1988 in

1938 2026 2067 2092 situ
2097 2048 2113 2090 ε
2140 2030 2204 2090 et
2227 2026 2369 2091 ideo
2389 2073 2408 2104 ‚
2437 2044 2590 2090 cum
2615 2026 2770 2090 ordo
2797 2026 3236 2091 universitatis
3261 2028 3378 2106 sit,
3406 2032 3483 2095 ut

1937 2134 2296 2216 potentiora
2323 2137 2388 2198 et
2421 2133 2754 2216 superiora
2779 2134 3057 2198 influant
3082 2135 3153 2198 in
3178 2135 3481 2202 inferiora

1936 2243 2001 2304 et
2055 2241 2273 2304 minus
2328 2242 2571 2324 potenti
2600 2241 2728 2323 (α);
2786 2241 2998 2306 ordini
3049 2242 3481 2309 universitatis

1936 2350 2240 2432 competit
2282 2353 2357 2413 ut
2396 2349 2746 2414 luminaria
2787 2350 3065 2415 coelestia
3108 2351 3382 2415 influant
3408 2352 3479 2417 in

1935 2456 2251 2521 elementa
2270 2506 2289 2537 ,
2350 2462 2414 2521 et
2456 2476 2723 2541 corpora
2777 2458 3204 2522 elementaria.
3266 2458 3478 2524 Status

1934 2564 2127 2627 etiam
2171 2564 2411 2628 ordinis
2450 2563 2573 2664 hoc
2621 2565 2935 2647 requirit,
2978 2566 3151 2648 quod
3196 2566 3363 2631 sicut
3406 2568 3477 2633 in

1934 2675 2116 2735 motu
2169 2670 2352 2737 locali
2385 2671 2645 2737 venitur
2674 2671 2754 2735 ad
2801 2690 3012 2735 unum
3054 2691 3324 2738 movens
3349 2674 3472 2739 im-

1932 2778 2167 2842 mobile
2189 2827 2206 2856 ,
2243 2778 2332 2842 ita
2358 2778 2425 2841 in
2466 2783 2649 2842 motu
2693 2777 3084 2843 alterationis
3116 2780 3474 2848 secundum

1929 2884 2305 2967 qualitatem
2325 2902 2580 2949 necesse
2605 2887 2703 2948 est
2728 2884 2950 2950 venire
2974 2887 3055 2950 ad
3080 2906 3289 2951 unum
3318 2888 3473 2955 alte-

1927 3010 2080 3057 rans
2107 3011 2240 3057 non
2264 2991 2586 3056 alterabile
2608 2991 2964 3056 secundum
2983 2994 3238 3058 easdem
3264 2995 3472 3078 quali-

1927 3103 2088 3165 tates
2118 3103 2221 3166 :et
2244 3100 2387 3166 ideo
2412 3119 2565 3167 cum
2590 3100 2925 3178 elementa,
2944 3103 3009 3167 et
3036 3121 3119 3167 ex
3142 3101 3474 3170 elementis

1928 3210 2297 3288 commixta,
2332 3211 2460 3274 sint
2484 3208 2837 3274 secundum
2863 3210 3104 3291 primas
3135 3211 3473 3293 qualitates

1927 3318 2262 3383 alterantia
2286 3320 2349 3382 et
2388 3315 2778 3394 alterabilia3
2825 3320 2995 3381 recte
3026 3316 3333 3400 disposuit
3373 3319 3473 3383 di-

1928 3426 2085 3490 vina
2128 3425 2439 3509 sapientia
2480 3445 2748 3510 corpora
2778 3426 3055 3492 coelestia
3072 3476 3091 3507 ,
3114 3429 3335 3510 utpote
3359 3428 3469 3493 lu-

1928 3533 2223 3611 minaria,
2252 3551 2400 3615 quae
2428 3534 2728 3599 interiora
2753 3535 3023 3599 alterent
3054 3553 3172 3599 sua
3198 3534 3470 3600 influen-

1923 3640 2014 3704 tia
2055 3640 2411 3705 secundum
2457 3641 2795 3723 qualitates
2837 3642 3078 3725 primas
3097 3690 3116 3721 ,
3156 3642 3247 3706 ita
3294 3640 3469 3724 quod

1923 3747 2062 3831 ipsa
2107 3752 2241 3812 tam
2283 3747 2693 3831 qualitatibus
2711 3797 2730 3828 ,
2760 3767 2960 3831 quam
2991 3747 3469 3815 alterationibus

1920 3855 2179 3919 illarum
2223 3859 2433 3919 aesent
2475 3855 2773 3919 carentia.
2822 3854 3006 3920 Ratio
3049 3873 3207 3922 vero
3264 3873 3468 3938 quare

1922 3963 2174 4029 diversa
2211 3963 2634 4046 imprimunt,
2667 3981 2707 4026 a
2750 3962 3141 4044 quibusdam
3186 3964 3467 4029 sumitur

1921 4076 2180 4156 propter
2216 4070 2650 4135 diversitatem
2674 4070 3058 4152 qualitatum
3072 4119 3090 4150 ‚
3120 4069 3284 4135 sicut
3307 4072 3468 4135 scri-

1919 4181 2094 4245 bitur
2117 4180 2185 4243 in
2211 4179 2372 4242 libro
2392 4177 2471 4243 de
2489 4176 2875 4245 Substantia
2907 4177 3092 4243 Orbis
3115 4199 3141 4243 .·
3172 4178 3263 4241 ibi
3287 4179 3464 4243 enim

1917 4288 2273 4353 secundum
2318 4285 2752 4369 quorumdam
2784 4284 3155 4369 opinionem
3204 4286 3458 4365 dicitur,

1918 4396 2089 4481 quod
2115 4393 2459 4459 luminaria
2480 4392 2621 4457 coeli
2654 4391 2990 4475 qualitates
3013 4391 3293 4457 habeant
3318 4411 3463 4475 pro-

1916 4504 2133 4588 prias:
2165 4502 2275 4567 sed
2304 4519 2436 4566 non
2462 4499 2703 4565 habent
2730 4518 2838 4565 eas
2858 4499 3124 4565 omnino
3150 4499 3461 4565 univocas

1918 4629 2068 4675 cum
2089 4608 2505 4692 qualitatibus
2522 4606 3034 4686 elementaribuS,
3055 4623 3174 4689 pro
3190 4623 3266 4669 eo
3287 4605 3460 4690 quod

1915 4717 2269 4783 secundum
2301 4717 2443 4780 illas
2476 4733 2671 4797 agere
2709 4717 2976 4797 possunt
3015 4714 3084 4777 in
3122 4713 3265 4778 haec
3295 4714 3460 4779 infe-

1914 4826 2109 4905 riora,
2129 4825 2238 4889 sed
2252 4825 2334 4889 ab
2352 4823 2426 4907 (b)
2442 4822 2717 4890 invicem
2733 4822 2865 4906 pati
2875 4840 3011 4887 non
3031 4825 3317 4906 possunt.
3336 4820 3460 4886 Sed

1915 4934 2037 4998 ista
2073 4931 2236 4996 ratio
2279 4949 2411 4996 non
2446 4930 2703 4995 videtur
2739 4928 3124 4993 conveniens
3156 4949 3173 4992 z
3202 4927 3459 4994 sienim

1916 5043 2124 5107 essent
2140 5040 2519 5123 aequivocae,
2538 5042 2697 5102 tunc
2714 5036 2976 5100 effectus
2992 5053 3217 5101 earum
3235 5035 3307 5118 (c)
3327 5053 3459 5100 non

1916 5147 2329 5213 concordaret
2363 5143 2773 5229 qualitatibus
2798 5143 3289 5209 elementaribus
3331 5163 3348 5208 ε
3395 5146 3459 5209 et

1917 5255 2061 5320 ideo
2088 5253 2313 5320 melior
2329 5252 2605 5319 sumitur
2621 5251 2784 5316 ratio
2806 5269 2890 5316 ex
2911 5253 3094 5334 parte
3120 5250 3456 5317 diversita-

1921 5363 2003 5428 tis
2054 5362 2396 5429 virtutum.
2450 5360 2611 5438 Quia
2660 5359 2837 5427 enim
2886 5358 3181 5427 Conditor
3228 5359 3457 5430 mundi
