4125 6225
594 405 599 410 ¹
703 459 823 522 100

470 2967 542 3012 Aa
574 2981 678 3026 opp.

702 589 920 673 aliquo
964 588 1283 655 removeri
1297 637 1316 669 ‚
1370 589 1658 673 alioquin
1703 590 1954 655 caderet
1999 588 2070 652 in
2118 600 2253 650 non

702 717 852 777 ens;
892 698 1046 781 quia
1081 696 1232 761 dicit
1268 697 1677 779 Augustinus
1694 747 1712 778 ‚
1753 697 1927 782 quod
1965 696 2075 762 ubi
2110 693 2252 758 haec

702 805 884 869 nulla
907 808 1089 885 sunt,
1127 805 1383 869 nullum
1412 806 1659 871 bonum
1696 809 1823 871 est:
1855 822 2013 887 ergo
2037 802 2250 866 sinon

703 915 857 977 sunt
891 911 1110 976 omnia
1155 911 1363 977 ablata
1380 961 1398 994 ,
1430 917 1700 996 possunt
1739 912 1949 977 adhuc
1998 905 2246 974 minui:

702 1020 812 1085 sed
857 1019 1000 1083 haec
1055 1019 1510 1086 diminuuntur
1548 1039 1661 1104 per
1688 1023 2017 1103 peccatum
2053 1039 2070 1081 ε
2101 1032 2251 1080 0001

703 1147 862 1210 0130
918 1127 1207 1192 1110110105
1255 1131 1506 1211 peccet,
1561 1132 1740 1193 tanto
1798 1125 2008 1208 magis
2060 1123 2250 1189 dimi-

702 1239 997 1299 nuuntur
1015 1283 1032 1314 ,
1062 1239 1303 1317 quanto
1347 1235 1556 1317 magis
1581 1238 1835 1318 peccat:
1875 1231 1986 1297 sed
2012 1232 2251 1314 quanto

704 1342 915 1424 magis
941 1342 1429 1425 1110110000101,
1464 1346 1640 1408 10010
1668 1344 1845 1426 pejor
1879 1343 1976 1406 est
2015 1338 2249 1404 volun·

705 1455 836 1514 tas:
863 1467 1044 1531 ergo,
1074 1453 1194 1513 etc.

787 1551 969 1629 Item,
996 1554 1110 1634 qui
1131 1557 1431 1635 procurat
1452 1550 1873 1617 homicidium
1899 1549 2246 1632 corporale,

705 1662 801 1723 est
818 1659 1135 1724 homicida
1152 1682 1170 1739 ;
1194 1663 1255 1724 et
1277 1664 1518 1742 quanto
1536 1660 1725 1743 plura
1737 1656 2084 1722 homicidia
2101 1674 2253 1739 pro-

705 1769 910 1847 curat,
956 1771 1131 1833 tanto
1158 1769 1336 1850 pejor
1373 1772 1466 1831 est
1506 1766 1575 1830 in
1617 1784 1693 1830 eo
1728 1765 2061 1830 voluntas:
2091 1782 2251 1845 ergo

701 1877 842 1959 pari
869 1877 1136 1957 ratione,
1165 1878 1297 1941 imo
1320 1876 1587 1955 fortiori,
1609 1876 1725 1957 qui
1757 1878 2028 1939 mortem
2061 1875 2244 1957 spiri-

704 1985 942 2048 tualem
981 1988 1302 2067 procurat,
1347 1983 1670 2050 homicida
1705 1987 1835 2063 est3
1867 1982 2067 2065 etqui
2097 1982 2253 2066 plu-

701 2090 878 2154 rium
902 2094 1179 2155 mortem
1196 2094 1514 2173 procurat,
1537 2091 1715 2173 pejor
1736 2093 1870 2154 est:
1892 2088 2001 2152 sed
2026 2088 2249 2153 diabo-

702 2197 805 2262 lus
826 2203 967 2281 post
984 2202 1258 2262 mortem
1286 2197 1479 2280 primi
1503 2196 1785 2261 hominis
1807 2196 2039 2261 dicitur
2054 2196 2249 2261 fuisse

703 2305 1027 2373 homicida
1069 2306 1149 2372 ab
1189 2306 1384 2372 initio
1404 2311 1423 2347 ¹
1441 2352 1464 2383 ,
1506 2304 1661 2387 quia
1699 2304 2069 2387 procuravit
2110 2305 2250 2386 ejus

704 2412 989 2495 lapsum3
1040 2412 1150 2478 sed
1196 2430 1492 2497 processu
1538 2412 1841 2494 temporis
1885 2409 2251 2494 procuravit

709 2524 981 2585 mortem
1012 2521 1334 2604 plurium:
1365 2538 1523 2602 ergo
1552 2519 1621 2584 in
1647 2520 1887 2583 malitia
1914 2519 2133 2584 crevit.

788 2627 853 2693 Si
886 2633 958 2693 tu
988 2628 1160 2693 dicas
1198 2628 1368 2710 quod
1403 2627 1605 2691 crevit
1639 2626 1807 2691 mala
1844 2627 2143 2692 voluntas
2178 2625 2249 2690 in

706 2735 1175 2818 comparatione
1218 2734 1299 2798 ad
1337 2733 1666 2798 hominem
1681 2781 1699 2810 ‚
1727 2750 1862 2797 non
1887 2732 1958 2796 10
1982 2751 2246 2818 compa-

706 2845 952 2908 ratione
976 2845 1056 2908 ad
1084 2844 1288 2909 Deum
1310 2863 1327 2924 ;

788 2956 817 3015 1
833 2999 848 3014 .
891 2950 1255 3018 ostenditur
1300 2949 1471 3032 quod
1513 2948 1634 3011 ista
1683 2947 2012 3031 responsio
2067 2948 2249 3013 nulla

709 3064 804 3125 est
834 3081 849 3125 z
879 3060 1111 3145 primo,
1141 3059 1295 3144 quia
1321 3057 1611 3124 diabolus
1634 3057 1996 3124 inordinate
2021 3076 2245 3125 move-

705 3171 815 3231 tur
840 3167 910 3231 in
945 3165 1149 3231 Deum
1169 3214 1187 3244 ,
1217 3167 1381 3231 sicut
1421 3167 1492 3229 in
1532 3165 1861 3230 hominem
1894 3187 1910 3230 :
1951 3167 2006 3229 si
2046 3184 2205 3248 0130
2223 3216 2241 3247 ,

707 3272 1185 3355 multiplicando
1208 3280 1272 3337 et
1289 3272 1576 3336 iterando
1596 3276 1928 3354 peccatum
1948 3274 2014 3336 in
2039 3273 2246 3337 homi-

703 3398 879 3455 nem,
904 3380 1255 3445 intenditur
1281 3384 1344 3444 et
1362 3379 1580 3443 crescit
1599 3378 1668 3442 in
1692 3396 1767 3443 eo
1790 3379 2069 3458 malitia3
2101 3380 2244 3462 pari

702 3487 973 3563 ratione,
990 3505 1141 3551 cum
1159 3486 1292 3551 odit
1309 3490 1372 3550 01
1385 3485 1781 3568 blasphemat
1794 3485 1998 3551 Deum
2030 3506 2046 3551 z
2071 3487 2242 3569 quod

703 3593 883 3657 nullo
909 3594 1100 3659 modo
1126 3598 1333 3677 potest
1357 3593 1521 3657 fleri.

781 3705 843 3764 2.
877 3699 1190 3765 Praeterea
1217 3719 1351 3765 non
1374 3704 1469 3764 est
1494 3700 1824 3783 peccatum
1853 3700 1923 3764 in
1951 3719 2082 3784 quo
2111 3718 2240 3767 non

703 3812 1148 3873 contemnatur
1185 3813 1249 3874 et
1273 3807 1634 3873 offendatur
1661 3807 1859 3888 Deus,
1896 3812 1959 3872 et
1996 3808 2068 3872 in
2111 3826 2241 3891 quo

699 3932 968 3996 peccans
990 3933 1125 3979 non
1155 3917 1481 3980 avertatur
1510 3933 1551 3978 a
1576 3914 1704 3978 Deo
1735 3933 1752 3978 ε
1782 3933 1940 3998 0130
1968 3917 2037 3979 10
2062 3917 2241 3981 omni

698 4026 954 4103 peccato
992 4022 1213 4087 crescit
1239 4022 1409 4087 mala
1451 4021 1750 4087 voluntas
1784 4022 1858 4088 in
1902 4038 2240 4107 compara-

700 4130 869 4193 tione
903 4130 984 4194 ad
1014 4129 1241 4193 Deum.

785 4240 846 4301 3.
870 4235 1028 4301 Item
1050 4236 1337 4320 opposita
1350 4239 1504 4300 nata
1518 4238 1672 4300 sunt
1687 4236 1828 4301 fieri
1848 4237 2013 4301 circa
2028 4238 2201 4303 idem
2219 4260 2234 4303 ε

699 4346 811 4410 5011
845 4345 1170 4410 daemones
1213 4363 1343 4409 non
1384 4349 1650 4428 possunt
1685 4348 1992 4427 proficere
2024 4369 2039 4411 ε
2081 4365 2240 4429 0130

700 4471 834 4518 000
880 4456 1147 4536 possunt
1189 4451 1403 4533 magis
1444 4451 1712 4515 deficere
1727 4497 1749 4529 ,
1804 4452 1943 4518 sive
1990 4456 2240 4537 pejores

698 4579 856 4624 0550.

778 4672 841 4731 4.
877 4665 1034 4731 Item
1064 4667 1187 4731 hoc
1210 4666 1464 4732 videtur
1481 4684 1596 4749 per
1625 4666 1830 4731 simile
1855 4666 1925 4730 in
1954 4666 2240 4732 homini-

698 4773 821 4838 hus
844 4773 1192 4852 damnatis3
1232 4772 1388 4856 quia
1425 4772 1715 4838 diabolus
1741 4778 1805 4837 et
1826 4773 2023 4838 homo
2061 4794 2235 4840 mor-

698 4884 871 4961 tuus,
893 4880 1028 4945 sive
1053 4880 1415 4957 1100100105,
1438 4881 1683 4943 suntin
1708 4881 2020 4945 consimili
2043 4886 2234 4963 statu,

648 4984 658 4991 ’
698 4990 865 5054 51001
880 4989 1029 5054 dicit
1052 4988 1479 5053 Damascenus
1492 4988 1541 5064 ¹,
1568 4987 1739 5070 quod
1766 4987 1889 5052 hoc
1911 4993 2005 5053 est
2026 4989 2241 5053 homi·

699 5096 892 5161 nibus
916 5113 1090 5159 mors
1115 5095 1288 5178 quod
1303 5100 1397 5159 051
1423 5094 1670 5177 angelis
1694 5112 1877 5159 casus
1910 5114 1926 5159 τ
1962 5097 2074 5161 sed
2100 5102 2240 5180 post

697 5211 974 5272 mortem
1012 5206 1183 5271 mala
1209 5206 1508 5289 voluntas
1531 5207 1601 5269 10
1620 5205 1882 5270 11010100
1904 5225 2034 5272 000
2062 5226 2237 5274 cres·

700 5315 785 5378 cit
813 5334 830 5378 ε
871 5331 1029 5395 0130
1053 5332 1171 5378 000
1191 5313 1263 5378 10
1288 5314 1583 5380 daemone
1607 5316 1749 5396 post
1765 5330 2009 5378 casum.

767 5438 978 5501 ilem„
1018 5448 1141 5502 vm,
1178 5438 1258 5489 ⁴4.
1290 5463 1352 5477 —
1390 5441 1413 5476 ¹
1450 5441 1709 5503 Damaso„
1751 5438 1813 5489 de
1851 5438 1979 5490 Fide
2017 5440 2237 5507 orthod„

1840 446 2466 520 SENTENTIARUM
2506 447 2656 514 LIB.
2697 450 2776 516 11.

2441 585 2501 646 5.
2531 583 2692 649 Item
2718 588 3074 653 ostenditur
3097 588 3220 654 hoc
3248 607 3362 672 per
3384 589 3589 653 simile
3617 587 3688 652 in
3714 569 3890 653 bonis

2360 693 2607 774 angelis
2637 718 2653 760 ε
2691 694 2927 762 Similis
2949 699 3122 764 enim
3150 704 3245 764 051
3262 703 3462 764 status
3481 700 3802 764 honorum
3826 700 3890 764 in

2360 798 2553 881 bono,
2573 804 2638 866 01
2655 803 2975 871 malorum
2998 807 3067 871 in
3094 807 3264 872 malo
3290 827 3307 870 ε
3336 806 3446 871 5011
3470 806 3541 870 10
3567 806 3755 870 110015
3771 824 3888 871 11011

2361 912 2564 990 potest
2588 928 2867 978 01050010
2895 913 3063 979 bona
3092 914 3392 980 voluntas
3431 935 3448 978 ι
3482 930 3644 995 0130
3674 931 3791 978 000
3827 913 3889 977 10

2358 1013 2546 1078 100115
2575 1016 2766 1082 10010.

2439 1126 2501 1186 6.
2539 1123 2698 1189 Item
2736 1145 2752 1189 :
2788 1126 3078 1209 Angelus
3102 1128 3372 1212 simplex
3398 1130 3496 1193 est
3512 1176 3531 1206 ‚
3558 1130 3625 1192 et
3648 1126 3890 1193 nullum

2358 1226 2549 1322 habet
2575 1233 3040 1299 retardativum
3071 1255 3088 1299 ε
3119 1252 3279 1316 0130
3303 1235 3372 1298 10
3398 1234 3612 1317 prima
3632 1251 3888 1299 conver·

2358 1334 2537 1401 sione
2565 1342 2818 1405 tantum
2845 1359 2913 1405 se
2952 1341 3301 1421 convertit,
3332 1341 3505 1424 quod
3530 1349 3686 1406 non·
3703 1344 3889 1424 potoet

2359 1445 2638 1527 amplius
2665 1448 2952 1512 converti
2983 1472 2999 1513 ε
3033 1467 3190 1530 0130
3221 1448 3515 1513 similiter
3539 1452 3789 1513 1001001
3828 1465 3887 1513 50

2358 1552 2624 1631 avertit,
2649 1553 2823 1636 quod
2843 1572 2972 1618 non
2998 1555 3275 1638 amplius
3292 1559 3500 1638 001051
3529 1573 3751 1637 10130,
3777 1559 3882 1620 010.

2438 1661 2501 1721 7.
2536 1657 2695 1723 Item
2721 1659 2790 1724 in
2816 1661 2996 1726 nullo
3024 1662 3250 1726 crescit
3276 1662 3446 1726 mala
3475 1661 3772 1728 voluntas
3788 1709 3805 1738 ,
3827 1662 3884 1725 in

2356 1781 2488 1847 quo
2507 1783 2637 1829 non
2664 1767 2886 1832 crescit
2914 1768 3299 1833 demeritum
3328 1788 3348 1834 ε
3378 1769 3489 1834 5011
3517 1769 3886 1834 demeritum

2356 1888 2488 1934 non
2508 1873 2818 1937 0105011111
2836 1891 2935 1953 eo,
2957 1874 3113 1957 quia
3127 1893 3257 1939 non
3275 1878 3480 1958 potest
3497 1876 3742 1941 evitare
3755 1895 3888 1959 pec·

2357 1982 2573 2043 catum
2609 2002 2625 2045 :
2661 2000 2821 2063 crgo
2848 1983 2903 2046 si
2941 2001 3195 2048 necesse
3236 1987 3331 2048 est
3367 1983 3694 2049 diabolum
3717 1984 3892 2048 ‘male

2361 2087 2520 2153 velle
2537 2136 2556 2165 ‚
2591 2089 2677 2151 im
2685 2090 2978 2172 possibile
3005 2096 3101 2156 est
3128 2091 3365 2157 malam
3389 2092 3791 2159 voluntatem
3831 2092 3894 2156 in

2357 2213 2434 2260 eo
2454 2214 2757 2262 crescere.

2437 2307 2499 2368 8.
2545 2303 2705 2369 Item
2731 2305 3021 2370 diabolus
3062 2311 3125 2372 et
3151 2307 3478 2373 daemonoe
3501 2312 3656 2373 sunt
3677 2308 3896 2373 redditi

2357 2413 2623 2476 omnino
2669 2412 3088 2496 impossibiles
3129 2415 3211 2480 ad
3258 2416 3535 2497 gratiam
3579 2416 3648 2479 in
3692 2416 3894 2499 primo

2356 2518 2540 2602 lapsu
2559 2569 2577 2599 ‚
2607 2539 2726 2584 000
2750 2525 3017 2604 possunt
3043 2524 3254 2604 magis
3280 2522 3699 2606 impossibiles
3715 2542 3846 2587 0050
3873 2543 3889 2586 :

2355 2627 2464 2690 sed
2500 2631 2740 2709 quanto
2791 2629 3012 2692 crescit
3042 2628 3212 2708 mala
3247 2629 3579 2705 voluntas,
3623 2632 3799 2693 tanto
3825 2629 3893 2693 61

2355 2732 2562 2813 major
2593 2730 2912 2812 elongatio
2948 2750 2989 2795 a
3024 2731 3235 2814 gratia
3266 2752 3282 2796 :
3315 2731 3369 2794 si
3393 2749 3552 2813 ergo
3596 2749 3726 2795 non
3755 2750 3892 2814 pos-

2355 2840 2509 2901 sunt
2528 2839 2737 2919 magis
2761 2838 3050 2920 elongari
3063 2887 3082 2918 ,
3108 2839 3271 2905 sicut
3295 2856 3507 2905 caecus
3528 2856 3665 2905 non
3693 2843 3888 2922 potest

2354 2944 2498 3027 plus
2522 2944 2750 3011 caecari
2768 2992 2787 3022 ‚
2815 2962 2974 3027 ergo
2993 2993 3014 3026 ‚
3047 2948 3166 3013 010.

2906 3211 3361 3280 CONCLUSIO.

2353 3380 2618 3437 Daemonis
2631 3379 2883 3436 voluntas
2901 3381 3054 3435 mala
3072 3394 3277 3453 semper
3299 3376 3612 3436 intenditur
3633 3382 3906 3450 quanm-

2424 3470 2499 3526 ad
2517 3473 2630 3525 vim
2659 3469 3198 3535 administrativam,
3225 3468 3477 3524 videlicet
3515 3472 3580 3524 in
3609 3484 3888 3541 compara-

2424 3561 2571 3616 tione
2605 3559 2680 3615 ad
2715 3560 3009 3625 hominem,
3057 3558 3183 3615 licet
3224 3573 3332 3614 non
3368 3562 3636 3630 quantum
3682 3557 3760 3613 ad
3785 3560 3889 3614 uim

2422 3650 2932 3722 contemplativam,
2980 3663 3090 3721 qua
3125 3651 3203 3705 est
3237 3649 3565 3720 simpliciter
3603 3663 3820 3705 aversus
3855 3663 3890 3703 a

2422 3739 2553 3794 Deo.

2431 3911 2616 3995 Resp.
2661 3912 2741 3977 ad
2767 3912 3046 3993 Argum.
3089 3910 3345 3994 Triplex
3386 3916 3483 3976 est
3515 3912 3624 3976 hic
3665 3911 3892 3977 modus
3913 3923 4088 3980 opi-⁵01.

2349 4018 2614 4084 dicendi.
2656 4017 2927 4096 Quidam
2956 4018 3129 4083 enim
3149 4021 3508 4096 senserunt,
3527 4019 3706 4100 quod
3732 4019 3893 4081 sicut

2350 4126 2418 4190 in
2430 4126 2676 4209 angelis
2688 4125 2873 4190 bonis
2888 4126 3185 4191 voluntas
3197 4125 3367 4190 bona
3379 4125 3583 4191 crevit
3597 4126 3666 4189 in
3686 4125 3892 4209 prima

2350 4234 2762 4300 conversione
2804 4252 3008 4317 usque
3044 4232 3125 4297 ad
3167 4233 3516 4297 terminum
3534 4281 3552 4311 ‚
3602 4233 3693 4296 ita
3720 4230 3891 4314 quod

2349 4342 2627 4424 amplius
2647 4342 2716 4405 in
2741 4360 2808 4405 50
2829 4359 2965 4405 000
2988 4344 3194 4423 potest
3221 4358 3522 4419 crescere,
3551 4340 3663 4404 sed
3682 4339 3888 4404 solum

2349 4450 2419 4514 in
2445 4449 2773 4514 effectibus
2790 4448 2974 4513 bonis
2996 4465 3159 4529 quos
3183 4447 3470 4511 efficiunt
3489 4446 3660 4512 circa
3683 4445 3889 4511 homi·

2350 4575 2464 4620 nes
2491 4581 2505 4620 :
2539 4556 2829 4620 similiter
2856 4555 2924 4637 in
2950 4554 3200 4636 angelis
3225 4553 3409 4617 malis
3428 4553 3642 4618 dicere
3665 4553 3885 4618 volue-

2349 4668 2533 4745 runt,
2574 4662 2749 4747 quod
2793 4663 2863 4725 in
2907 4662 3117 4745 prima
3163 4661 3494 4727 aversione
3527 4678 3756 4725 aversa
3798 4661 3888 4724 051

2351 4775 2648 4839 voluntas
2670 4788 2896 4837 eorum
2912 4771 2983 4833 in
3009 4770 3308 4846 termino,
3332 4770 3419 4832 ita
3444 4768 3618 4851 quod
3639 4773 3884 4832 tantum

2348 4882 2469 4947 fuit
2496 4881 2839 4964 depravata
2863 4878 3162 4942 voluntas
3182 4877 3523 4954 malorum,
3543 4875 3720 4958 quod
3749 4892 3882 4938 am-

2350 4990 2518 5073 plius
2544 5007 2660 5053 000
2687 4988 3096 5070 depravatur,
3121 5003 3239 5049 nec
3265 4984 3507 5058 crescit,
3539 4983 3649 5047 sed
3675 4981 3878 5047 solum

2348 5098 2418 5162 in
2443 5086 2771 5161 effectibus
2796 5094 2980 5158 010115
2996 5142 3015 5173 ,
3045 5091 3350 5176 quoniam
3389 5090 3579 5173 plura
3611 5089 3773 5153 mala
3798 5106 3876 5153 ex

2348 5204 2579 5288 aequali
2597 5203 2926 5269 voluntate
2944 5217 3194 5283 semper
3217 5198 3366 5264 facit
3390 5197 3436 5262 ⁸.
3458 5197 3537 5262 Et
3556 5197 3708 5281 quia
3723 5214 3874 5278 sup-

2347 5368 2438 5419 lib.
2465 5368 2527 5424 11,
2549 5380 2596 5416 0.
2619 5375 2770 5415 xvm.
2788 5388 2849 5400 —
2864 5361 2887 5397 ⁸
2903 5362 3024 5413 11ωο
3041 5360 3242 5410 videtur
3257 5357 3445 5423 positio
3466 5359 3521 5409 S.
3535 5357 3733 5418 Thom.,
3759 5370 3812 5419 p.
3829 5355 3865 5418 Ι,

2347 5456 2400 5509 q.
2422 5450 2567 5502 mv,
2592 5438 2689 5487 art.
2710 5438 2758 5486 2.
