4125 6225
59 950 247 996 fundam.

70 3585 130 3632 Ad
156 3599 252 3644 opp.

1294 384 1489 453 DIST.
1533 380 1636 451 IX.
1680 381 1862 450 ΛΒΤ.
1908 382 1957 449 1.
2004 382 2300 463 QUAEST.
2344 385 2448 451 VI.

794 632 1150 713 QUAESTIO
1185 634 1291 700 VI.

299 789 394 845 An
413 789 674 862 praelatio
701 791 1013 861 angelorum
1038 794 1320 847 evacuetur
1333 792 1459 862 post
1483 787 1754 862 judicium
1775 789 1817 843 ¹.

358 952 443 1017 De
458 953 790 1018 ordinibus
814 954 1198 1037 angelorum
1215 957 1533 1036 quantum
1559 952 1636 1016 ad
1659 970 1821 1035 prae-

271 1060 528 1125 lationis
545 1061 1026 1125 evacuationem
1044 1081 1060 1140 ;
1083 1065 1146 1124 et
1168 1064 1260 1125 est
1277 1062 1569 1143 quaestio,
1598 1064 1821 1123 utrum

272 1168 588 1251 praelatiO,
614 1187 764 1251 quae
786 1173 881 1233 est
907 1169 974 1232 in
995 1169 1215 1232 ordine
1234 1171 1525 1251 respectu
1553 1167 1817 1246 ordiniS,

273 1281 624 1342 evacuetur
661 1281 801 1359 post
829 1277 1176 1359 judicium.
1219 1277 1298 1341 Et
1327 1277 1497 1359 quod
1541 1275 1631 1341 sic
1654 1324 1671 1352 ,
1716 1275 1821 1340 vi-

272 1384 461 1450 detur
499 1386 523 1419 ¹
569 1406 584 1448 ε
633 1383 789 1449 Cum
828 1386 1232 1451 evacuaverit
1275 1400 1522 1450 omnem
1564 1384 1821 1465 princi-

267 1497 530 1576 patum,
564 1498 939 1575 potestatem
969 1498 1029 1559 et
1054 1495 1360 1560 virtutem
1390 1510 1408 1556 ε
1435 1510 1593 1573 ergo
1621 1491 1692 1554 in
1716 1490 1822 1554 die

265 1601 528 1684 judicii,
574 1601 968 1684 principatus
988 1647 1009 1679 ,
1056 1604 1120 1666 et
1157 1603 1530 1684 potestateS,
1581 1601 1645 1663 et
1687 1597 1822 1665 vir-

273 1710 444 1772 tutes
470 1708 983 1773 evacuabuntur.

357 1813 548 1891 Item,
574 1832 798 1897 supra,
821 1814 1219 1878 distinctione
1245 1832 1346 1893 v1,
1373 1832 1510 1896 cap.
1538 1814 1622 1880 Et
1650 1813 1821 1880 sicut

274 1925 444 1989 inter
470 1923 692 2002 b0n08,
722 1922 869 1986 dicit
909 1921 1216 2003 Magister
1248 1941 1262 1981 ε
1312 1944 1342 1983 <1
1379 1920 1675 1998 Quandiu
1709 1920 1824 1984 du-

276 2034 377 2095 rat
402 2031 715 2109 munduS,
758 2029 974 2111 angeli
1004 2029 1288 2109 angeliS,
1333 2029 1656 2093 daemones
1681 2029 1822 2093 dae-

276 2138 603 2214 monibuS,
630 2138 921 2201 homines
947 2137 1320 2216 hominibus
1346 2141 1638 2220 praesunt
1669 2156 1685 2198 ι
1715 2136 1824 2200 sed

274 2246 347 2309 in
374 2247 592 2310 futuro
622 2245 1038 2309 evacuabitur
1062 2244 1271 2309 omnis
1298 2245 1607 2327 praelatiO.
1643 2267 1676 2305 ι»

359 2354 518 2418 Item
553 2355 817 2418 nomina
847 2356 1149 2419 ordinum
1193 2355 1595 2436 accipiuntur
1633 2371 1826 2437 penes

278 2462 490 2526 officia
515 2462 959 2541 ministrandi,
990 2466 1064 2525 ut
1091 2464 1159 2525 in
1187 2462 1507 2545 pluribus,
1540 2463 1824 2527 maxime

278 2569 350 2633 in
377 2570 481 2633 his
508 2571 619 2652 qui
646 2570 1078 2651 suinciuntur
1113 2590 1129 2634 :
1166 2588 1323 2651 ergo
1367 2588 1516 2634 cum
1560 2571 1828 2635 cessabit

278 2677 709 2741 ministerium
728 2727 745 2757 ,
767 2677 1032 2741 cessabit
1048 2677 1354 2758 subJectio
1383 2696 1399 2738 ι
1431 2696 1588 2759 ergo
1608 2681 1670 2742 et
1689 2696 1825 2742 ces-

281 2784 453 2849 sabit
481 2785 791 2868 praelatio.

275 2920 280 2925 ·
362 2891 526 2955 Item
562 2891 849 2975 praelatio
880 2890 1121 2954 ordinis
1144 2889 1224 2954 ad
1260 2889 1549 2955 ordinem
1591 2894 1686 2955 est
1721 2910 1823 2956 se-

281 3000 570 3064 cundum
598 3003 810 3063 actum
835 2997 1271 3076 illuminandi,
1305 3002 1369 3062 et
1394 2978 1735 3080 purgandi,
1765 3005 1829 3064 et

278 3106 648 3190 perficiendi
677 3126 693 3170 :
725 3106 836 3172 sed
869 3111 1011 3189 post
1032 3104 1348 3190 judicium
1377 3105 1500 3171 erit
1531 3111 1729 3171 status
1758 3105 1828 3171 iu

280 3216 701 3300 completione
745 3215 1023 3279 scientiae
1070 3219 1134 3279 et
1175 3214 1402 3297 gratiae
1441 3236 1455 3278 :
1488 3233 1646 3297 ergo
1693 3234 1826 3280 non

279 3325 404 3389 erit
421 3324 594 3389 ultra
614 3324 1000 3387 illuminatio
1013 3373 1031 3402 ,
1052 3324 1375 3406 purgatio,
1401 3327 1465 3387 et
1483 3323 1781 3405 perfectio
1801 3343 1820 3388 ε

278 3431 489 3514 igitur
513 3449 633 3496 nec
657 3430 872 3513 aliqua
901 3430 974 3494 in
999 3430 1331 3495 ordinibus
1362 3429 1673 3513 praelatio,

360 3538 461 3603 Ad
489 3538 853 3621 oppositum
884 3556 899 3600 ε
928 3543 987 3602 1.
1019 3536 1448 3603 Praecellentia
1469 3537 1710 3602 ordinis
1736 3537 1816 3602 ad

280 3647 577 3712 ordinem
619 3650 714 3710 est
747 3645 1098 3710 secundum
1135 3647 1560 3727 majoritatem
1590 3648 1656 3710 et
1694 3645 1817 3709 mi-

276 3757 625 3820 noritatem
651 3755 877 3835 gratiae
905 3776 920 3819 t
944 3772 1101 3835 ergo
1121 3803 1138 3833 ,
1170 3755 1224 3817 si
1248 3755 1569 3837 quantitas
1588 3754 1815 3836 gratiae

280 3862 354 3926 in
383 3861 691 3944 angelicis
715 3860 1041 3944 spiritibus
1070 3879 1199 3925 non
1227 3864 1538 3941 mutatur,
1569 3863 1826 3945 praecel-

280 3969 479 4035 lentia
513 3969 753 4035 ordinis
785 3968 866 4033 ad
896 3969 1186 4034 ordinem
1225 3986 1358 4032 non
1399 3969 1643 4033 tollitur
1659 4018 1678 4050 ,
1711 3988 1829 4034 nec

280 4084 660 4146 evacuatur.

365 4192 427 4253 Ξ.
462 4188 621 4253 Item
648 4190 862 4272 angeli
881 4237 898 4265 ,
924 4189 1138 4253 statim
1166 4192 1242 4253 ut
1266 4186 1624 4252 confirmati
1650 4191 1825 4267 sunt,

283 4297 455 4362 beati
483 4297 688 4361 effecti
714 4301 863 4361 sunt
885 4296 1279 4361 beatitudine
1306 4295 1580 4379 perfecta
1612 4317 1627 4357 :
1670 4312 1828 4376 ergo

283 4403 450 4467 nihil
490 4405 797 4468 remansit
833 4404 902 4467 iu
938 4403 1030 4468 eis
1069 4403 1242 4486 quod
1281 4405 1444 4466 esset
1476 4420 1559 4465 ex
1589 4406 1768 4483 parte
1810 4423 1825 4465 t

283 4512 395 4575 sed
421 4511 710 4592 praelatio
742 4511 979 4576 ordinis
1013 4512 1092 4576 ad
1127 4511 1415 4575 ordinem
1442 4510 1564 4573 fuit
1588 4509 1658 4572 in
1685 4509 1779 4573 eis
1809 4531 1825 4574 :

288 4635 446 4699 ergo
477 4619 758 4683 nonfuit
789 4637 872 4683 ex
897 4622 1077 4700 parte
1109 4638 1126 4682 ε
1156 4618 1264 4682 sed
1290 4617 1454 4681 nihil
1482 4620 1831 4681 evacuatur

288 4726 412 4789 nisi
441 4725 614 4808 quod
654 4744 736 4789 ex
761 4731 941 4809 parte
969 4730 1063 4790 est
1088 4745 1106 4790 :
1134 4743 1291 4806 ergo
1315 4773 1332 4803 ,
1363 4729 1481 4788 etc.

370 4836 429 4897 3.
457 4831 612 4897 Item
641 4833 1049 4915 pulchritudo
1076 4832 1358 4896 consistit
1388 4832 1455 4894 in
1483 4831 1725 4912 ordine,
1771 4836 1834 4897 et

289 4940 446 5004 ordo
486 4938 554 5002 iu
591 4940 1015 5023 praecellentia
1058 4939 1255 5003 unius
1295 4938 1376 5002 ad
1415 4939 1732 5002 alterum:
1769 4943 1832 5003 et

292 5046 716 5131 praecellentia
749 5046 928 5129 ponit
969 5045 1405 5129 praelationem
1453 5045 1696 5109 ordinis
1748 5046 1827 5110 ad

357 5176 375 5209 ¹
398 5174 481 5237 Cf.
519 5174 575 5225 S.
598 5173 802 5236 Thom.,
841 5186 893 5236 p.
927 5171 977 5235 1,
1018 5185 1069 5236 q.
1096 5182 1254 5231 cvm,
1282 5174 1377 5221 art.
1399 5173 1463 5234 73
1509 5177 1562 5222 et
1596 5173 1638 5222 ΙΙ
1672 5173 1829 5233 Sent„

295 5243 412 5296 dist.
431 5258 507 5308 xx,
525 5259 576 5310 q.
599 5257 657 5310 ιι,
678 5250 772 5295 art.
790 5246 847 5309 63
874 5248 927 5295 et
945 5245 1008 5296 lV
1030 5245 1189 5306 Sent„
1207 5243 1325 5294 dist.
1347 5255 1510 5307 xcvii,
1531 5257 1581 5308 q.
1600 5256 1638 5308 1,
1660 5248 1755 5295 nrt.
1770 5247 1830 5306 2;

295 5316 463 5382 AEgid.
488 5319 660 5382 Rom„
691 5318 733 5366 11
761 5315 917 5377 Sene„
954 5315 1071 5366 dist.
1094 5326 1181 5380 ix,
1222 5327 1389 5380 q.n1‚
1418 5321 1514 5367 art.
1539 5320 1591 5380 1,
1620 5317 1744 5368 dub.
1771 5321 1828 5379 13

295 5388 553 5453 Rimul-d„
578 5389 621 5439 11
644 5386 804 5449 Sent„
835 5387 1048 5452 disan,
1079 5391 1176 5438 art.
1198 5390 1247 5452 2,
1276 5398 1432 5452 q.v1;
1462 5388 1726 5450 Amorum,
1766 5386 1827 5437 de
1877 5433 1884 5436 ,

3356 388 3473 453 477

1928 521 2218 586 ordinem
2249 543 2264 586 ε
2297 539 2456 602 ergo
2477 569 2496 602 ,
2553 521 2609 585 si
2653 521 2734 587 ab
2776 521 3089 604 angelicis
3143 523 3474 606 spiritibus

1926 629 2171 695 tollitur
2198 629 2517 713 praelati0‚
2551 629 2794 695 tollitur
2821 633 2886 695 et
2912 631 3341 714 pulchritudo.

2009 742 2071 801 4.
2104 738 2263 802 Item
2305 737 2466 802 sicut
2496 755 2790 802 summus
2829 738 2985 804 ordo
3028 739 3475 804 denominatur

1930 846 2012 910 ab
2042 846 2308 928 eoquod
2333 850 2426 910 est
2444 845 2563 909 sibi
2584 846 3025 928 inseparabile,
3059 847 3148 910 sic
3188 847 3384 911 medii
3409 850 3474 911 et

1931 954 2140 1021 infimi
2166 977 2179 1017 ε
2205 954 2313 1017 sed
2340 952 2673 1037 Seraphim
2704 973 3037 1035 nunquam
3070 954 3371 1019 desinunt
3390 957 3472 1034 (a)

1934 1079 2070 1126 esse
2112 1062 2451 1144 Seraphim
2490 1081 2506 1125 ε
2542 1080 2699 1143 ergo
2734 1081 2853 1126 nec
2880 1060 3278 1144 principatus
3306 1062 3476 1127 desi-

1932 1174 2096 1234 nunt
2113 1169 2190 1252 (a)
2208 1189 2341 1233 esse
2353 1168 2750 1253 Principatus
2764 1189 2780 1232 :
2796 1188 2952 1252 ergo
2969 1189 3299 1253 nunquam
3316 1170 3478 1234 desi·
3536 1183 3553 1201 ·

1932 1283 2088 1341 nent
2122 1276 2195 1360 (b)
2227 1277 2572 1361 principari
2620 1297 2637 1342 :
2684 1296 2841 1359 ergo
2887 1297 3023 1343 non
3077 1278 3342 1342 cessabit
3388 1277 3477 1341 ibi

1933 1385 2324 1469 praelationis
2348 1386 2527 1450 ordo,

2480 1628 2929 1696 CONCLUSIO.

1934 1805 2264 1875 Anqelomm
2313 1805 2568 1877 praelatio
2628 1809 2754 1877 post
2796 1804 3067 1875 judicium
3124 1805 3476 1861 evacuabitur

2005 1895 2184 1966 quoad
2214 1897 2558 1965 influentiam
2596 1898 2759 1951 unius
2806 1894 2881 1949 ad
2923 1896 3190 1966 alterum,
3220 1899 3272 1951 et
3298 1896 3477 1965 quoad

2004 1985 2310 2055 imperium,
2336 1985 2463 2040 licet
2489 1984 2669 2055 quoad
2690 1984 2985 2054 diqnz'tatis
3007 2000 3265 2042 excessum
3288 1984 3479 2041 debeat

2004 2091 2298 2132 remanere.

2015 2247 2203 2331 Resp.
2251 2248 2331 2312 ad
2373 2250 2534 2330 Arg.
2582 2248 2680 2313 Ad
2730 2247 3180 2331 praedictorum
3240 2246 3477 2312 intelli-

1934 2356 2252 2436 gentiam,
2283 2360 2376 2419 est
2403 2355 2756 2420 notandum
2775 2403 2793 2434 ,
2821 2356 2989 2438 quod
3016 2354 3341 2437 tripliciter
3365 2354 3476 2419 ali·

1934 2464 2094 2545 quid
2122 2464 2351 2528 dicitur
2374 2464 2656 2546 praeferri
2671 2464 2851 2527 alteri
2888 2485 2902 2527 ε
2936 2467 3048 2526 aut
3074 2481 3188 2545 per
3212 2463 3475 2527 modum

1934 2571 2291 2635 excedentis
2338 2574 2590 2653 solum,
2637 2572 2800 2637 sicut
2853 2573 3189 2656 praet'ertur
3240 2590 3473 2636 aurum

1935 2683 2237 2759 argentm
2278 2684 2392 2744 aut
2418 2699 2532 2762 per
2574 2679 2839 2744 modum
2874 2679 3234 2743 excedentis
3273 2682 3337 2742 et
3374 2679 3481 2740 in·-

1933 2786 2221 2866 fluentiS,
2252 2787 2414 2851 sicut
2432 2788 2769 2871 praefertur
2804 2786 3073 2851 coelestis
3091 2791 3323 2850 natura
3348 2784 3478 2849 ele-

1934 2900 2180 2973 mento;
2219 2899 2333 2960 aut
2380 2914 2493 2978 per
2533 2896 2797 2961 modum
2843 2895 3246 2978 imperantis,
3314 2893 3485 2958 sicut

1935 3003 2271 3085 praefertur
2316 3004 2612 3068 dominus
2654 3004 2966 3069 ministro.
3017 3005 3117 3067 Ad
3164 3002 3477 3067 rationem

1935 3115 2154 3176 autem
2179 3112 2472 3196 perfectae
2493 3111 2879 3195 praelationis
2905 3112 3026 3176 ista
3051 3111 3179 3175 tria
3203 3129 3479 3175 concur-

1935 3218 2124 3291 runt,
2163 3219 2239 3279 ut
2274 3216 2388 3298 qui
2423 3217 2761 3299 praefertur
2800 3220 2990 3279 natus
3032 3215 3112 3278 sit
3139 3232 3332 3293 eum,
3376 3213 3481 3278 cui

1935 3322 2307 3403 praefertur,
2366 3323 2700 3401 excedere,
2754 3327 2817 3387 et
2872 3322 2941 3384 in
2991 3321 3206 3404 ipsum
3268 3321 3481 3403 aliquo

1936 3430 2127 3494 modo
2145 3430 2415 3494 influere
2431 3479 2449 3510 ,
2480 3435 2543 3495 et
2560 3431 2728 3495 idem
2748 3428 3115 3513 praecipere.
3140 3427 3273 3492 Hoc
3293 3428 3481 3492 modo

1937 3543 2034 3602 est
2055 3556 2233 3601 nunc
2260 3537 2328 3601 in
2359 3537 2727 3621 praelatione
2756 3555 2904 3619 quae
2933 3535 3280 3600 attenditur
3320 3534 3484 3598 inter

1937 3646 2230 3711 ordinem
2254 3695 2272 3726 ,
2316 3651 2381 3711 et
2408 3647 2728 3726 ordinem,
2767 3646 2835 3708 in
2874 3643 3250 3708 hierarchiis
3281 3659 3481 3724 ange-

1936 3751 2103 3833 licis,
2134 3758 2199 3818 et
2220 3754 2415 3818 etiam
2452 3754 2523 3817 in
2550 3753 2906 3818 hierarchia
2933 3749 3369 3816 ecclesiastica.
3410 3747 3483 3813 Iu

1937 3860 2187 3942 angelis
2241 3862 2448 3939 enim,
2504 3861 2660 3926 ordo
2700 3860 2814 3944 qui
2865 3858 3076 3925 ordini
3112 3857 3481 3941 praefertur,

1938 3969 2188 4033 excedit
2223 3969 2293 4034 in
2339 3970 2740 4033 naturalibus
2796 3973 2859 4032 et
2907 3965 3233 4050 gratuitis;
3292 3965 3484 4029 etiam
3574 3959 3581 3964 ’

1937 4077 2218 4159 quodam
2234 4078 2423 4142 modo
2440 4078 2646 4142 influit
2662 4076 3025 4160 purgando,
3037 4072 3480 4150 illuminandO,

1937 4190 2002 4248 et
2017 4186 2402 4268 perficiendo
2420 4205 2436 4265 ;
2459 4191 2524 4250 et
2539 4186 2730 4251 etiam
2746 4182 3100 4249 ministeria
3116 4180 3487 4264 complenda

1937 4293 2249 4376 inJungit;
2288 4293 2450 4358 Cum
2491 4312 2648 4376 ergo
2677 4293 2993 4376 quaeritur
3026 4293 3253 4354 utrum
3290 4294 3487 4355 cesset

1937 4400 2225 4482 praelatio
2244 4401 2484 4464 ordinis
2496 4400 2575 4465 ad
2592 4401 2905 4477 ordinem,
2930 4399 3272 4465 dicendum
3284 4397 3479 4478 quod,

1940 4508 1994 4571 si
2016 4508 2413 4590 intelligatur
2427 4509 2509 4577 de
2524 4508 2891 4591 praelatione
2913 4514 3228 4591 quantum
3254 4509 3334 4574 ad
3356 4507 3485 4592 pri·

1940 4634 2117 4679 mam
2137 4615 2566 4680 conditionem
2587 4663 2604 4693 ,
2635 4615 2869 4680 scilicet
2891 4616 3137 4682 ratione
3163 4635 3479 4693 excessuS,

1937 4741 2071 4788 nou
2115 4723 2529 4789 evacuabitur
2546 4772 2564 4804 ,
2616 4723 2726 4788 sed
2774 4724 3088 4804 manebit,
3137 4727 3289 4809 quia
3329 4725 3484 4790 ordo

1941 4831 2190 4895 excedit
2228 4830 2522 4894 ordinem
2557 4835 2689 4894 tam
2717 4830 2785 4892 in
2816 4832 3151 4912 gratuitis,
3191 4851 3386 4915 quam
3417 4833 3486 4896 in

1942 4939 2365 5014 naturalibuS,
2392 4939 2483 5002 ita
2499 4942 2640 5022 post
2654 4938 2992 5020 judicium,
3016 4939 3181 5003 sicut
3199 4946 3261 5005 et
3283 4959 3481 5004 nunc.

1942 5046 2010 5110 Si
2043 5050 2261 5109 autem
2317 5046 2711 5127 intelligatur
2761 5045 3004 5110 ratione
3049 5047 3329 5112 duorum
3383 5067 3484 5112 se-

1941 5162 2232 5228 Hierarch„
2272 5177 2327 5228 q.
2356 5175 2463 5226 vn,
2501 5166 2596 5213 art.
2627 5165 2722 5226 323
2767 5161 2943 5225 Steph.
2978 5164 3193 5229 Brutet.,
3239 5165 3281 5214 ΙΙ
3326 5164 3487 5228 Seni„

1943 5233 2044 5285 dist
2082 5248 2155 5300 xx,
2177 5250 2228 5302 q.
2250 5248 2300 5286 vi
2321 5251 2338 5300 ;
2369 5235 2523 5286 Gabr.
2548 5234 2677 5297 Eiet,
2710 5236 2751 5310 μ
2777 5234 2936 5300 Sene„
2961 5236 3079 5287 dist.
3098 5248 3173 5302 ιι,
3191 5251 3244 5302 q.
3264 5250 3304 5303 1,
3322 5243 3419 5287 art.
3436 5240 3487 5301 3,

1942 5306 2064 5357 dub.
2088 5311 2134 5359 5.
2158 5334 2211 5344 -
2233 5309 2294 5358 ²1
2327 5307 2466 5370 Cor„
2487 5318 2574 5370 ιν,
2598 5308 2679 5357 23.

1917 5424 1942 5436 -
2007 5388 2072 5454 (a,
2100 5387 2183 5438 At.
2216 5387 2497 5440 desinia—
2516 5385 2591 5451 (b)
2617 5386 2703 5437 Al.
2734 5385 2954 5440 desinet.
