4125 6225
1421 446 1800 515 DISTINCT.
1841 449 2007 516 vm.
3178 462 3295 524 427

130 581 465 663 plurimum
517 580 666 645 facit
715 580 875 645 fides
933 584 1104 646 recta
1123 626 1143 661 ,
1200 581 1365 664 sicut
1415 588 1644 648 sonant
1757 603 1871 667 per
1892 586 2007 668 huj
2014 587 2266 651 usmodi
2298 589 2716 655 revelationes
2733 638 2751 668 ‚
2785 595 2953 657 etad
2978 610 3162 657 suam
3187 612 3298 659 so-

53 717 60 722 ·
129 688 499 768 Evangelia;
530 688 623 753 sic
649 688 730 753 ad
760 688 1131 753 daemonum
1164 690 1477 754 miracula
1497 691 1645 755 facit
1752 692 2044 757 cietatem
2064 741 2083 773 ,
2117 712 2267 776 quae
2305 697 2663 777 perniciosa
2701 702 2796 761 est
2841 699 3027 764 valde
3048 748 3064 777 ,
3099 719 3298 783 quam

128 795 389 859 multum
439 796 596 859 fldes
640 815 936 877 perversa
955 845 973 877 ,
1006 799 1311 881 quoniam
1357 799 1646 865 diabolus

127 921 445 987 perversus
473 908 567 967 est
587 903 868 969 imitator
893 904 1024 970 Dei.

197 1013 253 1073 6.
286 1009 383 1073 Ad
412 1010 571 1074 illud
609 1012 781 1094 quod
821 1013 1119 1095 objicitur
1136 1063 1154 1091 ‚
1197 1015 1370 1098 quod
1406 1035 1539 1082 non
1568 1017 1650 1081 sit

126 1120 438 1200 peccatum
490 1136 780 1201 quaerere
831 1120 909 1184 de
961 1120 1255 1204 perditis3
1313 1122 1650 1188 dicendum

126 1224 283 1307 quod
305 1229 635 1307 peccatum
676 1229 803 1307 est,
834 1228 988 1309 qnia
1020 1233 1240 1293 contra
1276 1230 1655 1313 prohibitio-

125 1355 303 1400 nem:
333 1340 398 1400 et
421 1336 816 1420 prohibitum
845 1343 938 1403 est
967 1340 1286 1422 praedictis
1317 1339 1394 1404 de
1422 1341 1648 1406 causis,

126 1443 444 1519 Potissima
467 1448 683 1509 tamen
702 1464 892 1510 causa
914 1450 1028 1526 est,
1049 1448 1201 1530 quia
1224 1448 1357 1530 ipse
1374 1449 1654 1513 mendax

127 1555 243 1627 est,
284 1555 347 1615 et
389 1556 570 1634 pater
613 1556 789 1636 ejuS‚
835 1558 898 1618 et
936 1555 1442 1638 frequentissime
1484 1556 1654 1622 veris

127 1660 424 1725 immiscet
455 1661 631 1726 falsa.
662 1661 740 1726 Et
769 1662 913 1727 ideo
949 1663 1310 1746 periculum
1335 1682 1653 1745 magnum

128 1773 213 1833 est
233 1770 482 1833 credere
506 1770 650 1850 sibi,
681 1770 832 1853 quia
859 1776 1067 1853 posset
1095 1771 1422 1835 hominem
1448 1766 1527 1837 'de
1551 1772 1652 1837 fa-

130 1875 222 1940 cili
246 1876 542 1942 inducere
565 1877 637 1942 in
669 1896 983 1958 errorem,
1013 1883 1078 1942 et
1115 1879 1322 1943 dicere
1348 1880 1518 1961 quod
1545 1879 1654 1943 ille

130 1985 305 2049 habet
328 2004 489 2065 rem,
519 1988 793 2069 quinon
822 1987 1051 2065 habet3
1091 1992 1155 2050 et
1184 1987 1357 2052 videt
1392 2005 1508 2070 per
1531 1988 1654 2052 1100

1756 800 2068 864 desiderat
2104 801 2415 881 diaboluS,
2458 809 2532 867 ut
2567 804 2860 887 decipiat.
2894 806 2973 870 Et
3010 807 3174 883 ide0‚
3226 814 3301 873 ut

1756 907 2049 971 homines
2078 909 2295 973 minus
2319 916 2615 991 caveant,
2639 913 2707 975 in
2732 914 2864 977 suis
2885 914 3299 980 divinationi-

1758 1016 1878 1081 bus
1904 1018 2205 1100 quaedam
2235 1019 2502 1085 honesta
2525 1023 2882 1104 praetendit,
2912 1028 3129 1107 utpote
3148 1027 3302 1108 quia

1758 1143 1958 1207 puero
2013 1126 2258 1208 virgini
2311 1146 2462 1191 suas
2518 1129 2942 1196 divinationes
2989 1134 3298 1211 ostendit,

1762 1252 1910 1296 cum
1940 1237 2157 1298 tamen
2182 1236 2250 1298 in
2269 1235 2531 1300 occultis
2552 1236 2631 1300 ad
2657 1238 3026 1320 turpissima
3042 1239 3258 1304 incitet
3280 1259 3297 1304 ε

1763 1344 1825 1404 01
1850 1340 1991 1405 ideo
2030 1341 2179 1404 dicit
2213 1341 2651 1422 Augustinu5‚
2685 1344 2847 1410 libro
2878 1345 2934 1409 11
2964 1362 3153 1429 super
3185 1348 3300 1414 Ge-

1764 1448 1971 1512 nesim
1998 1447 2090 1513 ad
2114 1448 2391 1514 litteram
2422 1449 2486 1512 in
2508 1450 2637 1514 fine
2663 1451 2684 1486 ¹
2713 1474 2727 1514 :
2768 1476 2799 1512 α
2818 1451 3080 1518 Homini
3107 1454 3303 1517 chris-

1766 1554 1939 1617 tiano
1966 1554 2102 1619 sive
2144 1556 2607 1637 mathematici,
2638 1558 2773 1621 sive
2814 1559 3079 1641 quilibet
3108 1561 3303 1644 impie

1766 1662 2227 1741 divinantium,
2286 1665 2566 1729 maxime
2615 1684 2770 1730 vera
2820 1667 3125 1745 dicentes,
3191 1686 3304 1731 ca-

1765 1770 1955 1834 vendi
1982 1775 2155 1850 sunt,
2178 1790 2260 1835 ne
2278 1773 2590 1837 consortio
2610 1774 2988 1861 ,daemonum
3007 1776 3303 1839 animam

1764 1879 2092 1960 deceptam
2106 1882 2288 1962 pacto
2302 1882 2581 1963 quodam
2598 1883 2765 1947 socie
2772 1882 2915 1947 tatis
2930 1883 3242 1948 irretiant.
3261 1906 3292 1943 n

1764 1985 1842 2051 Et
1861 1986 1952 2050 sic
1973 1990 2146 2069 patet
2168 1991 2397 2052 totum.

131 2096 1650 2181 posseoririmala3etquiaetiamadseallicit

1168 2367 1901 2464 DISTINCTIO
2003 2367 2248 2466 VIII

529 2595 735 2643 mm
779 2596 1004 2644 Anam
1047 2596 1247 2642 OMNES
1291 2596 1588 2643 conponm
1632 2595 1770 2643 SINT
1800 2599 1815 2642 t
1866 2596 2029 2652 QUOD
2073 2596 2422 2644 INSOLUTtm
2467 2597 2896 2653 RELINQUITUR.

212 2769 386 2839 Solet
416 2770 617 2840 etiam
643 2771 717 2839 in
745 2772 1108 2864 quaestione
1138 2773 1388 2843 versari
1422 2773 1596 2865 apud
1629 2773 1849 2843 doctos
1872 2826 1890 2859 ,
1936 2780 2167 2841 utrum
2196 2773 2416 2863 angeli
2448 2796 2677 2843 omnes
2697 2826 2716 2860 ,
2768 2775 2928 2843 boni
2955 2775 3201 2843 scilicet
3228 2799 3304 2846 ac

134 2886 303 2973 mali,
336 2888 636 2979 corporei
660 2887 823 2976 sint,
857 2889 928 2956 id
956 2898 1091 2975 est,
1141 2912 1413 2982 corpora
1439 2890 1720 2959 habeant
1746 2890 1872 2958 sibi
1899 2890 2106 2958 unita.
2155 2890 2348 2970 Quod
2375 2889 2586 2982 aliqui
2627 2898 2899 2982 putant,
2948 2891 3304 2960 innitentes

137 3002 329 3071 verbis
352 3004 749 3093 Augustini,
781 3004 898 3097 qui
925 3005 1138 3074 dicere
1165 3006 1428 3075 videtur
1448 3012 1493 3091 ²,
1525 3005 1705 3098 quod
1736 3006 1956 3094 angeli
1990 3028 2219 3075 omnes
2245 3013 2395 3075 ante
2434 3005 3001 3075 confirmationem
3029 3008 3137 3075 vel
3163 3008 3305 3099 lap-

132 3141 265 3188 sum
289 3144 568 3215 corpora
594 3145 782 3192 aerea
804 3121 1184 3192 habuerunt
1210 3124 1289 3192 de
1316 3124 1571 3216 puriori
1599 3145 1673 3191 ac
1703 3124 2038 3216 superiore
2067 3124 2234 3192 aeris
2259 3131 2443 3211 parte
2469 3125 2753 3193 formata
2771 3176 2789 3210 ,
2820 3124 2901 3193 ad
2932 3124 3304 3194 faciendum

133 3234 382 3322 habilia,
405 3261 548 3308 non
564 3237 645 3306 ad
662 3239 1043 3331 patiendum
1071 3264 1086 3307 ε
1112 3247 1177 3308 et
1200 3240 1451 3329 angelis
1467 3239 1656 3308 bonis
1677 3240 1795 3332 qui
1817 3240 2271 3331 perstiterunt,
2294 3238 2452 3308 talia
2468 3247 2626 3308 sunt
2647 3239 2989 3309 observata
3003 3263 3300 3332 corpora,

135 3361 203 3419 ut
227 3353 293 3421 in
320 3355 411 3423 eis
437 3355 692 3446 possint
733 3356 942 3424 facere
965 3408 983 3442 ,
1016 3364 1081 3424 et
1120 3378 1257 3425 non
1285 3357 1421 3448 pati
1454 3381 1469 3423 :
1508 3378 1662 3448 quae
1691 3364 1884 3426 tantae
1910 3365 2068 3425 sunt
2098 3356 2469 3441 tenuitatis,
2507 3365 2648 3425 uta
2675 3356 3065 3425 mortalibus
3090 3356 3305 3424 videri

133 3491 254 3538 non
281 3473 545 3540 valeant
566 3519 586 3558 ‚
619 3472 747 3539 nisi
773 3472 1203 3563 supervestita
1229 3472 1457 3564 aliqua
1483 3472 1790 3561 grossiori
1820 3473 2064 3558 forma,
2096 3495 2231 3564 qua
2255 3481 2587 3563 assumpta
2623 3472 2955 3556 videntur,
2986 3471 3308 3563 deposita-

133 3607 252 3676 que
276 3587 484 3656 videri
514 3587 847 3656 desinunt.
878 3588 1149 3678 Angelis
1177 3610 1332 3657 vero
1362 3588 1552 3656 malis
1583 3595 1833 3657 mutata
1859 3589 2112 3656 suntin
2140 3610 2293 3657 casu
2322 3611 2595 3679 corpora
2621 3588 2694 3656 in
2727 3588 3113 3657 deteriorem
3143 3611 3307 3680 qua·-

132 3700 370 3772 litatem
398 3703 725 3796 spissioris
751 3704 938 3772 aeris.
990 3703 1175 3773 Sicut
1209 3705 1386 3772 enim
1416 3727 1456 3773 a
1494 3705 1636 3772 loco
1663 3703 1950 3794 digniori
1977 3704 2048 3772 in
2077 3704 2459 3772 inferiorem
2500 3705 2720 3772 locum
2748 3755 2766 3791 ,
2797 3704 2867 3772 id
2896 3712 2992 3772 est
3015 3757 3034 3789 ,
3081 3704 3308 3793 caligi-

133 3839 356 3886 nosum
381 3842 604 3888 aerem
633 3820 862 3911 dejecti
889 3828 1045 3888 sunt
1077 3844 1092 3888 t
1128 3819 1221 3888 ita
1248 3821 1366 3889 illa
1403 3842 1676 3912 corpora
1702 3820 1929 3888 tenuia
1976 3828 2228 3888 mutata
2254 3828 2411 3888 sunt
2438 3829 2502 3887 et
2530 3820 2995 3889 transformata
3020 3820 3092 3888 in
3133 3821 3308 3889 dete-

133 3933 295 4003 riora
319 3957 599 4028 corpora
623 3944 686 4004 et
711 3938 1044 4028 spissiora,
1076 3938 1149 4004 iu
1177 3936 1424 4029 quibus
1451 3936 1586 4027 pati
1613 3943 1880 4029 possent
1897 3960 1935 4004 a
1955 3936 2278 4028 superiori
2296 3938 2649 4024 elemento,
2671 3938 2741 4005 id
2768 3945 2886 4024 est,
2916 3938 2999 4006 ab
3028 3938 3203 4027 igne.
3228 3937 3308 4007 Et

133 4048 244 4118 hoc
265 4053 685 4143 Augustinus
711 4053 983 4121 sensisse
1009 4053 1297 4139 videtur,
1327 4075 1520 4143 super
1548 4054 1873 4136 Genesim,
1907 4054 1999 4122 ita
2024 4053 2316 4122 dicens³2
2358 4079 2392 4118 (1
2414 4054 2756 4123 Daemones
2782 4055 3093 4124 dicuntur
3119 4077 3307 4123 aerea

134 4167 432 4237 animalia
457 4221 476 4255 ,
509 4169 628 4262 qui
655 4190 1005 4262 corporum
1033 4191 1376 4238 aereorum
1404 4178 1645 4238 natura
1678 4170 1906 4258 vigent
1941 4194 1956 4237 :
1986 4191 2107 4264 1100
2149 4192 2267 4262 per
2308 4179 2588 4239 mortem
2626 4171 3102 4259 dissolvuntur,
3148 4170 3308 4262 quia

132 4286 429 4374 praevalet
453 4287 527 4353 in
563 4286 655 4353 eis
697 4285 1096 4354 elementum
1147 4284 1365 4376 aptius
1401 4286 1484 4353 ad
1523 4285 1897 4354 faciendum
1947 4309 2150 4377 quam
2194 4286 2276 4354 ad
2325 4286 2731 4378 patiendum.
2773 4287 2881 4355 Ad
2924 4286 3307 4379 patiendum

133 4401 297 4469 enim
326 4401 575 4471 humor
601 4409 667 4470 et
689 4402 936 4470 humus
954 4454 972 4488 ,
1002 4402 1084 4470 ad
1117 4401 1491 4470 faciendum
1520 4425 1632 4470 aer
1664 4410 1728 4470 et
1753 4402 1929 4492 ignis
1958 4402 2394 4494 aptitudinem
2422 4405 2736 4496 praebent.
2777 4405 3308 4493 Transgressores

136 4537 279 4586 vero
306 4518 705 4609 angelicum
733 4518 1032 4611 principe
1058 4542 1178 4587 suo
1205 4542 1385 4587 nunc
1410 4519 1670 4588 diabolo
1692 4573 1710 4607 ,
1743 4528 1902 4587 tunc
1931 4519 2325 4608 archangelo
2350 4573 2370 4608 ,
2402 4542 2538 4588 non
2566 4521 2808 4589 mirum
2837 4521 2892 4588 si
2917 4529 3062 4612 post
3088 4541 3306 4612 pecca-

134 4639 267 4703 tum
293 4636 365 4703 in
393 4635 566 4704 hanc
592 4636 940 4725 caliginem
967 4635 1218 4704 detrusi
1247 4644 1424 4703 sunt.
1474 4636 1704 4728 Neque
1731 4635 1931 4703 0113111
1971 4635 2097 4704 1100
2138 4635 2388 4704 mirum
2439 4645 2564 4723 est,
2611 4636 2667 4704 si
2710 4636 3006 4704 conversi
3039 4643 3195 4704 sunt
3225 4659 3307 4704 ex

133 4770 317 4840 poena
342 4752 414 4819 in
458 4774 720 4820 aeream
748 4752 1132 4844 qualitatem
1157 4801 1176 4838 ,
1223 4775 1357 4844 qua
1392 4757 1666 4843 possunt
1697 4751 1780 4820 ab
1809 4751 1963 4840 igne
1998 4751 2157 4842 pati.
2200 4751 2572 4841 Caliginosa
2615 4760 2838 4821 tamen
2877 4752 3043 4820 aeris
3086 4759 3307 4819 tenere

136 4873 383 4936 tantum
409 4867 713 4961 permissi
735 4877 891 4937 sunt
907 4922 925 4955 ,
956 4869 1075 4960 qui
1102 4868 1194 4936 eis
1219 4868 1408 4960 quasi
1436 4889 1652 4936 carcer
1680 4866 1999 4958 situsque
2025 4867 2113 4935 ad
2139 4876 2394 4959 tempus
2413 4868 2672 4960 judicii.
2701 4893 2735 4933 »
2771 4868 2931 4936 Ecce
2958 4867 3065 4936 his
3090 4866 3309 4936 verbis

135 4982 386 5054 videtur
412 4985 834 5074 Augustinus
858 4986 928 5053 id
959 4984 1236 5072 tradere,
1267 4985 1447 5077 quod
1475 4985 1747 5077 quidam
1775 4984 2134 5076 opinantur
2153 4993 2176 5028 ⁴
2203 4985 2284 5052 de
2317 4984 2699 5077 corporibus
2725 4984 3134 5073 angelorum.
3168 4981 3308 5051 Hoc

136 5107 348 5169 autem
374 5124 535 5171 eum
561 5102 677 5170 alii
705 5102 944 5170 dixisse
975 5109 1282 5172 astruunt
1327 5124 1461 5170 non
1502 5102 1595 5170 ita
1634 5100 2007 5188 sentiendo,
2050 5100 2163 5169 sed
2193 5100 2566 5192 opinionem
2598 5100 2882 5168 aliorum
2927 5097 3302 5185 referend03

202 5351 387 5418 ¹Aug.,
412 5352 476 5403 de
506 5352 627 5404 Gen.
651 5352 720 5403 ad
740 5354 867 5418 liet„
897 5354 986 5405 lib.
1009 5355 1080 5418 ΙΙ,
1112 5370 1154 5405 0.
1180 5366 1308 5418 xvn,
1334 5367 1388 5405 n.
1408 5356 1485 5404 37.
1511 5378 1574 5389 —
1597 5353 1620 5388 ¹
1640 5353 1791 5417 Aug„
1821 5354 2034 5402 Rev-act.
2068 5352 2152 5402 lib.
2200 5353 2252 5416 1,
2280 5368 2325 5403 c.
2363 5365 2506 5404 xxm.
2527 5380 2588 5390 —
2609 5354 2633 5389 θ
2663 5356 2814 5418 Aug„
2843 5351 2903 5401 de
2933 5352 3055 5402 Gen.
3085 5351 3156 5401 ad
3177 5350 3303 5410 litt„

137 5419 222 5471 lib.
238 5424 338 5489 ΙΙΙ,
366 5438 415 5475 0.
434 5435 496 5489 x,
520 5438 573 5474 11.
598 5426 687 5489 ¹⁴3
712 5438 819 5476 11011
839 5429 1013 5478 tamen
1031 5425 1230 5477 asserit.
1249 5451 1312 5463 —
1328 5424 1352 5461 δ
1381 5425 1492 5475 Vid.
1515 5427 1669 5490 Aug„
1693 5424 1755 5475 de
1780 5425 1938 5476 civit.
1961 5425 2087 5487 Dei,
2114 5424 2203 5475 lib.
2226 5425 2341 5476 vul
2359 5459 2373 5488 ,
2402 5439 2450 5475 0.
2468 5435 2575 5475 xvr.
