4125 6225
649 387 766 447 358

648 517 879 600 piendo
920 517 1453 584 illuminationem
1492 536 1533 583 a
1574 516 1783 586 Verbo
1801 567 1821 597 ‚
1868 524 1931 585 et
1966 521 2036 584 in
2080 519 2190 584 illa

650 624 1047 709 susceptione
1069 627 1508 708 cognoscendo
1526 626 1692 692 alia:
1722 631 1786 691 et
1806 627 1946 693 11εο0
1971 629 2190 711 cogni-

650 734 739 797 tio
769 732 889 797 fuit
915 733 1161 814 angelis
1188 733 1439 814 innata,
1471 735 1626 816 quia
1655 734 1883 800 indidit
1908 736 1999 800 eis
2024 735 2192 802 Deus

652 838 944 904 omnium
990 839 1230 924 species
1267 888 1284 918 ‚
1332 843 1397 906 et
1436 840 1657 907 lumen
1706 861 1898 925 super
1946 847 2193 921 mentes

652 946 1034 1029 angelorum
1054 947 1379 1031 expandit,
1394 967 1525 1032 quo
1537 955 1988 1031 cognoscerent
2004 951 2188 1029 facta,

653 1057 716 1118 et
741 1054 1059 1119 facienda:
1090 1057 1154 1118 et
1169 1055 1311 1120 haec
1337 1056 1616 1137 cognitio
1636 1057 1950 1122 matutina
1969 1060 2086 1138 est,
2114 1058 2193 1124 (10

654 1180 781 1244 (1110
824 1161 1112 1243 loquitur
1143 1162 1547 1244 Augustinus
1576 1180 1766 1245 super
1796 1164 2081 1230 Genesim
2103 1165 2195 1230 ad

653 1266 940 1334 litteram
967 1289 990 1330 .·
1017 1273 1081 1333 et
1111 1268 1252 1334 haec
1275 1271 1399 1334 fuit
1425 1272 1495 1335 in
1525 1271 1811 1352 angelis:
1840 1276 1904 1336 et
1929 1291 2043 1355 per
2070 1272 2195 1337 hoc

655 1374 846 1438 solvit
879 1375 1386 1442 contrarietatem
1414 1377 1494 1441 ad
1534 1382 1877 1461 utramque
1920 1382 2189 1461 partem.

658 1485 836 1550 Hanc
848 1486 1040 1550 etiam
1055 1487 1277 1552 dicunt
1293 1488 1362 1552 in
1378 1488 1780 1554 daemonibus
1792 1491 2191 1571 remansisse,

656 1592 764 1657 sed
795 1593 1197 1658 obscuratam
1228 1600 1486 1678 propter
1531 1597 1788 1679 culpam
1822 1616 1845 1660 ι
1885 1596 2028 1662 ideo
2062 1616 2196 1662 non

659 1699 1040 1764 matutinam
1069 1719 1204 1766 esse
1239 1701 1591 1767 dicendam.
1637 1702 1716 1768 Et
1759 1702 1925 1767 sicut
1963 1704 2196 1768 distin-

658 1810 871 1888 guunt
899 1807 969 1871 in
1006 1810 1369 1890 cognitione
1393 1860 1409 1889 ,
1444 1812 1532 1876 ita
1558 1811 1748 1875 etiam
1788 1809 2198 1893 distinguunt

658 1918 723 1980 et
748 1916 819 1979 in
844 1914 985 1978 luce
1004 1963 1023 1994 ,
1053 1920 1117 1979 et
1149 1917 1215 1979 in
1244 1917 1518 1981 tenebr1s
1538 1966 1558 1998 ,
1588 1921 1761 2002 quod
1802 1919 2038 1984 scilicet
2063 1937 2197 1983 uno

660 2022 850 2086 modo
876 2022 1177 2087 dicuntur
1202 2024 1416 2110 angeli
1440 2023 1560 2088 lux
1576 2073 1595 2104 ,
1640 2030 1895 2108 propter
1926 2026 2199 2090 irradia-

658 2130 898 2196 tionem
920 2129 1002 2192 ah
1032 2128 1142 2193 illa
1164 2147 1444 2212 superna
1468 2131 1609 2196 luce
1636 2133 2080 2214 procedentem
2105 2152 2200 2198 se—

660 2236 949 2302 cundum
974 2240 1211 2300 statum
1234 2242 1485 2302 naturae
1507 2287 1527 2319 ,
1556 2257 1672 2322 per
1698 2258 1895 2322 quam
1921 2259 2199 2323 cognos-

662 2348 819 2409 cunt
843 2362 944 2408 res
969 2344 1038 2407 in
1069 2345 1326 2427 proprio
1353 2364 1590 2427 genere
1610 2396 1629 2427 ,
1660 2349 2025 2429 cognitione
2050 2367 2200 2432 (111εο

663 2452 897 2518 (11011111
921 2452 1315 2536 vespertina,
1362 2456 1423 2518 et
1449 2455 1736 2519 referunt
1759 2456 1839 2518 ad
1866 2454 2067 2521 Deum
2089 2505 2108 2537 ,
2138 2461 2202 2521 et

664 2560 757 2624 sic
791 2558 1025 2625 dicitur
1049 2561 1363 2625 matutina
1383 2582 1403 2640 3
1434 2565 1497 2625 et
1518 2562 1781 2626 tenebra
1805 2579 1920 2645 per
1946 2565 2201 2646 opposi-

664 2672 807 2732 tum
834 2667 1065 2733 dicitur
1091 2667 1484 2750 ignorantia,
1525 2687 1673 2751 quae
1699 2651 1780 2733 ab
1814 2671 2061 2752 angelis
2107 2675 2203 2737 est

664 2776 922 2841 exclusa
943 2797 960 2854 3
977 2775 1151 2840 unde
1167 2776 1472 2840 dicuntur
1490 2775 1712 2859 repleti
1736 2777 1929 2842 fuisse
1947 2779 2203 2861 sapien-

666 2883 775 2948 tia.
796 2882 939 2946 Alio
961 2882 1149 2948 modo
1168 2882 1399 2948 dicitur
1414 2882 1533 2947 lux
1550 2884 1686 2966 ipse
1703 2885 1998 2965 angeluS,
2015 2903 2204 2969 prop-

668 2994 764 3055 ter
782 2990 1259 3055 irradiationem
1272 2991 1716 3073 procedentem
1734 3010 1773 3055 a
1790 3010 2047 3057 summa
2062 2994 2205 3058 luce

667 3098 1019 3164 secundum
1047 3097 1512 3182 plenitudinem
1538 3100 1767 3181 gratiae
1806 3119 2207 3167 consumma-

668 3210 752 3271 tae
769 3254 788 3285 ,
809 3207 946 3271 sive
973 3206 1199 3288 gloriae
1220 3255 1239 3287 ,
1259 3224 1390 3288 qua
1414 3206 1716 3271 dicuntur
1732 3209 1949 3290 angeli
1970 3209 2206 3276 illumi-

669 3314 802 3379 nati
822 3362 841 3394 ‚
874 3317 950 3377 ut
978 3313 1158 3379 beate
1188 3313 1627 3396 sapienterque
1665 3316 1959 3381 viverent
1993 3340 2008 3381 ε
2040 3322 2106 3382 01
2138 3319 2207 3383 111

670 3420 794 3484 hoc
815 3421 981 3484 statu
1005 3418 1234 3484 dicitur
1257 3421 1572 3485 matutina
1593 3421 1877 3503 cognitio
1905 3424 2160 3506 proprie
2187 3475 2206 3502 ,

674 3543 820 3609 quae
845 3543 1181 3608 nunquam
1207 3526 1327 3590 fuit
1351 3526 1475 3590 nisi
1506 3527 1577 3591 in
1600 3528 1850 3610 angelis
1875 3529 2077 3595 beatis
2106 3555 2120 3594 :
2147 3535 2211 3597 et

676 3634 766 3698 sic
788 3633 1056 3698 diversis
1088 3633 1293 3697 modis
1316 3634 1599 3715 loquitur
1626 3635 2054 3717 Augustinus,

440 3760 571 3814 neap.
593 3756 649 3799 aa
754 3741 853 3807 Ex
892 3741 993 3806 his
1021 3744 1239 3824 patent
1263 3742 1539 3806 rationes
1563 3743 1644 3808 ad
1684 3748 2023 3827 utramque
2057 3764 2210 3829 par-

434 3831 648 3940 ζῖξξςξζῗ
676 3852 806 3914 tem
834 3871 852 3913 :
885 3848 1043 3931 quia
1062 3849 1337 3913 rationes
1357 3849 1439 3913 ad
1463 3849 1738 3932 primam
1763 3857 2010 3934 partem
2030 3854 2213 3918 intel-

674 3957 970 4038 liguntur
986 3956 1064 4020 de
1087 3955 1450 4037 cognitione
1476 3957 1793 4021 matutina
1816 3959 1997 4041 large
2023 3961 2209 4041 dicta,

675 4065 908 4130 scilicet
930 4065 1138 4147 primo
1164 4066 1389 4144 modo;
1422 4065 1696 4130 rationes
1729 4085 1883 4131 vero
1910 4068 1991 4132 ad
2014 4087 2213 4152 oppo-

674 4173 868 4236 situm
906 4171 1354 4253 intelliguntur
1388 4172 1466 4236 de
1500 4173 1867 4254 cognitione
1901 4175 2218 4239 matutina

676 4279 929 4362 proprie
955 4278 1142 4358 dicta,
1171 4295 1321 4361 quae
1346 4278 1581 4343 scilicet
1621 4283 1716 4344 est
1744 4298 1858 4362 per
1887 4280 2163 4362 gloriam
2195 4303 2210 4345 :

677 4389 743 4452 et
766 4386 888 4450 hoc
915 4385 1215 4450 curialius
1235 4391 1327 4449 est
1351 4386 1580 4468 dicere,
1604 4405 1801 4469 quam
1819 4388 2027 4453 dicere
2044 4390 2217 4471 quod

677 4492 1082 4573 Augustinus
1095 4493 1255 4559 dicat
1272 4494 1612 4574 contraria,
1631 4497 1693 4559 et
1707 4498 2011 4577 tanquam
2026 4496 2219 4561 insta-

678 4600 822 4664 bilis
847 4600 1037 4664 modo
1060 4600 1227 4664 dicat
1252 4599 1394 4678 hoc,
1422 4600 1612 4665 modo
1637 4602 2052 4666 contrarium.
2083 4601 2219 4667 Nisi

679 4708 856 4772 enim
884 4707 1345 4788 distinguatur3
1376 4707 1545 4788 quod
1565 4707 1860 4790 objicitur
1885 4725 2075 4792 super
2101 4712 2217 4777 Ge-

678 4817 886 4883 nesim
932 4815 1163 4879 directe
1208 4813 1463 4878 videtur
1510 4816 1883 4880 contrariari
1938 4818 1997 4881 ei
2046 4818 2219 4899 quod

681 4923 909 4987 dicitur
935 4921 1013 4987 de
1059 4921 1330 4987 civitate
1362 4921 1498 4984 Dei.
1526 4920 1846 5003 Quidquid
1884 4927 2102 4986 autem
2140 4924 2222 4987 sit

680 5031 758 5096 de
774 5032 1071 5114 opinione
1088 5030 1435 5112 Augustini
1456 5030 1523 5093 in
1539 5030 1952 5113 productione
1973 5050 2216 5113 rerum,

749 5228 864 5291 ¹Ct’.
890 5228 1036 5278 Alex.
1057 5228 1251 5292 Aleos„
1278 5241 1331 5292 p.
1356 5228 1428 5291 1¹,
1453 5242 1505 5291 q.
1528 5239 1682 5292 xxm,
1706 5228 1897 5277 memb.
1922 5232 1950 5279 2
1964 5244 1980 5291 3
2013 5230 2069 5281 S.
2088 5229 2220 5280 Tho-

683 5312 812 5362 mas,
838 5313 890 5361 ρ.
922 5300 968 5362 Ι,
997 5313 1049 5363 q.
1071 5311 1227 5362 nvm,
1251 5304 1347 5350 art.
1367 5302 1427 5363 Ἲς
1457 5298 1714 5362 Richard.,
1744 5301 1788 5349 11
1816 5302 1975 5361 Sem„
2003 5301 2123 5352 dist.
2148 5314 2218 5364 iv,
2267 5284 2278 5297 “

684 5372 780 5425 art.
803 5370 858 5432 4,
887 5383 940 5441 q.
965 5381 1038 5437 1¹3
1066 5371 1244 5439 Steph.
1268 5370 1478 5437 Brulef.,
1507 5373 1550 5423 11
1577 5372 1736 5437 Sem„
1765 5371 1884 5422 dist.
1914 5383 1985 5435 iv,
2007 5387 2061 5438 q.
2085 5384 2135 5422 v.
2155 5398 2219 5410 —

1778 382 2398 452 SENTENTIARUM
2435 382 2585 449 LlB.
2631 382 2709 446 Il.

2294 519 2385 584 ita
2406 517 2866 584 determinatur
2894 536 2914 582 ε
2942 517 3097 601 quia
3115 518 3262 586 licet
3277 518 3417 584 aliis
3431 519 3667 582 sanctis
3688 535 3844 580 con-

2297 626 2603 690 tradicere
2647 626 2942 692 videatur
2958 671 2978 703 ,
3010 643 3142 690 non
3180 630 3276 691 est
3318 629 3536 690 tamen
3563 623 3844 688 creden-

2298 736 2456 800 dum
2475 735 2644 818 quod
2672 737 2888 800 tantus
2903 735 3100 799 homo
3125 735 3246 799 sibi
3271 734 3679 813 contradicat,
3706 749 3846 797 ma-

2299 844 2473 908 xime
2499 843 2568 907 in
2595 841 2698 906 his
2718 860 2869 926 quae
2894 861 3025 906 non
3060 844 3380 907 retractat.
3403 839 3646 908 Verum
3677 857 3847 923 qua-

2299 951 2722 1033 litei-cumque
2750 948 3193 1030 intelligantur
3209 948 3407 1015 verba
3431 949 3596 1028 ejus,
3627 946 3852 1028 magis

2299 1056 2602 1121 standum
2636 1058 2732 1120 est
2761 1055 2861 1119 his
2897 1072 3046 1138 quae
3084 1054 3382 1119 dicuntur
3428 1052 3501 1115 in
3550 1051 3723 1116 libro
3766 1050 3848 1116 de

2306 1163 2581 1231 Ciuitate
2606 1163 2722 1230 Dei
2736 1210 2753 1240 ‚
2787 1162 2898 1225 ubi
2925 1161 3210 1245 loquitur
3236 1160 3571 1224 asserendo
3588 1207 3607 1237 ,
3641 1176 3852 1241 quam

2302 1286 2489 1352 super
2515 1269 2802 1336 Genesim
2827 1268 2919 1334 ad
2945 1269 3245 1347 litteram,
3270 1266 3386 1330 ubi
3410 1266 3684 1348 ipsemet
3706 1281 3854 1348 pro-

2303 1385 2567 1446 testatur
2591 1400 2660 1447 se
2685 1381 2863 1465 loqui
2887 1380 3291 1463 inquirendo.
3331 1378 3491 1444 Cum
3520 1377 3732 1460 igitur
3757 1376 3852 1441 ibi

2302 1490 2468 1555 dicat
2483 1538 2501 1570 ,
2533 1490 2709 1573 quod
2742 1490 2811 1553 in
2840 1489 3075 1570 angelo
3091 1505 3291 1552 ¹mora
3318 1486 3440 1550 fuit
3472 1488 3639 1551 inter
3666 1503 3853 1549 crea-

2301 1598 2544 1661 tionem
2568 1601 2631 1661 et
2650 1596 2923 1678 lapsum,
2952 1614 3027 1659 ac
3051 1613 3166 1678 per
3193 1594 3314 1658 hoc
3330 1594 3496 1657 inter
3522 1592 3855 1674 glorifica-

2303 1705 2544 1768 tionem
2568 1706 2634 1766 et
2657 1704 3041 1767 creationem
3057 1750 3075 1780 ,
3111 1703 3175 1765 et
3214 1699 3497 1782 cognitio
3528 1699 3856 1763 matutina

2305 1812 2562 1895 proprie
2583 1811 2664 1874 sit
2679 1810 2978 1892 gloriosa,
2998 1808 3348 1873 tenendum
3365 1807 3651 1890 estquod
3669 1805 3851 1871 illam

2304 1936 2439 1984 non
2463 1918 2828 1982 habuerunt
2852 1936 2892 1981 a
2914 1917 3016 1981 sui
3039 1914 3418 1980 conditione.
3580 1917 3590 1927 '

2385 2026 2484 2090 Ad
2508 2025 2912 2090 auctoritates
2935 2024 3138 2105 igitur
3171 2023 3242 2086 in
3268 2020 3662 2087 contrarium
3686 2068 3705 2097 ,
3737 2023 3855 2085 aut

2305 2133 2687 2199 solvendum
2713 2137 2835 2213 est,
2865 2132 3040 2215 quod
3074 2132 3210 2214 ipse
3236 2132 3488 2196 locutus
3509 2129 3712 2193 fuerit
3740 2129 3854 2191 in-

2305 2238 2620 2323 quirendo
2642 2243 2706 2303 et
2731 2239 3050 2322 opinando
3072 2261 3090 2318 3
3117 2243 3234 2303 aut
3261 2241 3429 2303 certe
3453 2235 3852 2320 responden·

2306 2348 2466 2410 dum
2509 2350 2608 2411 est
2643 2365 2759 2429 per
2799 2347 3298 2426 distinctionem,
3350 2350 3425 2411 ut
3463 2343 3853 2428 praedictum

2305 2457 2419 2518 est.

2835 2662 3191 2741 QUAESTIO
3236 2661 3314 2726 ΙΙ.

2309 2830 2404 2884 An
2423 2829 2608 2898 anqeli
2627 2826 2779 2885 modo
2800 2826 3037 2883 habeant
3054 2828 3410 2896 coquitionem
3426 2827 3798 2898 vespertinam
3813 2822 3852 2878 ¹.

2392 2991 2621 3058 Utrum
2661 2992 2732 3055 in
2776 2990 3023 3072 angelis
3056 2990 3139 3055 sit
3175 2989 3454 3072 cognitio
3483 2988 3857 3071 vespertina
3883 3008 4062 3055 ranam.

2310 3102 2453 3185 post
2493 3099 3062 3182 glorificationem3
3105 3103 3170 3164 et
3198 3099 3372 3182 quod
3412 3099 3533 3177 sic,
3566 3097 3850 3163 videtur.

2311 3210 2736 3291 Augustinus,
2765 3225 2956 3291 super
2982 3209 3268 3275 Genesim
3292 3208 3383 3275 ad
3407 3208 3722 3285 litteram,
3754 3206 3856 3271 lo-

2312 3336 2517 3401 quens
2559 3318 2638 3382 de
2677 3317 3029 3383 Jerusalem
3071 3335 3380 3399 superna,
3410 3316 3561 3379 dicit
3592 3322 3654 3379 ²:
3701 3338 3734 3376 α
3761 3315 3858 3378 lbi

2314 3443 2564 3507 semper
2590 3427 2684 3489 est
2701 3425 2836 3489 dies
2858 3425 2927 3488 in
2946 3425 3473 3508 contemplatione
3494 3425 3861 3489 incommu-

2314 3532 2521 3597 tabilis
2560 3531 2884 3610 veritatis3
2918 3531 3167 3616 seinper
3203 3550 3468 3614 vespere
3512 3531 3584 3593 in
3627 3529 3861 3611 cogni-

2314 3640 2489 3703 tione
2522 3642 2832 3703 creaturae
2869 3640 2938 3702 in
2977 3639 3182 3721 seipsa
3212 3661 3227 3717 ;
3273 3656 3523 3721 semper
3553 3656 3748 3702 mane
3779 3655 3861 3701 ex

2316 3746 2438 3810 1100
2462 3747 2827 3828 cognitione
2852 3746 2924 3810 in
2946 3747 3204 3811 laudem
3231 3746 3540 3810 Creatoris
3569 3750 3683 3809 est.
3722 3767 3753 3805 n

2398 3851 2557 3917 Item
2584 3853 2850 3917 ratione.
2873 3852 3109 3918 Eadem
3137 3852 3252 3917 lux
3275 3855 3390 3930 est,
3415 3868 3563 3933 quae
3591 3850 3862 3915 faciebat

2317 3976 2581 4042 vespere
2598 4007 2615 4038 ,
2663 3964 2726 4023 et
2777 3977 2966 4023 mane
2997 3977 3014 4021 :
3062 3958 3116 4022 si
3155 3975 3313 4038 ergo
3349 3959 3469 4021 lux
3515 3974 3664 4040 quae
3711 3957 3863 4021 facit
3955 3971 3964 3979 ·

2321 4084 2545 4144 mane,
2593 4070 2690 4130 est
2727 4065 3107 4130 illuminatio
3148 4064 3403 4146 gloriae,
3433 4082 3592 4145 ergo
3633 4064 3702 4126 in
3740 4065 3861 4127 hac

2320 4173 2788 4239 illuminatione
2840 4176 2935 4236 est
2985 4189 3249 4253 vespere
3297 4189 3314 4233 ε
3366 4189 3526 4251 0130
3569 4171 3637 4234 in
3689 4174 3861 4235 statu

2322 4282 2547 4365 gloriae
2575 4285 2670 4345 est
2690 4279 2974 4362 cognitio
2998 4277 3378 4360 vespertina.

2401 4387 2561 4452 Item
2587 4387 2867 4468 cognitio
2906 4385 3266 4467 vespertina
3305 4388 3399 4449 est
3439 4385 3718 4466 cognitio
3751 4403 3859 4449 re-

2323 4514 2474 4562 rum
2503 4495 2569 4558 in
2596 4512 2833 4576 genere
2859 4495 3154 4577 proprio:
3190 4493 3302 4559 sed
3327 4492 3596 4574 angelus
3620 4492 3857 4575 glorio-

2323 4622 2434 4669 sus
2472 4604 2542 4666 in
2580 4601 2836 4685 proprio
2879 4619 3117 4682 genere
3159 4599 3480 4680 cognoscit
3523 4617 3624 4663 res
3654 4621 3670 4663 ι
3701 4617 3860 4680 0130

2324 4710 2759 4791 cognitionem
2784 4707 2975 4771 habet
3001 4707 3450 4788 vespertinam.

2407 4816 2566 4881 Item
2619 4814 2889 4897 angelus
2942 4813 3265 4895 gloriosus
3316 4812 3592 4894 amplius
3645 4811 3861 4877 laudat

2326 4924 2550 5002 Deum,
2585 4941 2782 5005 quam
2804 4923 3001 4986 homo
3030 4922 3276 4985 viator:
3309 4921 3416 4984 sed
3441 4921 3634 4984 homo
3655 4920 3858 4983 viator

2327 5052 2457 5096 non
2495 5032 2702 5095 solum
2738 5030 2956 5094 laudat
2997 5028 3199 5093 Deum
3236 5028 3305 5091 in
3335 5047 3455 5091 sua
3497 5030 3854 5109 majestate,

2328 5138 2435 5203 sed
2459 5137 2528 5200 in
2555 5156 2819 5220 operum
2849 5154 3118 5200 suorum
3140 5134 3682 5198 multiformitate:
3706 5150 3858 5213 0130

2330 5300 2518 5364 Ἀ113.,
2544 5299 2605 5348 de
2632 5299 2753 5349 Gen.
2780 5299 2851 5349 ad
2877 5298 3003 5358 litt„
3033 5297 3121 5349 lib.
3153 5296 3235 5361 lv,
3267 5312 3312 5346 0.
3333 5307 3487 5359 xxm,
3511 5305 3651 5359 xxv1,
3676 5293 3854 5345 clarius

2330 5384 2458 5423 vero
2485 5382 2613 5427 ΧΠ.
