<?xml version="1.0" encoding="UTF-8"?>
<!DOCTYPE html PUBLIC "-//W3C//DTD XHTML 1.0 Transitional//EN"
    "http://www.w3.org/TR/xhtml1/DTD/xhtml1-transitional.dtd">
<html xmlns="http://www.w3.org/1999/xhtml" xml:lang="en" lang="en">
 <head>
  <title>
</title>
<meta http-equiv="Content-Type" content="text/html;charset=utf-8" />
  <meta name='ocr-system' content='tesseract 3.04.00' />
  <meta name='ocr-capabilities' content='ocr_page ocr_carea ocr_par ocr_line ocrx_word'/>
</head>
<body>
  <div class='ocr_page' id='page_1' title='image "./srecardinalissb01peltgoog_0324.png"; bbox 0 0 4125 6225; ppageno 0'>
   <div class='ocr_carea' id='block_1_1' title="bbox 713 446 833 507">
    <p class='ocr_par' dir='ltr' id='par_1_1' title="bbox 713 446 833 507">
     <span class='ocr_line' id='line_1_1' title="bbox 713 446 833 507; baseline 0 0"><span class='ocrx_word' id='word_1_1' title='bbox 713 446 833 507; x_wconf 76' lang='lat'>290</span> 
     </span>
    </p>
   </div>
   <div class='ocr_carea' id='block_1_2' title="bbox 620 569 2253 5488">
    <p class='ocr_par' dir='ltr' id='par_1_2' title="bbox 620 569 2253 5488">
     <span class='ocr_line' id='line_1_2' title="bbox 714 569 2253 657; baseline -0.006 -18"><span class='ocrx_word' id='word_1_2' title='bbox 714 576 870 639; x_wconf 91' lang='lat' dir='ltr'>illud</span> <span class='ocrx_word' id='word_1_3' title='bbox 933 573 1311 657; x_wconf 86' lang='lat' dir='ltr'>persuadere</span> <span class='ocrx_word' id='word_1_4' title='bbox 1327 620 1345 651; x_wconf 92' lang='lat'>,</span> <span class='ocrx_word' id='word_1_5' title='bbox 1405 571 1574 654; x_wconf 90' lang='lat' dir='ltr'>quod</span> <span class='ocrx_word' id='word_1_6' title='bbox 1628 569 1718 633; x_wconf 90' lang='lat' dir='ltr'>ibi</span> <span class='ocrx_word' id='word_1_7' title='bbox 1759 571 1951 632; x_wconf 91' lang='lat' dir='ltr'>erunt</span> <span class='ocrx_word' id='word_1_8' title='bbox 2006 585 2253 647; x_wconf 88' lang='lat' dir='ltr'>organa</span> 
     </span>
     <span class='ocr_line' id='line_1_3' title="bbox 713 675 2246 764; baseline -0.006 -18"><span class='ocrx_word' id='word_1_9' title='bbox 713 700 982 762; x_wconf 74' lang='lat' dir='ltr'>vocum:</span> <span class='ocrx_word' id='word_1_10' title='bbox 1012 682 1167 764; x_wconf 86' lang='lat' dir='ltr'>quia</span> <span class='ocrx_word' id='word_1_11' title='bbox 1192 682 1259 744; x_wconf 94' lang='lat' dir='ltr'>in</span> <span class='ocrx_word' id='word_1_12' title='bbox 1288 681 1410 744; x_wconf 92' lang='lat' dir='ltr'>hoc</span> <span class='ocrx_word' id='word_1_13' title='bbox 1440 678 1723 742; x_wconf 90' lang='lat' dir='ltr'>maxima</span> <span class='ocrx_word' id='word_1_14' title='bbox 1741 681 1833 740; x_wconf 91' lang='lat' dir='ltr'>est</span> <span class='ocrx_word' id='word_1_15' title='bbox 1851 675 2246 757; x_wconf 79' lang='lat' dir='ltr'>jucunditaS,</span> 
     </span>
     <span class='ocr_line' id='line_1_4' title="bbox 713 785 2246 865; baseline -0.007 -8"><span class='ocrx_word' id='word_1_16' title='bbox 713 796 776 857; x_wconf 89' lang='lat' dir='ltr'>et</span> <span class='ocrx_word' id='word_1_17' title='bbox 813 792 880 854; x_wconf 91' lang='lat' dir='ltr'>in</span> <span class='ocrx_word' id='word_1_18' title='bbox 907 791 1030 855; x_wconf 89' lang='lat' dir='ltr'>hoc</span> <span class='ocrx_word' id='word_1_19' title='bbox 1055 790 1494 854; x_wconf 79' lang='lat' dir='ltr'><strong>manifestatur</strong></span> <span class='ocrx_word' id='word_1_20' title='bbox 1540 787 1756 851; x_wconf 89' lang='lat' dir='ltr'>divina</span> <span class='ocrx_word' id='word_1_21' title='bbox 1783 785 1988 865; x_wconf 87' lang='lat' dir='ltr'>gloria</span> <span class='ocrx_word' id='word_1_22' title='bbox 2031 806 2046 846; x_wconf 91' lang='lat'>:</span> <span class='ocrx_word' id='word_1_23' title='bbox 2088 801 2246 864; x_wconf 89' lang='lat' dir='ltr'>ergo</span> 
     </span>
     <span class='ocr_line' id='line_1_5' title="bbox 711 892 2057 981; baseline -0.008 -17"><span class='ocrx_word' id='word_1_24' title='bbox 711 899 965 965; x_wconf 87' lang='lat' dir='ltr'>videtur</span> <span class='ocrx_word' id='word_1_25' title='bbox 981 900 1155 981; x_wconf 86' lang='lat' dir='ltr'>quod</span> <span class='ocrx_word' id='word_1_26' title='bbox 1175 898 1318 962; x_wconf 91' lang='lat' dir='ltr'>laus</span> <span class='ocrx_word' id='word_1_27' title='bbox 1341 896 1576 961; x_wconf 87' lang='lat' dir='ltr'>vocalis</span> <span class='ocrx_word' id='word_1_28' title='bbox 1598 896 1719 958; x_wconf 86' lang='lat' dir='ltr'>erit</span> <span class='ocrx_word' id='word_1_29' title='bbox 1739 894 1807 956; x_wconf 93' lang='lat' dir='ltr'>in</span> <span class='ocrx_word' id='word_1_30' title='bbox 1832 892 2057 976; x_wconf 91' lang='lat' dir='ltr'>patria.</span> 
     </span>
     <span class='ocr_line' id='line_1_6' title="bbox 790 998 2246 1087; baseline -0.006 -18"><span class='ocrx_word' id='word_1_31' title='bbox 790 1004 976 1087; x_wconf 89' lang='lat' dir='ltr'>Resp.</span> <span class='ocrx_word' id='word_1_32' title='bbox 1006 1005 1353 1069; x_wconf 81' lang='lat' dir='ltr'><strong>Dicendum</strong></span> <span class='ocrx_word' id='word_1_33' title='bbox 1388 1002 1560 1085; x_wconf 86' lang='lat' dir='ltr'>quod</span> <span class='ocrx_word' id='word_1_34' title='bbox 1586 1019 1777 1083; x_wconf 90' lang='lat' dir='ltr'>super</span> <span class='ocrx_word' id='word_1_35' title='bbox 1818 1000 1939 1063; x_wconf 92' lang='lat' dir='ltr'>hoc</span> <span class='ocrx_word' id='word_1_36' title='bbox 1965 1016 2099 1061; x_wconf 89' lang='lat' dir='ltr'>non</span> <span class='ocrx_word' id='word_1_37' title='bbox 2126 998 2246 1061; x_wconf 89' lang='lat' dir='ltr'>ha-</span> 
     </span>
     <span class='ocr_line' id='line_1_7' title="bbox 708 1108 2247 1192; baseline -0.006 -14"><span class='ocrx_word' id='word_1_38' title='bbox 708 1113 897 1178; x_wconf 88' lang='lat' dir='ltr'>betur</span> <span class='ocrx_word' id='word_1_39' title='bbox 921 1113 1232 1177; x_wconf 72' lang='lat' dir='ltr'>certitudo</span> <span class='ocrx_word' id='word_1_40' title='bbox 1259 1129 1377 1176; x_wconf 89' lang='lat' dir='ltr'>nec</span> <span class='ocrx_word' id='word_1_41' title='bbox 1404 1127 1517 1192; x_wconf 90' lang='lat' dir='ltr'>per</span> <span class='ocrx_word' id='word_1_42' title='bbox 1538 1108 1962 1185; x_wconf 81' lang='lat' dir='ltr'>auctoritates,</span> <span class='ocrx_word' id='word_1_43' title='bbox 1993 1125 2111 1170; x_wconf 90' lang='lat' dir='ltr'>nec</span> <span class='ocrx_word' id='word_1_44' title='bbox 2134 1124 2247 1189; x_wconf 92' lang='lat' dir='ltr'>per</span> 
     </span>
     <span class='ocr_line' id='line_1_8' title="bbox 708 1216 2247 1301; baseline -0.005 -16"><span class='ocrx_word' id='word_1_45' title='bbox 708 1223 1009 1301; x_wconf 80' lang='lat' dir='ltr'>cogentes</span> <span class='ocrx_word' id='word_1_46' title='bbox 1045 1219 1341 1283; x_wconf 89' lang='lat' dir='ltr'>rationes.</span> <span class='ocrx_word' id='word_1_47' title='bbox 1383 1216 1543 1282; x_wconf 85' lang='lat' dir='ltr'>Cum</span> <span class='ocrx_word' id='word_1_48' title='bbox 1586 1216 1758 1281; x_wconf 92' lang='lat' dir='ltr'>enim</span> <span class='ocrx_word' id='word_1_49' title='bbox 1799 1219 2072 1295; x_wconf 87' lang='lat' dir='ltr'>utraque</span> <span class='ocrx_word' id='word_1_50' title='bbox 2099 1232 2247 1296; x_wconf 89' lang='lat' dir='ltr'>pars</span> 
     </span>
     <span class='ocr_line' id='line_1_9' title="bbox 705 1322 2242 1410; baseline -0.005 -17"><span class='ocrx_word' id='word_1_51' title='bbox 705 1328 784 1393; x_wconf 87' lang='lat' dir='ltr'>sit</span> <span class='ocrx_word' id='word_1_52' title='bbox 830 1328 1209 1410; x_wconf 90' lang='lat' dir='ltr'>probabilis,</span> <span class='ocrx_word' id='word_1_53' title='bbox 1255 1331 1528 1407; x_wconf 88' lang='lat' dir='ltr'>utraque</span> <span class='ocrx_word' id='word_1_54' title='bbox 1572 1329 1823 1389; x_wconf 90' lang='lat' dir='ltr'>tenetur</span> <span class='ocrx_word' id='word_1_55' title='bbox 1865 1342 1905 1386; x_wconf 91' lang='lat' dir='ltr'>a</span> <span class='ocrx_word' id='word_1_56' title='bbox 1953 1322 2242 1385; x_wconf 86' lang='lat' dir='ltr'>diversis.</span> 
     </span>
     <span class='ocr_line' id='line_1_10' title="bbox 705 1430 2244 1517; baseline -0.006 -17"><span class='ocrx_word' id='word_1_57' title='bbox 705 1435 976 1513; x_wconf 85' lang='lat' dir='ltr'>Quidam</span> <span class='ocrx_word' id='word_1_58' title='bbox 1001 1452 1280 1517; x_wconf 87' lang='lat' dir='ltr'>namque</span> <span class='ocrx_word' id='word_1_59' title='bbox 1301 1433 1523 1498; x_wconf 89' lang='lat' dir='ltr'>dicunt</span> <span class='ocrx_word' id='word_1_60' title='bbox 1540 1432 1710 1515; x_wconf 86' lang='lat' dir='ltr'>quod</span> <span class='ocrx_word' id='word_1_61' title='bbox 1737 1431 1807 1494; x_wconf 92' lang='lat' dir='ltr'>in</span> <span class='ocrx_word' id='word_1_62' title='bbox 1833 1430 1992 1494; x_wconf 87' lang='lat' dir='ltr'>coelo</span> <span class='ocrx_word' id='word_1_63' title='bbox 2017 1446 2244 1511; x_wconf 87' lang='lat' dir='ltr'>empy-</span> 
     </span>
     <span class='ocr_line' id='line_1_11' title="bbox 702 1538 2243 1618; baseline -0.005 -10"><span class='ocrx_word' id='word_1_64' title='bbox 702 1562 812 1608; x_wconf 88' lang='lat' dir='ltr'>reo</span> <span class='ocrx_word' id='word_1_65' title='bbox 830 1562 961 1608; x_wconf 92' lang='lat' dir='ltr'>non</span> <span class='ocrx_word' id='word_1_66' title='bbox 989 1544 1113 1607; x_wconf 90' lang='lat' dir='ltr'>erit</span> <span class='ocrx_word' id='word_1_67' title='bbox 1140 1541 1263 1606; x_wconf 91' lang='lat' dir='ltr'>nisi</span> <span class='ocrx_word' id='word_1_68' title='bbox 1289 1542 1430 1605; x_wconf 91' lang='lat' dir='ltr'>laus</span> <span class='ocrx_word' id='word_1_69' title='bbox 1455 1539 1746 1603; x_wconf 81' lang='lat' dir='ltr'>mentalis</span> <span class='ocrx_word' id='word_1_70' title='bbox 1773 1543 1906 1602; x_wconf 80' lang='lat' dir='ltr'>tam</span> <span class='ocrx_word' id='word_1_71' title='bbox 1932 1538 2013 1601; x_wconf 91' lang='lat' dir='ltr'>ab</span> <span class='ocrx_word' id='word_1_72' title='bbox 2037 1554 2243 1618; x_wconf 90' lang='lat' dir='ltr'>ange-</span> 
     </span>
     <span class='ocr_line' id='line_1_12' title="bbox 702 1644 2242 1734; baseline -0.006 -19"><span class='ocrx_word' id='word_1_73' title='bbox 702 1652 809 1731; x_wconf 81' lang='lat' dir='ltr'>lis,</span> <span class='ocrx_word' id='word_1_74' title='bbox 848 1668 1047 1734; x_wconf 86' lang='lat' dir='ltr'>quam</span> <span class='ocrx_word' id='word_1_75' title='bbox 1084 1650 1165 1713; x_wconf 91' lang='lat' dir='ltr'>ab</span> <span class='ocrx_word' id='word_1_76' title='bbox 1202 1647 1576 1713; x_wconf 89' lang='lat' dir='ltr'>hominibus</span> <span class='ocrx_word' id='word_1_77' title='bbox 1616 1646 1851 1710; x_wconf 88' lang='lat' dir='ltr'>beatis:</span> <span class='ocrx_word' id='word_1_78' title='bbox 1902 1649 2043 1708; x_wconf 86' lang='lat' dir='ltr'>tum</span> <span class='ocrx_word' id='word_1_79' title='bbox 2089 1644 2242 1726; x_wconf 87' lang='lat' dir='ltr'>quia</span> 
     </span>
     <span class='ocr_line' id='line_1_13' title="bbox 700 1751 2242 1840; baseline -0.005 -18"><span class='ocrx_word' id='word_1_80' title='bbox 700 1776 832 1822; x_wconf 90' lang='lat' dir='ltr'>non</span> <span class='ocrx_word' id='word_1_81' title='bbox 869 1756 1171 1840; x_wconf 91' lang='lat' dir='ltr'>competit</span> <span class='ocrx_word' id='word_1_82' title='bbox 1198 1756 1373 1832; x_wconf 91' lang='lat' dir='ltr'>loco,</span> <span class='ocrx_word' id='word_1_83' title='bbox 1409 1760 1551 1817; x_wconf 87' lang='lat' dir='ltr'>tum</span> <span class='ocrx_word' id='word_1_84' title='bbox 1589 1753 1743 1836; x_wconf 87' lang='lat' dir='ltr'>quia</span> <span class='ocrx_word' id='word_1_85' title='bbox 1776 1770 1909 1815; x_wconf 89' lang='lat' dir='ltr'>non</span> <span class='ocrx_word' id='word_1_86' title='bbox 1940 1751 2242 1833; x_wconf 89' lang='lat' dir='ltr'>competit</span> 
     </span>
     <span class='ocr_line' id='line_1_14' title="bbox 701 1858 2243 1944; baseline -0.005 -15"><span class='ocrx_word' id='word_1_87' title='bbox 701 1865 952 1944; x_wconf 83' lang='lat' dir='ltr'>locatis,</span> <span class='ocrx_word' id='word_1_88' title='bbox 993 1862 1275 1928; x_wconf 81' lang='lat' dir='ltr'>maxime</span> <span class='ocrx_word' id='word_1_89' title='bbox 1313 1860 1561 1941; x_wconf 87' lang='lat' dir='ltr'>angelis</span> <span class='ocrx_word' id='word_1_90' title='bbox 1595 1879 1612 1924; x_wconf 91' lang='lat'>:</span> <span class='ocrx_word' id='word_1_91' title='bbox 1647 1864 1711 1923; x_wconf 92' lang='lat' dir='ltr'>et</span> <span class='ocrx_word' id='word_1_92' title='bbox 1754 1859 1806 1921; x_wconf 92' lang='lat' dir='ltr'>si</span> <span class='ocrx_word' id='word_1_93' title='bbox 1842 1858 2053 1939; x_wconf 81' lang='lat' dir='ltr'>angeli</span> <span class='ocrx_word' id='word_1_94' title='bbox 2088 1862 2243 1922; x_wconf 89' lang='lat' dir='ltr'>sunt</span> 
     </span>
     <span class='ocr_line' id='line_1_15' title="bbox 700 1965 2239 2047; baseline -0.007 -9"><span class='ocrx_word' id='word_1_95' title='bbox 700 1972 1035 2037; x_wconf 87' lang='lat' dir='ltr'>monstrati</span> <span class='ocrx_word' id='word_1_96' title='bbox 1078 1970 1339 2034; x_wconf 89' lang='lat' dir='ltr'>laudare</span> <span class='ocrx_word' id='word_1_97' title='bbox 1382 1966 1685 2032; x_wconf 86' lang='lat' dir='ltr'>vocaliter</span> <span class='ocrx_word' id='word_1_98' title='bbox 1711 2015 1727 2044; x_wconf 90' lang='lat'>,</span> <span class='ocrx_word' id='word_1_99' title='bbox 1777 1965 1899 2029; x_wconf 92' lang='lat' dir='ltr'>hoc</span> <span class='ocrx_word' id='word_1_100' title='bbox 1952 1965 2073 2028; x_wconf 88' lang='lat' dir='ltr'>fuit</span> <span class='ocrx_word' id='word_1_101' title='bbox 2124 1983 2239 2047; x_wconf 88' lang='lat' dir='ltr'>per</span> 
     </span>
     <span class='ocr_line' id='line_1_16' title="bbox 697 2072 2232 2156; baseline -0.007 -11"><span class='ocrx_word' id='word_1_102' title='bbox 697 2081 1013 2145; x_wconf 84' lang='lat' dir='ltr'>visionem</span> <span class='ocrx_word' id='word_1_103' title='bbox 1058 2074 1509 2156; x_wconf 82' lang='lat' dir='ltr'>imaginariam</span> <span class='ocrx_word' id='word_1_104' title='bbox 1532 2122 1549 2149; x_wconf 90' lang='lat'>,</span> <span class='ocrx_word' id='word_1_105' title='bbox 1601 2092 1733 2136; x_wconf 90' lang='lat' dir='ltr'>non</span> <span class='ocrx_word' id='word_1_106' title='bbox 1784 2072 2181 2153; x_wconf 88' lang='lat' dir='ltr'>corporalem</span> <span class='ocrx_word' id='word_1_107' title='bbox 2216 2094 2232 2135; x_wconf 72' lang='grc' dir='ltr'><strong>ε</strong></span> 
     </span>
     <span class='ocr_line' id='line_1_17' title="bbox 696 2179 2235 2269; baseline -0.006 -18"><span class='ocrx_word' id='word_1_108' title='bbox 696 2205 815 2251; x_wconf 84' lang='lat' dir='ltr'>nec</span> <span class='ocrx_word' id='word_1_109' title='bbox 851 2188 1099 2269; x_wconf 82' lang='lat' dir='ltr'>oportet</span> <span class='ocrx_word' id='word_1_110' title='bbox 1134 2182 1507 2265; x_wconf 87' lang='lat' dir='ltr'>hujusmodi</span> <span class='ocrx_word' id='word_1_111' title='bbox 1548 2180 1939 2262; x_wconf 79' lang='lat' dir='ltr'>corporalem</span> <span class='ocrx_word' id='word_1_112' title='bbox 1980 2179 2235 2243; x_wconf 88' lang='lat' dir='ltr'>laudem</span> 
     </span>
     <span class='ocr_line' id='line_1_18' title="bbox 695 2288 2235 2376; baseline -0.006 -17"><span class='ocrx_word' id='word_1_113' title='bbox 695 2312 853 2370; x_wconf 88' lang='lat' dir='ltr'>esse,</span> <span class='ocrx_word' id='word_1_114' title='bbox 866 2294 1201 2376; x_wconf 87' lang='lat' dir='ltr'>quiatanta</span> <span class='ocrx_word' id='word_1_115' title='bbox 1215 2291 1335 2354; x_wconf 89' lang='lat' dir='ltr'>erit</span> <span class='ocrx_word' id='word_1_116' title='bbox 1352 2289 1665 2367; x_wconf 85' lang='lat' dir='ltr'>mentalis,</span> <span class='ocrx_word' id='word_1_117' title='bbox 1683 2289 1853 2369; x_wconf 87' lang='lat' dir='ltr'>quod</span> <span class='ocrx_word' id='word_1_118' title='bbox 1868 2288 2008 2351; x_wconf 84' lang='lat' dir='ltr'>haec</span> <span class='ocrx_word' id='word_1_119' title='bbox 2023 2289 2235 2352; x_wconf 88' lang='lat' dir='ltr'>locum</span> 
     </span>
     <span class='ocr_line' id='line_1_19' title="bbox 694 2394 2237 2478; baseline -0.004 -13"><span class='ocrx_word' id='word_1_120' title='bbox 694 2420 826 2466; x_wconf 89' lang='lat' dir='ltr'>non</span> <span class='ocrx_word' id='word_1_121' title='bbox 864 2399 1143 2464; x_wconf 87' lang='lat' dir='ltr'>habebit.</span> <span class='ocrx_word' id='word_1_122' title='bbox 1192 2397 1349 2461; x_wconf 90' lang='lat' dir='ltr'>Aliis</span> <span class='ocrx_word' id='word_1_123' title='bbox 1389 2396 1597 2477; x_wconf 87' lang='lat' dir='ltr'>magis</span> <span class='ocrx_word' id='word_1_124' title='bbox 1638 2396 1839 2478; x_wconf 88' lang='lat' dir='ltr'>placet</span> <span class='ocrx_word' id='word_1_125' title='bbox 1884 2394 2057 2476; x_wconf 88' lang='lat' dir='ltr'>quod</span> <span class='ocrx_word' id='word_1_126' title='bbox 2096 2395 2237 2459; x_wconf 90' lang='lat' dir='ltr'>laus</span> 
     </span>
     <span class='ocr_line' id='line_1_20' title="bbox 693 2500 2232 2586; baseline -0.005 -14"><span class='ocrx_word' id='word_1_127' title='bbox 693 2506 930 2573; x_wconf 89' lang='lat' dir='ltr'>vocalis</span> <span class='ocrx_word' id='word_1_128' title='bbox 964 2506 1088 2569; x_wconf 90' lang='lat' dir='ltr'>erit</span> <span class='ocrx_word' id='word_1_129' title='bbox 1124 2505 1194 2568; x_wconf 92' lang='lat' dir='ltr'>in</span> <span class='ocrx_word' id='word_1_130' title='bbox 1224 2504 1431 2586; x_wconf 87' lang='lat' dir='ltr'>patria</span> <span class='ocrx_word' id='word_1_131' title='bbox 1450 2507 1765 2585; x_wconf 87' lang='lat' dir='ltr'>quantum</span> <span class='ocrx_word' id='word_1_132' title='bbox 1797 2500 1877 2564; x_wconf 92' lang='lat' dir='ltr'>ad</span> <span class='ocrx_word' id='word_1_133' title='bbox 1916 2501 2232 2582; x_wconf 81' lang='lat' dir='ltr'>bomineS,</span> 
     </span>
     <span class='ocr_line' id='line_1_21' title="bbox 692 2609 2234 2700; baseline -0.005 -20"><span class='ocrx_word' id='word_1_134' title='bbox 692 2617 803 2700; x_wconf 84' lang='lat' dir='ltr'>qui</span> <span class='ocrx_word' id='word_1_135' title='bbox 827 2615 1153 2679; x_wconf 90' lang='lat' dir='ltr'>habebunt</span> <span class='ocrx_word' id='word_1_136' title='bbox 1178 2630 1446 2693; x_wconf 86' lang='lat' dir='ltr'>organa,</span> <span class='ocrx_word' id='word_1_137' title='bbox 1476 2615 1551 2674; x_wconf 91' lang='lat' dir='ltr'>ut</span> <span class='ocrx_word' id='word_1_138' title='bbox 1579 2611 1665 2673; x_wconf 87' lang='lat' dir='ltr'>sic</span> <span class='ocrx_word' id='word_1_139' title='bbox 1690 2627 1822 2673; x_wconf 91' lang='lat' dir='ltr'>non</span> <span class='ocrx_word' id='word_1_140' title='bbox 1849 2609 2059 2672; x_wconf 88' lang='lat' dir='ltr'>solum</span> <span class='ocrx_word' id='word_1_141' title='bbox 2092 2610 2234 2673; x_wconf 91' lang='lat' dir='ltr'>ani-</span> 
     </span>
     <span class='ocr_line' id='line_1_22' title="bbox 692 2717 2230 2798; baseline -0.006 -9"><span class='ocrx_word' id='word_1_142' title='bbox 692 2743 840 2790; x_wconf 89' lang='lat' dir='ltr'>mus</span> <span class='ocrx_word' id='word_1_143' title='bbox 863 2723 1075 2788; x_wconf 85' lang='lat' dir='ltr'>laudet</span> <span class='ocrx_word' id='word_1_144' title='bbox 1103 2720 1331 2797; x_wconf 91' lang='lat' dir='ltr'>Deum,</span> <span class='ocrx_word' id='word_1_145' title='bbox 1363 2737 1595 2785; x_wconf 89' lang='lat' dir='ltr'>verum</span> <span class='ocrx_word' id='word_1_146' title='bbox 1638 2718 1834 2781; x_wconf 86' lang='lat' dir='ltr'>etiam</span> <span class='ocrx_word' id='word_1_147' title='bbox 1869 2721 1932 2780; x_wconf 89' lang='lat' dir='ltr'>et</span> <span class='ocrx_word' id='word_1_148' title='bbox 1957 2717 2184 2798; x_wconf 88' lang='lat' dir='ltr'>lingua</span> <span class='ocrx_word' id='word_1_149' title='bbox 2212 2740 2230 2796; x_wconf 90' lang='lat'>;</span> 
     </span>
     <span class='ocr_line' id='line_1_23' title="bbox 691 2823 2236 2898; baseline -0.006 -1"><span class='ocrx_word' id='word_1_150' title='bbox 691 2836 755 2898; x_wconf 90' lang='lat' dir='ltr'>et</span> <span class='ocrx_word' id='word_1_151' title='bbox 778 2835 949 2896; x_wconf 89' lang='lat' dir='ltr'>totus</span> <span class='ocrx_word' id='word_1_152' title='bbox 975 2832 1167 2895; x_wconf 90' lang='lat' dir='ltr'>homo</span> <span class='ocrx_word' id='word_1_153' title='bbox 1189 2829 1429 2893; x_wconf 88' lang='lat' dir='ltr'>feratur</span> <span class='ocrx_word' id='word_1_154' title='bbox 1454 2826 1522 2889; x_wconf 87' lang='lat' dir='ltr'>in</span> <span class='ocrx_word' id='word_1_155' title='bbox 1540 2825 1794 2889; x_wconf 89' lang='lat' dir='ltr'>laudem</span> <span class='ocrx_word' id='word_1_156' title='bbox 1813 2823 2126 2888; x_wconf 89' lang='lat' dir='ltr'>divinam.</span> <span class='ocrx_word' id='word_1_157' title='bbox 2157 2824 2236 2888; x_wconf 90' lang='lat' dir='ltr'>Et</span> 
     </span>
     <span class='ocr_line' id='line_1_24' title="bbox 690 2932 2234 3024; baseline -0.008 -18"><span class='ocrx_word' id='word_1_158' title='bbox 690 2942 744 3005; x_wconf 87' lang='lat' dir='ltr'>si</span> <span class='ocrx_word' id='word_1_159' title='bbox 778 2946 1108 3024; x_wconf 82' lang='lat' dir='ltr'>quaeratur</span> <span class='ocrx_word' id='word_1_160' title='bbox 1144 2956 1273 3022; x_wconf 89' lang='lat' dir='ltr'>quo</span> <span class='ocrx_word' id='word_1_161' title='bbox 1309 2935 1500 3000; x_wconf 90' lang='lat' dir='ltr'>modo</span> <span class='ocrx_word' id='word_1_162' title='bbox 1532 2934 1655 2997; x_wconf 89' lang='lat' dir='ltr'>hoc</span> <span class='ocrx_word' id='word_1_163' title='bbox 1693 2933 1889 3016; x_wconf 86' lang='lat' dir='ltr'>possit</span> <span class='ocrx_word' id='word_1_164' title='bbox 1927 2951 2061 2996; x_wconf 87' lang='lat' dir='ltr'>esse</span> <span class='ocrx_word' id='word_1_165' title='bbox 2080 2981 2098 3012; x_wconf 90' lang='lat'>,</span> <span class='ocrx_word' id='word_1_166' title='bbox 2133 2932 2234 2995; x_wconf 93' lang='lat' dir='ltr'>di-</span> 
     </span>
     <span class='ocr_line' id='line_1_25' title="bbox 689 3040 2233 3133; baseline -0.008 -17"><span class='ocrx_word' id='word_1_167' title='bbox 689 3055 845 3115; x_wconf 85' lang='lat' dir='ltr'>cunt</span> <span class='ocrx_word' id='word_1_168' title='bbox 882 3049 1055 3133; x_wconf 84' lang='lat' dir='ltr'>quod</span> <span class='ocrx_word' id='word_1_169' title='bbox 1087 3046 1192 3111; x_wconf 91' lang='lat' dir='ltr'>vel</span> <span class='ocrx_word' id='word_1_170' title='bbox 1245 3043 1355 3108; x_wconf 91' lang='lat' dir='ltr'>illa</span> <span class='ocrx_word' id='word_1_171' title='bbox 1392 3041 1567 3107; x_wconf 88' lang='lat' dir='ltr'>vocis</span> <span class='ocrx_word' id='word_1_172' title='bbox 1605 3040 1899 3104; x_wconf 88' lang='lat' dir='ltr'>formatio</span> <span class='ocrx_word' id='word_1_173' title='bbox 1938 3058 2071 3102; x_wconf 89' lang='lat' dir='ltr'>non</span> <span class='ocrx_word' id='word_1_174' title='bbox 2113 3040 2233 3103; x_wconf 89' lang='lat' dir='ltr'>erit</span> 
     </span>
     <span class='ocr_line' id='line_1_26' title="bbox 688 3149 2233 3240; baseline -0.006 -18"><span class='ocrx_word' id='word_1_175' title='bbox 688 3176 803 3240; x_wconf 90' lang='lat' dir='ltr'>per</span> <span class='ocrx_word' id='word_1_176' title='bbox 837 3157 1247 3240; x_wconf 84' lang='lat' dir='ltr'>spirationem</span> <span class='ocrx_word' id='word_1_177' title='bbox 1298 3154 1363 3216; x_wconf 88' lang='lat' dir='ltr'>et</span> <span class='ocrx_word' id='word_1_178' title='bbox 1401 3149 1884 3232; x_wconf 61' lang='lat' dir='ltr'>respirationem</span> <span class='ocrx_word' id='word_1_179' title='bbox 1897 3195 1915 3225; x_wconf 87' lang='lat'>,</span> <span class='ocrx_word' id='word_1_180' title='bbox 1966 3149 2076 3213; x_wconf 90' lang='lat' dir='ltr'>sed</span> <span class='ocrx_word' id='word_1_181' title='bbox 2118 3167 2233 3230; x_wconf 89' lang='lat' dir='ltr'>per</span> 
     </span>
     <span class='ocr_line' id='line_1_27' title="bbox 620 3251 2229 3343; baseline -0.006 -15"><span class='ocrx_word' id='word_1_182' title='bbox 620 3251 621 3254; x_wconf 28' lang='lat'>¹</span> <span class='ocrx_word' id='word_1_183' title='bbox 690 3281 926 3340; x_wconf 86' lang='lat' dir='ltr'>aerem,</span> <span class='ocrx_word' id='word_1_184' title='bbox 956 3261 1070 3343; x_wconf 85' lang='lat' dir='ltr'>qui</span> <span class='ocrx_word' id='word_1_185' title='bbox 1089 3258 1272 3342; x_wconf 87' lang='lat' dir='ltr'>quasi</span> <span class='ocrx_word' id='word_1_186' title='bbox 1289 3256 1662 3321; x_wconf 84' lang='lat' dir='ltr'>naturaliter</span> <span class='ocrx_word' id='word_1_187' title='bbox 1687 3255 1810 3319; x_wconf 89' lang='lat' dir='ltr'>erit</span> <span class='ocrx_word' id='word_1_188' title='bbox 1829 3255 2032 3319; x_wconf 89' lang='lat' dir='ltr'>beatis</span> <span class='ocrx_word' id='word_1_189' title='bbox 2054 3274 2229 3319; x_wconf 90' lang='lat' dir='ltr'>com-</span> 
     </span>
     <span class='ocr_line' id='line_1_28' title="bbox 689 3360 2233 3453; baseline -0.008 -21"><span class='ocrx_word' id='word_1_190' title='bbox 689 3369 1030 3453; x_wconf 88' lang='lat' dir='ltr'>plantatus,</span> <span class='ocrx_word' id='word_1_191' title='bbox 1072 3367 1236 3429; x_wconf 90' lang='lat' dir='ltr'>sicut</span> <span class='ocrx_word' id='word_1_192' title='bbox 1263 3366 1432 3446; x_wconf 84' lang='lat' dir='ltr'>patet</span> <span class='ocrx_word' id='word_1_193' title='bbox 1456 3362 1525 3425; x_wconf 90' lang='lat' dir='ltr'>in</span> <span class='ocrx_word' id='word_1_194' title='bbox 1558 3360 1944 3443; x_wconf 88' lang='lat' dir='ltr'>quibusdam</span> <span class='ocrx_word' id='word_1_195' title='bbox 1983 3362 2233 3426; x_wconf 78' lang='lat' dir='ltr'>anima-</span> 
     </span>
     <span class='ocr_line' id='line_1_29' title="bbox 688 3468 2232 3554; baseline -0.003 -16"><span class='ocrx_word' id='word_1_196' title='bbox 688 3475 881 3554; x_wconf 86' lang='lat' dir='ltr'>libus,</span> <span class='ocrx_word' id='word_1_197' title='bbox 925 3479 999 3539; x_wconf 88' lang='lat' dir='ltr'>ut</span> <span class='ocrx_word' id='word_1_198' title='bbox 1037 3473 1110 3536; x_wconf 92' lang='lat' dir='ltr'>in</span> <span class='ocrx_word' id='word_1_199' title='bbox 1144 3472 1410 3554; x_wconf 75' lang='lat' dir='ltr'>apibus:</span> <span class='ocrx_word' id='word_1_200' title='bbox 1455 3468 1559 3532; x_wconf 90' lang='lat' dir='ltr'>vel</span> <span class='ocrx_word' id='word_1_201' title='bbox 1587 3473 1755 3532; x_wconf 88' lang='lat' dir='ltr'>certe</span> <span class='ocrx_word' id='word_1_202' title='bbox 1791 3469 1883 3532; x_wconf 93' lang='lat' dir='ltr'>ita</span> <span class='ocrx_word' id='word_1_203' title='bbox 1917 3469 2232 3534; x_wconf 86' lang='lat' dir='ltr'>deserviet</span> 
     </span>
     <span class='ocr_line' id='line_1_30' title="bbox 689 3575 2229 3664; baseline -0.005 -17"><span class='ocrx_word' id='word_1_204' title='bbox 689 3597 1066 3664; x_wconf 86' lang='lat' dir='ltr'>empyreum</span> <span class='ocrx_word' id='word_1_205' title='bbox 1095 3577 1462 3660; x_wconf 85' lang='lat' dir='ltr'>glorificatis</span> <span class='ocrx_word' id='word_1_206' title='bbox 1478 3623 1497 3654; x_wconf 89' lang='lat'>‚</span> <span class='ocrx_word' id='word_1_207' title='bbox 1527 3576 1693 3639; x_wconf 86' lang='lat' dir='ltr'>sicut</span> <span class='ocrx_word' id='word_1_208' title='bbox 1718 3592 1826 3638; x_wconf 90' lang='lat' dir='ltr'>aer</span> <span class='ocrx_word' id='word_1_209' title='bbox 1855 3575 2229 3657; x_wconf 87' lang='lat' dir='ltr'>corporibus</span> 
     </span>
     <span class='ocr_line' id='line_1_31' title="bbox 689 3681 2228 3769; baseline -0.003 -16"><span class='ocrx_word' id='word_1_210' title='bbox 689 3707 822 3753; x_wconf 92' lang='lat' dir='ltr'>non</span> <span class='ocrx_word' id='word_1_211' title='bbox 849 3686 1236 3769; x_wconf 85' lang='lat' dir='ltr'>glorificatis.</span> <span class='ocrx_word' id='word_1_212' title='bbox 1259 3684 1345 3748; x_wconf 93' lang='lat' dir='ltr'>De</span> <span class='ocrx_word' id='word_1_213' title='bbox 1367 3682 1615 3764; x_wconf 88' lang='lat' dir='ltr'>angelis</span> <span class='ocrx_word' id='word_1_214' title='bbox 1635 3699 1789 3746; x_wconf 92' lang='lat' dir='ltr'>vero</span> <span class='ocrx_word' id='word_1_215' title='bbox 1816 3681 2034 3745; x_wconf 87' lang='lat' dir='ltr'>dicunt</span> <span class='ocrx_word' id='word_1_216' title='bbox 2055 3685 2228 3764; x_wconf 88' lang='lat' dir='ltr'>quod</span> 
     </span>
     <span class='ocr_line' id='line_1_32' title="bbox 690 3793 2223 3880; baseline -0.006 -18"><span class='ocrx_word' id='word_1_217' title='bbox 690 3797 847 3880; x_wconf 85' lang='lat' dir='ltr'>quia</span> <span class='ocrx_word' id='word_1_218' title='bbox 869 3794 1222 3877; x_wconf 89' lang='lat' dir='ltr'>incorporei</span> <span class='ocrx_word' id='word_1_219' title='bbox 1242 3797 1393 3857; x_wconf 90' lang='lat' dir='ltr'>sunt</span> <span class='ocrx_word' id='word_1_220' title='bbox 1418 3810 1531 3874; x_wconf 91' lang='lat' dir='ltr'>per</span> <span class='ocrx_word' id='word_1_221' title='bbox 1557 3796 1856 3855; x_wconf 89' lang='lat' dir='ltr'>naturam</span> <span class='ocrx_word' id='word_1_222' title='bbox 1876 3793 2223 3874; x_wconf 86' lang='lat' dir='ltr'>propriam,</span> 
     </span>
     <span class='ocr_line' id='line_1_33' title="bbox 689 3898 2227 3985; baseline -0.003 -16"><span class='ocrx_word' id='word_1_223' title='bbox 689 3924 822 3969; x_wconf 92' lang='lat' dir='ltr'>non</span> <span class='ocrx_word' id='word_1_224' title='bbox 868 3903 1167 3985; x_wconf 87' lang='lat' dir='ltr'>competit</span> <span class='ocrx_word' id='word_1_225' title='bbox 1209 3902 1299 3966; x_wconf 90' lang='lat' dir='ltr'>eis</span> <span class='ocrx_word' id='word_1_226' title='bbox 1340 3900 1464 3965; x_wconf 89' lang='lat' dir='ltr'>nisi</span> <span class='ocrx_word' id='word_1_227' title='bbox 1495 3901 1636 3963; x_wconf 91' lang='lat' dir='ltr'>laus</span> <span class='ocrx_word' id='word_1_228' title='bbox 1684 3899 1995 3964; x_wconf 82' lang='lat' dir='ltr'>mentalis.</span> <span class='ocrx_word' id='word_1_229' title='bbox 2046 3898 2227 3964; x_wconf 90' lang='lat' dir='ltr'>Unde</span> 
     </span>
     <span class='ocr_line' id='line_1_34' title="bbox 690 4006 2228 4093; baseline -0.003 -18"><span class='ocrx_word' id='word_1_230' title='bbox 690 4011 1037 4093; x_wconf 88' lang='lat' dir='ltr'>Gregorius</span> <span class='ocrx_word' id='word_1_231' title='bbox 1057 4011 1077 4046; x_wconf 94' lang='lat'><strong>¹</strong></span> <span class='ocrx_word' id='word_1_232' title='bbox 1111 4029 1128 4072; x_wconf 94' lang='lat'>:</span> <span class='ocrx_word' id='word_1_233' title='bbox 1178 4031 1210 4069; x_wconf 74' lang='grc' dir='ltr'>α</span> <span class='ocrx_word' id='word_1_234' title='bbox 1240 4007 1408 4072; x_wconf 88' lang='lat' dir='ltr'>Laus</span> <span class='ocrx_word' id='word_1_235' title='bbox 1457 4007 1842 4087; x_wconf 87' lang='lat' dir='ltr'>angelorum</span> <span class='ocrx_word' id='word_1_236' title='bbox 1869 4010 1962 4068; x_wconf 91' lang='lat' dir='ltr'>est</span> <span class='ocrx_word' id='word_1_237' title='bbox 1995 4006 2064 4068; x_wconf 94' lang='lat' dir='ltr'>in</span> <span class='ocrx_word' id='word_1_238' title='bbox 2091 4006 2228 4087; x_wconf 90' lang='lat' dir='ltr'>ipsa</span> 
     </span>
     <span class='ocr_line' id='line_1_35' title="bbox 689 4111 2227 4195; baseline -0.005 -13"><span class='ocrx_word' id='word_1_239' title='bbox 689 4118 1103 4183; x_wconf 76' lang='lat' dir='ltr'>admiratione</span> <span class='ocrx_word' id='word_1_240' title='bbox 1129 4113 1697 4195; x_wconf 76' lang='lat' dir='ltr'>contemplationis.</span> <span class='ocrx_word' id='word_1_241' title='bbox 1719 4135 1751 4172; x_wconf 67' lang='lat' dir='ltr'>a&gt;</span> <span class='ocrx_word' id='word_1_242' title='bbox 1786 4111 1909 4177; x_wconf 90' lang='lat' dir='ltr'>Sed</span> <span class='ocrx_word' id='word_1_243' title='bbox 1927 4114 2083 4195; x_wconf 86' lang='lat' dir='ltr'>quia</span> <span class='ocrx_word' id='word_1_244' title='bbox 2104 4132 2227 4176; x_wconf 90' lang='lat' dir='ltr'>au-</span> 
     </span>
     <span class='ocr_line' id='line_1_36' title="bbox 686 4219 2230 4307; baseline -0.004 -18"><span class='ocrx_word' id='word_1_245' title='bbox 686 4225 848 4307; x_wconf 84' lang='lat' dir='ltr'>geli,</span> <span class='ocrx_word' id='word_1_246' title='bbox 887 4225 1045 4288; x_wconf 90' lang='lat' dir='ltr'>dum</span> <span class='ocrx_word' id='word_1_247' title='bbox 1086 4221 1452 4285; x_wconf 89' lang='lat' dir='ltr'>ministrant</span> <span class='ocrx_word' id='word_1_248' title='bbox 1487 4219 1694 4297; x_wconf 90' lang='lat' dir='ltr'>nobis,</span> <span class='ocrx_word' id='word_1_249' title='bbox 1736 4236 2004 4300; x_wconf 90' lang='lat' dir='ltr'>corpora</span> <span class='ocrx_word' id='word_1_250' title='bbox 2047 4238 2230 4284; x_wconf 88' lang='lat' dir='ltr'>assu-</span> 
     </span>
     <span class='ocr_line' id='line_1_37' title="bbox 687 4326 2226 4406; baseline -0.004 -9"><span class='ocrx_word' id='word_1_251' title='bbox 687 4336 876 4397; x_wconf 90' lang='lat' dir='ltr'>munt</span> <span class='ocrx_word' id='word_1_252' title='bbox 909 4332 990 4396; x_wconf 88' lang='lat' dir='ltr'>ad</span> <span class='ocrx_word' id='word_1_253' title='bbox 1026 4333 1319 4395; x_wconf 87' lang='lat' dir='ltr'>nostrum</span> <span class='ocrx_word' id='word_1_254' title='bbox 1361 4328 1694 4406; x_wconf 86' lang='lat' dir='ltr'>solatium,</span> <span class='ocrx_word' id='word_1_255' title='bbox 1742 4332 1805 4390; x_wconf 90' lang='lat' dir='ltr'>et</span> <span class='ocrx_word' id='word_1_256' title='bbox 1846 4327 1917 4389; x_wconf 93' lang='lat' dir='ltr'>in</span> <span class='ocrx_word' id='word_1_257' title='bbox 1959 4326 2084 4390; x_wconf 91' lang='lat' dir='ltr'>illis</span> <span class='ocrx_word' id='word_1_258' title='bbox 2125 4329 2226 4391; x_wconf 91' lang='lat' dir='ltr'>lo-</span> 
     </span>
     <span class='ocr_line' id='line_1_38' title="bbox 686 4433 2228 4522; baseline -0.004 -20"><span class='ocrx_word' id='word_1_259' title='bbox 686 4444 999 4522; x_wconf 87' lang='lat' dir='ltr'>quuntur,</span> <span class='ocrx_word' id='word_1_260' title='bbox 1033 4440 1095 4500; x_wconf 90' lang='lat' dir='ltr'>et</span> <span class='ocrx_word' id='word_1_261' title='bbox 1130 4453 1316 4499; x_wconf 86' lang='lat' dir='ltr'>voces</span> <span class='ocrx_word' id='word_1_262' title='bbox 1348 4435 1625 4497; x_wconf 84' lang='lat' dir='ltr'>formant</span> <span class='ocrx_word' id='word_1_263' title='bbox 1664 4433 1745 4497; x_wconf 92' lang='lat' dir='ltr'>ad</span> <span class='ocrx_word' id='word_1_264' title='bbox 1773 4438 2058 4497; x_wconf 87' lang='lat' dir='ltr'>nostram</span> <span class='ocrx_word' id='word_1_265' title='bbox 2089 4434 2228 4497; x_wconf 91' lang='lat' dir='ltr'>ins-</span> 
     </span>
     <span class='ocr_line' id='line_1_39' title="bbox 684 4541 2226 4624; baseline -0.004 -12"><span class='ocrx_word' id='word_1_266' title='bbox 684 4547 1067 4611; x_wconf 89' lang='lat' dir='ltr'>tructionem</span> <span class='ocrx_word' id='word_1_267' title='bbox 1130 4542 1512 4624; x_wconf 87' lang='lat' dir='ltr'>aliquando;</span> <span class='ocrx_word' id='word_1_268' title='bbox 1579 4541 1669 4604; x_wconf 93' lang='lat' dir='ltr'>ita</span> <span class='ocrx_word' id='word_1_269' title='bbox 1728 4541 1920 4605; x_wconf 90' lang='lat' dir='ltr'>etiam</span> <span class='ocrx_word' id='word_1_270' title='bbox 1978 4542 2046 4604; x_wconf 90' lang='lat' dir='ltr'>in</span> <span class='ocrx_word' id='word_1_271' title='bbox 2100 4542 2226 4607; x_wconf 90' lang='lat' dir='ltr'>illis</span> 
     </span>
     <span class='ocr_line' id='line_1_40' title="bbox 684 4647 2224 4718; baseline -0.003 0"><span class='ocrx_word' id='word_1_272' title='bbox 684 4653 989 4718; x_wconf 87' lang='lat' dir='ltr'>vocaliter</span> <span class='ocrx_word' id='word_1_273' title='bbox 1011 4651 1215 4715; x_wconf 91' lang='lat' dir='ltr'>Deum</span> <span class='ocrx_word' id='word_1_274' title='bbox 1237 4648 1500 4712; x_wconf 89' lang='lat' dir='ltr'>laudant</span> <span class='ocrx_word' id='word_1_275' title='bbox 1521 4647 1601 4710; x_wconf 86' lang='lat' dir='ltr'>ad</span> <span class='ocrx_word' id='word_1_276' title='bbox 1627 4652 1910 4711; x_wconf 89' lang='lat' dir='ltr'>nostram</span> <span class='ocrx_word' id='word_1_277' title='bbox 1936 4650 2224 4713; x_wconf 88' lang='lat' dir='ltr'>consola-</span> 
     </span>
     <span class='ocr_line' id='line_1_41' title="bbox 682 4757 2225 4837; baseline -0.002 -12"><span class='ocrx_word' id='word_1_278' title='bbox 682 4762 947 4826; x_wconf 89' lang='lat' dir='ltr'>tionem.</span> <span class='ocrx_word' id='word_1_279' title='bbox 1003 4757 1438 4837; x_wconf 82' lang='lat' dir='ltr'>Quaecumque</span> <span class='ocrx_word' id='word_1_280' title='bbox 1484 4774 1630 4837; x_wconf 90' lang='lat' dir='ltr'>pars</span> <span class='ocrx_word' id='word_1_281' title='bbox 1676 4760 1972 4820; x_wconf 88' lang='lat' dir='ltr'>teneatur</span> <span class='ocrx_word' id='word_1_282' title='bbox 1995 4805 2012 4833; x_wconf 95' lang='lat'>,</span> <span class='ocrx_word' id='word_1_283' title='bbox 2072 4760 2225 4822; x_wconf 89' lang='lat' dir='ltr'>satis</span> 
     </span>
     <span class='ocr_line' id='line_1_42' title="bbox 680 4864 2221 4954; baseline -0.003 -19"><span class='ocrx_word' id='word_1_284' title='bbox 680 4872 873 4954; x_wconf 89' lang='lat' dir='ltr'>plana</span> <span class='ocrx_word' id='word_1_285' title='bbox 890 4873 986 4933; x_wconf 88' lang='lat' dir='ltr'>est</span> <span class='ocrx_word' id='word_1_286' title='bbox 998 4865 1228 4931; x_wconf 87' lang='lat' dir='ltr'>solutio</span> <span class='ocrx_word' id='word_1_287' title='bbox 1246 4864 1671 4945; x_wconf 68' lang='lat' dir='ltr'>obiectorum3</span> <span class='ocrx_word' id='word_1_288' title='bbox 1700 4868 1768 4930; x_wconf 88' lang='lat' dir='ltr'>et</span> <span class='ocrx_word' id='word_1_289' title='bbox 1792 4881 2221 4948; x_wconf 66' lang='lat' dir='ltr'>quaecumque</span> 
     </span>
     <span class='ocr_line' id='line_1_43' title="bbox 679 4972 2221 5058; baseline -0.004 -16"><span class='ocrx_word' id='word_1_290' title='bbox 679 4977 947 5042; x_wconf 92' lang='lat' dir='ltr'>istarum</span> <span class='ocrx_word' id='word_1_291' title='bbox 994 4974 1385 5058; x_wconf 88' lang='lat' dir='ltr'>positionum</span> <span class='ocrx_word' id='word_1_292' title='bbox 1425 4975 1717 5036; x_wconf 81' lang='lat' dir='ltr'>teneatur</span> <span class='ocrx_word' id='word_1_293' title='bbox 1739 5020 1759 5052; x_wconf 93' lang='lat'>,</span> <span class='ocrx_word' id='word_1_294' title='bbox 1804 4972 2073 5055; x_wconf 92' lang='lat' dir='ltr'>planum</span> <span class='ocrx_word' id='word_1_295' title='bbox 2125 4977 2221 5037; x_wconf 89' lang='lat' dir='ltr'>est</span> 
     </span>
     <span class='ocr_line' id='line_1_44' title="bbox 679 5080 2218 5169; baseline -0.005 -18"><span class='ocrx_word' id='word_1_296' title='bbox 679 5085 850 5169; x_wconf 88' lang='lat' dir='ltr'>quod</span> <span class='ocrx_word' id='word_1_297' title='bbox 868 5089 1082 5150; x_wconf 85' lang='lat' dir='ltr'>textus</span> <span class='ocrx_word' id='word_1_298' title='bbox 1101 5082 1220 5148; x_wconf 84' lang='lat' dir='ltr'>Job</span> <span class='ocrx_word' id='word_1_299' title='bbox 1236 5080 1617 5162; x_wconf 88' lang='lat' dir='ltr'>intelligitur</span> <span class='ocrx_word' id='word_1_300' title='bbox 1640 5080 1719 5145; x_wconf 91' lang='lat' dir='ltr'>de</span> <span class='ocrx_word' id='word_1_301' title='bbox 1736 5080 1982 5162; x_wconf 88' lang='lat' dir='ltr'>angelis</span> <span class='ocrx_word' id='word_1_302' title='bbox 2007 5082 2218 5163; x_wconf 91' lang='lat' dir='ltr'>bonis,</span> 
     </span>
     <span class='ocr_line' id='line_1_45' title="bbox 678 5187 2219 5273; baseline -0.003 -17"><span class='ocrx_word' id='word_1_303' title='bbox 678 5192 791 5273; x_wconf 88' lang='lat' dir='ltr'>qui</span> <span class='ocrx_word' id='word_1_304' title='bbox 825 5191 1125 5256; x_wconf 87' lang='lat' dir='ltr'>dicuntur</span> <span class='ocrx_word' id='word_1_305' title='bbox 1151 5195 1330 5256; x_wconf 78' lang='lat' dir='ltr'>astra</span> <span class='ocrx_word' id='word_1_306' title='bbox 1366 5190 1624 5270; x_wconf 90' lang='lat' dir='ltr'>propter</span> <span class='ocrx_word' id='word_1_307' title='bbox 1654 5187 1976 5267; x_wconf 81' lang='lat' dir='ltr'>fulgorem</span> <span class='ocrx_word' id='word_1_308' title='bbox 2004 5193 2219 5253; x_wconf 88' lang='lat' dir='ltr'>matu-</span> 
     </span>
     <span class='ocr_line' id='line_1_46' title="bbox 677 5293 2218 5380; baseline 0 -19"><span class='ocrx_word' id='word_1_309' title='bbox 677 5299 832 5363; x_wconf 80' lang='lat' dir='ltr'>tinae</span> <span class='ocrx_word' id='word_1_310' title='bbox 865 5297 1249 5380; x_wconf 84' lang='lat' dir='ltr'>cognitionis</span> <span class='ocrx_word' id='word_1_311' title='bbox 1286 5313 1483 5378; x_wconf 88' lang='lat' dir='ltr'>quam</span> <span class='ocrx_word' id='word_1_312' title='bbox 1520 5294 1757 5360; x_wconf 84' lang='lat' dir='ltr'>habent</span> <span class='ocrx_word' id='word_1_313' title='bbox 1779 5294 1851 5359; x_wconf 90' lang='lat' dir='ltr'>in</span> <span class='ocrx_word' id='word_1_314' title='bbox 1884 5293 2122 5375; x_wconf 78' lang='lat' dir='ltr'>Verbo:</span> <span class='ocrx_word' id='word_1_315' title='bbox 2152 5299 2218 5361; x_wconf 83' lang='lat' dir='ltr'>et</span> 
     </span>
     <span class='ocr_line' id='line_1_47' title="bbox 746 5421 1628 5488; baseline -0.005 -15"><span class='ocrx_word' id='word_1_316' title='bbox 746 5425 763 5457; x_wconf 91' lang='lat'>¹</span> <span class='ocrx_word' id='word_1_317' title='bbox 780 5425 1016 5488; x_wconf 71' lang='lat' dir='ltr'>Gregor„</span> <span class='ocrx_word' id='word_1_318' title='bbox 1040 5422 1222 5474; x_wconf 73' lang='lat' dir='ltr'>Moral.</span> <span class='ocrx_word' id='word_1_319' title='bbox 1251 5421 1340 5472; x_wconf 80' lang='lat' dir='ltr'>tib.</span> <span class='ocrx_word' id='word_1_320' title='bbox 1368 5423 1412 5472; x_wconf 85' lang='lat' dir='ltr'>ll</span> <span class='ocrx_word' id='word_1_321' title='bbox 1435 5457 1448 5483; x_wconf 85' lang='lat'>,</span> <span class='ocrx_word' id='word_1_322' title='bbox 1475 5436 1522 5471; x_wconf 87' lang='lat' dir='ltr'>c.</span> <span class='ocrx_word' id='word_1_323' title='bbox 1553 5432 1628 5471; x_wconf 77' lang='grc' dir='ltr'>ιν.</span> 
     </span>
    </p>
   </div>
   <div class='ocr_carea' id='block_1_3' title="bbox 1838 428 2769 502">
    <p class='ocr_par' dir='ltr' id='par_1_3' title="bbox 1838 428 2769 502">
     <span class='ocr_line' id='line_1_48' title="bbox 1838 428 2769 502; baseline 0.004 -4"><span class='ocrx_word' id='word_1_324' title='bbox 1838 428 2460 499; x_wconf 78' lang='lat' dir='ltr'><strong>SENTENTIARUM</strong></span> <span class='ocrx_word' id='word_1_325' title='bbox 2497 434 2645 501; x_wconf 87' lang='lat' dir='ltr'>LIB.</span> <span class='ocrx_word' id='word_1_326' title='bbox 2691 435 2769 502; x_wconf 87' lang='grc' dir='ltr'>ΙΙ.</span> 
     </span>
    </p>
   </div>
   <div class='ocr_carea' id='block_1_4' title="bbox 2357 569 3871 759">
    <p class='ocr_par' dir='ltr' id='par_1_4' title="bbox 2357 569 3871 759">
     <span class='ocr_line' id='line_1_49' title="bbox 2357 569 3871 655; baseline 0.008 -22"><span class='ocrx_word' id='word_1_327' title='bbox 2357 569 2434 633; x_wconf 90' lang='lat' dir='ltr'>de</span> <span class='ocrx_word' id='word_1_328' title='bbox 2461 570 2649 635; x_wconf 92' lang='lat' dir='ltr'>laude</span> <span class='ocrx_word' id='word_1_329' title='bbox 2674 573 2958 649; x_wconf 83' lang='lat' dir='ltr'>mentali,</span> <span class='ocrx_word' id='word_1_330' title='bbox 2990 579 3306 655; x_wconf 84' lang='lat' dir='ltr'>quantum</span> <span class='ocrx_word' id='word_1_331' title='bbox 3332 577 3412 640; x_wconf 91' lang='lat' dir='ltr'>ad</span> <span class='ocrx_word' id='word_1_332' title='bbox 3439 578 3871 645; x_wconf 83' lang='lat' dir='ltr'>exultationem</span> 
     </span>
     <span class='ocr_line' id='line_1_50' title="bbox 2357 678 3098 759; baseline 0.008 -19"><span class='ocrx_word' id='word_1_333' title='bbox 2357 694 2554 759; x_wconf 88' lang='lat' dir='ltr'>quam</span> <span class='ocrx_word' id='word_1_334' title='bbox 2581 678 2818 743; x_wconf 88' lang='lat' dir='ltr'>habent</span> <span class='ocrx_word' id='word_1_335' title='bbox 2846 679 2924 745; x_wconf 89' lang='lat' dir='ltr'>de</span> <span class='ocrx_word' id='word_1_336' title='bbox 2950 680 3098 746; x_wconf 91' lang='lat' dir='ltr'>Deo.</span> 
     </span>
    </p>
   </div>
   <div class='ocr_carea' id='block_1_5' title="bbox 3002 868 3258 915">
    <p class='ocr_par' dir='ltr' id='par_1_5' title="bbox 3002 868 3258 915">
     <span class='ocr_line' id='line_1_51' title="bbox 3002 868 3258 915; baseline 0.008 -2"><span class='ocrx_word' id='word_1_337' title='bbox 3002 868 3138 914; x_wconf 85' lang='lat' dir='ltr'>DUB.</span> <span class='ocrx_word' id='word_1_338' title='bbox 3188 870 3258 915; x_wconf 86' lang='lat'>11.</span> 
     </span>
    </p>
   </div>
   <div class='ocr_carea' id='block_1_6' title="bbox 2826 983 3422 1036">
    <p class='ocr_par' dir='ltr' id='par_1_6' title="bbox 2826 983 3422 1036">
     <span class='ocr_line' id='line_1_52' title="bbox 2826 983 3422 1036; baseline 0.007 -4"><span class='ocrx_word' id='word_1_339' title='bbox 2826 983 3110 1033; x_wconf 76' lang='lat' dir='ltr'>Ascendam</span> <span class='ocrx_word' id='word_1_340' title='bbox 3136 984 3191 1033; x_wconf 89' lang='lat' dir='ltr'>in</span> <span class='ocrx_word' id='word_1_341' title='bbox 3213 984 3422 1036; x_wconf 85' lang='lat' dir='ltr'>coetum.</span> 
     </span>
    </p>
   </div>
   <div class='ocr_carea' id='block_1_7' title="bbox 2351 1102 3876 1409">
    <p class='ocr_par' dir='ltr' id='par_1_7' title="bbox 2351 1102 3876 1409">
     <span class='ocr_line' id='line_1_53' title="bbox 2434 1102 3876 1192; baseline 0.008 -25"><span class='ocrx_word' id='word_1_342' title='bbox 2434 1102 2594 1168; x_wconf 85' lang='lat' dir='ltr'>Cum</span> <span class='ocrx_word' id='word_1_343' title='bbox 2634 1103 2883 1170; x_wconf 80' lang='lat' dir='ltr'>Lucifer</span> <span class='ocrx_word' id='word_1_344' title='bbox 2929 1113 3091 1172; x_wconf 83' lang='lat' dir='ltr'>esset</span> <span class='ocrx_word' id='word_1_345' title='bbox 3131 1109 3203 1173; x_wconf 90' lang='lat' dir='ltr'>in</span> <span class='ocrx_word' id='word_1_346' title='bbox 3247 1127 3550 1192; x_wconf 84' lang='lat' dir='ltr'>empyreo</span> <span class='ocrx_word' id='word_1_347' title='bbox 3569 1161 3586 1189; x_wconf 95' lang='lat'>,</span> <span class='ocrx_word' id='word_1_348' title='bbox 3633 1113 3876 1179; x_wconf 85' lang='lat' dir='ltr'>videtur</span> 
     </span>
     <span class='ocr_line' id='line_1_54' title="bbox 2351 1211 3872 1297; baseline 0.008 -23"><span class='ocrx_word' id='word_1_349' title='bbox 2351 1211 2524 1293; x_wconf 87' lang='lat' dir='ltr'>quod</span> <span class='ocrx_word' id='word_1_350' title='bbox 2546 1212 2712 1276; x_wconf 89' lang='lat' dir='ltr'>ultra</span> <span class='ocrx_word' id='word_1_351' title='bbox 2738 1232 3115 1297; x_wconf 84' lang='lat' dir='ltr'>empyreum</span> <span class='ocrx_word' id='word_1_352' title='bbox 3145 1218 3225 1280; x_wconf 91' lang='lat' dir='ltr'>sit</span> <span class='ocrx_word' id='word_1_353' title='bbox 3246 1218 3422 1282; x_wconf 89' lang='lat' dir='ltr'>aliud</span> <span class='ocrx_word' id='word_1_354' title='bbox 3442 1220 3696 1282; x_wconf 87' lang='lat' dir='ltr'>eoelum.</span> <span class='ocrx_word' id='word_1_355' title='bbox 3722 1220 3782 1284; x_wconf 92' lang='lat' dir='ltr'>Si</span> <span class='ocrx_word' id='word_1_356' title='bbox 3804 1226 3872 1286; x_wconf 89' lang='lat' dir='ltr'>tu</span> 
     </span>
     <span class='ocr_line' id='line_1_55' title="bbox 2352 1317 3868 1409; baseline 0.007 -27"><span class='ocrx_word' id='word_1_357' title='bbox 2352 1317 2521 1382; x_wconf 88' lang='lat' dir='ltr'>dicas</span> <span class='ocrx_word' id='word_1_358' title='bbox 2550 1320 2720 1401; x_wconf 85' lang='lat' dir='ltr'>quod</span> <span class='ocrx_word' id='word_1_359' title='bbox 2751 1339 2880 1385; x_wconf 91' lang='lat' dir='ltr'>non</span> <span class='ocrx_word' id='word_1_360' title='bbox 2919 1326 3014 1385; x_wconf 86' lang='lat' dir='ltr'>est</span> <span class='ocrx_word' id='word_1_361' title='bbox 3058 1324 3230 1387; x_wconf 88' lang='lat' dir='ltr'>aliud</span> <span class='ocrx_word' id='word_1_362' title='bbox 3267 1325 3502 1389; x_wconf 85' lang='lat' dir='ltr'>coelum</span> <span class='ocrx_word' id='word_1_363' title='bbox 3541 1327 3868 1409; x_wconf 85' lang='lat' dir='ltr'>corporale,</span> 
     </span>
    </p>
   </div>
   <div class='ocr_carea' id='block_1_8' title="bbox 2349 1423 4008 1509">
    <p class='ocr_par' dir='ltr' id='par_1_8' title="bbox 2349 1423 4008 1509">
     <span class='ocr_line' id='line_1_56' title="bbox 2349 1423 4008 1509; baseline 0.007 -21"><span class='ocrx_word' id='word_1_364' title='bbox 2349 1426 2459 1489; x_wconf 90' lang='lat' dir='ltr'>sed</span> <span class='ocrx_word' id='word_1_365' title='bbox 2476 1426 2827 1509; x_wconf 78' lang='lat' dir='ltr'>spirituale3</span> <span class='ocrx_word' id='word_1_366' title='bbox 2852 1435 3100 1493; x_wconf 89' lang='lat' dir='ltr'>contra:</span> <span class='ocrx_word' id='word_1_367' title='bbox 3129 1430 3322 1495; x_wconf 81' lang='lat' dir='ltr'>Extra</span> <span class='ocrx_word' id='word_1_368' title='bbox 3342 1433 3642 1497; x_wconf 86' lang='lat' dir='ltr'>ultimum</span> <span class='ocrx_word' id='word_1_369' title='bbox 3657 1435 3870 1498; x_wconf 72' lang='lat' dir='ltr'>ccelum</span> <span class='ocrx_word' id='word_1_370' title='bbox 3994 1423 4008 1449; x_wconf 78' lang='lat'>⁸</span> 
     </span>
    </p>
   </div>
   <div class='ocr_carea' id='block_1_9' title="bbox 2329 1535 3876 5271">
    <p class='ocr_par' dir='ltr' id='par_1_9' title="bbox 2329 1535 3876 5271">
     <span class='ocr_line' id='line_1_57' title="bbox 2350 1535 3870 1619; baseline 0.007 -23"><span class='ocrx_word' id='word_1_371' title='bbox 2350 1535 2672 1615; x_wconf 90' lang='lat' dir='ltr'>corporale</span> <span class='ocrx_word' id='word_1_372' title='bbox 2698 1536 2860 1599; x_wconf 88' lang='lat' dir='ltr'>nihil</span> <span class='ocrx_word' id='word_1_373' title='bbox 2885 1541 3000 1613; x_wconf 90' lang='lat' dir='ltr'>est,</span> <span class='ocrx_word' id='word_1_374' title='bbox 3033 1538 3183 1619; x_wconf 89' lang='lat' dir='ltr'>quia</span> <span class='ocrx_word' id='word_1_375' title='bbox 3206 1542 3299 1601; x_wconf 89' lang='lat' dir='ltr'>est</span> <span class='ocrx_word' id='word_1_376' title='bbox 3322 1541 3704 1605; x_wconf 72' lang='lat' dir='ltr'>continentia</span> <span class='ocrx_word' id='word_1_377' title='bbox 3731 1543 3870 1606; x_wconf 89' lang='lat' dir='ltr'>visi-</span> 
     </span>
     <span class='ocr_line' id='line_1_58' title="bbox 2349 1641 3868 1732; baseline 0.008 -29"><span class='ocrx_word' id='word_1_378' title='bbox 2349 1641 2572 1704; x_wconf 91' lang='lat' dir='ltr'>bilium</span> <span class='ocrx_word' id='word_1_379' title='bbox 2610 1647 2672 1705; x_wconf 91' lang='lat' dir='ltr'>et</span> <span class='ocrx_word' id='word_1_380' title='bbox 2717 1643 3175 1707; x_wconf 84' lang='lat' dir='ltr'>invisibilium:</span> <span class='ocrx_word' id='word_1_381' title='bbox 3212 1664 3369 1726; x_wconf 87' lang='lat' dir='ltr'>ergo</span> <span class='ocrx_word' id='word_1_382' title='bbox 3417 1649 3666 1712; x_wconf 89' lang='lat' dir='ltr'>videtur</span> <span class='ocrx_word' id='word_1_383' title='bbox 3709 1652 3868 1732; x_wconf 88' lang='lat' dir='ltr'>quod</span> 
     </span>
     <span class='ocr_line' id='line_1_59' title="bbox 2348 1749 3871 1840; baseline 0.007 -30"><span class='ocrx_word' id='word_1_384' title='bbox 2348 1766 2480 1815; x_wconf 91' lang='lat' dir='ltr'>non</span> <span class='ocrx_word' id='word_1_385' title='bbox 2507 1749 2586 1812; x_wconf 88' lang='lat' dir='ltr'>sit</span> <span class='ocrx_word' id='word_1_386' title='bbox 2628 1749 2800 1813; x_wconf 86' lang='lat' dir='ltr'>aliud</span> <span class='ocrx_word' id='word_1_387' title='bbox 2830 1752 3060 1814; x_wconf 87' lang='lat' dir='ltr'>coelum</span> <span class='ocrx_word' id='word_1_388' title='bbox 3098 1753 3422 1833; x_wconf 88' lang='lat' dir='ltr'>spirituale</span> <span class='ocrx_word' id='word_1_389' title='bbox 3464 1755 3636 1818; x_wconf 89' lang='lat' dir='ltr'>ultra</span> <span class='ocrx_word' id='word_1_390' title='bbox 3661 1775 3871 1840; x_wconf 85' lang='lat' dir='ltr'>empy-</span> 
     </span>
     <span class='ocr_line' id='line_1_60' title="bbox 2347 1857 3870 1943; baseline 0.007 -25"><span class='ocrx_word' id='word_1_391' title='bbox 2347 1873 2563 1934; x_wconf 90' lang='lat' dir='ltr'>reum,</span> <span class='ocrx_word' id='word_1_392' title='bbox 2593 1857 2754 1938; x_wconf 89' lang='lat' dir='ltr'>quin</span> <span class='ocrx_word' id='word_1_393' title='bbox 2791 1857 2983 1921; x_wconf 91' lang='lat' dir='ltr'>etiam</span> <span class='ocrx_word' id='word_1_394' title='bbox 3010 1859 3091 1921; x_wconf 92' lang='lat' dir='ltr'>sit</span> <span class='ocrx_word' id='word_1_395' title='bbox 3130 1860 3302 1923; x_wconf 87' lang='lat' dir='ltr'>allud</span> <span class='ocrx_word' id='word_1_396' title='bbox 3335 1863 3683 1943; x_wconf 88' lang='lat' dir='ltr'>corporale.</span> <span class='ocrx_word' id='word_1_397' title='bbox 3725 1864 3870 1930; x_wconf 80' lang='lat' dir='ltr'>item</span> 
     </span>
     <span class='ocr_line' id='line_1_61' title="bbox 2348 1962 3874 2053; baseline 0.006 -27"><span class='ocrx_word' id='word_1_398' title='bbox 2348 1962 2629 2027; x_wconf 86' lang='lat' dir='ltr'>Christus</span> <span class='ocrx_word' id='word_1_399' title='bbox 2654 1965 2829 2029; x_wconf 90' lang='lat' dir='ltr'>sedet</span> <span class='ocrx_word' id='word_1_400' title='bbox 2865 1984 2904 2028; x_wconf 92' lang='lat' dir='ltr'>a</span> <span class='ocrx_word' id='word_1_401' title='bbox 2933 1965 3171 2029; x_wconf 80' lang='lat' dir='ltr'>dextris</span> <span class='ocrx_word' id='word_1_402' title='bbox 3197 1966 3329 2044; x_wconf 91' lang='lat' dir='ltr'>Dei,</span> <span class='ocrx_word' id='word_1_403' title='bbox 3360 1974 3421 2031; x_wconf 86' lang='lat' dir='ltr'>et</span> <span class='ocrx_word' id='word_1_404' title='bbox 3459 1969 3644 2034; x_wconf 81' lang='lat' dir='ltr'>beata</span> <span class='ocrx_word' id='word_1_405' title='bbox 3687 1969 3874 2053; x_wconf 77' lang='lat' dir='ltr'>Virgo</span> 
     </span>
     <span class='ocr_line' id='line_1_62' title="bbox 2346 2072 3868 2157; baseline 0.005 -23"><span class='ocrx_word' id='word_1_406' title='bbox 2346 2075 2440 2134; x_wconf 90' lang='lat' dir='ltr'>est</span> <span class='ocrx_word' id='word_1_407' title='bbox 2467 2072 2738 2136; x_wconf 81' lang='lat' dir='ltr'>exaltata</span> <span class='ocrx_word' id='word_1_408' title='bbox 2755 2091 2948 2155; x_wconf 90' lang='lat' dir='ltr'>super</span> <span class='ocrx_word' id='word_1_409' title='bbox 2969 2090 3193 2136; x_wconf 90' lang='lat' dir='ltr'>omnes</span> <span class='ocrx_word' id='word_1_410' title='bbox 3221 2075 3449 2138; x_wconf 87' lang='lat' dir='ltr'>choros</span> <span class='ocrx_word' id='word_1_411' title='bbox 3474 2077 3868 2157; x_wconf 82' lang='lat' dir='ltr'>angelorum:</span> 
     </span>
     <span class='ocr_line' id='line_1_63' title="bbox 2346 2180 3874 2264; baseline 0.006 -22"><span class='ocrx_word' id='word_1_412' title='bbox 2346 2184 2408 2242; x_wconf 93' lang='lat' dir='ltr'>et</span> <span class='ocrx_word' id='word_1_413' title='bbox 2456 2184 2585 2243; x_wconf 91' lang='lat' dir='ltr'>tam</span> <span class='ocrx_word' id='word_1_414' title='bbox 2632 2180 2913 2246; x_wconf 85' lang='lat' dir='ltr'>Christus</span> <span class='ocrx_word' id='word_1_415' title='bbox 2965 2200 3162 2263; x_wconf 88' lang='lat' dir='ltr'>quam</span> <span class='ocrx_word' id='word_1_416' title='bbox 3215 2181 3397 2245; x_wconf 86' lang='lat' dir='ltr'>beata</span> <span class='ocrx_word' id='word_1_417' title='bbox 3439 2182 3640 2264; x_wconf 83' lang='lat' dir='ltr'>Virgo</span> <span class='ocrx_word' id='word_1_418' title='bbox 3686 2191 3777 2249; x_wconf 90' lang='lat' dir='ltr'>est</span> <span class='ocrx_word' id='word_1_419' title='bbox 3815 2187 3874 2251; x_wconf 90' lang='lat' dir='ltr'>in</span> 
     </span>
     <span class='ocr_line' id='line_1_64' title="bbox 2345 2286 3876 2375; baseline 0.005 -26"><span class='ocrx_word' id='word_1_420' title='bbox 2345 2286 2501 2350; x_wconf 83' lang='lat' dir='ltr'>coelo</span> <span class='ocrx_word' id='word_1_421' title='bbox 2531 2289 2838 2369; x_wconf 85' lang='lat' dir='ltr'>corporali</span> <span class='ocrx_word' id='word_1_422' title='bbox 2863 2311 2878 2352; x_wconf 93' lang='lat'>:</span> <span class='ocrx_word' id='word_1_423' title='bbox 2902 2307 3058 2369; x_wconf 89' lang='lat' dir='ltr'>ergo</span> <span class='ocrx_word' id='word_1_424' title='bbox 3078 2290 3130 2351; x_wconf 90' lang='lat' dir='ltr'>si</span> <span class='ocrx_word' id='word_1_425' title='bbox 3155 2288 3367 2369; x_wconf 86' lang='lat' dir='ltr'>angeli</span> <span class='ocrx_word' id='word_1_426' title='bbox 3395 2296 3544 2353; x_wconf 91' lang='lat' dir='ltr'>sunt</span> <span class='ocrx_word' id='word_1_427' title='bbox 3574 2291 3644 2354; x_wconf 93' lang='lat' dir='ltr'>in</span> <span class='ocrx_word' id='word_1_428' title='bbox 3668 2311 3767 2355; x_wconf 89' lang='lat' dir='ltr'>em</span> <span class='ocrx_word' id='word_1_429' title='bbox 3775 2312 3876 2375; x_wconf 85' lang='lat' dir='ltr'>py-</span> 
     </span>
     <span class='ocr_line' id='line_1_65' title="bbox 2343 2395 3874 2478; baseline 0.005 -22"><span class='ocrx_word' id='word_1_430' title='bbox 2343 2411 2476 2469; x_wconf 89' lang='lat' dir='ltr'>re0,</span> <span class='ocrx_word' id='word_1_431' title='bbox 2505 2395 2757 2459; x_wconf 89' lang='lat' dir='ltr'>videtur</span> <span class='ocrx_word' id='word_1_432' title='bbox 2788 2397 2959 2478; x_wconf 86' lang='lat' dir='ltr'>quod</span> <span class='ocrx_word' id='word_1_433' title='bbox 2995 2396 3162 2460; x_wconf 87' lang='lat' dir='ltr'>ultra</span> <span class='ocrx_word' id='word_1_434' title='bbox 3188 2414 3572 2477; x_wconf 86' lang='lat' dir='ltr'>empyreum</span> <span class='ocrx_word' id='word_1_435' title='bbox 3597 2398 3678 2460; x_wconf 88' lang='lat' dir='ltr'>sit</span> <span class='ocrx_word' id='word_1_436' title='bbox 3714 2401 3874 2463; x_wconf 87' lang='lat' dir='ltr'>aliud</span> 
     </span>
     <span class='ocr_line' id='line_1_66' title="bbox 2343 2502 3873 2586; baseline 0.004 -21"><span class='ocrx_word' id='word_1_437' title='bbox 2343 2502 2578 2565; x_wconf 88' lang='lat' dir='ltr'>coelum</span> <span class='ocrx_word' id='word_1_438' title='bbox 2616 2504 2973 2585; x_wconf 88' lang='lat' dir='ltr'>corporale:</span> <span class='ocrx_word' id='word_1_439' title='bbox 3023 2522 3179 2583; x_wconf 83' lang='lat' dir='ltr'>ergo</span> <span class='ocrx_word' id='word_1_440' title='bbox 3220 2521 3352 2567; x_wconf 90' lang='lat' dir='ltr'>non</span> <span class='ocrx_word' id='word_1_441' title='bbox 3396 2504 3778 2586; x_wconf 83' lang='lat' dir='ltr'>intelligitur</span> <span class='ocrx_word' id='word_1_442' title='bbox 3803 2507 3873 2571; x_wconf 89' lang='lat' dir='ltr'>de</span> 
     </span>
     <span class='ocr_line' id='line_1_67' title="bbox 2343 2608 3875 2696; baseline 0.004 -26"><span class='ocrx_word' id='word_1_443' title='bbox 2343 2608 2672 2690; x_wconf 85' lang='lat' dir='ltr'>spirituali.</span> <span class='ocrx_word' id='word_1_444' title='bbox 2707 2610 3028 2684; x_wconf 86' lang='lat' dir='ltr'>Quaeritur</span> <span class='ocrx_word' id='word_1_445' title='bbox 3070 2610 3293 2691; x_wconf 85' lang='lat' dir='ltr'>igitur,</span> <span class='ocrx_word' id='word_1_446' title='bbox 3340 2609 3393 2673; x_wconf 90' lang='lat' dir='ltr'>si</span> <span class='ocrx_word' id='word_1_447' title='bbox 3445 2612 3613 2675; x_wconf 88' lang='lat' dir='ltr'>ultra</span> <span class='ocrx_word' id='word_1_448' title='bbox 3659 2631 3875 2696; x_wconf 82' lang='lat' dir='ltr'>empy-</span> 
     </span>
     <span class='ocr_line' id='line_1_68' title="bbox 2341 2716 3874 2802; baseline 0.003 -23"><span class='ocrx_word' id='word_1_449' title='bbox 2341 2733 2525 2779; x_wconf 88' lang='lat' dir='ltr'>reum</span> <span class='ocrx_word' id='word_1_450' title='bbox 2562 2720 2656 2779; x_wconf 90' lang='lat' dir='ltr'>est</span> <span class='ocrx_word' id='word_1_451' title='bbox 2703 2716 2938 2780; x_wconf 84' lang='lat' dir='ltr'>coelurn</span> <span class='ocrx_word' id='word_1_452' title='bbox 2975 2717 3334 2797; x_wconf 89' lang='lat' dir='ltr'>spirituale,</span> <span class='ocrx_word' id='word_1_453' title='bbox 3373 2720 3528 2801; x_wconf 84' lang='lat' dir='ltr'>quid</span> <span class='ocrx_word' id='word_1_454' title='bbox 3570 2719 3685 2798; x_wconf 90' lang='lat' dir='ltr'>sit,</span> <span class='ocrx_word' id='word_1_455' title='bbox 3730 2721 3874 2802; x_wconf 86' lang='lat' dir='ltr'>quid</span> 
     </span>
     <span class='ocr_line' id='line_1_69' title="bbox 2340 2824 3749 2907; baseline 0.002 -20"><span class='ocrx_word' id='word_1_456' title='bbox 2340 2824 2677 2899; x_wconf 85' lang='lat' dir='ltr'>contineat,</span> <span class='ocrx_word' id='word_1_457' title='bbox 2709 2829 2773 2888; x_wconf 92' lang='lat' dir='ltr'>et</span> <span class='ocrx_word' id='word_1_458' title='bbox 2798 2842 2912 2905; x_wconf 89' lang='lat' dir='ltr'>pro</span> <span class='ocrx_word' id='word_1_459' title='bbox 2941 2829 3180 2907; x_wconf 86' lang='lat' dir='ltr'>quanto</span> <span class='ocrx_word' id='word_1_460' title='bbox 3208 2825 3453 2889; x_wconf 87' lang='lat' dir='ltr'>dicatur</span> <span class='ocrx_word' id='word_1_461' title='bbox 3487 2826 3749 2891; x_wconf 82' lang='lat' dir='ltr'>coelum.</span> 
     </span>
     <span class='ocr_line' id='line_1_70' title="bbox 2420 2929 3871 3013; baseline 0.003 -19"><span class='ocrx_word' id='word_1_462' title='bbox 2420 2929 2605 3013; x_wconf 87' lang='lat' dir='ltr'>Resp.</span> <span class='ocrx_word' id='word_1_463' title='bbox 2645 2930 2996 2995; x_wconf 87' lang='lat' dir='ltr'>Dicendum</span> <span class='ocrx_word' id='word_1_464' title='bbox 3036 2932 3207 3013; x_wconf 86' lang='lat' dir='ltr'>quod</span> <span class='ocrx_word' id='word_1_465' title='bbox 3243 2932 3480 2995; x_wconf 86' lang='lat' dir='ltr'>coelum</span> <span class='ocrx_word' id='word_1_466' title='bbox 3516 2936 3612 2996; x_wconf 87' lang='lat' dir='ltr'>est</span> <span class='ocrx_word' id='word_1_467' title='bbox 3647 2952 3871 2998; x_wconf 88' lang='lat' dir='ltr'>nomen</span> 
     </span>
     <span class='ocr_line' id='line_1_71' title="bbox 2340 3037 3873 3124; baseline 0.001 -23"><span class='ocrx_word' id='word_1_468' title='bbox 2340 3037 2708 3121; x_wconf 86' lang='lat' dir='ltr'>impositum</span> <span class='ocrx_word' id='word_1_469' title='bbox 2736 3039 2987 3122; x_wconf 89' lang='lat' dir='ltr'>corpori</span> <span class='ocrx_word' id='word_1_470' title='bbox 3012 3038 3367 3103; x_wconf 89' lang='lat' dir='ltr'>secundum</span> <span class='ocrx_word' id='word_1_471' title='bbox 3405 3058 3592 3103; x_wconf 89' lang='lat' dir='ltr'>suam</span> <span class='ocrx_word' id='word_1_472' title='bbox 3622 3041 3873 3124; x_wconf 91' lang='lat' dir='ltr'>imposi-</span> 
     </span>
     <span class='ocr_line' id='line_1_72' title="bbox 2338 3147 3870 3229; baseline 0.003 -20"><span class='ocrx_word' id='word_1_473' title='bbox 2338 3147 2619 3210; x_wconf 88' lang='lat' dir='ltr'>tionem:</span> <span class='ocrx_word' id='word_1_474' title='bbox 2660 3150 2723 3210; x_wconf 93' lang='lat' dir='ltr'>et</span> <span class='ocrx_word' id='word_1_475' title='bbox 2755 3165 2985 3229; x_wconf 90' lang='lat' dir='ltr'>corpus</span> <span class='ocrx_word' id='word_1_476' title='bbox 3010 3147 3185 3229; x_wconf 88' lang='lat' dir='ltr'>quod</span> <span class='ocrx_word' id='word_1_477' title='bbox 3211 3151 3309 3210; x_wconf 88' lang='lat' dir='ltr'>est</span> <span class='ocrx_word' id='word_1_478' title='bbox 3333 3165 3620 3225; x_wconf 89' lang='lat' dir='ltr'>sursum,</span> <span class='ocrx_word' id='word_1_479' title='bbox 3649 3147 3870 3213; x_wconf 86' lang='lat' dir='ltr'>dicitur</span> 
     </span>
     <span class='ocr_line' id='line_1_73' title="bbox 2338 3253 3869 3336; baseline 0.001 -19"><span class='ocrx_word' id='word_1_480' title='bbox 2338 3253 2595 3333; x_wconf 82' lang='lat' dir='ltr'>coelum,</span> <span class='ocrx_word' id='word_1_481' title='bbox 2641 3253 2798 3336; x_wconf 86' lang='lat' dir='ltr'>quia</span> <span class='ocrx_word' id='word_1_482' title='bbox 2825 3259 2921 3317; x_wconf 88' lang='lat' dir='ltr'>est</span> <span class='ocrx_word' id='word_1_483' title='bbox 2956 3253 3424 3333; x_wconf 77' lang='lat' dir='ltr'>contentivam,</span> <span class='ocrx_word' id='word_1_484' title='bbox 3468 3260 3787 3319; x_wconf 87' lang='lat' dir='ltr'>secretum</span> <span class='ocrx_word' id='word_1_485' title='bbox 3815 3261 3869 3321; x_wconf 90' lang='lat' dir='ltr'>et</span> 
     </span>
     <span class='ocr_line' id='line_1_74' title="bbox 2337 3362 3869 3445; baseline 0.002 -20"><span class='ocrx_word' id='word_1_486' title='bbox 2337 3362 2664 3444; x_wconf 86' lang='lat' dir='ltr'>quietum:</span> <span class='ocrx_word' id='word_1_487' title='bbox 2694 3366 2757 3425; x_wconf 90' lang='lat' dir='ltr'>et</span> <span class='ocrx_word' id='word_1_488' title='bbox 2781 3362 2939 3444; x_wconf 79' lang='lat' dir='ltr'>quia</span> <span class='ocrx_word' id='word_1_489' title='bbox 2964 3362 3105 3426; x_wconf 83' lang='lat' dir='ltr'>haec</span> <span class='ocrx_word' id='word_1_490' title='bbox 3139 3362 3371 3444; x_wconf 85' lang='lat' dir='ltr'>triplex</span> <span class='ocrx_word' id='word_1_491' title='bbox 3398 3363 3751 3445; x_wconf 88' lang='lat' dir='ltr'>proprietas</span> <span class='ocrx_word' id='word_1_492' title='bbox 3776 3381 3869 3427; x_wconf 88' lang='lat' dir='ltr'>re-</span> 
     </span>
     <span class='ocr_line' id='line_1_75' title="bbox 2337 3469 3870 3551; baseline 0.002 -19"><span class='ocrx_word' id='word_1_493' title='bbox 2337 3469 2584 3551; x_wconf 91' lang='lat' dir='ltr'>peritur</span> <span class='ocrx_word' id='word_1_494' title='bbox 2599 3471 2669 3532; x_wconf 93' lang='lat' dir='ltr'>in</span> <span class='ocrx_word' id='word_1_495' title='bbox 2691 3469 3059 3534; x_wconf 87' lang='lat' dir='ltr'>celsitudine</span> <span class='ocrx_word' id='word_1_496' title='bbox 3077 3469 3454 3546; x_wconf 75' lang='lat' dir='ltr'>DivinitatiS,</span> <span class='ocrx_word' id='word_1_497' title='bbox 3476 3470 3624 3535; x_wconf 88' lang='lat' dir='ltr'>ideo</span> <span class='ocrx_word' id='word_1_498' title='bbox 3651 3471 3870 3536; x_wconf 86' lang='lat' dir='ltr'>dicitur</span> 
     </span>
     <span class='ocr_line' id='line_1_76' title="bbox 2336 3576 3863 3659; baseline 0 -19"><span class='ocrx_word' id='word_1_499' title='bbox 2336 3576 2591 3641; x_wconf 86' lang='lat' dir='ltr'>coelum.</span> <span class='ocrx_word' id='word_1_500' title='bbox 2638 3576 2749 3642; x_wconf 89' lang='lat' dir='ltr'>Est</span> <span class='ocrx_word' id='word_1_501' title='bbox 2799 3578 2973 3642; x_wconf 90' lang='lat' dir='ltr'>enim</span> <span class='ocrx_word' id='word_1_502' title='bbox 3017 3577 3232 3659; x_wconf 89' lang='lat' dir='ltr'>ampla</span> <span class='ocrx_word' id='word_1_503' title='bbox 3270 3577 3700 3641; x_wconf 86' lang='lat' dir='ltr'>immensitate</span> <span class='ocrx_word' id='word_1_504' title='bbox 3742 3578 3863 3640; x_wconf 89' lang='lat' dir='ltr'>vir-</span> 
     </span>
     <span class='ocr_line' id='line_1_77' title="bbox 2335 3683 3866 3765; baseline 0 -18"><span class='ocrx_word' id='word_1_505' title='bbox 2335 3684 2510 3761; x_wconf 88' lang='lat' dir='ltr'>tutis,</span> <span class='ocrx_word' id='word_1_506' title='bbox 2532 3689 2770 3748; x_wconf 86' lang='lat' dir='ltr'>secreta</span> <span class='ocrx_word' id='word_1_507' title='bbox 2788 3684 3211 3765; x_wconf 79' lang='lat' dir='ltr'>profunditate</span> <span class='ocrx_word' id='word_1_508' title='bbox 3230 3683 3637 3765; x_wconf 88' lang='lat' dir='ltr'>cognitionis,</span> <span class='ocrx_word' id='word_1_509' title='bbox 3662 3684 3866 3765; x_wconf 89' lang='lat' dir='ltr'>quieta</span> 
     </span>
     <span class='ocr_line' id='line_1_78' title="bbox 2335 3789 3865 3872; baseline 0 -20"><span class='ocrx_word' id='word_1_510' title='bbox 2335 3791 2789 3872; x_wconf 85' lang='lat' dir='ltr'>tranquillitate</span> <span class='ocrx_word' id='word_1_511' title='bbox 2811 3790 3258 3857; x_wconf 86' lang='lat' dir='ltr'>delectationis.</span> <span class='ocrx_word' id='word_1_512' title='bbox 3289 3789 3421 3856; x_wconf 89' lang='lat' dir='ltr'>Hoc</span> <span class='ocrx_word' id='word_1_513' title='bbox 3445 3790 3621 3852; x_wconf 83' lang='lat' dir='ltr'>enim</span> <span class='ocrx_word' id='word_1_514' title='bbox 3644 3790 3865 3853; x_wconf 86' lang='lat' dir='ltr'>coelum</span> 
     </span>
     <span class='ocr_line' id='line_1_79' title="bbox 2338 3897 3867 3983; baseline -0.002 -21"><span class='ocrx_word' id='word_1_515' title='bbox 2338 3903 2433 3962; x_wconf 86' lang='lat' dir='ltr'>est</span> <span class='ocrx_word' id='word_1_516' title='bbox 2467 3900 2548 3963; x_wconf 81' lang='lat' dir='ltr'>ad</span> <span class='ocrx_word' id='word_1_517' title='bbox 2586 3901 2754 3983; x_wconf 87' lang='lat' dir='ltr'>quod</span> <span class='ocrx_word' id='word_1_518' title='bbox 2790 3900 3039 3965; x_wconf 76' lang='lat' dir='ltr'>Lucifer</span> <span class='ocrx_word' id='word_1_519' title='bbox 3073 3898 3404 3963; x_wconf 89' lang='lat' dir='ltr'>ascendere</span> <span class='ocrx_word' id='word_1_520' title='bbox 3447 3897 3682 3975; x_wconf 90' lang='lat' dir='ltr'>voluit,</span> <span class='ocrx_word' id='word_1_521' title='bbox 3726 3897 3867 3979; x_wconf 84' lang='lat' dir='ltr'>quia</span> 
     </span>
     <span class='ocr_line' id='line_1_80' title="bbox 2337 4002 3866 4087; baseline -0.005 -16"><span class='ocrx_word' id='word_1_522' title='bbox 2337 4007 2414 4071; x_wconf 88' lang='lat' dir='ltr'>ad</span> <span class='ocrx_word' id='word_1_523' title='bbox 2440 4007 2604 4072; x_wconf 88' lang='lat' dir='ltr'>hanc</span> <span class='ocrx_word' id='word_1_524' title='bbox 2626 4009 3101 4073; x_wconf 88' lang='lat' dir='ltr'>celsitudinem:</span> <span class='ocrx_word' id='word_1_525' title='bbox 3124 4008 3246 4071; x_wconf 90' lang='lat' dir='ltr'>hoc</span> <span class='ocrx_word' id='word_1_526' title='bbox 3261 4012 3356 4069; x_wconf 86' lang='lat' dir='ltr'>est</span> <span class='ocrx_word' id='word_1_527' title='bbox 3377 4004 3676 4087; x_wconf 82' lang='lat' dir='ltr'>superius</span> <span class='ocrx_word' id='word_1_528' title='bbox 3699 4002 3866 4067; x_wconf 88' lang='lat' dir='ltr'>omni</span> 
     </span>
     <span class='ocr_line' id='line_1_81' title="bbox 2338 4111 3866 4195; baseline -0.004 -17"><span class='ocrx_word' id='word_1_529' title='bbox 2338 4115 2528 4194; x_wconf 87' lang='lat' dir='ltr'>coelo,</span> <span class='ocrx_word' id='word_1_530' title='bbox 2557 4134 2689 4179; x_wconf 91' lang='lat' dir='ltr'>non</span> <span class='ocrx_word' id='word_1_531' title='bbox 2726 4117 2887 4194; x_wconf 89' lang='lat' dir='ltr'>situ,</span> <span class='ocrx_word' id='word_1_532' title='bbox 2917 4114 3028 4179; x_wconf 87' lang='lat' dir='ltr'>sed</span> <span class='ocrx_word' id='word_1_533' title='bbox 3063 4114 3401 4195; x_wconf 88' lang='lat' dir='ltr'>dignitate;</span> <span class='ocrx_word' id='word_1_534' title='bbox 3445 4116 3509 4176; x_wconf 90' lang='lat' dir='ltr'>et</span> <span class='ocrx_word' id='word_1_535' title='bbox 3545 4112 3754 4193; x_wconf 89' lang='lat' dir='ltr'>majus</span> <span class='ocrx_word' id='word_1_536' title='bbox 3782 4111 3866 4173; x_wconf 73' lang='lat' dir='ltr'>oet</span> 
     </span>
     <span class='ocr_line' id='line_1_82' title="bbox 2337 4218 3866 4303; baseline -0.003 -18"><span class='ocrx_word' id='word_1_537' title='bbox 2337 4223 2515 4286; x_wconf 90' lang='lat' dir='ltr'>omni</span> <span class='ocrx_word' id='word_1_538' title='bbox 2540 4224 2722 4303; x_wconf 85' lang='lat' dir='ltr'>coelo,</span> <span class='ocrx_word' id='word_1_539' title='bbox 2752 4242 2888 4287; x_wconf 89' lang='lat' dir='ltr'>non</span> <span class='ocrx_word' id='word_1_540' title='bbox 2928 4222 3318 4296; x_wconf 88' lang='lat' dir='ltr'>extensione,</span> <span class='ocrx_word' id='word_1_541' title='bbox 3350 4219 3461 4284; x_wconf 84' lang='lat' dir='ltr'>sed</span> <span class='ocrx_word' id='word_1_542' title='bbox 3487 4236 3571 4282; x_wconf 92' lang='lat' dir='ltr'>ex</span> <span class='ocrx_word' id='word_1_543' title='bbox 3609 4237 3729 4281; x_wconf 92' lang='lat' dir='ltr'>sua</span> <span class='ocrx_word' id='word_1_544' title='bbox 3751 4218 3866 4280; x_wconf 91' lang='lat' dir='ltr'>im-</span> 
     </span>
     <span class='ocr_line' id='line_1_83' title="bbox 2337 4326 3866 4413; baseline -0.003 -22"><span class='ocrx_word' id='word_1_545' title='bbox 2337 4332 2701 4410; x_wconf 88' lang='lat' dir='ltr'>mensitate,</span> <span class='ocrx_word' id='word_1_546' title='bbox 2753 4349 2867 4413; x_wconf 90' lang='lat' dir='ltr'>per</span> <span class='ocrx_word' id='word_1_547' title='bbox 2900 4347 3096 4411; x_wconf 90' lang='lat' dir='ltr'>quam</span> <span class='ocrx_word' id='word_1_548' title='bbox 3128 4332 3223 4391; x_wconf 87' lang='lat' dir='ltr'>est</span> <span class='ocrx_word' id='word_1_549' title='bbox 3260 4332 3444 4391; x_wconf 87' lang='lat' dir='ltr'>extra</span> <span class='ocrx_word' id='word_1_550' title='bbox 3490 4326 3711 4390; x_wconf 88' lang='lat' dir='ltr'>omnia</span> <span class='ocrx_word' id='word_1_551' title='bbox 3745 4342 3866 4388; x_wconf 88' lang='lat' dir='ltr'>nou</span> 
     </span>
     <span class='ocr_line' id='line_1_84' title="bbox 2336 4429 3864 4518; baseline -0.004 -19"><span class='ocrx_word' id='word_1_552' title='bbox 2336 4437 2655 4517; x_wconf 90' lang='lat' dir='ltr'>exclusus,</span> <span class='ocrx_word' id='word_1_553' title='bbox 2679 4437 2843 4501; x_wconf 85' lang='lat' dir='ltr'>sicut</span> <span class='ocrx_word' id='word_1_554' title='bbox 2869 4437 3109 4501; x_wconf 86' lang='lat' dir='ltr'>dictum</span> <span class='ocrx_word' id='word_1_555' title='bbox 3135 4440 3228 4500; x_wconf 87' lang='lat' dir='ltr'>est</span> <span class='ocrx_word' id='word_1_556' title='bbox 3261 4436 3331 4499; x_wconf 88' lang='lat' dir='ltr'>in</span> <span class='ocrx_word' id='word_1_557' title='bbox 3353 4434 3563 4518; x_wconf 90' lang='lat' dir='ltr'>primo</span> <span class='ocrx_word' id='word_1_558' title='bbox 3587 4433 3766 4495; x_wconf 90' lang='lat' dir='ltr'>libro.</span> <span class='ocrx_word' id='word_1_559' title='bbox 3799 4429 3864 4493; x_wconf 91' lang='lat' dir='ltr'>In</span> 
     </span>
     <span class='ocr_line' id='line_1_85' title="bbox 2335 4542 3858 4622; baseline -0.004 -15"><span class='ocrx_word' id='word_1_560' title='bbox 2335 4543 2458 4610; x_wconf 90' lang='lat' dir='ltr'>hoc</span> <span class='ocrx_word' id='word_1_561' title='bbox 2485 4548 2700 4609; x_wconf 89' lang='lat' dir='ltr'>autem</span> <span class='ocrx_word' id='word_1_562' title='bbox 2746 4544 2902 4608; x_wconf 87' lang='lat' dir='ltr'>coelo</span> <span class='ocrx_word' id='word_1_563' title='bbox 2941 4547 3092 4607; x_wconf 91' lang='lat' dir='ltr'>sunt</span> <span class='ocrx_word' id='word_1_564' title='bbox 3132 4542 3342 4607; x_wconf 85' lang='lat' dir='ltr'>solum</span> <span class='ocrx_word' id='word_1_565' title='bbox 3390 4547 3518 4605; x_wconf 89' lang='lat' dir='ltr'>tres</span> <span class='ocrx_word' id='word_1_566' title='bbox 3558 4555 3858 4622; x_wconf 72' lang='lat' dir='ltr'>personae,</span> 
     </span>
     <span class='ocr_line' id='line_1_86' title="bbox 2334 4648 3860 4732; baseline -0.005 -17"><span class='ocrx_word' id='word_1_567' title='bbox 2334 4652 2567 4717; x_wconf 89' lang='lat' dir='ltr'>scilicet</span> <span class='ocrx_word' id='word_1_568' title='bbox 2595 4652 2811 4731; x_wconf 89' lang='lat' dir='ltr'>Pater,</span> <span class='ocrx_word' id='word_1_569' title='bbox 2849 4657 2911 4715; x_wconf 89' lang='lat' dir='ltr'>et</span> <span class='ocrx_word' id='word_1_570' title='bbox 2945 4651 3175 4730; x_wconf 90' lang='lat' dir='ltr'>Filius,</span> <span class='ocrx_word' id='word_1_571' title='bbox 3204 4654 3269 4714; x_wconf 90' lang='lat' dir='ltr'>et</span> <span class='ocrx_word' id='word_1_572' title='bbox 3293 4648 3566 4732; x_wconf 87' lang='lat' dir='ltr'>Spiritus</span> <span class='ocrx_word' id='word_1_573' title='bbox 3591 4652 3860 4724; x_wconf 86' lang='lat' dir='ltr'>sanctus,</span> 
     </span>
     <span class='ocr_line' id='line_1_87' title="bbox 2334 4751 3858 4842; baseline -0.005 -18"><span class='ocrx_word' id='word_1_574' title='bbox 2334 4760 2446 4842; x_wconf 88' lang='lat' dir='ltr'>qui</span> <span class='ocrx_word' id='word_1_575' title='bbox 2490 4760 2607 4823; x_wconf 90' lang='lat' dir='ltr'>soli</span> <span class='ocrx_word' id='word_1_576' title='bbox 2642 4764 2795 4824; x_wconf 88' lang='lat' dir='ltr'>sunt</span> <span class='ocrx_word' id='word_1_577' title='bbox 2832 4757 3097 4822; x_wconf 89' lang='lat' dir='ltr'>omnino</span> <span class='ocrx_word' id='word_1_578' title='bbox 3133 4762 3197 4820; x_wconf 89' lang='lat' dir='ltr'>et</span> <span class='ocrx_word' id='word_1_579' title='bbox 3241 4757 3509 4839; x_wconf 76' lang='lat' dir='ltr'>perfecte</span> <span class='ocrx_word' id='word_1_580' title='bbox 3551 4751 3858 4836; x_wconf 79' lang='lat' dir='ltr'>aequales3</span> 
     </span>
     <span class='ocr_line' id='line_1_88' title="bbox 2332 4859 3862 4943; baseline -0.007 -12"><span class='ocrx_word' id='word_1_581' title='bbox 2332 4867 2551 4931; x_wconf 86' lang='lat' dir='ltr'>omnia</span> <span class='ocrx_word' id='word_1_582' title='bbox 2590 4872 2806 4931; x_wconf 87' lang='lat' dir='ltr'>autem</span> <span class='ocrx_word' id='word_1_583' title='bbox 2849 4869 3058 4928; x_wconf 87' lang='lat' dir='ltr'>creata</span> <span class='ocrx_word' id='word_1_584' title='bbox 3077 4911 3095 4940; x_wconf 88' lang='lat'>,</span> <span class='ocrx_word' id='word_1_585' title='bbox 3138 4864 3273 4927; x_wconf 89' lang='lat' dir='ltr'>sive</span> <span class='ocrx_word' id='word_1_586' title='bbox 3309 4860 3662 4943; x_wconf 86' lang='lat' dir='ltr'>corporalia</span> <span class='ocrx_word' id='word_1_587' title='bbox 3678 4907 3694 4937; x_wconf 95' lang='lat'>,</span> <span class='ocrx_word' id='word_1_588' title='bbox 3737 4859 3862 4922; x_wconf 85' lang='lat' dir='ltr'>sive</span> 
     </span>
     <span class='ocr_line' id='line_1_89' title="bbox 2330 4963 3862 5057; baseline -0.008 -18"><span class='ocrx_word' id='word_1_589' title='bbox 2330 4974 2700 5057; x_wconf 82' lang='lat' dir='ltr'>spiritualia,</span> <span class='ocrx_word' id='word_1_590' title='bbox 2715 4974 2886 5036; x_wconf 87' lang='lat' dir='ltr'>intra</span> <span class='ocrx_word' id='word_1_591' title='bbox 2911 4987 3290 5054; x_wconf 86' lang='lat' dir='ltr'>empyreum</span> <span class='ocrx_word' id='word_1_592' title='bbox 3314 4973 3483 5032; x_wconf 87' lang='lat' dir='ltr'>sunt.</span> <span class='ocrx_word' id='word_1_593' title='bbox 3511 4964 3695 5043; x_wconf 84' lang='lat' dir='ltr'>Quod</span> <span class='ocrx_word' id='word_1_594' title='bbox 3714 4963 3862 5045; x_wconf 84' lang='lat' dir='ltr'>obji-</span> 
     </span>
     <span class='ocr_line' id='line_1_90' title="bbox 2329 5059 3861 5160; baseline -0.007 -15"><span class='ocrx_word' id='word_1_595' title='bbox 2329 5083 2494 5145; x_wconf 87' lang='lat' dir='ltr'>citur</span> <span class='ocrx_word' id='word_1_596' title='bbox 2528 5082 2606 5146; x_wconf 90' lang='lat' dir='ltr'>de</span> <span class='ocrx_word' id='word_1_597' title='bbox 2650 5080 2924 5158; x_wconf 89' lang='lat' dir='ltr'>Christo,</span> <span class='ocrx_word' id='word_1_598' title='bbox 2968 5059 3140 5160; x_wconf 78' lang='lat' dir='ltr'>quod</span> <span class='ocrx_word' id='word_1_599' title='bbox 3175 5075 3347 5139; x_wconf 85' lang='lat' dir='ltr'>sedet</span> <span class='ocrx_word' id='word_1_600' title='bbox 3382 5092 3422 5137; x_wconf 88' lang='lat' dir='ltr'>a</span> <span class='ocrx_word' id='word_1_601' title='bbox 3465 5073 3736 5151; x_wconf 81' lang='lat' dir='ltr'>dextris3</span> <span class='ocrx_word' id='word_1_602' title='bbox 3765 5070 3861 5135; x_wconf 86' lang='lat' dir='ltr'>di-</span> 
     </span>
     <span class='ocr_line' id='line_1_91' title="bbox 2329 5176 3859 5271; baseline -0.008 -18"><span class='ocrx_word' id='word_1_603' title='bbox 2329 5189 2602 5253; x_wconf 92' lang='lat' dir='ltr'>cendum</span> <span class='ocrx_word' id='word_1_604' title='bbox 2630 5187 2802 5271; x_wconf 79' lang='lat' dir='ltr'>quod</span> <span class='ocrx_word' id='word_1_605' title='bbox 2831 5187 2952 5252; x_wconf 90' lang='lat' dir='ltr'>hoc</span> <span class='ocrx_word' id='word_1_606' title='bbox 2972 5186 3027 5248; x_wconf 91' lang='lat' dir='ltr'>si</span> <span class='ocrx_word' id='word_1_607' title='bbox 3055 5184 3299 5248; x_wconf 86' lang='lat' dir='ltr'>dicatur</span> <span class='ocrx_word' id='word_1_608' title='bbox 3325 5180 3675 5244; x_wconf 89' lang='lat' dir='ltr'>secundum</span> <span class='ocrx_word' id='word_1_609' title='bbox 3704 5176 3859 5242; x_wconf 87' lang='lat' dir='ltr'>divi-</span> 
     </span>
    </p>
   </div>
   <div class='ocr_carea' id='block_1_10' title="bbox 2297 5285 3856 5371">
    <p class='ocr_par' dir='ltr' id='par_1_10' title="bbox 2297 5285 3856 5371">
     <span class='ocr_line' id='line_1_92' title="bbox 2297 5285 3856 5371; baseline -0.007 -13"><span class='ocrx_word' id='word_1_610' title='bbox 2297 5313 2478 5360; x_wconf 89' lang='lat' dir='ltr'>.nam</span> <span class='ocrx_word' id='word_1_611' title='bbox 2546 5298 2843 5358; x_wconf 86' lang='lat' dir='ltr'>naturam</span> <span class='ocrx_word' id='word_1_612' title='bbox 2862 5340 2881 5371; x_wconf 92' lang='lat'>,</span> <span class='ocrx_word' id='word_1_613' title='bbox 2948 5292 3181 5356; x_wconf 84' lang='lat' dir='ltr'>dicitur</span> <span class='ocrx_word' id='word_1_614' title='bbox 3247 5305 3362 5371; x_wconf 90' lang='lat' dir='ltr'>per</span> <span class='ocrx_word' id='word_1_615' title='bbox 3428 5285 3856 5351; x_wconf 89' lang='lat' dir='ltr'>omnimodam</span> 
     </span>
    </p>
   </div>
   <div class='ocr_carea' id='block_1_11' title="bbox 2327 5394 3853 5487">
    <p class='ocr_par' dir='ltr' id='par_1_11' title="bbox 2327 5394 3853 5487">
     <span class='ocr_line' id='line_1_93' title="bbox 2327 5394 3853 5487; baseline -0.008 -18"><span class='ocrx_word' id='word_1_616' title='bbox 2327 5402 2779 5487; x_wconf 59' lang='lat' dir='ltr'>aequalitatem.</span> <span class='ocrx_word' id='word_1_617' title='bbox 2829 5400 2898 5466; x_wconf 91' lang='lat' dir='ltr'>Si</span> <span class='ocrx_word' id='word_1_618' title='bbox 2951 5406 3170 5464; x_wconf 85' lang='lat' dir='ltr'>autem</span> <span class='ocrx_word' id='word_1_619' title='bbox 3223 5396 3574 5460; x_wconf 83' lang='lat' dir='ltr'>secundum</span> <span class='ocrx_word' id='word_1_620' title='bbox 3623 5394 3853 5459; x_wconf 80' lang='lat' dir='ltr'>huma·-</span> 
     </span>
    </p>
   </div>
  </div>
 </body>
</html>
