4125 6225
1060 448 1254 514 DIST.
1291 447 1447 514 xlv.
1491 446 1718 512 PART.
1765 446 1815 510 1.
1859 445 2040 512 ΛΒΤ.
2087 446 2194 513 ΙΙΙ.
2240 446 2537 526 QUAEST.
2581 451 2633 515 1.

246 587 315 650 in
340 586 601 650 instanti
627 584 918 650 revolvat
941 583 1157 666 ipsum
1187 584 1266 647 ad
1295 584 1540 647 oriente
1575 582 1644 644 in
1672 601 1785 645 oc-

248 681 564 758 cidentem
591 715 607 756 t
635 692 808 776 quod
843 690 1174 754 manifeste
1215 690 1445 754 falsum
1469 693 1584 753 est.
1617 687 1682 753 Si
1712 693 1786 752 tu

245 800 414 864 dicas
451 800 626 883 quod
670 799 836 863 Deus
877 799 942 861 in
999 797 1312 862 movendo
1362 815 1494 862 non
1535 800 1787 861 exercet

244 907 438 972 totius
482 908 738 972 virtutis
782 924 918 971 suae
954 906 1252 970 effectum
1270 953 1289 984 ,
1333 904 1484 986 quia
1524 906 1665 968 cum
1703 904 1786 967 sit

245 1033 511 1078 movens
537 1015 998 1092 voluntarium,
1029 1016 1232 1095 potest
1253 1030 1511 1076 movere
1543 1015 1608 1075 et
1633 1011 1779 1088 cito,

243 1126 306 1187 et
337 1122 515 1187 tarde
555 1123 575 1157 ¹
590 1140 612 1203 3
658 1125 811 1185 tunc
850 1121 1013 1186 redit
1047 1121 1254 1203 prima
1288 1119 1556 1202 objectio
1576 1168 1592 1195 ‚
1631 1118 1786 1202 quia

243 1247 393 1293 cum
425 1231 604 1292 actus
644 1229 762 1292 iste
780 1277 797 1304 ,
828 1229 1062 1292 scilicet
1103 1245 1362 1292 movere
1405 1227 1779 1306 successive,

243 1336 324 1399 sit
345 1336 602 1400 virtutis
629 1335 849 1414 ssnitae,
879 1334 1000 1399 erit
1027 1338 1218 1399 natus
1243 1334 1585 1400 convenire
1612 1352 1782 1398 crea·

241 1447 429 1507 turae.

325 1548 482 1614 Item
508 1566 583 1613 ea
608 1565 756 1630 quae
786 1551 934 1613 sunt
965 1548 1328 1626 immediate
1354 1567 1393 1612 a
1421 1547 1637 1612 divina
1657 1564 1780 1630 po-

244 1659 441 1722 tentia
465 1657 816 1739 procedunt
856 1658 924 1720 in
958 1675 1095 1721 esse
1121 1656 1475 1720 secundum
1517 1672 1780 1718 cursum

245 1765 624 1840 mirabilem,
651 1766 725 1828 ut
747 1767 919 1847 patet
934 1763 1002 1827 in
1028 1763 1367 1842 creatione,
1388 1766 1452 1827 et
1471 1762 1781 1844 justifica-

244 1873 420 1936 tione
442 1920 459 1949 ‚
485 1875 548 1935 et
588 1871 1046 1935 miraculorum
1087 1870 1452 1953 operatione
1485 1891 1500 1933 ε
1544 1887 1702 1949 ergo
1728 1868 1783 1931 si

247 1979 475 2044 caelum
514 1978 875 2043 immediate
927 1982 1224 2042 movetur
1276 1996 1316 2041 a
1354 1976 1480 2040 Deo
1502 2025 1521 2057 ,
1573 1979 1784 2040 motus

247 2088 387 2169 ejus
412 2089 507 2150 est
539 2085 847 2150 mirabilis
864 2134 883 2164 ,
929 2103 1063 2149 non
1111 2083 1419 2149 naturalis
1474 2106 1489 2144 ε
1531 2082 1703 2166 quod
1731 2083 1785 2146 si

248 2197 342 2258 est
370 2193 698 2273 naturaliS,
718 2210 854 2257 non
878 2196 972 2256 est
998 2210 1157 2273 ergo
1182 2211 1222 2255 a
1248 2189 1375 2256 Deo
1390 2190 1781 2255 immediate.

759 2441 1277 2510 CONCLUSIO.

250 2599 414 2666 Deus,
443 2601 690 2670 quamvis
716 2601 780 2654 in
806 2598 1045 2669 quolibet
1088 2613 1243 2670 opere
1268 2596 1574 2653 immediate
1601 2612 1784 2669 opere-

321 2692 429 2752 tur,
459 2691 634 2744 movet
663 2692 842 2744 tamen
870 2690 1112 2761 primum
1145 2687 1343 2743 mobile
1371 2686 1638 2743 mediante
1672 2689 1784 2743 vir-

321 2783 436 2834 tute
463 2782 646 2834 creata
681 2779 774 2850 (a),
806 2794 925 2834 cum
959 2776 1070 2847 ejus
1095 2780 1171 2833 sit
1203 2779 1457 2833 motionis
1483 2792 1681 2849 capax,
1714 2776 1790 2832 ad

317 2883 425 2924 ωας
455 2867 714 2923 bonitatis
740 2869 1253 2937 manifestationem.

330 3040 515 3126 Resp.
546 3041 626 3105 ad
645 3041 802 3122 Arg.
833 3040 930 3105 Ad
958 3039 1412 3123 praedictorum
1431 3038 1789 3120 intelligen-

250 3150 403 3213 tiam
430 3153 527 3214 est
549 3149 924 3228 notandum,
947 3147 1120 3231 quod
1141 3148 1209 3212 in
1232 3147 1408 3211 omni
1422 3147 1787 3229 operatione

252 3253 416 3319 Deus
462 3260 761 3337 operatur
812 3254 1037 3318 intime
1082 3258 1144 3318 et
1192 3253 1553 3317 immediate
1577 3300 1594 3329 ,
1639 3270 1788 3316 cum

260 3384 290 3421 α
315 3360 425 3425 Dei
451 3361 769 3440 voluntas,
800 3382 832 3420 ro
863 3361 1028 3425 sicut
1054 3360 1206 3424 dicit
1229 3360 1640 3443 Augustinus
1656 3360 1701 3439 ¹,
1729 3363 1791 3424 et

252 3469 541 3535 habitum
570 3471 756 3534 estin
782 3471 991 3553 primo
1016 3471 1178 3534 libro
1206 3476 1251 3550 ⁸,
1311 3471 1394 3534 sit
1427 3494 1460 3533 α
1497 3469 1705 3553 prima
1729 3474 1792 3534 et

252 3596 506 3642 summa
528 3597 719 3642 causa
746 3578 1041 3642 omnium
1082 3577 1441 3661 specierum
1471 3586 1536 3643 et
1559 3577 1794 3642 motio·

253 3703 436 3750 num.
468 3707 500 3747 ι»
537 3685 611 3750 In
638 3686 955 3768 aliquibus
990 3689 1206 3750 autem
1247 3686 1337 3750 sic
1367 3689 1686 3769 operatur,
1720 3689 1794 3749 ut

252 3791 386 3874 ipse
406 3793 490 3856 sit
515 3797 644 3857 tota
674 3812 899 3870 causa;
933 3793 1004 3856 in
1029 3793 1347 3876 aliquibus
1379 3794 1469 3857 sic
1494 3796 1793 3876 operatur

253 3902 316 3964 et
358 3904 607 3980 movet,
651 3905 723 3964 ut
767 3901 1071 3965 virtutem
1115 3899 1348 3982 agendi
1385 3904 1448 3964 et
1489 3898 1793 3965 movendi

254 4008 678 4073 communicet
727 4013 1036 4074 creaturae
1080 4031 1095 4073 t
1147 4009 1356 4092 prima
1394 4008 1656 4092 quidem
1696 4008 1795 4072 di-

256 4118 492 4180 cuntur
539 4116 886 4195 mirabilia3
931 4117 1210 4181 secunda
1251 4133 1408 4180 vero
1450 4116 1792 4193 naturalia,

257 4223 361 4287 vel
434 4223 796 4287 voluntaria
872 4228 1187 4309 quantum
1265 4223 1346 4287 ad
1438 4240 1791 4304 egressum.

259 4327 522 4407 Quando
548 4349 705 4413 ergo
733 4334 1047 4416 quaeritur
1083 4337 1301 4396 utrum
1350 4334 1561 4394 motus
1600 4330 1793 4412 primi

257 4438 508 4503 mobilis
530 4438 893 4530 immediate
915 4440 996 4503 sit
1016 4458 1056 4503 a
1082 4437 1229 4518 Deo,
1249 4455 1384 4501 non
1410 4440 1506 4500 est
1524 4436 1796 4519 quaestio

253 4544 475 4605 utrum
506 4541 714 4607 virtus
732 4542 951 4606 divina
980 4541 1204 4606 intime
1250 4542 1547 4623 operetur
1585 4543 1649 4603 et
1672 4539 1795 4602 im·

254 4646 527 4713 mediate
553 4648 635 4712 ad
677 4648 854 4712 illam
889 4648 1309 4713 mutationem
1348 4646 1793 4725 exercendam,

254 4754 407 4837 quia
429 4755 593 4818 nihil
638 4758 934 4820 movetur
972 4755 1063 4819 sic
1078 4804 1096 4834 ,
1124 4753 1248 4817 nisi
1276 4753 1410 4836 ipse
1456 4760 1715 4819 moveat
1737 4759 1801 4820 et

255 4867 628 4946 cooperetur
653 4864 877 4929 virtuti
905 4865 1163 4931 motivae
1189 4887 1205 4929 ι
1233 4864 1343 4928 sed
1391 4866 1487 4928 est
1502 4864 1795 4946 quaestio,

257 4976 482 5037 utrum
516 4976 730 5038 motus
762 4973 956 5056 primi
997 4973 1247 5038 mobilis
1276 4971 1361 5036 sit
1402 4989 1442 5035 a
1490 4971 1619 5035 Deo
1654 4976 1799 5038 tan-

257 5098 454 5162 quam
482 5101 525 5147 a
568 5085 700 5146 tota
729 5100 919 5147 causa
938 5130 957 5164 ,
1000 5101 1084 5146 an
1121 5081 1314 5146 simul
1364 5101 1519 5149 cum
1564 5086 1802 5150 virtute

325 5240 538 5304 ¹Arist.,
566 5238 765 5304 Physic.
801 5240 888 5294 lib.
922 5240 1017 5305 Vl,
1047 5244 1188 5293 cont.
1232 5245 1403 5295 11-50.
1424 5270 1488 5283 -
1519 5244 1544 5280 ⁸
1566 5247 1802 5311 August„

229 5386 233 5390 .
327 5346 394 5410 (a)
422 5347 548 5397 Coet.
571 5347 694 5398 edit.
722 5348 915 5401 divina.
932 5349 1075 5415 -(b)
1097 5349 1220 5401 Goet.
1239 5350 1363 5401 edit.
1392 5353 1479 5405 sit.
1502 5380 1566 5391 -
1581 5354 1642 5419 (c)
1675 5352 1802 5405 Cat.

264 5414 387 5467 edit.
412 5418 674 5481 quaeritur.

629 5526 777 5575 Tol!-
820 5528 891 5574 11.

3327 453 3446 514 577

1896 583 2119 645 divina
2132 589 2454 664 movente,
2474 586 2729 649 moveat
2744 582 2960 665 aliqua
2977 582 3183 647 virtus
3206 589 3439 648 creata.

1895 687 1972 752 Et
1999 690 2081 753 ad
2105 690 2292 754 istam
2317 690 2744 772 quaestionem
2781 689 2931 753 satis
2970 689 3048 754 de
3077 689 3268 772 plano
3306 708 3444 755 res-

1897 796 2158 878 ponderi
2185 801 2411 879 potest,
2434 797 2591 880 quia
2609 815 2762 862 cum
2791 800 3003 861 motus
3022 797 3129 861 ille
3145 797 3226 860 sit
3251 802 3444 863 natus

1895 902 2240 967 convenire
2266 904 2490 967 virtuti
2524 905 2725 968 finitae
2756 907 3014 987 propter
3048 906 3150 968 sui
3186 921 3441 968 succes-

1894 1010 2142 1074 sionem
2158 1059 2175 1089 ,
2208 1014 2270 1074 et
2296 1010 2517 1075 divina
2542 1010 2792 1076 bonitas
2818 1010 2899 1075 ad
2943 1010 3045 1074 sui
3074 1009 3442 1075 manifesta-

1894 1117 2137 1180 tionem
2163 1117 2594 1181 communicet
2609 1121 2919 1182 creaturae
2938 1118 3111 1200 quod
3134 1117 3270 1200 ipsa
3292 1122 3443 1182 nata

1894 1227 1990 1286 est
2041 1223 2365 1306 suscipere
2383 1273 2402 1301 ,
2449 1224 2621 1306 quod
2663 1224 2828 1288 Deus
2877 1224 3162 1306 primum
3204 1223 3441 1289 mobile

1893 1333 2112 1394 movet
2138 1330 2455 1396 mediante
2481 1331 2694 1414 aliqua
2726 1331 2965 1396 virtute
3003 1335 3211 1396 creata
3229 1380 3247 1411 ,
3277 1333 3442 1396 sicut

1893 1443 1956 1503 et
1978 1440 2103 1503 alia
2131 1440 2433 1503 mobilia:
2456 1444 2521 1503 et
2548 1439 2968 1504 concedendae
2993 1442 3144 1504 sunt
3163 1440 3441 1504 rationes

1893 1546 1975 1611 ad
1998 1547 2124 1612 hoc
2149 1547 2449 1626 inductae,
2487 1546 2788 1629 quamvis
2805 1546 3038 1628 aliquae
3064 1564 3199 1612 non
3223 1564 3442 1611 neces-

1893 1655 2058 1719 sario
2081 1659 2339 1736 cogant.

1974 1767 2033 1825 1.
2069 1762 2168 1826 Ad
2197 1762 2354 1826 illud
2386 1780 2536 1826 vero
2567 1759 2740 1844 quod
2772 1758 3071 1843 objicitur
3101 1760 3179 1825 de
3219 1758 3449 1827 Philo-.

1894 1868 2124 1950 sopho,
2169 1867 2289 1932 dici
2332 1872 2540 1950 posset
2575 1867 2728 1931 satis
2779 1867 3193 1949 probabiliter
3209 1915 3227 1945 ‚
3269 1867 3443 1951 quod

1895 1974 2316 2059 Philosophus
2352 1995 2482 2040 non
2522 1976 2837 2041 intellexit
2878 1977 3048 2058 quod
3093 1976 3287 2059 primi
3334 1993 3444 2041 or-

1893 2083 1992 2147 bis
2019 2088 2229 2148 motor
2257 2102 2374 2167 per
2394 2084 2662 2148 modum
2686 2083 3015 2148 efficientis
3036 2087 3199 2148 esset
3220 2082 3388 2148 Deus
3421 2107 3436 2151 :

1895 2191 2032 2274 ipse
2057 2192 2229 2256 enim
2254 2191 2433 2274 ponit
2460 2191 2767 2256 virtutem
2796 2189 3059 2254 motoris
3099 2190 3255 2255 adeo
3290 2208 3443 2274 pro-

1894 2299 2245 2381 portionari
2272 2298 2515 2375 mobili,
2546 2297 2722 2381 quod
2758 2298 2812 2361 si
2853 2296 2926 2380 (b)
2965 2297 3309 2361 minimum
3337 2298 3443 2363 vel

1896 2403 2223 2468 modicum
2264 2421 2498 2487 corpus
2540 2407 2967 2487 opponeretur
3013 2404 3284 2486 corpori,
3323 2404 3443 2468 las-

1894 2513 2145 2574 saretur
2188 2510 2399 2574 virtus
2452 2510 2714 2575 motoris
2759 2510 2829 2575 in
2888 2512 3203 2576 movendo
3221 2559 3239 2590 ,
3282 2510 3445 2576 sicut

1894 2616 2050 2679 dicit
2090 2616 2159 2679 in
2199 2616 2367 2681 libro
2409 2617 2489 2682 de
2538 2617 2698 2683 Gaelo
2743 2624 2804 2684 et
2828 2618 3072 2684 Mundo
3110 2638 3132 2678 .·
3170 2617 3280 2682 sed
3328 2635 3443 2699 po·

1894 2722 1989 2786 nit
2007 2724 2028 2759 ⁴
2063 2726 2234 2806 quod
2276 2724 2441 2790 Deus
2484 2732 2742 2792 moveat
2788 2728 3075 2810 primum
3111 2731 3442 2792 causatum

1897 2834 2347 2917 metaphorice,
2378 2835 2542 2900 sicut
2566 2836 2716 2899 finis
2738 2840 2802 2901 et
2826 2835 3252 2901 desideratum
3284 2858 3299 2900 ε
3330 2840 3444 2901 aut

1895 2940 1948 3003 si
1968 2942 2150 3023 ponit
2173 2942 2345 3024 quod
2376 2947 2634 3008 moveat
2661 2962 2777 3027 per
2800 2943 3065 3008 modum
3085 2943 3440 3023 efficientis,

1895 3064 2027 3111 non
2045 3049 2227 3131 ponit
2242 3050 2414 3132 quod
2437 3049 2572 3133 ipse
2590 3050 2764 3116 solus
2791 3054 3068 3132 moveat,
3091 3052 3199 3116 sed
3220 3068 3443 3134 coope-

1896 3159 2077 3219 rante
2121 3156 2361 3221 virtute
2412 3157 2631 3222 mobili
2696 3158 3196 3242 proportionata.
3266 3155 3446 3223 Unde

1897 3262 2172 3326 verbum
2209 3281 2405 3327 suum
2459 3268 2667 3347 potest
2712 3264 2983 3346 intelligi
3026 3283 3161 3329 esse
3201 3265 3443 3329 dictum

1897 3387 2012 3451 per
2054 3371 2400 3452 quamdam
2431 3372 3010 3455 appropriationem
3030 3419 3049 3451 ,
3094 3376 3159 3436 et
3201 3372 3445 3455 prima-

1897 3477 2061 3541 riam
2092 3478 2445 3542 influentiae
2472 3497 2610 3543 suae
2645 3479 3057 3543 infusionem.

1978 3588 2040 3660 2.
2072 3583 2165 3648 Ad
2192 3584 2350 3649 illud
2371 3586 2544 3668 quod
2572 3585 2871 3668 obiicitur
2895 3584 2975 3651 de
3004 3584 3244 3663 Boetio,
3271 3585 3446 3669 quod

1900 3688 2068 3754 Deus
2101 3696 2328 3755 cuncta
2364 3697 2612 3773 movet3
2646 3693 2986 3758 dicendum
3018 3693 3190 3777 quod
3223 3710 3307 3758 ex
3338 3693 3446 3758 illa

1901 3798 2272 3862 auctoritate
2300 3817 2427 3863 non
2460 3798 2860 3864 concluditur
2887 3800 3057 3882 quod
3082 3800 3254 3866 solus
3282 3799 3447 3865 Deus

1901 3909 2131 3970 cuncta
2155 3910 2401 3985 movet3
2436 3905 2545 3971 sed
2572 3907 2743 3989 quod
2767 3924 2899 3970 non
2935 3911 3277 3972 moventur
3300 3908 3448 3972 abs·

1902 4029 2029 4093 que
2069 4011 2307 4077 divinae
2345 4012 2602 4077 virtutis
2648 4012 3006 4077 influentia.
3038 4011 3231 4078 Nulla
3272 4011 3447 4079 enim

1901 4119 2107 4182 virtus
2135 4119 2406 4202 alicujus
2445 4120 2710 4184 motoris
2746 4122 2950 4203 potest
2980 4120 3085 4185 vel
3123 4121 3447 4186 modicum

1903 4227 2155 4308 operari
2199 4227 2339 4292 sine
2379 4226 2688 4292 beneflcio
2726 4230 2791 4291 et
2834 4224 3077 4292 auxilio
3116 4229 3257 4310 ejus
3299 4247 3446 4311 quae

1902 4333 2158 4416 penitus
2188 4337 2283 4398 est
2319 4334 2688 4413 immobilis,
2728 4334 2894 4400 sicut
2922 4336 2991 4398 in
3032 4335 3240 4417 primo
3283 4335 3447 4400 libro

1904 4447 2231 4509 ostensum
2258 4445 2399 4525 fuit,
2432 4447 2593 4510 etin
2619 4446 3033 4530 sequentibus
3057 4446 3444 4527 ostendetur,

1905 4569 2055 4615 cum
2095 4556 2425 4635 quaeretur
2465 4553 2537 4637 (c)
2582 4558 2802 4619 utrum
2846 4552 3056 4617 omnis
3094 4553 3256 4618 actio
3293 4554 3375 4618 sit
3408 4570 3449 4617 a

1906 4656 2056 4724 Deo.

1988 4772 2050 4832 3.
2090 4747 2187 4832 Aa
2239 4768 2396 4833 mua
2440 4768 2612 4852 quod
2660 4768 2980 4853 oincitur,
3027 4769 3200 4853 quod
3241 4770 3450 4833 motor

1907 4874 2103 4957 primi
2141 4875 2397 4940 mobilis
2434 4879 2530 4941 est
2568 4876 2818 4960 primus
2857 4881 2920 4941 et
2957 4876 3324 4954 immobilis,
3352 4873 3448 4940 di·

1909 4982 2184 5047 cendum
2223 4983 2394 5065 quod
2440 5001 2572 5047 non
2621 4988 2865 5065 oportet
2901 4988 3214 5049 motorem
3257 4980 3450 5068 primi

1911 5089 2163 5154 mobilis
2189 5108 2324 5154 esse
2366 5091 2731 5157 omnimode
2764 5090 3069 5173 primum,
3100 5091 3203 5156 vel
3229 5089 3451 5155 omni·

1912 5199 2098 5263 mode
2123 5198 2516 5263 immobilem
2527 5216 2549 5279 ;
2588 5197 2697 5264 sed
2728 5199 2961 5264 sufficit
2997 5201 3169 5283 quod
3199 5201 3282 5263 sit
3316 5199 3451 5283 pri-

1910 5353 1971 5403 de
2013 5353 2216 5415 Trinit„
2257 5354 2347 5404 lib.
2394 5356 2486 5415 ΙΙΙ,
2531 5368 2580 5403 c.
2623 5365 2695 5416 lv,
2736 5367 2793 5403 n.
2825 5357 2875 5404 9.
2908 5380 2971 5391 —
3008 5357 3030 5391 ⁸
3062 5356 3189 5407 nist.
3225 5368 3344 5407 nv,
3391 5381 3453 5394 -

1920 5426 1936 5458 ¹
1951 5425 2124 5487 Arist„
2146 5424 2425 5489 Metaphys.
2454 5424 2540 5475 lib.
2564 5425 2675 5486 xil,
2698 5430 2838 5475 cont.
2857 5426 2938 5476 36.

3137 5518 3214 5578 37
