4125 6225
1348 379 1544 450 DIST.
1587 380 1722 447 XII.
1764 377 1945 444 ΛΒΤ.
1990 376 2041 441 1.
2085 374 2386 455 QUAEST.
2431 374 2508 442 11.

334 522 699 589 Secundum
741 522 916 587 enim
950 521 1241 587 ordinem
1276 525 1525 585 naturae
1564 517 1744 601 prius
1785 520 1879 579 est

332 632 600 696 materia
622 629 989 696 omnimode
1008 630 1077 694 in
1100 629 1405 713 potentia,
1432 643 1629 708 quam
1651 624 1732 687 sit
1753 622 1875 686 sub

331 739 546 821 aliqua
595 740 836 816 forma3
891 740 955 800 et
999 736 1091 800 ita
1136 734 1502 800 omnimode
1548 731 1837 796 informis
1855 779 1872 808 ‚

333 865 530 930 quam
558 846 773 928 aliquo
807 844 995 909 modo
1026 844 1327 920 formata3
1370 841 1522 923 quia
1551 839 1874 903 formatio-

332 970 486 1016 nem
507 951 700 1015 hahet
719 950 976 1015 aliunde
991 998 1009 1028 ,
1033 950 1143 1013 sed
1166 948 1621 1013 informitatem
1644 949 1707 1008 et
1729 961 1878 1026 pos-

331 1059 696 1124 sibilitatem
722 1058 914 1122 habet
940 1076 1023 1121 ex
1047 1056 1306 1140 propria
1331 1058 1581 1118 natura.
1612 1051 1756 1116 Non
1782 1055 1877 1115 ta-

335 1184 484 1230 men
518 1170 723 1249 potest
751 1184 887 1230 esse
922 1165 1097 1247 prior
1125 1163 1463 1228 duratione
1490 1180 1508 1224 z
1540 1176 1879 1241 nunquam

334 1273 510 1336 enim
546 1272 905 1337 informitas
950 1275 1044 1335 est
1088 1270 1214 1334 nisi
1256 1287 1375 1352 per
1417 1268 1703 1350 aliquam
1746 1266 1874 1330 for-

334 1395 541 1459 mam,
576 1398 698 1444 nec
732 1378 1109 1463 possibilitas
1141 1377 1267 1442 nisi
1310 1395 1424 1460 per
1453 1375 1734 1458 aliquem
1768 1391 1877 1437 ac-

330 1492 496 1552 tum.

416 1601 474 1660 3.
509 1596 608 1660 Ad
628 1595 789 1660 illud
812 1594 984 1677 quod
1012 1593 1335 1676 objicitur,
1364 1591 1536 1676 quod
1563 1592 1744 1674 prius
1766 1609 1877 1673 po-

332 1708 454 1770 test
473 1723 609 1770 esse
627 1704 763 1769 sine
786 1702 1146 1786 posteriori3
1168 1700 1507 1765 dicendum
1526 1700 1699 1782 quod
1721 1698 1877 1762 illud

332 1830 466 1876 non
497 1811 691 1875 habet
714 1809 1046 1874 veritatem
1059 1855 1078 1887 ,
1108 1806 1365 1890 quando
1397 1806 1577 1888 prius
1602 1824 1642 1869 a
1667 1809 1875 1889 poste-

332 1920 487 1985 riori
515 1918 855 2002 dependet,
887 1916 991 1982 vel
1020 1914 1281 1999 quando
1309 1914 1390 1979 ad
1418 1916 1632 1997 ipsum
1658 1932 1875 1977 neces-

333 2026 566 2091 sariam
586 2025 777 2090 habet
792 2024 1279 2102 ordinationem,
1292 2021 1396 2085 vel
1414 2021 1605 2087 etiam
1620 2019 1877 2103 quando

331 2131 492 2197 illud
528 2132 698 2215 quod
727 2136 823 2195 est
855 2132 1036 2214 prius
1072 2130 1142 2193 in
1176 2148 1305 2194 una
1338 2129 1872 2208 consideratione,

333 2242 646 2323 posterius
674 2244 769 2304 est
791 2240 862 2304 in
888 2240 1087 2303 altera
1115 2260 1129 2302 ε
1157 2238 1461 2303 omnibus
1487 2236 1591 2300 his
1616 2236 1695 2299 de
1722 2255 1878 2299 cau-

332 2349 419 2412 sis
443 2347 600 2411 fallit
623 2347 927 2431 praedicta
955 2347 1116 2411 ratio
1142 2347 1212 2409 in
1240 2344 1580 2428 proposito.
1614 2342 1878 2407 Materia

333 2456 507 2520 enim
534 2476 574 2521 a
598 2457 804 2521 forma
844 2454 1157 2538 dependet
1171 2502 1188 2534 ,
1229 2457 1293 2517 et
1330 2454 1411 2517 ad
1446 2454 1653 2536 ipsam
1687 2452 1878 2515 habet

332 2565 754 2628 necessariam
785 2563 1251 2628 ordinationem
1271 2610 1289 2640 ,
1330 2566 1428 2638 et,
1465 2560 1762 2643 quamvis
1796 2559 1879 2622 sit

332 2671 509 2754 prior
536 2671 953 2754 productione
970 2720 987 2748 ,
1023 2670 1158 2733 sive
1190 2667 1599 2751 generatione
1615 2715 1635 2747 ,
1669 2670 1876 2751 poste-

331 2778 466 2842 rior
490 2784 585 2842 est
608 2783 828 2842 tamen
857 2779 927 2841 in
953 2774 1395 2858 completione.

410 2887 474 2949 4.
530 2884 628 2949 Ad
683 2885 841 2950 illud
893 2884 1068 2967 quod
1118 2882 1418 2966 objicitur
1466 2881 1546 2945 de
1595 2881 1877 2963 potentia

330 2992 583 3074 agentis
609 2996 673 3057 et
701 2992 986 3057 materiae
1005 3040 1022 3069 ‚
1058 2990 1396 3055 dicendum
1425 2988 1596 3072 quod
1622 3007 1753 3054 non
1783 2992 1880 3052 est

331 3100 537 3165 simile
552 3149 570 3179 ,
599 3100 753 3183 quia
778 3100 1060 3184 potentia
1087 3097 1339 3181 agentis
1365 3115 1495 3162 non
1526 3094 1616 3161 sic
1641 3097 1877 3180 depen-

330 3207 438 3272 det
467 3211 533 3272 et
566 3207 922 3291 completur
955 3224 1070 3289 per
1096 3205 1424 3285 effectum,
1455 3205 1617 3269 sicut
1650 3208 1879 3287 poten-

330 3314 421 3378 tia
461 3315 746 3379 materiae
780 3314 1096 3398 dependet
1131 3315 1196 3378 et
1233 3312 1587 3396 completur
1626 3330 1740 3395 per
1770 3329 1879 3376 ac-

330 3425 494 3487 tum.

415 3533 474 3594 5.
513 3529 614 3594 Ad
639 3530 800 3596 Illud
824 3528 997 3613 quod
1024 3528 1347 3611 objicitur,
1375 3526 1549 3610 quod
1576 3530 1672 3591 est
1695 3544 1880 3610 repe-

332 3638 467 3702 rire
495 3639 772 3703 formam
811 3655 925 3721 per
950 3655 1017 3701 se
1033 3685 1051 3716 ,
1090 3654 1249 3719 ergo
1284 3641 1348 3700 et
1382 3634 1718 3699 materiam
1736 3635 1884 3719 hdi-

333 3746 610 3810 cendum
638 3746 812 3829 quod
850 3743 1194 3828 propositio
1230 3744 1340 3809 illa
1373 3763 1506 3808 non
1541 3743 1733 3808 habet
1763 3761 1881 3806 ne-

334 3854 687 3919 cessitatem
701 3903 720 3934 ,
754 3854 865 3919 sed
890 3853 1100 3918 solum
1128 3852 1620 3933 congruitatem.
1653 3849 1882 3915 Pecca-

334 3965 476 4025 tum
519 3966 614 4025 aet
651 3961 844 4025 etiam
881 3961 948 4024 in
991 3961 1455 4043 assumptione,
1487 3959 1639 4041 quia
1675 3958 1882 4022 forma

334 4068 445 4133 illa
460 4117 478 4150 ,
527 4086 675 4152 quae
721 4088 873 4133 cum
916 4069 1184 4133 materia
1227 4067 1377 4131 facit
1419 4066 1842 4150 compositum
1861 4113 1878 4145 ,

335 4196 675 4261 nunquam
704 4180 843 4243 sine
868 4179 1135 4243 materia
1158 4177 1495 4260 reperitur.
1522 4176 1683 4240 Cum
1709 4177 1884 4240 enim

335 4281 572 4349 dicitur
603 4307 618 4351 ε
650 4308 682 4348 α
713 4284 882 4350 Deus
918 4291 1014 4350 est
1053 4304 1213 4368 pure
1251 4286 1492 4364 forma3
1525 4306 1558 4345 ι)
1589 4285 1884 4368 aequivo-

337 4396 520 4456 catur
562 4410 804 4458 nomen
850 4394 1075 4458 formae
1093 4442 1111 4472 ,
1152 4395 1306 4476 quia
1350 4389 1484 4458 non
1525 4393 1758 4458 dicitur
1795 4393 1885 4457 ibi

337 4497 545 4562 forma
563 4504 756 4581 prout
778 4504 874 4565 est
895 4502 1196 4583 perfectio
1219 4502 1526 4582 materiae,
1550 4500 1659 4566 sed
1679 4502 1885 4566 forma

337 4605 631 4670 nominat
670 4606 762 4670 ihi
804 4607 1140 4672 essentiam
1158 4657 1177 4687 ,
1222 4627 1371 4691 quae
1414 4609 1606 4672 habet
1641 4627 1777 4672 esse
1815 4609 1887 4671 in

338 4713 713 4777 omnimoda
767 4714 1128 4779 actualitate
1186 4720 1251 4780 et
1308 4715 1727 4798 completione
1743 4763 1761 4794 ,
1823 4718 1888 4780 et

282 4824 289 4831 '
337 4820 518 4885 nullo
538 4820 730 4885 modo
751 4825 956 4905 potest
976 4821 1312 4904 pervenire
1333 4822 1410 4886 ad
1433 4823 1699 4888 alterius
1719 4840 1888 4886 com-

294 4977 302 4984 .
338 4929 745 5012 positionem,

410 5093 529 5164 [Cf.
556 5095 610 5145 S.
637 5092 842 5156 Thom.‚
866 5091 908 5142 11
935 5092 1095 5150 Sent„
1124 5091 1243 5142 dist.
1262 5103 1360 5156 111,
1384 5104 1438 5155 q.
1462 5103 1499 5153 1,
1520 5094 1615 5141 art.
1636 5094 1697 5155 45
1724 5093 1885 5157 Scot„

342 5164 386 5213 11
410 5165 568 5227 Seni„
596 5164 715 5215 dist.
735 5176 832 5227 111,
852 5177 904 5227 q.
929 5175 980 5228 1;
1011 5163 1181 5226 AEgid.
1202 5164 1373 5228 Rom.,
1400 5163 1441 5212 11
1467 5163 1626 5227 Sem„
1654 5163 1769 5213 dist.
1790 5175 1887 5227 κη,

342 5250 397 5301 q.
426 5249 522 5302 111,
547 5242 644 5288 art.
667 5243 726 5301 13
759 5240 812 5286 et
840 5236 1033 5299 Quolib.
1068 5237 1105 5287 ΙΙ
1124 5274 1141 5299 ,
1171 5251 1225 5301 q.
1251 5248 1331 5286 ιιι
1361 5240 1413 5286 et
1438 5247 1570 5299 1¹¹¹3
1602 5237 1886 5301 Henricus‚

344 5307 543 5369 Quolib.
572 5312 624 5373 l,
652 5323 706 5373 q.
728 5320 797 5366 x;
825 5308 909 5359 Jo.
935 5310 1182 5370 Baccon.,
1209 5308 1253 5358 11
1279 5307 1439 5371 Seni„
1464 5308 1581 5358 dist.
1600 5320 1701 5368 111.
1732 5321 1885 5373 q.1v;

342 5379 656 5443 menardus,
698 5380 740 5430 ΙΙ
777 5380 940 5443 Sem„
979 5380 1099 5430 dist.
1122 5392 1234 5443 111,
1270 5394 1323 5444 q.
1348 5392 1432 5442 v13
1462 5379 1642 5444 Steph-
1673 5379 1884 5444 Brulef„

3414 376 3531 438 527

2064 517 2127 577 6.
2177 513 2275 577 Ad
2317 511 2477 577 illud
2523 510 2695 594 quod
2733 508 3036 592 objicitur
3074 508 3152 573 de
3191 508 3414 573 ordine
3463 510 3536 571 in

1985 620 2396 702 producendo
2410 667 2427 699 ,
2468 617 2811 682 dicendum
2855 615 3031 698 quod
3073 615 3151 679 ad
3198 614 3321 681 hoc
3363 614 3536 697 quod

1985 732 2278 792 servetur
2315 726 2472 791 ordo
2513 726 2581 789 in
2625 724 3040 808 productione
3057 772 3075 802 ,
3117 741 3249 787 non
3289 725 3539 805 oportet

1985 836 2160 915 quod
2197 852 2621 917 quaecumque
2657 833 2893 896 habent
2928 830 3216 895 ordinem
3247 834 3531 907 naturae,

1986 941 2260 1006 habeant
2284 942 2572 1006 ordinem
2583 938 2938 1004 durationis
2959 938 3332 1002 successivae
3351 960 3366 1001 ε
3386 956 3536 1002 con-

1984 1052 2086 1113 tra
2108 1049 2232 1113 hoc
2259 1048 2436 1112 enim
2462 1045 2963 1112 innumerabiles
2989 1048 3144 1110 sunt
3169 1046 3487 1109 instantiae
3513 1069 3527 1109 :

1986 1160 2049 1221 et
2089 1156 2231 1221 ideo
2268 1160 2565 1238 quamvis
2600 1172 2715 1219 ens
2744 1153 2814 1217 in
2849 1153 3131 1235 potentia
3165 1152 3534 1234 simpliciter

1984 1262 2159 1327 inter
2185 1281 2318 1327 non
2353 1280 2467 1326 ens
2498 1266 2561 1326 et
2594 1279 2710 1326 ens
2746 1264 2893 1325 actu
2930 1261 3012 1324 sit
3047 1259 3367 1336 medium,
3402 1277 3534 1324 non

1985 1373 2233 1453 oportet
2300 1374 2518 1434 tamen
2588 1369 2762 1452 quod
2831 1367 3163 1433 duratione
3227 1372 3535 1450 sequatur

1986 1496 2195 1543 unum
2208 1526 2227 1558 ,
2258 1482 2322 1543 et
2348 1477 2664 1561 praecedat
2690 1476 2983 1540 alterum.

2561 1732 2918 1813 QUAESTIO
2953 1733 3031 1798 11.

2024 1880 2118 1936 An
2134 1882 2371 1937 materia
2383 1879 2655 1953 producta
2680 1882 2755 1936 sit
2777 1882 2839 1934 in
2851 1880 3095 1951 perfecta
3113 1878 3439 1934 acmalitate
3451 1879 3493 1934 ¹.

2069 2030 2301 2096 Utrum
2323 2031 2588 2095 materia
2609 2030 2717 2094 illa
2736 2030 3044 2113 producta
3066 2030 3148 2094 sit
3169 2029 3238 2092 in
3263 2029 3535 2112 perfecta
3564 2057 3633 2102 Ad
3667 2071 3770 2114 opp,

1986 2138 2384 2217 actualitate;
2430 2143 2496 2203 et
2521 2137 2693 2220 quod
2732 2139 2857 2218 sic,
2887 2138 3142 2203 videtur
3171 2138 3382 2221 primo
3421 2156 3534 2221 per

1986 2250 2238 2311 textum
2287 2244 2544 2310 Genesis
2574 2253 2598 2287 ¹
2647 2269 2663 2310 ι
2706 2247 2857 2312 Istoe
2900 2252 3053 2312 sunt
3093 2248 3533 2329 generationes

1986 2353 2128 2420 ooeli
2173 2361 2234 2421 et
2259 2362 2483 2431 terroe,
2516 2354 2592 2419 in
2627 2352 2735 2419 die
2770 2369 2902 2435 qua
2934 2353 3180 2419 creavit
3206 2355 3374 2419 Deus
3404 2368 3533 2419 coe-

1986 2462 2122 2526 lum
2147 2466 2212 2528 et
2238 2467 2509 2539 terram,
2541 2466 2602 2529 et
2628 2476 2807 2527 omne
2831 2461 3184 2543 virqultum
3211 2462 3381 2544 aori,
3409 2466 3529 2525 etc.

1987 2569 2162 2651 Ergo
2181 2569 2252 2632 in
2274 2568 2497 2637 eodem
2519 2568 2621 2632 die
2647 2569 2955 2650 producta
2981 2571 3154 2646 sunt,
3180 2585 3328 2650 quae
3353 2569 3535 2650 prius

1986 2676 2147 2740 dixit
2186 2693 2302 2758 per
2335 2692 2451 2738 sex
2483 2675 2740 2740 dierum
2772 2692 3122 2739 numerum
3163 2673 3359 2739 fuisse
3400 2674 3534 2739 dis-
3570 2672 3574 2677 ’

1986 2783 2204 2846 tincta.

2068 2894 2130 2953 Ξ.
2162 2888 2321 2953 Item
2347 2888 2370 2924 ⁸
2400 2910 2416 2952 ε
2454 2888 2576 2961 Qui
2597 2888 2770 2953 vwit
2804 2889 2881 2953 in
2917 2891 3250 2965 (eternum,
3291 2889 3536 2953 creavit

1988 2999 2209 3063 omnia
2243 2995 2462 3064 simul.
2505 2995 2571 3060 Si
2612 2994 2832 3059 omnia
2870 2994 3065 3058 simul
3100 2998 3253 3059 sunt
3289 2999 3531 3071 creata,

1989 3123 2150 3187 ergo
2174 3102 2553 3188 corporalia,
2580 3106 2646 3167 et
2671 3101 3053 3185 spiritualia,
3079 3104 3145 3167 et
3166 3101 3376 3166 omnis
3400 3120 3536 3167 cor-

1988 3212 2308 3296 poralium
2334 3210 2713 3277 differentia.

2073 3326 2131 3385 3.
2160 3321 2318 3386 Item
2332 3321 2355 3357 ⁸
2379 3344 2396 3385 ι
2419 3321 2577 3386 Ecce
2595 3317 2936 3385 Behemoth
2955 3333 3140 3400 quem
3163 3318 3289 3398 feci
3308 3322 3531 3384 tecum.

1986 3429 2114 3495 Sed
2139 3428 2493 3494 Behemoth
2529 3432 2623 3493 est
2655 3427 2925 3509 angelus
2957 3426 3166 3508 primo
3202 3426 3407 3490 factus
3422 3476 3439 3506 ‚
3474 3430 3538 3491 et

1988 3536 2187 3601 homo
2217 3536 2447 3601 ultimo
2482 3535 2586 3599 die
2621 3535 2825 3598 factus
2856 3555 2872 3597 ι
2904 3549 3061 3614 ergo
3100 3532 3317 3596 omnia
3346 3532 3537 3597 simul

1990 3645 2158 3709 facta
2181 3649 2350 3709 sunt.
2388 3643 2501 3707 His
2525 3640 3009 3707 auctoritatibus
3038 3640 3259 3721 arguit
3281 3642 3538 3722 Augus-

1992 3753 2169 3816 tinus
2186 3753 2209 3788 ⁸
2236 3770 2352 3835 pro
2378 3769 2496 3815 sua
2522 3750 2821 3832 opinione
2846 3747 2915 3810 in
2943 3748 3063 3811 hac
3095 3751 3295 3828 parte.

2074 3865 2135 3923 4.
2169 3860 2330 3925 Item
2364 3860 2485 3923 hoc
2510 3858 2727 3940 ipsum
2759 3855 3111 3919 ostenditur
3142 3855 3407 3918 ratione.
3438 3854 3538 3917 Ab

1992 3971 2225 4049 agente
2261 3967 2554 4049 perfeetae
2589 3962 2889 4048 potentiae
2924 3961 3110 4025 debet
3136 3962 3312 4025 exire
3350 3960 3539 4024 effec-

1992 4079 2101 4139 tus
2119 4073 2475 4152 secundum
2501 4072 2671 4155 quod
2696 4071 2905 4152 magis
2923 4075 3018 4134 est
3041 4068 3540 4133 manifestativus

1993 4199 2268 4248 summae
2306 4181 2606 4265 potentiae
2636 4199 2653 4243 ε
2683 4179 2791 4243 sed
2827 4177 3089 4260 majoris
3123 4176 3421 4258 potentiae
3447 4178 3541 4240 est

1992 4307 2176 4373 posse
2202 4288 2397 4352 simul
2423 4287 2641 4352 omnia
2663 4286 3036 4369 producere,
3066 4302 3264 4367 quam
3291 4301 3541 4347 succes-

1995 4398 2174 4461 sive:
2202 4414 2360 4477 ergo
2387 4394 2599 4476 magis
2625 4404 2720 4458 est
2744 4391 3128 4457 declarativa
3155 4390 3391 4455 divinae
3423 4408 3541 4473 po-

1992 4504 2211 4570 tentiae
2247 4503 2578 4586 productio
2616 4500 2899 4565 materiae
2936 4516 3089 4562 cum
3122 4498 3398 4581 perfecta
3432 4517 3537 4562 ac-

1994 4612 2279 4676 tualitate
2308 4612 2534 4674 formae
2566 4609 2762 4673 simul
2788 4613 2852 4672 et
2884 4606 3082 4670 semel
3107 4605 3227 4668 sibi
3257 4604 3504 4669 collatae
3518 4653 3538 4686 ,

1993 4738 2192 4803 quam
2214 4717 2622 4802 postmodum
2644 4735 2728 4780 ex
2752 4715 2861 4779 illa
2880 4712 3233 4779 successive
3254 4712 3536 4777 eductae:

1995 4827 2050 4890 si
2089 4844 2249 4907 ergo
2274 4825 2442 4889 Deus
2480 4835 2781 4906 operatur
2807 4821 3160 4886 secundum
3198 4820 3373 4902 quod
3403 4822 3544 4904 ejus

1994 4932 2345 5017 potentiam
2374 4931 2586 5014 magis
2608 4930 2784 4995 decet
2800 4977 2818 5008 ,
2844 4928 3122 5007 videtur,
3153 4930 3274 4992 etc.

2078 5044 2139 5104 5.
2168 5040 2328 5104 Item
2352 5040 2623 5121 perfecte
2646 5035 2945 5119 sapientis
2968 5041 3064 5100 est
3084 5035 3372 5100 ordinate
3391 5051 3541 5117 ope·

1998 5167 2039 5215 II
2067 5166 2224 5225 Sent„
2249 5162 2365 5214 dist.
2387 5149 2484 5227 xit,
2507 5176 2559 5226 q.
2577 5173 2619 5226 1,
2641 5165 2737 5210 art.
2758 5161 2916 5210 2.—²
2933 5159 3080 5223 Gen„
3103 5171 3164 5224 11,
3182 5159 3340 5211 4.—⁸
3358 5159 3540 5222 Eccli„

1995 5241 2226 5300 xv111,1.
2245 5261 2305 5273 —
2326 5239 2345 5266 ⁴
2368 5234 2482 5297 Iob,
2501 5245 2599 5298 η,
2628 5238 2702 5284 10.
2728 5258 2785 5269 -
2804 5232 2826 5267 ⁸
2843 5233 2995 5302 Aug„
3025 5230 3087 5281 de
3125 5232 3298 5281 Germ.
3326 5230 3395 5280 ad
3414 5230 3539 5294 litt„

1994 5308 2523 5430 {zib‘nlrvnsssssxnn’
2554 5307 2728 5366 n.52;
2757 5303 2849 5354 lib.
2877 5304 2952 5367 V,
2980 5317 3028 5354 c.
3052 5314 3105 5367 1,
3132 5317 3188 5352 n.
3215 5301 3408 5366 1551).
3439 5302 3541 5369 xl,

2028 5413 2045 5430 .
2160 5415 2178 5442 ,
2250 5416 2264 5430 .
2353 5415 2367 5427 .
