4125 6225
1335 407 1533 483 DIST.
1575 413 1704 482 XV.
1748 414 1931 482 ART.
1973 411 2053 483 11.
2098 417 2396 495 QUAEST.
2442 415 2521 484 11.

360 549 536 636 ord0,
580 555 716 619 uta
756 547 971 618 minus
1011 547 1320 636 completo
1366 552 1778 635 perveniatur
1818 552 1898 616 ad

359 658 570 741 magis
595 657 1023 740 completum:
1070 659 1133 721 et
1171 656 1316 720 ideo
1353 654 1680 738 Scriptura
1720 654 1898 736 prius

359 767 512 832 dicit
539 786 673 831 esse
694 765 998 850 producta
1023 764 1304 829 natatilia
1333 762 1434 827 die
1463 762 1712 844 quinto,
1752 778 1899 843 quae

360 876 511 937 sunt
536 873 753 937 minus
795 872 1090 956 perfecta,
1125 888 1322 953 quam
1354 868 1671 947 volatilia3
1717 871 1781 930 et
1807 866 1898 929 si-

360 979 594 1043 militer
616 979 685 1042 in
712 983 893 1043 sexto
918 978 1020 1042 die
1049 977 1229 1061 prius
1251 976 1401 1040 dicit
1426 994 1563 1039 esse
1590 973 1899 1056 producta

360 1086 770 1164 irrationalia,
815 1104 1012 1168 quam
1057 1085 1251 1150 homo
1284 1105 1299 1147 ε
1346 1082 1642 1166 quamvis
1681 1080 1903 1145 multi-

360 1194 509 1276 plex
534 1193 729 1277 possit
754 1191 1071 1274 assignari
1099 1191 1281 1270 ratio,
1313 1209 1511 1272 quare
1539 1189 1733 1252 homo
1761 1189 1904 1269 post

361 1306 682 1364 creaturas
712 1304 805 1364 est
831 1299 1197 1382 productus,
1230 1297 1516 1362 Occurrit
1540 1300 1759 1361 autem
1781 1295 1900 1358 tri-

360 1408 510 1491 plex
534 1409 696 1472 ratio
715 1409 795 1473 ad
814 1423 1118 1490 praesenS,
1139 1423 1340 1487 quare
1357 1407 1498 1487 post
1521 1402 1737 1467 omnia
1759 1420 1904 1485 pro-

362 1516 593 1581 ductus
631 1518 728 1580 est
772 1515 969 1579 homo
989 1563 1007 1594 ,
1050 1513 1289 1578 scilicet
1321 1515 1578 1596 propter
1620 1512 1900 1594 partium

362 1624 643 1706 corporis
685 1622 1162 1687 multitudinem
1180 1670 1198 1702 ,
1251 1625 1509 1704 propter
1560 1620 1795 1684 animae
1837 1620 1903 1682 et

363 1731 644 1813 corporis
671 1729 1060 1808 distantiam,
1104 1732 1168 1793 et
1196 1731 1451 1811 propter
1490 1726 1686 1791 totius
1723 1743 1902 1790 com-

362 1838 553 1919 positi
591 1838 1062 1920 perfectionem.
1122 1835 1387 1917 Propter
1432 1834 1717 1917 partium
1760 1851 1901 1897 cor-

362 1946 536 2027 poris
555 1945 1031 2010 multitudinem
1050 1944 1270 2009 debuit
1287 1944 1482 2007 homo
1505 1941 1733 2006 ultimo
1760 1959 1905 2024 pro-

363 2053 508 2118 duci
528 2077 560 2118 :-
577 2073 726 2120 cum
754 2055 927 2120 enim
952 2073 1184 2137 corpus
1206 2056 1261 2135 ej
1271 2071 1347 2118 us
1373 2053 1456 2117 sit
1479 2050 1902 2134 completissi-

364 2179 549 2227 mum
575 2163 744 2226 inter
768 2167 996 2226 caetera
1015 2179 1303 2245 corpora,
1330 2164 1393 2224 et
1408 2162 1647 2242 quanto
1665 2158 1904 2241 aliquid

364 2270 760 2352 completiuS,
793 2273 971 2333 tanto
997 2267 1331 2351 posteriuS,
1358 2272 1499 2350 post
1524 2266 1738 2330 omnia
1761 2283 1905 2347 pro·

364 2376 694 2441 ducendus
733 2379 888 2440 erat.
931 2374 1197 2458 Propter
1244 2375 1479 2439 animae
1525 2378 1588 2439 et
1627 2374 1905 2457 corporis

365 2482 728 2547 distantiam
771 2483 991 2547 debuit
1037 2482 1175 2545 fleri
1226 2485 1369 2564 post
1410 2484 1640 2544 caetera
1688 2502 1703 2542 :
1752 2480 1905 2561 quia

365 2592 536 2653 enim
574 2591 762 2653 distat
797 2590 1016 2653 anima
1039 2608 1080 2652 a
1115 2605 1397 2670 corpore,
1430 2592 1492 2651 et
1520 2606 1653 2650 non
1694 2587 1905 2650 solum

365 2699 529 2763 sicut
552 2699 761 2762 forma
784 2717 826 2761 a
853 2697 1138 2776 materia,
1169 2698 1278 2761 sed
1306 2697 1497 2760 etiam
1524 2695 1691 2759 sicut
1715 2695 1900 2776 spiri-

364 2805 537 2870 tuale
564 2825 604 2869 a
631 2804 964 2887 corporali,
994 2809 1057 2868 et
1094 2804 1259 2868 sicut
1287 2805 1667 2886 perpetuum
1697 2822 1736 2866 a
1759 2819 1904 2866 cor-

363 2913 648 2995 ruptibili
678 2934 695 2992 ;
756 2913 898 2977 ideo
953 2930 1194 2994 magna
1249 2912 1544 2976 distantia
1599 2911 1904 2993 temporis

366 3018 587 3083 debuit
626 3019 1015 3085 intervenire
1053 3019 1218 3083 inter
1266 3017 1745 3102 productionem
1787 3018 1904 3082 ho-

366 3128 560 3192 minis
590 3132 907 3211 quantum
940 3129 1021 3193 ad
1047 3128 1374 3192 materiale
1403 3126 1811 3210 principium,
1843 3131 1906 3191 et

367 3237 884 3319 conjunctionem
910 3254 1178 3301 suarum
1205 3236 1510 3320 partium,
1538 3240 1613 3300 ut
1638 3254 1753 3318 per
1781 3235 1908 3299 dis-

366 3346 634 3408 tantiam
703 3345 1009 3427 temporis
1066 3344 1534 3427 intelligeretur
1605 3343 1906 3408 distantia

367 3451 832 3534 principiorum
856 3452 1405 3516 constituentium.
1438 3451 1516 3516 Et
1536 3455 1796 3535 propter
1818 3457 1909 3516 to-

365 3558 496 3623 tius
527 3559 856 3642 compositi
884 3561 1334 3642 perfectionem
1371 3563 1514 3642 post
1541 3563 1772 3623 caetera
1797 3560 1910 3624 de-

371 3663 515 3727 buit
552 3666 748 3729 homo
791 3666 1097 3750 produci:
1146 3667 1300 3749 quia
1345 3668 1521 3731 enim
1561 3666 1757 3731 homo
1792 3686 1910 3732 sua

369 3771 678 3852 dignitate
717 3778 781 3837 et
815 3775 1278 3857 complemento
1307 3775 1453 3838 finis
1479 3779 1574 3838 est
1617 3774 1910 3837 omnium

374 3881 831 3962 corporalium;
856 3882 995 3946 ideo
1021 3886 1162 3966 post
1175 3884 1391 3948 omnia
1409 3887 1544 3946 erat
1559 3881 1713 3965 prod
1721 3898 1913 3945 ucen-

373 3984 518 4063 duS,
545 3991 622 4050 ut
645 4007 763 4052 sua
788 3990 1201 4071 productione
1235 3991 1449 4055 finiret
1469 3994 1533 4053 et
1567 3990 1914 4072 compleret

374 4094 593 4158 omnia
617 4096 1057 4177 praecedentia,
1087 4099 1252 4162 sicut
1275 4098 1421 4162 finis
1439 4097 1711 4185 complet
1737 4097 1909 4180 quod

370 4202 451 4266 ad
475 4201 690 4285 ipsum
716 4203 997 4266 ordinari
1023 4204 1235 4269 babet.
1280 4204 1358 4269 Et
1395 4204 1486 4268 sic
1512 4208 1701 4286 patet,
1736 4204 1910 4287 quod

372 4307 588 4371 divina
614 4308 921 4390 sapientia
961 4309 1032 4373 in
1066 4311 1482 4393 productIOne
1515 4310 1913 4376 sensibilium

373 4416 652 4481 servavit
678 4415 969 4480 ordinem
991 4420 1686 4484 convenientissimum.

455 4526 518 4585 1.
558 4522 659 4587 Ad
685 4522 848 4587 illud
891 4525 1064 4605 quod
1103 4526 1313 4607 primo
1360 4526 1692 4609 objicitur,
1742 4526 1914 4608 quod

373 4629 690 4695 elementa
737 4631 932 4695 simul
984 4637 1137 4697 sunt
1184 4634 1516 4714 distincta;
1574 4635 1915 4699 dicendum

376 4738 548 4821 quod
572 4756 704 4801 non
727 4742 821 4803 est
850 4738 1080 4819 simile,
1124 4740 1276 4823 quia
1312 4740 1630 4806 distinctio
1663 4760 1795 4806 non
1823 4745 1919 4805 est

376 4845 446 4908 in
476 4864 602 4910 uno
629 4846 964 4925 elemento,
994 4847 1118 4910 nisi
1138 4855 1428 4930 respectu
1454 4848 1715 4912 alterius
1739 4871 1753 4913 :
1777 4849 1918 4913 ideo

377 4975 509 5020 non
550 4962 756 5041 potest
797 4977 1006 5022 unum
1049 4958 1439 5023 elementum
1480 4960 1795 5042 distingui
1835 4961 1917 5024 ab

377 5063 526 5140 alio,
556 5065 716 5146 quin
743 5065 1014 5130 alterum
1044 5065 1476 5147 distinguatur
1507 5067 1588 5130 ab
1629 5086 1745 5132 eo:
1786 5087 1917 5132 non

375 5169 467 5234 sic
493 5176 712 5236 autem
739 5173 917 5236 estin
945 5178 1204 5252 ornatu;
1231 5178 1493 5237 ornatus
1512 5175 1688 5239 enim
1712 5176 1916 5240 unius

379 5277 674 5343 elementi
701 5298 832 5343 non
857 5281 1206 5345 necessario
1230 5281 1485 5362 respicit
1508 5284 1804 5371 alterum,

460 5390 523 5452 2.
551 5385 652 5452 Ad
671 5385 829 5453 illud
858 5387 1030 5470 quod
1062 5387 1386 5471 objicitur,
1415 5390 1589 5473 quod
1611 5391 1736 5459 tria
1760 5397 1914 5459 sunt

3427 426 3547 486 623

2005 552 2319 618 elementa
2331 570 2479 636 quae
2493 556 2825 631 ornantur,
2843 571 3024 635 erg-0,
3042 557 3187 634 etc.,
3205 553 3549 620 dicendum

2006 658 2181 740 quod
2209 660 2329 723 etsi
2356 660 2479 724 tria
2512 660 2661 740 sint,
2710 663 2973 725 ornatus
3002 664 3219 725 tamen
3244 660 3544 741 duorum,

2007 766 2244 831 scilicet
2268 768 2431 831 aeris
2452 771 2517 831 et
2535 786 2744 850 aquae,
2766 786 2897 832 non
2922 767 3171 850 respicit
3196 767 3305 832 illa
3325 773 3395 831 ut
3422 769 3555 851 duo,

2007 873 2179 948 sunt,
2206 870 2312 934 sed
2335 871 2501 934 utin
2529 888 2665 934 uno
2693 871 3187 950 communicant,
3224 871 3456 935 scilicet
3481 871 3551 935 in

2007 982 2241 1041 natura
2265 997 2491 1061 aquea,
2514 979 2676 1043 sicut
2693 998 2888 1060 supra
2907 978 3398 1042 determinatum
3419 981 3545 1042 est:

2008 1087 2073 1146 et
2113 1084 2255 1148 ideo
2292 1085 2572 1149 duorum
2623 1092 2889 1149 ornatus
2937 1086 3016 1149 ad
3063 1086 3353 1149 eamdem
3379 1085 3551 1150 diem

2009 1196 2287 1274 spectat,
2333 1197 2396 1256 et
2438 1192 2768 1277 productio
2803 1193 3220 1273 animalium,
3262 1211 3410 1276 quae
3445 1194 3554 1257 illa

2008 1298 2138 1363 duo
2160 1301 2475 1366 elementa
2500 1305 2749 1379 ornant,
2775 1302 2844 1364 in
2867 1320 2999 1368 uno
3026 1301 3128 1366 die
3156 1306 3250 1365 est
3274 1301 3460 1365 facta.

2088 1411 2150 1471 3.
2203 1407 2304 1472 Ad
2350 1408 2506 1473 illud
2561 1409 2735 1492 quod
2783 1409 3120 1491 objicitur,
3167 1409 3341 1491 quod
3384 1413 3554 1474 terra

2008 1503 2185 1598 prior
2227 1521 2321 1580 est
2346 1517 2688 1599 producta3
2727 1517 3072 1582 dicendum
3110 1518 3283 1599 quod
3319 1517 3553 1583 salsum

2009 1626 2140 1686 est:
2171 1622 2417 1686 namin
2445 1624 2756 1707 princip10
2801 1624 3060 1691 Genesis
3089 1628 3257 1690 terra
3280 1644 3413 1690 non
3440 1644 3550 1691 ac-

2008 1729 2241 1813 cipitur
2264 1748 2379 1813 pro
2402 1731 2736 1807 elemento,
2769 1732 2877 1795 sed
2904 1750 3020 1814 pro
3043 1733 3330 1798 materia.

2088 1843 2150 1903 4.
2180 1838 2279 1903 Ad
2325 1839 2482 1904 illud
2506 1842 2679 1922 quod
2718 1840 3015 1923 objicitur
3058 1841 3134 1905 de
3160 1840 3336 1922 igne,
3380 1841 3554 1923 quod

2009 1946 2165 2028 quia
2193 1950 2288 2010 est
2314 1948 2679 2030 praecipuus
2725 1949 2890 2011 inter
2920 1947 3254 2027 elementa,
3299 1947 3555 2013 deberet

2010 2052 2190 2135 prius
2220 2054 2469 2133 ornari3
2523 2054 2863 2119 dicendum
2913 2057 3009 2119 est
3053 2054 3247 2137 quod,
3299 2058 3556 2136 propter

2010 2161 2386 2242 qualitatem
2420 2161 2718 2240 activam,
2768 2181 2901 2227 non
2935 2166 3202 2246 possunt
3249 2161 3316 2224 in
3344 2180 3421 2224 eo
3454 2161 3557 2224 vi-

2011 2288 2163 2333 vere
2189 2269 2518 2350 animalia;
2546 2274 2608 2334 et
2622 2276 2880 2354 propter
2896 2271 3164 2334 nimiam
3191 2268 3555 2333 distantiam

2012 2395 2052 2441 a
2094 2378 2298 2454 nobiS‚
2341 2397 2472 2443 non
2503 2383 2711 2443 esseut
2748 2379 2898 2443 usui
2939 2378 3219 2443 hominis
3259 2380 3447 2458 apta:
3493 2379 3557 2441 et

2011 2484 2155 2549 ideo
2176 2503 2308 2549 nou
2330 2485 2791 2550 determinatur
2812 2487 2952 2568 ejus
2968 2489 3257 2565 ornatus,
3280 2502 3397 2548 nec
3415 2488 3558 2566 post

2012 2609 2133 2655 nec
2187 2597 2394 2656 antea.
2436 2591 2650 2656 Terrae
2706 2610 2861 2656 vero
2909 2596 3171 2656 ornatus
3224 2591 3557 2655 ordinatur

2011 2702 2366 2781 postremo,
2412 2717 2529 2783 pro
2568 2718 2645 2764 eo
2695 2701 2865 2783 quod
2904 2701 3042 2783 ipsa
3089 2705 3182 2764 est
3227 2699 3449 2762 infima
3494 2702 3557 2762 et

2014 2806 2304 2885 obscura,
2342 2810 2404 2870 et
2424 2807 2565 2871 ideo
2594 2806 2822 2888 majori
2850 2805 3094 2887 indiget
3130 2809 3548 2869 ornamento:

2014 2919 2077 2978 et
2095 2919 2350 2998 propter
2364 2915 2485 2979 hoc
2505 2919 2774 2979 ornatur
2790 2913 3045 2996 plantiS,
3067 2917 3130 2977 et
3145 2912 3549 2990 animalibuS,

2016 3027 2082 3087 et
2124 3023 2570 3100 mineralibus,
2611 3025 2675 3085 et
2713 3022 2784 3085 in
2824 3023 2965 3103 ejus
3006 3025 3239 3084 ornatu
3274 3020 3557 3084 consistit

2013 3133 2212 3196 totius
2243 3137 2509 3197 ornatus
2552 3130 3090 3214 complementum
3125 3133 3439 3213 quantum
3475 3129 3556 3194 ad

2016 3240 2380 3318 hominem,
2424 3239 2537 3323 qui
2585 3244 2679 3304 est
2719 3238 3087 3322 praecipuus
3128 3239 3296 3303 inter
3339 3236 3558 3302 omnia

2018 3347 2142 3411 alia
2168 3347 2489 3412 animalia.

2100 3460 2161 3520 5.
2188 3456 2281 3520 Ad
2297 3457 2454 3521 illud
2472 3475 2625 3524 vero
2647 3456 2819 3541 quod
2833 3454 3149 3538 objicitur,
3167 3453 3340 3537 quod
3362 3452 3559 3517 homo

2019 3563 2238 3629 debuit
2254 3565 2516 3647 produci
2534 3584 2683 3629 cum
2704 3564 2970 3646 angelisz,
2996 3580 3143 3627 cum
3161 3560 3394 3643 quibus
3418 3578 3556 3623 ma·

2020 3673 2123 3754 gis
2145 3674 2602 3752 communicat;
2631 3674 2968 3738 dicendum
2992 3670 3184 3754 quod,
3210 3669 3327 3733 etsi
3349 3668 3561 3749 magis

2021 3782 2446 3846 communIcat
2484 3786 2802 3865 quantum
2840 3783 2935 3843 est
2982 3798 3021 3843 a
3080 3781 3257 3862 parte
3295 3776 3559 3853 animae,

2020 3907 2150 3953 non
2169 3893 2385 3954 tamen
2412 3894 2726 3972 quantum
2757 3892 2851 3952 est
2872 3906 2911 3951 a
2936 3890 3116 3969 parte
3142 3885 3442 3967 corporis,
3473 3882 3565 3947 Si-

2021 3996 2261 4061 militer
2312 3998 2394 4061 ad
2451 4014 2725 4079 sequeus
2788 3994 3127 4060 dicendum
3194 3996 3289 4056 est
3314 4040 3331 4068 ,
3393 3991 3567 4073 quod

2024 4105 2320 4188 quamvis
2347 4103 2701 4186 gressibilia
2746 4107 2809 4167 et
2846 4101 3127 4166 volatilia
3153 4099 3366 4179 magis
3390 4116 3565 4162 com·

2024 4209 2355 4271 municent
2378 4208 2447 4270 in
2473 4206 2724 4271 formali
2753 4204 3161 4289 perfectione3
3195 4221 3325 4267 non
3349 4207 3568 4266 tamen

2023 4320 2278 4381 tantum
2298 4315 2792 4390 communicant,
2828 4315 3143 4396 quantum
3168 4311 3248 4374 ad
3280 4310 3565 4375 elemen-

1950 4416 1954 4421 ’
2024 4428 2168 4487 tum
2208 4441 2289 4487 ex
2325 4440 2454 4504 quo
2489 4421 2924 4505 principaliter
2969 4420 3464 4496 constituuntur,
3505 4422 3569 4482 et

2027 4532 2199 4613 quod
2232 4534 2460 4596 ornant
2490 4548 2508 4594 ε
2543 4528 2715 4612 quod
2755 4527 3018 4611 quidem
3056 4529 3152 4590 est
3180 4526 3569 4590 elementum

2026 4640 2240 4701 terrae.

2111 4747 2171 4807 6.
2201 4742 2298 4807 Ad
2324 4741 2480 4806 illud
2506 4719 3028 4823 quod'objicitun
3060 4737 3232 4822 quod
3258 4736 3571 4822 principa·

2026 4850 2155 4917 lius
2180 4868 2341 4934 opus
2369 4850 2554 4915 debet
2584 4868 2718 4914 esse
2765 4848 2944 4932 prius
2956 4869 2974 4926 ;
3024 4845 3364 4911 dicendum
3399 4846 3570 4928 quod

2027 4959 2262 5025 falsum
2310 4964 2426 5037 est,
2476 4958 2628 5041 quia
2668 4957 2737 5020 in
2779 4956 2869 5019 eis
2910 4973 3057 5038 quae
3101 4954 3566 5037 producuntur,

2030 5067 2213 5151 prius
2231 5071 2326 5130 est
2345 5066 2561 5130 minus
2578 5064 2947 5149 perfectum,
2974 5080 3171 5146 quam
3200 5062 3407 5143 magis
3430 5080 3569 5144 per·

2029 5175 2268 5241 fectum
2290 5223 2308 5253 ,
2356 5174 2709 5238 secundum
2754 5173 3043 5237 ordinem
3098 5169 3525 5252 generationis
3545 5214 3564 5249 ,

2031 5282 2332 5369 quamvis
2371 5284 2577 5367 magis
2614 5282 2966 5367 perfectum
3007 5279 3087 5344 sit
3121 5279 3300 5362 prius
3338 5296 3569 5347 secun·

2031 5393 2194 5463 dum
2220 5392 2511 5460 ordinem
2529 5388 2881 5476 dignitatis.
3330 5376 3334 5380 ’
