4125 6225
0 1298 145 1335 ''''''''

1442 378 1772 447 DISTINC.
1816 372 1975 450 XfV.
2021 384 2227 454 PARS
2266 390 2346 467 11,

302 519 467 585 sicut
492 518 724 584 dicitur
757 516 830 581 in
850 512 1332 581 Ecclesiastico·¹
1367 539 1383 580 ε
1420 515 1477 581 Α
1507 516 1697 583 Luna
1735 519 1835 584 si-

302 644 496 713 ffltmn
524 625 662 692 diei
698 625 873 705 festi.
913 623 981 688 Si
1021 625 1237 688 autem
1280 626 1611 705 quaeratur
1637 642 1836 707 quare

302 735 577 804 Ecclesia
622 734 835 816 magis
870 731 1107 816 accepit
1138 731 1298 795 festa
1335 748 1455 795 sua
1481 733 1836 797 secundum

303 846 735 925 Solem,quam
749 841 1101 906 secundum
1115 838 1387 920 Lunam,
1398 841 1676 923 exceptis
1684 841 1840 905 duo-

301 955 452 1031 bus3
493 951 742 1035 prolixa
779 954 875 1013 est
900 949 1098 1030 hujus
1123 947 1494 1031 quaestionis
1533 948 1839 1012 determi-

303 1060 498 1136 natio,
537 1063 600 1122 et
621 1057 809 1141 plane
829 1055 1109 1120 inveniri
1148 1058 1355 1137 potest
1391 1055 1463 1118 in
1497 1053 1663 1118 libro
1702 1054 1842 1119 Au-

302 1167 550 1250 gustini
564 1164 654 1232 ad
664 1165 1052 1231 ,Ianuarium
1068 1170 1092 1204 ¹
1103 1210 1118 1226 .
1134 1161 1255 1227 Hic
1268 1166 1582 1245 quantum
1596 1162 1676 1226 ad
1685 1179 1842 1245 prae-

302 1292 450 1340 sens
477 1273 772 1356 sufficiat,
806 1269 930 1335 dici
959 1270 1039 1353 (α)
1074 1270 1244 1352 quod
1259 1318 1277 1347 ,
1316 1271 1467 1353 quia
1491 1270 1844 1354 Synagoga

298 1380 668 1446 intenebris
704 1378 907 1444 noctis
945 1378 1340 1458 ambulabat,
1383 1384 1448 1444 et
1493 1378 1845 1446 minuenda

301 1496 457 1568 erat,
487 1488 632 1554 ideo
661 1507 702 1552 a
741 1488 1046 1552 luminari
1074 1488 1244 1570 quod
1281 1489 1453 1552 nocti
1491 1492 1744 1571 praeest,
1778 1493 1845 1554 et

302 1598 471 1681 quod
510 1595 830 1660 minuitur
869 1595 941 1658 in
965 1596 1537 1675 consummatione,
1566 1595 1839 1679 accipie-

301 1708 411 1771 bat
462 1722 729 1769 snarum
787 1703 1261 1767 solemnitatum
1323 1703 1789 1768 distinctionem
1822 1722 1841 1782 3

303 1814 459 1898 quia
479 1832 635 1878 vero
659 1812 934 1877 Ecclesia
966 1814 1108 1894 jam
1153 1811 1440 1875 ambulat
1479 1813 1549 1875 in
1574 1811 1842 1891 lumine,

301 1924 470 1988 sicut
493 1922 572 1987 de
596 1923 734 2005 ipsa
759 1922 992 1986 dicitur
1017 1921 1086 1984 in
1106 1920 1499 2002 Apocalypsi
1519 1921 1590 1985 ⁸:
1614 1920 1848 1986 Mulier

303 2032 544 2097 amicta
569 2031 713 2109 sole,
754 2034 814 2096 et
852 2029 1009 2095 luna
1034 2029 1150 2095 sub
1181 2027 1454 2110 pedibus
1491 2027 1669 2109 ejus;
1705 2027 1848 2091 ideo

305 2154 560 2203 menses
587 2138 919 2219 computat
949 2136 1024 2219 (b)
1057 2139 1119 2200 et
1135 2136 1270 2200 dies
1299 2135 1615 2200 solemnes
1640 2136 1851 2217 magis

303 2245 657 2311 secundum
699 2248 950 2309 motum
997 2243 1190 2321 Solis,
1235 2262 1430 2326 quam
1465 2243 1687 2321 Lunae,
1734 2261 1850 2308 ex-

304 2357 488 2436 cepto
513 2353 648 2417 solo
680 2351 1003 2431 Paschate,
1033 2355 1098 2416 et
1120 2369 1235 2435 per
1256 2369 1650 2434 consequens
1684 2350 1848 2416 Pen-

303 2465 536 2526 tecoste
565 2483 579 2525 :
614 2458 931 2524 Paschalis
961 2459 1137 2523 enim
1174 2458 1539 2523 solemnitas
1571 2476 1704 2523 non
1741 2476 1844 2522 so·-

303 2564 444 2629 lum
468 2564 820 2629 celebratur
840 2563 912 2626 in
934 2563 1605 2627 commemorationem
1635 2579 1850 2626 resur-

305 2672 605 2737 rectionis
631 2669 995 2754 praeteritae,
1044 2670 1155 2734 sed
1185 2670 1377 2734 etiam
1423 2670 1495 2734 in
1534 2671 1854 2753 praessgu-

305 2781 623 2846 rationem
664 2779 1145 2843 resurrectionis
1185 2779 1420 2860 figurae
1455 2800 1469 2842 ε
1516 2783 1579 2842 et
1615 2779 1685 2842 in
1729 2777 1854 2843 hoc

307 2887 583 2952 Ecclesia
615 2887 893 2970 quodam
919 2884 1110 2950 modo
1139 2889 1235 2951 est
1275 2885 1619 2950 conformis
1645 2886 1854 2969 Syna-

306 3011 543 3076 gogae3
591 2994 764 3058 unde
812 2993 1219 3057 festivitatem
1265 2992 1442 3057 illam
1486 2992 1782 3059 obse‘rvat
1814 3012 1852 3058 a

310 3106 511 3187 Luna,
555 3125 687 3172 non
711 3105 1117 3190 judaizandO,
1149 3105 1259 3170 sed
1298 3105 1511 3188 potius
1536 3104 1714 3170 illam
1749 3106 1874 3170 fu--

307 3221 523 3281 turam
551 3216 1013 3299 solemnitatem
1043 3232 1240 3297 quam
1273 3217 1584 3296 expectat,
1625 3233 1852 3279 secun-

305 3325 466 3390 dum
492 3323 664 3406 quod
686 3323 811 3386 sibi
848 3322 1168 3405 competit,
1198 3321 1671 3404 praesignando.
1703 3320 1854 3385 Haec

304 3435 528 3498 autem
564 3431 729 3496 dicta
769 3432 924 3493 sunt
970 3433 1229 3512 propter
1280 3430 1439 3494 illud
1487 3429 1661 3512 quod
1702 3429 1857 3494 dicit

304 3540 635 3624 Scriptura
677 3561 693 3603 ε
745 3539 829 3604 Et
881 3540 1020 3604 sint
1061 3538 1140 3602 in
1192 3538 1407 3619 siqua,
1466 3541 1584 3601 etc.
1620 3535 1699 3600 Et
1741 3554 1856 3619 per

299 3650 430 3714 hoc
457 3651 629 3731 patet
661 3646 988 3729 responsio
1028 3646 1109 3709 ad
1144 3646 1409 3727 objecta.
1459 3645 1642 3722 Quod
1679 3646 1853 3709 enim

301 3752 540 3817 dicitur
565 3768 702 3814 esse
726 3753 801 3816 in
823 3752 1038 3832 siqua,
1067 3750 1191 3813 hoc
1227 3752 1325 3813 est
1351 3748 1454 3812 vel
1500 3749 1570 3812 in
1597 3748 1856 3830 signifi-

302 3860 624 3925 cationem
651 3858 963 3922 imbrium
996 3862 1059 3921 et
1085 3860 1452 3935 ventorum,
1488 3855 1595 3920 vel
1625 3856 1696 3919 in
1724 3855 1857 3919 dis-

301 3968 681 4032 tinctionem
707 3971 1073 4048 temporum
1099 3986 1115 4028 ε
1150 3968 1214 4029 et
1233 3964 1376 4028 ideo
1401 3963 1552 4027 dicit
1576 3969 1856 4045 tempora

301 4074 640 4159 pluraliter
663 4122 680 4153 ,
724 4076 984 4156 propter
1027 4071 1447 4136 variationem
1487 4075 1854 4153 temporum

302 4185 381 4249 in
403 4188 680 4267 quatuor
699 4180 1098 4264 temporibus
1115 4179 1293 4256 anni,
1320 4178 1673 4244 secundum
1691 4196 1852 4260 qua-

301 4297 456 4357 tuor
494 4291 956 4354 elementorum
991 4286 1347 4370 qualitates
1390 4284 1469 4349 Et
1507 4285 1855 4367 subjungit

301 4399 448 4466 dies
474 4402 533 4464 et
562 4412 788 4476 annos,
818 4398 893 4460 nt
931 4395 1093 4458 sicut
1119 4412 1233 4477 per
1276 4398 1563 4476 tempora
1587 4393 1856 4457 notaba-

303 4501 742 4583 tur‘variatio‚
772 4503 863 4568 sic
892 4503 1082 4568 etiam
1107 4519 1222 4584 per
1241 4501 1374 4566 dies
1391 4506 1455 4566 et
1481 4518 1684 4566 annos
1707 4517 1852 4583 pos·

305 4616 398 4680 sit
421 4615 629 4679 notari
663 4615 877 4677 motus
905 4611 1080 4675 illius
1105 4609 1469 4674 terminatio
1500 4628 1519 4673 t
1564 4609 1656 4673 ita
1683 4609 1856 4691 quod

305 4725 455 4792 dies
469 4723 621 4788 dicit
646 4709 1158 4786 terminationem
1177 4724 1392 4783 motus
1406 4736 1536 4800 quo
1559 4721 1857 4782 movetur

309 4832 421 4899 Sol
450 4833 632 4896 motu
676 4828 1087 4907 firmamenti,
1115 4830 1180 4892 et
1221 4845 1432 4891 annus
1461 4826 1855 4891 terminatio-

307 4957 468 5005 nem
491 4941 704 5002 motus
729 4955 860 5020 quo
886 4939 1183 5001 movetur
1211 4935 1280 4998 in
1308 4934 1566 5016 obliquo
1593 4934 1851 4999 circulo.

310 5046 394 5112 Et
419 5046 489 5109 in
515 5045 640 5108 hoc
668 5048 838 5127 patet
862 5043 1034 5126 quod
1057 5061 1187 5107 non
1208 5042 1392 5108 debet
1415 5042 1566 5124 poni
1594 5042 1852 5120 mensis,

313 5157 382 5219 et
407 5153 788 5236 septimana,
813 5151 967 5234 qnia
987 5168 1120 5215 non
1140 5149 1430 5230 tangitur
1447 5148 1537 5211 ibi
1553 5165 1725 5212 nova
1747 5165 1858 5212 va-

381 5317 401 5353 ί
417 5313 599 5374 Εοοὶί.,
622 5325 774 5378 xmu,
791 5315 839 5362 7.
861 5338 920 5351 -
935 5312 959 5346 ¹
976 5314 1210 5378 August„
1237 5311 1510 5376 Epist-w,
1539 5310 1606 5360 al.
1637 5321 1773 5362 cxci.
1793 5333 1857 5346 -

314 5388 534 5453 ’Δροω
561 5397 670 5450 xn,
690 5389 738 5439 1.
756 5409 819 5424 -
840 5384 863 5421 ⁸
880 5384 963 5449 Gt.
990 5381 1304 5447 nichardus,
1333 5383 1375 5435 ΙΙ
1406 5382 1567 5445 Sene„
1593 5381 1712 5433 dist.
1734 5391 1853 5444 xxv,

3367 399 3483 461 587

1940 521 2147 601 riano,
2181 542 2300 589 nec
2316 544 2487 590 nova
2508 527 2891 592 terminatio,
2913 527 2992 593 Et
3003 546 3117 612 per
3134 529 3255 593 hoc
3271 532 3489 612 patent

1942 630 2164 696 omnia
2189 650 2335 716 quae
2363 638 2514 698 sunt
2540 635 2831 716 quaesita.

2360 778 2917 898 Anrlcnnus
2969 830 3026 898 1.

2026 1000 2126 1065 Ad
2173 1000 2661 1085 intelligentiam
2719 1004 2917 1087 huJus
2967 1005 3199 1087 partiS,
3258 1005 3491 1069 omissa

1949 1089 2350 1173 distinctione
2391 1110 2876 1190 elementorum,
2913 1111 3079 1176 circa
3124 1111 3487 1195 productio-

1950 1232 2103 1279 nem
2129 1217 2549 1281 luminarium
2579 1218 2708 1283 duo
2733 1222 3114 1301 quaeruntur
3144 1237 3161 1280 ι
3188 1217 3397 1301 primo
3413 1217 3492 1281 de

1950 1322 2107 1406 ipsis
2166 1325 2592 1389 luminaribus
2652 1344 2767 1409 per
2818 1325 3358 1408 comparationem
3410 1324 3492 1390 ad

1951 1430 2265 1513 corpusin
2293 1448 2422 1513 quo
2448 1432 2767 1510 locantur;
2810 1432 3086 1496 secundo
3112 1432 3190 1496 de
3233 1429 3388 1514 ipsis
3421 1430 3493 1495 in

1951 1538 2421 1620 comparatione
2443 1539 2524 1602 ad
2552 1557 2627 1601 ea
2648 1539 2719 1601 in
2744 1556 2892 1621 quae
2916 1542 3284 1621 operantur.
3318 1536 3494 1603 Circa

1951 1644 2237 1726 primum
2279 1645 2403 1709 tria
2443 1648 2865 1739 quaeruntur:
2909 1646 3119 1728 primo
3154 1644 3489 1727 quaeritur,

1952 1755 2177 1814 utrum
2206 1751 2552 1815 luminaria
2587 1753 2790 1835 posita
2821 1751 2948 1815 sint
2981 1752 3051 1815 in
3077 1752 3301 1815 eodem
3341 1771 3496 1817 con-

1953 1857 2158 1934 tinuo,
2190 1875 2272 1921 an
2300 1857 2371 1921 in
2401 1859 2695 1937 diversis;
2749 1845 3049 1939 secundo,
3093 1864 3319 1923 utrum
3348 1878 3494 1925 mo-

1953 1968 2230 2029 veantur
2258 1969 2440 2028 motu
2486 1967 2766 2048 corporis
2797 1967 3195 2046 continentiS,
3227 1986 3312 2030 an
3352 1986 3494 2034 mo-

1953 2069 2124 2133 tibus
2139 2070 2443 2152 propriis;
2468 2072 2654 2136 tertio
2668 2120 2687 2151 ,
2714 2076 2935 2137 utrum
2952 2078 3164 2139 motus
3181 2080 3496 2158 competat

1955 2174 2144 2240 alicui
2165 2178 2345 2256 coelo,
2370 2176 2507 2242 sive
2534 2177 2752 2241 stellis.

2507 2371 2865 2451 QUAESTIO
2908 2374 2959 2438 l.

1994 2525 2091 2582 An
2120 2526 2420 2584 luminaria
2447 2528 2566 2584 coeli
2588 2531 2650 2585 in
2677 2529 2855 2586 eodem
2881 2532 3131 2587 continuo
3161 2531 3399 2587 locentur
3416 2531 3457 2585 ὅ.

2039 2667 2268 2734 Utrum
2292 2672 2508 2735 omnia
2540 2672 2884 2737 luminaria
2923 2673 3064 2738 coeli
3109 2674 3399 2739 locentur
3426 2677 3498 2741 in

1958 2798 2096 2844 uno
2122 2798 2386 2863 corpore
2426 2781 2760 2860 continuo;
2805 2784 2870 2845 et
2894 2781 3063 2863 quod
3100 2781 3211 2858 sic,
3241 2783 3499 2848 videtur

1959 2905 2076 2969 per
2102 2890 2350 2951 textum
2380 2905 2575 2951 sacrae
2603 2887 2969 2970 Scriptura),
3007 2895 3146 2970 'qua
3171 2889 3320 2952 dicit
3351 2906 3500 2952 om-

1959 2996 2070 3061 nia
2113 2996 2458 3060 luminaria
2498 2996 2570 3059 in
2615 2997 3022 3059 firmamento
3068 2995 3273 3078 posita
3315 3013 3495 3060 esse:

1961 3104 2197 3185 Fiant,
2259 3106 2502 3187 inquit,
2548 3103 2911 3172 luminaria
2970 3106 3047 3171 in
3097 3105 3501 3185 firmamento

1959 3214 2125 3292 coeli,
2175 3217 2293 3277 etc.

2044 3321 2201 3395 Item
2251 3320 2375 3385 hoc
2410 3320 2665 3385 videtur
2701 3319 2946 3383 ratione
2992 3341 3007 3383 ε
3063 3317 3503 3402 Quaecumque

1962 3447 2230 3511 corpora
2270 3429 2757 3509 distinguuntur
2796 3427 2877 3492 ab
2920 3426 3199 3491 invicem
3223 3474 3240 3502 ,
3271 3426 3502 3490 distin-

1961 3543 2258 3620 guuntur
2281 3542 2394 3601 aut
2418 3536 2644 3609 forma,
2675 3538 2788 3599 aut
2812 3533 3149 3618 superficie
3181 3555 3196 3596 :
3222 3533 3331 3597 sed
3358 3551 3502 3596 cor-

1961 3662 2085 3727 pus
2110 3644 2253 3708 cceli
2277 3663 2318 3707 a
2343 3642 2524 3707 Luna
2566 3659 2773 3725 usque
2798 3642 2880 3706 ad
2924 3642 3157 3705 coelum
3182 3641 3500 3704 stellatum

1961 3758 2056 3817 est
2082 3753 2435 3828 uniforme,
2466 3755 2530 3815 et
2556 3751 2793 3815 iterum
2827 3767 2959 3814 non
2994 3753 3090 3813 est
3123 3766 3356 3831 corpus
3376 3748 3500 3813 ha-

1959 3859 2122 3924 bens
2144 3860 2549 3924 terminatam
2594 3858 2995 3940 superficiem
3026 3879 3041 3921 ε
3072 3875 3231 3939 ergo
3256 3858 3499 3941 impos-

1959 3970 2141 4034 sibile
2180 3974 2273 4033 est
2309 3968 2523 4050 ipsum
2560 3965 2797 4031 habere
2841 3966 3269 4049 pluralitatem
3292 4015 3311 4046 ,
3362 3967 3501 4032 sive

1960 4076 2431 4141 distinctionem
2460 4098 2474 4138 :
2509 4075 2712 4156 igitur
2756 4075 2976 4139 omnia
3000 4074 3345 4139 luminaria
3380 4074 3502 4138 sita

1961 4186 2204 4250 suntin
2225 4185 2449 4248 eodem
2475 4201 2758 4266 corpore.

2041 4292 2223 4371 Item,
2255 4293 2311 4357 si
2350 4293 2566 4376 aliqua
2604 4310 2871 4375 corpora
2911 4296 3060 4355 sunt
3097 4288 3391 4355 distincta
3420 4285 3502 4354 ab

1961 4402 2263 4481 invicem,
2292 4401 2371 4465 ad
2394 4407 2644 4465 motum
2666 4400 2861 4465 unius
2887 4417 3020 4463 non
3046 4398 3333 4480 sequitur
3365 4414 3502 4460 mo-

1961 4515 2067 4574 tus
2084 4509 2343 4574 alterius
2364 4531 2380 4572 ε
2407 4508 2517 4573 sed
2535 4509 2764 4573 ultima
2782 4507 3035 4590 sphaera
3053 4508 3273 4569 movet
3290 4508 3500 4568 totum

1962 4619 2136 4702 quod
2160 4619 2326 4682 infra
2352 4621 2556 4702 ipsam
2586 4621 2682 4682 est
2706 4618 2787 4681 ab
2814 4617 3055 4681 oriente
3095 4615 3165 4677 in
3205 4611 3500 4677 occiden-

1962 4735 2131 4795 tem:
2154 4748 2312 4812 ergo
2336 4747 2589 4793 necesse
2615 4734 2709 4793 est
2725 4732 2923 4792 totam
2948 4731 3248 4791 naturam
3276 4725 3502 4791 coeles·

1963 4842 2096 4904 tem
2118 4857 2253 4904 esse
2280 4857 2490 4904 unum
2518 4856 2750 4920 corpus
2775 4835 3181 4901 continuum.

2044 4947 2203 5011 Item
2218 4996 2236 5027 ,
2289 4947 2452 5010 sicut
2475 4965 2628 5012 aves
2666 4950 2816 5009 sunt
2839 4945 3165 5028 productae
3190 4943 3270 5008 ad
3305 4960 3502 5009 orna-

1963 5114 2060 5161 art.
2085 5112 2144 5172 3,
2184 5124 2235 5174 q.
2265 5120 2316 5172 ις
2357 5108 2612 5159 Francisc.
2643 5108 2707 5157 de
2748 5107 2932 5172 Mayr„
2970 5107 3011 5156 ll
3047 5107 3206 5167 Sent„
3242 5105 3357 5157 dist.
3384 5118 3499 5170 xlv,

1964 5198 2015 5247 q.
2039 5195 2097 5250 11¹
2114 5198 2132 5246 3
2165 5182 2340 5245 Steph.
2367 5182 2575 5244 Brulcr„
2602 5181 2641 5230 lt
2674 5181 2832 5238 Sem„
2861 5180 2979 5230 dist.
3007 5189 3114 5241 xlv,
3141 5191 3190 5242 q.
3214 5189 3283 5228 vr.

2027 5303 2093 5366 (a)
2124 5301 2264 5352 Edit.
2299 5299 2413 5350 Vera.
2439 5298 2683 5364 sufficiat,
2711 5296 2834 5348 dicit
2884 5295 3323 5361 -(⁶)Coet.ed1·e.
3355 5307 3498 5355 eom-

1963 5379 2163 5443 putant.

3532 2689 3621 2732 Fun

3623 2689 3737 2734 dan.
