4125 6225
1564 470 1941 536 DISTINCT.
1987 469 2254 537 XLVIII.
3381 480 3488 539 221

328 614 688 701 passionem
715 610 1121 679 credentium
1152 610 1272 701 piae
1304 616 1553 676 mentes
1596 609 1978 692 voluerunt,
2015 616 2081 675 et
2108 615 2500 698 optaverunt
2530 605 2699 691 fieri,
2732 607 2900 675 sieut
2940 608 3244 676 futurum
3283 607 3502 676 crede·
3528 629 3649 671 rum,
3688 629 3743 660 ³¹¹

3529 682 3662 731 vene,
3690 692 3744 722 an

326 733 477 800 bant
510 756 524 797 :
558 729 887 821 passiones
915 750 1070 796 vero
1099 736 1472 794 sanctorum
1514 747 1861 815 possumus
1902 724 2074 791 velle
2102 730 2167 791 et
2203 723 2416 808 nolle;
2454 731 2519 790 et
2548 732 2909 814 utrumque
2936 723 3111 792 bona
3145 724 3496 810 voluntati,
3531 742 3646 784 none
3672 742 3745 784 de-

325 848 379 915 si
406 855 607 914 rectos
633 845 824 913 nobis
854 866 1294 935 proponamus
1322 843 1510 910 fines.
1541 840 1665 910 Cui
1694 841 1869 907 enim
1900 840 2142 930 placuit
2174 839 2363 907 Pauli
2392 841 2627 930 passio,
2664 862 2738 906 eo
2770 840 2928 925 fine,
2962 842 3121 930 quia
3149 843 3502 933 praemium
3532 803 3559 845 b
3563 816 3726 847 ⁸⁸⁸⁸⁸⁸

326 963 463 1055 ejus
495 984 609 1053 per
654 960 777 1030 hoc
804 970 1072 1028 auctum
1104 968 1165 1027 et
1204 968 1505 1050 paratum
1560 956 1887 1040 cernebat,
1938 955 2176 1024 bonam
2208 955 2471 1032 videtur
2516 956 2820 1025 habuisse
2858 956 3296 1046 voluntatem,
3354 981 3506 1049 quae

325 1077 648 1146 voluntati
676 1078 816 1169 ejus
842 1076 1268 1166 congruebat,
1300 1076 1459 1167 quia
1487 1074 1787 1165 cupiebat
1817 1071 2105 1155 dissolvi,
2140 1084 2204 1140 et
2231 1095 2363 1140 esse
2395 1095 2544 1140 cum
2581 1073 2866 1142 Christo.
2893 1073 3022 1156 Qui
3048 1083 3268 1144 autem
3297 1075 3512 1144 voluit

325 1218 475 1263 eum
505 1194 831 1262 declinare
861 1193 1250 1285 passionem,
1283 1201 1348 1259 et
1374 1193 1664 1280 effugere
1693 1214 1928 1258 manus
1958 1189 2345 1280 iniquorum
2375 1190 2820 1280 compassione
2849 1190 3132 1283 pietatis»,
3162 1199 3226 1261 et
3251 1191 3365 1260 iile
3396 1191 3512 1259 ha-

324 1311 463 1379 buit
488 1312 727 1381 bonam
753 1312 1184 1379 voluntatem.
1215 1309 1406 1378 Unde
1423 1307 1836 1397 Augustinus
1849 1307 1918 1373 in
1934 1305 2327 1374 Enclzirz‘dio
2351 1313 2368 1347 ¹
2394 1331 2415 1382 ,-
2447 1307 2696 1374 «Bonae
2711 1306 3112 1396 apparebant
3135 1308 3509 1376 voluntates

323 1426 680 1518 impiorum
709 1427 1007 1494 fidelium
1043 1426 1162 1518 qui
1189 1426 1500 1493 nolebant
1529 1424 1898 1514 apostolum
1928 1423 2214 1491 Paulum
2243 1422 2656 1490 Hierusalem
2691 1445 2984 1514 pergere,
3017 1447 3098 1491 ne
3139 1424 3233 1491 ibi
3260 1434 3514 1516 patere-

327 1552 434 1611 tur
459 1543 656 1628 mala,
690 1567 839 1635 quae
870 1544 1140 1632 Agabus
1168 1541 1487 1634 propheta
1518 1541 1930 1630 praedixerat.
1967 1540 2050 1607 Et
2078 1548 2296 1608 tamen
2325 1539 2446 1607 hoc
2476 1540 2666 1607 illum
2695 1539 2872 1608 Deus
2911 1539 3046 1630 pati
3088 1540 3350 1609 volebat
3390 1564 3512 1632 pro

324 1660 778 1728 annuntianda
823 1660 953 1727 fide
998 1659 1259 1744 Christi,
1296 1678 1600 1725 exercens
1630 1664 1983 1746 martyrem
2013 1655 2256 1724 Christi
2306 1681 2322 1721 :
2384 1679 2597 1747 neque
2633 1656 2769 1745 ipse
2809 1656 3051 1724 bonam
3099 1657 3510 1725 voluntatem

324 1800 510 1844 suam
559 1775 859 1866 implevit
902 1798 1021 1866 par
1065 1774 1589 1842 Christianorum
1641 1771 2012 1840 voluntates
2063 1772 2292 1858 bonaS,
2324 1772 2434 1839 sed
2482 1795 2597 1862 per
2627 1771 3008 1841 Judaeorum
3043 1774 3286 1842 malas:
3338 1781 3402 1841 et
3430 1774 3513 1842 ad

324 1915 475 1960 eum
502 1891 720 1982 potius
744 1891 1158 1981 pertinebant
1185 1890 1302 1981 qui
1330 1889 1645 1957 nolebant
1672 1889 1845 1978 quod
1874 1889 2160 1974 volebat,
2215 1913 2418 1980 quam
2447 1890 2547 1957 illi
2575 1912 2690 1981 per
2718 1877 2886 1982 quos
2931 1891 3223 1959 volentes
3266 1890 3513 1959 factum

325 2017 420 2076 est
469 2007 649 2099 quod
701 2006 1009 2076 volebat:
1083 2007 1240 2098 quia
1290 2005 1582 2097 idipsum
1628 2004 1923 2094 quidem,
1974 2005 2086 2072 sed
2138 2005 2275 2096 ipse
2340 2027 2453 2096 per
2497 2028 2606 2073 eos
2668 2006 2867 2090 bona,
2918 2005 3021 2073 illi
3077 2015 3297 2074 autem
3338 2007 3515 2075 mala

325 2126 662 2194 voluntate
705 2125 1021 2192 fecerunt.
1076 2123 1176 2190 Ita
1217 2130 1283 2190 et
1334 2123 1405 2190 in
1456 2121 1754 2213 passione
1807 2120 2046 2189 Christi
2088 2103 2335 2189 factum
2390 2128 2529 2190 est:
2579 2121 2758 2214 quod
2819 2122 2995 2191 enim
3042 2122 3218 2191 Deus
3273 2124 3511 2211 voluit,

330 2240 453 2310 hoe
511 2241 685 2308 idem
736 2240 947 2309 Judaei
977 2292 996 2326 ,
1050 2247 1115 2307 et
1166 2237 1470 2307 diabolus
1498 2264 1515 2324 ;
1574 2238 1685 2305 sed
1752 2237 1855 2305 illi
1926 2237 2102 2305 mala
2158 2238 2494 2306 voluntate
2517 2289 2537 2325 ,
2594 2238 2773 2306 Deus
2842 2261 2998 2307 vero
3054 2239 3230 2308 bona
3279 2241 3520 2308 volun-

330 2366 481 2445 tate,
508 2357 751 2426 seilicet
779 2365 854 2425 ut
879 2356 1175 2425 Christus
1203 2363 1592 2424 moreretur.
1626 2354 2105 2422 Verumtamen
2129 2353 2231 2421 illi
2258 2363 2477 2424 actum
2515 2355 2896 2441 voluerunt,
2940 2379 3142 2447 quem
3167 2355 3345 2425 Deus
3374 2379 3511 2425 non

86 3090 272 3136 nivisio.

326 2473 558 2543 voluit.

707 2756 1118 2825 EXPOSITIO
1159 2755 1488 2822 TEXTUS.

325 2891 597 2945 Sciendum
612 2907 817 2959 quoque
841 2892 1071 2956 estquod
1086 2890 1357 2955 aliquando
1378 2890 1515 2941 mala
1534 2893 1613 2940 est
1631 2888 1866 2940 voluntas

903 2963 1149 3028 hominis,
1180 2967 1279 3014 ete.

402 3080 554 3146 Haec
581 3085 677 3146 est
707 3080 893 3147 tertia
924 3099 1072 3164 pars
1091 3129 1108 3157 ,
1140 3079 1210 3143 in
1239 3097 1368 3162 qua
1393 3077 1532 3159 agit
1564 3074 1867 3159 Magister

327 3189 403 3254 de
441 3190 938 3255 conformatione
971 3187 1319 3253 voluntatis
1358 3189 1592 3250 nostrae
1631 3186 1710 3249 ad
1748 3203 1864 3250 vo-

327 3297 636 3362 luntatem
669 3298 976 3361 divinam.
1022 3296 1101 3360 Et
1125 3294 1431 3359 dividitur
1459 3295 1597 3357 haec
1625 3311 1771 3375 pars
1797 3295 1866 3357 in

328 3412 601 3487 quatuor
634 3411 863 3488 partes.
907 3404 983 3468 In
1017 3403 1227 3486 prima
1261 3401 1562 3482 Magister
1596 3402 1867 3466 ostendit

327 3506 497 3595 quod
536 3514 615 3577 ad
659 3513 1163 3577 conformitatem
1204 3509 1552 3573 voluntatis
1592 3515 1860 3589 nostrae,

327 3626 389 3683 et
411 3621 670 3696 divinae,
698 3638 828 3684 non
856 3619 1088 3683 sufficit
1117 3618 1522 3682 conformitas
1546 3616 1616 3679 in
1642 3617 1861 3680 volito.

330 3725 398 3790 In
420 3731 698 3793 secunda
719 3727 992 3791 ostendit
1012 3727 1185 3808 quod
1206 3745 1337 3789 non
1360 3725 1593 3788 sufficit
1615 3725 1866 3789 contor-

328 3837 511 3900 mitas
549 3838 619 3899 in
648 3835 1048 3919 operatione,
1080 3834 1216 3897 sive
1256 3834 1323 3896 in
1357 3851 1545 3915 opere
1582 3836 1861 3915 operat0,

327 3942 418 4006 ibi
446 3943 660 4009 :Illud
683 3958 1085 4028 quoqueflon
1113 3948 1205 4007 est
1228 3940 1862 4023 praetermittendum.

328 4048 397 4113 In
438 4055 623 4116 tertia
665 4051 963 4132 Magister
1001 4050 1191 4114 solvit
1234 4069 1317 4114 ex
1357 4051 1480 4113 hoc
1519 4050 1866 4130 quamdam

327 4160 741 4240 quaestionem
783 4178 822 4221 a
861 4159 1057 4222 latere
1086 4176 1103 4221 z
1134 4160 1359 4221 utrum
1397 4157 1633 4220 scilicet
1669 4157 1867 4219 sancti

327 4264 592 4329 debeant
619 4266 975 4349 passionem
1001 4264 1229 4329 Christi
1254 4264 1437 4338 velle,
1463 4264 1552 4327 ibi
1576 4265 1720 4328 :Ex
1742 4279 1866 4346 quo

328 4374 595 4439 solatur
622 4375 886 4456 quoestio
917 4389 1048 4455 qua
1078 4373 1287 4454 quaerz·
1314 4372 1489 4438 solet.
1535 4370 1608 4434 In
1641 4376 1869 4453 quarta

328 4498 481 4545 vero
507 4487 570 4546 et
609 4483 837 4545 ultima
863 4480 1165 4561 Magister
1201 4484 1418 4543 movet
1444 4479 1867 4561 quaestionem

322 4589 511 4669 juxta
537 4590 733 4669 hanc,
762 4593 827 4653 et
852 4588 1231 4653 determmat
1259 4587 1348 4651 ibi
1381 4609 1396 4650 ε
1428 4586 1509 4652 Si
1536 4602 1676 4652 vero
1705 4602 1870 4668 quoe-

329 4697 499 4762 rz‘cm·
520 4707 736 4764 utrum
757 4697 968 4763 eodem
992 4695 1175 4761 modo
1198 4693 1605 4760 sentiendum
1625 4700 1735 4760 eat.
1752 4691 1869 4756 Ubi

330 4804 677 4868 ostenditur
703 4804 874 4886 quod
909 4803 1294 4866 dissimiliter
1325 4802 1749 4884 judicandum
1777 4805 1872 4864 est

330 4910 407 4974 de
431 4912 826 4994 passionibus
849 4917 1251 4987 sanctorum,
1281 4914 1345 4974 et
1372 4909 1571 4992 ipsius
1596 4911 1862 4974 Cnmsn.

980 5121 1116 5168 DUB.
1164 5120 1209 5165 1.

363 5244 575 5297 Multum
597 5244 734 5297 enim
764 5244 994 5308 interest,
1021 5245 1144 5311 quid
1169 5244 1300 5368 vtelle
1321 5244 1542 5309 homini,
1568 5245 1691 5310 quid
1723 5247 1835 5297 Deo

964 5332 1194 5383 congrua

414 5446 644 5512 Contra
666 5464 685 5510 z
706 5445 804 5510 Ex
825 5447 948 5510 hoc
969 5447 1222 5511 videtur
1243 5447 1417 5530 quod
1440 5446 1680 5529 aliquid
1702 5446 1869 5511 licite

1977 2757 2172 2840 possit
2201 2759 2396 2822 homo
2423 2757 2586 2824 velle
2620 2758 2907 2837 sciendO,
2954 2762 3139 2841 cujus
3174 2760 3340 2825 Deus
3366 2762 3522 2826 velit

1973 2866 2384 2931 contrarium.
2434 2866 2718 2931 Ponatur
2743 2885 2920 2958 ‘ergo
2973 2886 3088 2950 per
3131 2867 3520 2951 impossibile

1973 2973 2146 3055 quod
2190 2973 2383 3037 alicui
2429 2973 2750 3037 reveletur
2796 2992 2914 3037 sua
2957 2974 3278 3040 damnatio
3310 2996 3328 3039 ε
3365 2995 3514 3040 con-

1973 3086 2147 3145 stans
2173 3085 2266 3146 est
2293 3081 2468 3164 quod
2498 3081 2665 3145 Deus
2692 3082 2832 3146 vult
2860 3083 3052 3147 istum
3080 3083 3372 3149 damnari
3399 3102 3517 3150 vo-

1973 3188 2217 3254 luntate
2240 3190 2549 3254 absoluta.
2576 3190 2706 3254 Aut
2730 3209 2888 3272 ergo
2914 3192 3030 3255 iste
3053 3195 3307 3256 tenetur
3329 3192 3513 3271 velle,

1974 3301 2242 3361 autnon
2269 3317 2285 3361 :
2313 3298 2415 3361 vel
2448 3296 2783 3382 [quidquid
2812 3300 2894 3362 sit
2919 3300 2997 3362 de
3023 3299 3327 3384 tentione]
3361 3300 3520 3382 quid

1975 3409 2071 3467 est
2106 3406 2441 3501 perfectius
2483 3406 2681 3484 velle,
2725 3411 2945 3470 utrum
2980 3407 3141 3472 velie
3181 3408 3511 3485 damnari,

1975 3512 2081 3575 vel
2121 3531 2274 3577 non.
2320 3512 2387 3577 Si
2418 3513 2560 3576 vult
2596 3513 2918 3589 damnari,
2959 3534 3118 3596 ergo
3153 3517 3362 3580 vulta
3395 3516 3516 3581 Deo

1975 3620 2255 3702 separari
2287 3642 2302 3684 :
2332 3620 2453 3683 hoe
2486 3620 2782 3685 voluntas
2823 3626 2993 3686 reeta
3019 3642 3354 3705 nunquam
3394 3643 3516 3707 po-

1974 3730 2096 3789 test
2115 3731 2431 3809 appetere.
2453 3727 2519 3791 Si
2542 3745 2673 3791 non
2689 3728 2830 3792 vult
2853 3729 3165 3809 damnari,
3187 3748 3346 3811 ergo
3370 3748 3519 3813 per-

1974 3836 2132 3899 fecte
2168 3854 2235 3898 se
2272 3853 2403 3898 non
2439 3836 2791 3899 conformat
2817 3859 2833 3899 :
2859 3855 3017 3920 ergo
3056 3837 3392 3921 perfectior
3423 3842 3519 3902 est

1975 3941 2273 4005 voluntas
2299 3943 2585 4024 opposita

2056 4048 2242 4131 Resp.
2289 4049 2632 4115 Dicendum
2671 4051 2844 4132 quod
2887 4051 3044 4115 illud
3088 4057 3184 4117 est
3220 4053 3518 4137 impossi-

1976 4156 2124 4234 bile,
2155 4158 2324 4238 quod
2351 4157 2540 4221 alicui
2566 4158 2884 4223 reveletur
2912 4178 3029 4222 sua
3055 4159 3377 4225 damnatio
3410 4183 3427 4224 ε
3455 4164 3522 4226 et

1976 4263 2350 4345 impossibili
2388 4265 2612 4346 posito,
2645 4283 2775 4329 non
2806 4270 2899 4330 est
2939 4266 3181 4331 mirum
3209 4268 3263 4332 si
3290 4287 3522 4351 sequa-

1976 4379 2086 4438 tur
2108 4374 2514 4456 impossibile.
2541 4373 2783 4439 Tamen
2807 4375 2956 4440 situ
2977 4395 3232 4459 quaeras
3252 4379 3404 4460 quid
3428 4381 3522 4442 est

1978 4482 2350 4564 perfectiuS,
2402 4481 2752 4563 respondeo
2797 4482 3175 4562 dicendum,
3229 4485 3397 4568 quod
3449 4485 3521 4548 in

1980 4594 2220 4653 aeterna
2247 4589 2652 4654 damnatione
2682 4594 2834 4653 sunt
2863 4591 3025 4669 duo,
3055 4592 3288 4655 scilicet
3316 4610 3520 4674 poenae

1979 4697 2277 4773 inflictio,
2309 4703 2372 4760 et
2398 4702 2639 4761 aeterna
2663 4715 2703 4761 a
2731 4696 2855 4762 Deo
2881 4699 3212 4779 separatio.
3247 4697 3521 4781 Separa-

1982 4805 2220 4868 tionem
2268 4810 2570 4869 aeternam
2615 4823 2655 4868 a
2697 4804 2826 4868 Deo
2877 4805 3056 4869 nullo
3101 4806 3291 4870 modo
3334 4807 3521 4871 credo

1978 4912 2150 4994 quod
2187 4912 2405 4993 aliqua
2449 4912 2668 4974 anima
2709 4915 2877 4975 reete
2914 4911 3136 4975 debeat
3164 4912 3357 4990 velle,
3388 4914 3521 4977 imo

1976 5036 2231 5101 semper
2254 5020 2416 5083 velle
2441 5018 2833 5083 contrarium
2866 5040 2880 5082 :
2913 5019 3022 5083 sed
3048 5037 3304 5101 poenam
3331 5021 3519 5099 velle,

1977 5126 2034 5189 si
2069 5125 2424 5191 revelatum
2464 5131 2559 5191 est
2594 5126 2749 5205 sibi,
2793 5110 2976 5189 debet
2995 5173 3011 5203 ,
3055 5131 3118 5190 et
3160 5126 3284 5191 hoc
3313 5133 3521 5210 patet,

1979 5235 2132 5316 quia
2162 5234 2429 5318 quilibet
2458 5236 2675 5317 ,iustus
2705 5234 2783 5298 de
2818 5252 2888 5298 se
2906 5282 2924 5314 ,
2968 5238 3035 5298 et
3068 5234 3145 5299 de
3185 5235 3311 5300 alio
3342 5235 3529 5301 debet

1978 5342 2145 5408 velle
2167 5342 2339 5424 quod
2366 5341 2576 5406 omnis
2612 5359 2880 5424 peccans
2918 5343 3215 5424 finaliter,
3243 5349 3524 5408 aeterna·

2047 5467 2066 5501 ¹
2085 5473 2237 5530 Aug„
2267 5465 2549 5527 Enckin'd„
2581 5481 2630 5516 e.
2654 5478 2723 5516 οι.
