<?xml version="1.0" encoding="UTF-8"?>
<!DOCTYPE html PUBLIC "-//W3C//DTD XHTML 1.0 Transitional//EN"
    "http://www.w3.org/TR/xhtml1/DTD/xhtml1-transitional.dtd">
<html xmlns="http://www.w3.org/1999/xhtml" xml:lang="en" lang="en">
 <head>
  <title>
</title>
<meta http-equiv="Content-Type" content="text/html;charset=utf-8" />
  <meta name='ocr-system' content='tesseract 3.04.00' />
  <meta name='ocr-capabilities' content='ocr_page ocr_carea ocr_par ocr_line ocrx_word'/>
</head>
<body>
  <div class='ocr_page' id='page_1' title='image "./srecardinalissb01peltgoog_0693.png"; bbox 0 0 4125 6225; ppageno 0'>
   <div class='ocr_carea' id='block_1_1' title="bbox 1343 486 2516 566">
    <p class='ocr_par' dir='ltr' id='par_1_1' title="bbox 1343 486 2516 566">
     <span class='ocr_line' id='line_1_1' title="bbox 1343 486 2516 566; baseline -0.003 -10"><span class='ocrx_word' id='word_1_1' title='bbox 1343 489 1540 557; x_wconf 88' lang='lat' dir='ltr'><strong>DIST.</strong></span> <span class='ocrx_word' id='word_1_2' title='bbox 1579 487 1710 557; x_wconf 75' lang='lat' dir='ltr'><strong>XV.</strong></span> <span class='ocrx_word' id='word_1_3' title='bbox 1749 486 1931 554; x_wconf 77' lang='grc' dir='ltr'><strong>ΛΒΤ.</strong></span> <span class='ocrx_word' id='word_1_4' title='bbox 1976 487 2027 553; x_wconf 92' lang='grc' dir='ltr'><strong>Ι.</strong></span> <span class='ocrx_word' id='word_1_5' title='bbox 2071 486 2372 566; x_wconf 81' lang='lat' dir='ltr'><strong>QUAEST.</strong></span> <span class='ocrx_word' id='word_1_6' title='bbox 2412 487 2516 553; x_wconf 89' lang='lat'>111.</span> 
     </span>
    </p>
   </div>
   <div class='ocr_carea' id='block_1_2' title="bbox 349 626 1892 2214">
    <p class='ocr_par' dir='ltr' id='par_1_2' title="bbox 352 626 1892 1463">
     <span class='ocr_line' id='line_1_2' title="bbox 436 626 1891 710; baseline -0.004 -15"><span class='ocrx_word' id='word_1_7' title='bbox 436 631 593 695; x_wconf 88' lang='lat' dir='ltr'><strong>Item</strong></span> <span class='ocrx_word' id='word_1_8' title='bbox 619 630 834 696; x_wconf 89' lang='lat' dir='ltr'><strong>anima</strong></span> <span class='ocrx_word' id='word_1_9' title='bbox 857 630 1180 710; x_wconf 78' lang='lat' dir='ltr'><strong>sensitiva,</strong></span> <span class='ocrx_word' id='word_1_10' title='bbox 1200 629 1364 693; x_wconf 88' lang='lat' dir='ltr'><strong>sicut</strong></span> <span class='ocrx_word' id='word_1_11' title='bbox 1388 630 1483 692; x_wconf 88' lang='lat' dir='ltr'><strong>est</strong></span> <span class='ocrx_word' id='word_1_12' title='bbox 1507 626 1891 710; x_wconf 88' lang='lat' dir='ltr'><strong>principium</strong></span> 
     </span>
     <span class='ocr_line' id='line_1_3' title="bbox 356 735 1892 822; baseline -0.005 -18"><span class='ocrx_word' id='word_1_13' title='bbox 356 757 601 818; x_wconf 83' lang='lat' dir='ltr'><strong>sensus,</strong></span> <span class='ocrx_word' id='word_1_14' title='bbox 630 740 718 803; x_wconf 91' lang='lat' dir='ltr'><strong>ita</strong></span> <span class='ocrx_word' id='word_1_15' title='bbox 745 743 840 803; x_wconf 88' lang='lat' dir='ltr'><strong>est</strong></span> <span class='ocrx_word' id='word_1_16' title='bbox 864 738 1255 822; x_wconf 89' lang='lat' dir='ltr'><strong>principium</strong></span> <span class='ocrx_word' id='word_1_17' title='bbox 1281 740 1494 801; x_wconf 90' lang='lat' dir='ltr'><strong>motus</strong></span> <span class='ocrx_word' id='word_1_18' title='bbox 1525 757 1541 799; x_wconf 73' lang='grc' dir='ltr'>ε</span> <span class='ocrx_word' id='word_1_19' title='bbox 1573 753 1731 816; x_wconf 84' lang='lat' dir='ltr'><strong>ergo</strong></span> <span class='ocrx_word' id='word_1_20' title='bbox 1757 735 1892 798; x_wconf 88' lang='lat' dir='ltr'><strong>ani-</strong></span> 
     </span>
     <span class='ocr_line' id='line_1_4' title="bbox 356 844 1887 930; baseline -0.005 -19"><span class='ocrx_word' id='word_1_21' title='bbox 356 847 624 911; x_wconf 89' lang='lat' dir='ltr'><strong>malium</strong></span> <span class='ocrx_word' id='word_1_22' title='bbox 669 865 935 930; x_wconf 90' lang='lat' dir='ltr'><strong>corpora</strong></span> <span class='ocrx_word' id='word_1_23' title='bbox 977 865 1111 910; x_wconf 90' lang='lat' dir='ltr'><strong>non</strong></span> <span class='ocrx_word' id='word_1_24' title='bbox 1156 848 1409 909; x_wconf 91' lang='lat' dir='ltr'><strong>tantum</strong></span> <span class='ocrx_word' id='word_1_25' title='bbox 1454 844 1534 907; x_wconf 88' lang='lat' dir='ltr'><strong>ad</strong></span> <span class='ocrx_word' id='word_1_26' title='bbox 1585 860 1847 906; x_wconf 87' lang='lat' dir='ltr'><strong>sensum</strong></span> <span class='ocrx_word' id='word_1_27' title='bbox 1869 888 1887 918; x_wconf 91' lang='lat'>,</span> 
     </span>
     <span class='ocr_line' id='line_1_5' title="bbox 356 949 1885 1019; baseline -0.004 -1"><span class='ocrx_word' id='word_1_28' title='bbox 356 955 466 1018; x_wconf 91' lang='lat' dir='ltr'><strong>sed</strong></span> <span class='ocrx_word' id='word_1_29' title='bbox 508 955 700 1018; x_wconf 88' lang='lat' dir='ltr'><strong>etiam</strong></span> <span class='ocrx_word' id='word_1_30' title='bbox 746 955 826 1019; x_wconf 89' lang='lat' dir='ltr'><strong>ad</strong></span> <span class='ocrx_word' id='word_1_31' title='bbox 868 958 1118 1018; x_wconf 90' lang='lat' dir='ltr'><strong>motum</strong></span> <span class='ocrx_word' id='word_1_32' title='bbox 1161 952 1383 1017; x_wconf 90' lang='lat' dir='ltr'><strong>dicunt</strong></span> <span class='ocrx_word' id='word_1_33' title='bbox 1424 970 1559 1016; x_wconf 89' lang='lat' dir='ltr'><strong>esse</strong></span> <span class='ocrx_word' id='word_1_34' title='bbox 1600 949 1885 1014; x_wconf 87' lang='lat' dir='ltr'><strong>habilia:</strong></span> 
     </span>
     <span class='ocr_line' id='line_1_6' title="bbox 355 1058 1891 1141; baseline -0.003 -17"><span class='ocrx_word' id='word_1_35' title='bbox 355 1060 465 1124; x_wconf 88' lang='lat' dir='ltr'><strong>sed</strong></span> <span class='ocrx_word' id='word_1_36' title='bbox 488 1060 800 1124; x_wconf 87' lang='lat' dir='ltr'><strong>elementa</strong></span> <span class='ocrx_word' id='word_1_37' title='bbox 825 1061 1053 1141; x_wconf 84' lang='lat' dir='ltr'><strong>gravia</strong></span> <span class='ocrx_word' id='word_1_38' title='bbox 1074 1064 1228 1123; x_wconf 88' lang='lat' dir='ltr'><strong>sunt</strong></span> <span class='ocrx_word' id='word_1_39' title='bbox 1252 1058 1516 1122; x_wconf 90' lang='lat' dir='ltr'><strong>minime</strong></span> <span class='ocrx_word' id='word_1_40' title='bbox 1540 1059 1619 1122; x_wconf 91' lang='lat' dir='ltr'><strong>ad</strong></span> <span class='ocrx_word' id='word_1_41' title='bbox 1641 1060 1891 1121; x_wconf 91' lang='lat' dir='ltr'><strong>motum</strong></span> 
     </span>
     <span class='ocr_line' id='line_1_7' title="bbox 355 1165 1890 1248; baseline -0.001 -19"><span class='ocrx_word' id='word_1_42' title='bbox 355 1167 618 1244; x_wconf 88' lang='lat' dir='ltr'><strong>habilia,</strong></span> <span class='ocrx_word' id='word_1_43' title='bbox 649 1170 712 1231; x_wconf 88' lang='lat' dir='ltr'><strong>et</strong></span> <span class='ocrx_word' id='word_1_44' title='bbox 736 1166 877 1231; x_wconf 83' lang='lat' dir='ltr'><strong>haec</strong></span> <span class='ocrx_word' id='word_1_45' title='bbox 901 1170 1053 1231; x_wconf 88' lang='lat' dir='ltr'><strong>sunt</strong></span> <span class='ocrx_word' id='word_1_46' title='bbox 1077 1165 1389 1230; x_wconf 90' lang='lat' dir='ltr'><strong>elementa</strong></span> <span class='ocrx_word' id='word_1_47' title='bbox 1412 1166 1663 1248; x_wconf 85' lang='lat' dir='ltr'><strong>passiva</strong></span> <span class='ocrx_word' id='word_1_48' title='bbox 1690 1187 1705 1229; x_wconf 73' lang='grc' dir='ltr'>ε</span> <span class='ocrx_word' id='word_1_49' title='bbox 1732 1181 1890 1246; x_wconf 85' lang='lat' dir='ltr'><strong>ergo</strong></span> 
     </span>
     <span class='ocr_line' id='line_1_8' title="bbox 354 1272 1892 1356; baseline -0.003 -17"><span class='ocrx_word' id='word_1_50' title='bbox 354 1273 608 1339; x_wconf 81' lang='lat' dir='ltr'><strong>videtur</strong></span> <span class='ocrx_word' id='word_1_51' title='bbox 632 1275 803 1356; x_wconf 89' lang='lat' dir='ltr'><strong>quod</strong></span> <span class='ocrx_word' id='word_1_52' title='bbox 827 1273 1201 1337; x_wconf 88' lang='lat' dir='ltr'><strong>animalium</strong></span> <span class='ocrx_word' id='word_1_53' title='bbox 1224 1290 1488 1355; x_wconf 85' lang='lat' dir='ltr'><strong>corpora</strong></span> <span class='ocrx_word' id='word_1_54' title='bbox 1514 1272 1723 1354; x_wconf 84' lang='lat' dir='ltr'><strong>magis</strong></span> <span class='ocrx_word' id='word_1_55' title='bbox 1749 1290 1892 1335; x_wconf 88' lang='lat' dir='ltr'><strong>con·</strong></span> 
     </span>
     <span class='ocr_line' id='line_1_9' title="bbox 352 1378 1439 1463; baseline -0.005 -17"><span class='ocrx_word' id='word_1_56' title='bbox 352 1385 516 1446; x_wconf 83' lang='lat' dir='ltr'><strong>stent</strong></span> <span class='ocrx_word' id='word_1_57' title='bbox 540 1399 623 1445; x_wconf 85' lang='lat' dir='ltr'><strong>ex</strong></span> <span class='ocrx_word' id='word_1_58' title='bbox 648 1380 897 1461; x_wconf 76' lang='lat' dir='ltr'><strong>activis,</strong></span> <span class='ocrx_word' id='word_1_59' title='bbox 929 1398 1125 1463; x_wconf 90' lang='lat' dir='ltr'><strong>quam</strong></span> <span class='ocrx_word' id='word_1_60' title='bbox 1153 1378 1439 1461; x_wconf 77' lang='lat' dir='ltr'><strong>passivis,</strong></span> 
     </span>
    </p>

    <p class='ocr_par' dir='ltr' id='par_1_3' title="bbox 349 1485 1892 2214">
     <span class='ocr_line' id='line_1_10' title="bbox 432 1485 1890 1570; baseline -0.002 -17"><span class='ocrx_word' id='word_1_61' title='bbox 432 1488 591 1553; x_wconf 83' lang='lat' dir='ltr'><strong>Item</strong></span> <span class='ocrx_word' id='word_1_62' title='bbox 630 1487 831 1553; x_wconf 90' lang='lat' dir='ltr'><strong>nobili</strong></span> <span class='ocrx_word' id='word_1_63' title='bbox 875 1485 1244 1570; x_wconf 84' lang='lat' dir='ltr'><strong>perfectioni</strong></span> <span class='ocrx_word' id='word_1_64' title='bbox 1286 1486 1470 1549; x_wconf 89' lang='lat' dir='ltr'><strong>debet</strong></span> <span class='ocrx_word' id='word_1_65' title='bbox 1512 1486 1890 1568; x_wconf 89' lang='lat' dir='ltr'><strong>respondere</strong></span> 
     </span>
     <span class='ocr_line' id='line_1_11' title="bbox 353 1593 1892 1678; baseline -0.002 -18"><span class='ocrx_word' id='word_1_66' title='bbox 353 1595 564 1660; x_wconf 85' lang='lat' dir='ltr'><strong>nobile</strong></span> <span class='ocrx_word' id='word_1_67' title='bbox 608 1595 989 1678; x_wconf 81' lang='lat' dir='ltr'><strong>perfectibile</strong></span> <span class='ocrx_word' id='word_1_68' title='bbox 1020 1613 1038 1656; x_wconf 74' lang='grc' dir='ltr'><strong><em>ε</em></strong></span> <span class='ocrx_word' id='word_1_69' title='bbox 1068 1595 1177 1658; x_wconf 89' lang='lat' dir='ltr'><strong>sed</strong></span> <span class='ocrx_word' id='word_1_70' title='bbox 1209 1593 1424 1657; x_wconf 91' lang='lat' dir='ltr'><strong>anima</strong></span> <span class='ocrx_word' id='word_1_71' title='bbox 1457 1593 1768 1657; x_wconf 88' lang='lat' dir='ltr'><strong>sensibilis</strong></span> <span class='ocrx_word' id='word_1_72' title='bbox 1797 1596 1892 1657; x_wconf 91' lang='lat' dir='ltr'><strong>est</strong></span> 
     </span>
     <span class='ocr_line' id='line_1_12' title="bbox 351 1702 1890 1787; baseline -0.001 -20"><span class='ocrx_word' id='word_1_73' title='bbox 351 1702 651 1787; x_wconf 81' lang='lat' dir='ltr'><strong>perfectio</strong></span> <span class='ocrx_word' id='word_1_74' title='bbox 697 1703 881 1768; x_wconf 86' lang='lat' dir='ltr'><strong>valde</strong></span> <span class='ocrx_word' id='word_1_75' title='bbox 924 1703 1154 1767; x_wconf 89' lang='lat' dir='ltr'><strong>nobilis</strong></span> <span class='ocrx_word' id='word_1_76' title='bbox 1188 1724 1206 1766; x_wconf 73' lang='grc' dir='ltr'>ε</span> <span class='ocrx_word' id='word_1_77' title='bbox 1242 1720 1400 1783; x_wconf 84' lang='lat' dir='ltr'><strong>ergo</strong></span> <span class='ocrx_word' id='word_1_78' title='bbox 1443 1720 1673 1784; x_wconf 91' lang='lat' dir='ltr'><strong>corpus</strong></span> <span class='ocrx_word' id='word_1_79' title='bbox 1719 1702 1890 1786; x_wconf 82' lang='lat' dir='ltr'><strong>illius</strong></span> 
     </span>
     <span class='ocr_line' id='line_1_13' title="bbox 351 1808 1886 1887; baseline -0.003 -12"><span class='ocrx_word' id='word_1_80' title='bbox 351 1812 632 1876; x_wconf 80' lang='lat' dir='ltr'><strong>maxime</strong></span> <span class='ocrx_word' id='word_1_81' title='bbox 676 1828 758 1875; x_wconf 81' lang='lat' dir='ltr'><strong>ex</strong></span> <span class='ocrx_word' id='word_1_82' title='bbox 805 1810 908 1873; x_wconf 89' lang='lat' dir='ltr'><strong>his</strong></span> <span class='ocrx_word' id='word_1_83' title='bbox 952 1809 1135 1873; x_wconf 88' lang='lat' dir='ltr'><strong>debet</strong></span> <span class='ocrx_word' id='word_1_84' title='bbox 1181 1809 1507 1872; x_wconf 90' lang='lat' dir='ltr'><strong>elementis</strong></span> <span class='ocrx_word' id='word_1_85' title='bbox 1549 1808 1886 1887; x_wconf 89' lang='lat' dir='ltr'><strong>constitui,</strong></span> 
     </span>
     <span class='ocr_line' id='line_1_14' title="bbox 352 1915 1884 2002; baseline -0.002 -19"><span class='ocrx_word' id='word_1_86' title='bbox 352 1936 501 2002; x_wconf 83' lang='lat' dir='ltr'><strong>quae</strong></span> <span class='ocrx_word' id='word_1_87' title='bbox 529 1921 681 1982; x_wconf 91' lang='lat' dir='ltr'><strong>sunt</strong></span> <span class='ocrx_word' id='word_1_88' title='bbox 708 1916 1020 1980; x_wconf 81' lang='lat' dir='ltr'><strong>nobiliora</strong></span> <span class='ocrx_word' id='word_1_89' title='bbox 1046 1915 1210 1979; x_wconf 85' lang='lat' dir='ltr'><strong>inter</strong></span> <span class='ocrx_word' id='word_1_90' title='bbox 1236 1933 1502 1997; x_wconf 87' lang='lat' dir='ltr'><strong>corpora</strong></span> <span class='ocrx_word' id='word_1_91' title='bbox 1529 1915 1839 1998; x_wconf 89' lang='lat' dir='ltr'><strong>simplicia</strong></span> <span class='ocrx_word' id='word_1_92' title='bbox 1869 1937 1884 1980; x_wconf 77' lang='grc' dir='ltr'>ε</span> 
     </span>
     <span class='ocr_line' id='line_1_15' title="bbox 349 2023 1889 2106; baseline -0.001 -16"><span class='ocrx_word' id='word_1_93' title='bbox 349 2026 490 2090; x_wconf 82' lang='lat' dir='ltr'><strong>baec</strong></span> <span class='ocrx_word' id='word_1_94' title='bbox 524 2028 740 2089; x_wconf 89' lang='lat' dir='ltr'><strong>autem</strong></span> <span class='ocrx_word' id='word_1_95' title='bbox 768 2026 921 2087; x_wconf 88' lang='lat' dir='ltr'><strong>sunt</strong></span> <span class='ocrx_word' id='word_1_96' title='bbox 954 2023 1266 2088; x_wconf 82' lang='lat' dir='ltr'><strong>elementa</strong></span> <span class='ocrx_word' id='word_1_97' title='bbox 1297 2023 1539 2103; x_wconf 84' lang='lat' dir='ltr'><strong>activa,</strong></span> <span class='ocrx_word' id='word_1_98' title='bbox 1572 2041 1706 2087; x_wconf 91' lang='lat' dir='ltr'><strong>non</strong></span> <span class='ocrx_word' id='word_1_99' title='bbox 1746 2043 1889 2106; x_wconf 89' lang='lat' dir='ltr'><strong>pas-</strong></span> 
     </span>
     <span class='ocr_line' id='line_1_16' title="bbox 349 2134 889 2214; baseline -0.004 -17"><span class='ocrx_word' id='word_1_100' title='bbox 349 2134 533 2198; x_wconf 88' lang='lat' dir='ltr'><strong>siva:</strong></span> <span class='ocrx_word' id='word_1_101' title='bbox 564 2151 742 2214; x_wconf 80' lang='lat' dir='ltr'><strong>ergO,</strong></span> <span class='ocrx_word' id='word_1_102' title='bbox 771 2136 889 2196; x_wconf 89' lang='lat' dir='ltr'><strong>etc.</strong></span> 
     </span>
    </p>
   </div>
   <div class='ocr_carea' id='block_1_3' title="bbox 104 2235 1893 2318">
    <p class='ocr_par' dir='ltr' id='par_1_4' title="bbox 104 2235 1893 2318">
     <span class='ocr_line' id='line_1_17' title="bbox 104 2235 1893 2318; baseline -0.001 -16"><span class='ocrx_word' id='word_1_103' title='bbox 104 2248 181 2292; x_wconf 72' lang='lat' dir='ltr'><strong>Ad</strong></span> <span class='ocrx_word' id='word_1_104' title='bbox 215 2258 322 2304; x_wconf 70' lang='lat' dir='ltr'><strong>orr-</strong></span> <span class='ocrx_word' id='word_1_105' title='bbox 431 2240 499 2305; x_wconf 92' lang='lat' dir='ltr'><strong>Si</strong></span> <span class='ocrx_word' id='word_1_106' title='bbox 538 2243 613 2304; x_wconf 91' lang='lat' dir='ltr'><strong>tu</strong></span> <span class='ocrx_word' id='word_1_107' title='bbox 655 2239 824 2302; x_wconf 89' lang='lat' dir='ltr'><strong>dicas</strong></span> <span class='ocrx_word' id='word_1_108' title='bbox 853 2237 935 2302; x_wconf 89' lang='lat' dir='ltr'><strong>ad</strong></span> <span class='ocrx_word' id='word_1_109' title='bbox 959 2237 1104 2317; x_wconf 86' lang='lat' dir='ltr'><strong>hoc,</strong></span> <span class='ocrx_word' id='word_1_110' title='bbox 1139 2236 1310 2318; x_wconf 93' lang='lat' dir='ltr'><strong>quod</strong></span> <span class='ocrx_word' id='word_1_111' title='bbox 1333 2235 1710 2301; x_wconf 89' lang='lat' dir='ltr'><strong>animalium</strong></span> <span class='ocrx_word' id='word_1_112' title='bbox 1749 2255 1893 2301; x_wconf 87' lang='lat' dir='ltr'><strong>cor·-</strong></span> 
     </span>
    </p>
   </div>
   <div class='ocr_carea' id='block_1_4' title="bbox 348 2341 1894 4663">
    <p class='ocr_par' dir='ltr' id='par_1_5' title="bbox 348 2341 1894 3381">
     <span class='ocr_line' id='line_1_18' title="bbox 348 2341 1887 2432; baseline -0.004 -20"><span class='ocrx_word' id='word_1_113' title='bbox 348 2366 507 2432; x_wconf 91' lang='lat' dir='ltr'><strong>pora</strong></span> <span class='ocrx_word' id='word_1_114' title='bbox 528 2347 672 2430; x_wconf 90' lang='lat' dir='ltr'><strong>plus</strong></span> <span class='ocrx_word' id='word_1_115' title='bbox 693 2345 1168 2410; x_wconf 88' lang='lat' dir='ltr'><strong>constituuntur</strong></span> <span class='ocrx_word' id='word_1_116' title='bbox 1188 2361 1271 2407; x_wconf 84' lang='lat' dir='ltr'><strong>ex</strong></span> <span class='ocrx_word' id='word_1_117' title='bbox 1290 2343 1618 2407; x_wconf 88' lang='lat' dir='ltr'><strong>elementis</strong></span> <span class='ocrx_word' id='word_1_118' title='bbox 1638 2341 1887 2423; x_wconf 82' lang='lat' dir='ltr'><strong>activis,</strong></span> 
     </span>
     <span class='ocr_line' id='line_1_19' title="bbox 350 2450 1889 2538; baseline -0.004 -19"><span class='ocrx_word' id='word_1_119' title='bbox 350 2473 546 2538; x_wconf 86' lang='lat' dir='ltr'><strong>quam</strong></span> <span class='ocrx_word' id='word_1_120' title='bbox 584 2453 886 2536; x_wconf 77' lang='lat' dir='ltr'><strong>passivi5‚</strong></span> <span class='ocrx_word' id='word_1_121' title='bbox 920 2450 1274 2515; x_wconf 91' lang='lat' dir='ltr'><strong>secundum</strong></span> <span class='ocrx_word' id='word_1_122' title='bbox 1305 2450 1723 2532; x_wconf 75' lang='lat' dir='ltr'><strong>quantitatem</strong></span> <span class='ocrx_word' id='word_1_123' title='bbox 1752 2451 1889 2513; x_wconf 89' lang='lat' dir='ltr'><strong>vir-</strong></span> 
     </span>
     <span class='ocr_line' id='line_1_20' title="bbox 349 2557 1892 2643; baseline -0.003 -15"><span class='ocrx_word' id='word_1_124' title='bbox 349 2565 523 2639; x_wconf 83' lang='lat' dir='ltr'><strong>tutis,</strong></span> <span class='ocrx_word' id='word_1_125' title='bbox 544 2581 676 2627; x_wconf 91' lang='lat' dir='ltr'><strong>non</strong></span> <span class='ocrx_word' id='word_1_126' title='bbox 696 2562 910 2640; x_wconf 89' lang='lat' dir='ltr'><strong>molis;</strong></span> <span class='ocrx_word' id='word_1_127' title='bbox 936 2562 1037 2643; x_wconf 90' lang='lat' dir='ltr'><strong>obj</strong></span> <span class='ocrx_word' id='word_1_128' title='bbox 1047 2560 1239 2623; x_wconf 90' lang='lat' dir='ltr'><strong>icitur</strong></span> <span class='ocrx_word' id='word_1_129' title='bbox 1257 2562 1479 2621; x_wconf 90' lang='lat' dir='ltr'><strong>contra</strong></span> <span class='ocrx_word' id='word_1_130' title='bbox 1494 2557 1637 2637; x_wconf 90' lang='lat' dir='ltr'><strong>hoc,</strong></span> <span class='ocrx_word' id='word_1_131' title='bbox 1662 2563 1692 2622; x_wconf 83' lang='lat'><strong>1</strong></span> <span class='ocrx_word' id='word_1_132' title='bbox 1706 2607 1720 2622; x_wconf 93' lang='lat'><strong>.</strong></span> <span class='ocrx_word' id='word_1_133' title='bbox 1739 2559 1892 2641; x_wconf 90' lang='lat' dir='ltr'><strong>quia</strong></span> 
     </span>
     <span class='ocr_line' id='line_1_21' title="bbox 351 2665 1890 2752; baseline -0.004 -17"><span class='ocrx_word' id='word_1_134' title='bbox 351 2676 565 2736; x_wconf 90' lang='lat' dir='ltr'><strong>motus</strong></span> <span class='ocrx_word' id='word_1_135' title='bbox 591 2670 880 2752; x_wconf 89' lang='lat' dir='ltr'><strong>sequitur</strong></span> <span class='ocrx_word' id='word_1_136' title='bbox 913 2671 1202 2731; x_wconf 88' lang='lat' dir='ltr'><strong>naturam</strong></span> <span class='ocrx_word' id='word_1_137' title='bbox 1237 2665 1750 2748; x_wconf 85' lang='lat' dir='ltr'><strong>praedominantis</strong></span> <span class='ocrx_word' id='word_1_138' title='bbox 1788 2684 1890 2729; x_wconf 89' lang='lat' dir='ltr'><strong>se-</strong></span> 
     </span>
     <span class='ocr_line' id='line_1_22' title="bbox 352 2774 1892 2857; baseline -0.004 -16"><span class='ocrx_word' id='word_1_139' title='bbox 352 2777 639 2841; x_wconf 90' lang='lat' dir='ltr'><strong>cundum</strong></span> <span class='ocrx_word' id='word_1_140' title='bbox 683 2775 1101 2857; x_wconf 76' lang='lat' dir='ltr'><strong>quantitatem</strong></span> <span class='ocrx_word' id='word_1_141' title='bbox 1141 2795 1156 2835; x_wconf 79' lang='lat' dir='ltr'><strong><em>z</em></strong></span> <span class='ocrx_word' id='word_1_142' title='bbox 1194 2774 1302 2837; x_wconf 88' lang='lat' dir='ltr'><strong>sed</strong></span> <span class='ocrx_word' id='word_1_143' title='bbox 1352 2791 1518 2837; x_wconf 85' lang='lat' dir='ltr'><strong>aves</strong></span> <span class='ocrx_word' id='word_1_144' title='bbox 1549 2776 1892 2837; x_wconf 85' lang='lat' dir='ltr'><strong>moventur</strong></span> 
     </span>
     <span class='ocr_line' id='line_1_23' title="bbox 350 2880 1891 2965; baseline -0.004 -16"><span class='ocrx_word' id='word_1_145' title='bbox 350 2902 646 2949; x_wconf 86' lang='lat' dir='ltr'><strong>sursum:</strong></span> <span class='ocrx_word' id='word_1_146' title='bbox 669 2901 827 2965; x_wconf 80' lang='lat' dir='ltr'><strong>ergo</strong></span> <span class='ocrx_word' id='word_1_147' title='bbox 850 2882 1104 2946; x_wconf 89' lang='lat' dir='ltr'><strong>videtur</strong></span> <span class='ocrx_word' id='word_1_148' title='bbox 1126 2881 1293 2964; x_wconf 91' lang='lat' dir='ltr'><strong>quod</strong></span> <span class='ocrx_word' id='word_1_149' title='bbox 1322 2881 1392 2945; x_wconf 92' lang='lat' dir='ltr'><strong>in</strong></span> <span class='ocrx_word' id='word_1_150' title='bbox 1419 2880 1510 2944; x_wconf 88' lang='lat' dir='ltr'><strong>eis</strong></span> <span class='ocrx_word' id='word_1_151' title='bbox 1537 2880 1891 2944; x_wconf 91' lang='lat' dir='ltr'><strong>secundum</strong></span> 
     </span>
     <span class='ocr_line' id='line_1_24' title="bbox 350 2988 1892 3074; baseline -0.002 -19"><span class='ocrx_word' id='word_1_152' title='bbox 350 2991 768 3074; x_wconf 83' lang='lat' dir='ltr'><strong>quantitatem</strong></span> <span class='ocrx_word' id='word_1_153' title='bbox 806 2990 1350 3072; x_wconf 83' lang='lat' dir='ltr'><strong>praedominentur</strong></span> <span class='ocrx_word' id='word_1_154' title='bbox 1375 2988 1713 3069; x_wconf 85' lang='lat' dir='ltr'><strong>elementa,</strong></span> <span class='ocrx_word' id='word_1_155' title='bbox 1745 3006 1892 3070; x_wconf 85' lang='lat' dir='ltr'><strong>quae</strong></span> 
     </span>
     <span class='ocr_line' id='line_1_25' title="bbox 351 3095 1894 3164; baseline -0.001 -1"><span class='ocrx_word' id='word_1_156' title='bbox 351 3103 501 3164; x_wconf 87' lang='lat' dir='ltr'><strong>sunt</strong></span> <span class='ocrx_word' id='word_1_157' title='bbox 542 3102 691 3163; x_wconf 90' lang='lat' dir='ltr'><strong>nata</strong></span> <span class='ocrx_word' id='word_1_158' title='bbox 734 3097 887 3162; x_wconf 84' lang='lat' dir='ltr'><strong>ferri</strong></span> <span class='ocrx_word' id='word_1_159' title='bbox 929 3116 1191 3162; x_wconf 87' lang='lat' dir='ltr'><strong>sursum</strong></span> <span class='ocrx_word' id='word_1_160' title='bbox 1235 3119 1251 3161; x_wconf 71' lang='grc' dir='ltr'>ε</span> <span class='ocrx_word' id='word_1_161' title='bbox 1296 3095 1439 3160; x_wconf 84' lang='lat' dir='ltr'><strong>haec</strong></span> <span class='ocrx_word' id='word_1_162' title='bbox 1480 3101 1696 3161; x_wconf 91' lang='lat' dir='ltr'><strong>autem</strong></span> <span class='ocrx_word' id='word_1_163' title='bbox 1740 3101 1894 3162; x_wconf 89' lang='lat' dir='ltr'><strong>sunt</strong></span> 
     </span>
     <span class='ocr_line' id='line_1_26' title="bbox 349 3206 1887 3290; baseline -0.001 -18"><span class='ocrx_word' id='word_1_164' title='bbox 349 3208 555 3274; x_wconf 87' lang='lat' dir='ltr'><strong>activa</strong></span> <span class='ocrx_word' id='word_1_165' title='bbox 569 3257 589 3288; x_wconf 88' lang='lat'>‚</span> <span class='ocrx_word' id='word_1_166' title='bbox 619 3225 752 3272; x_wconf 90' lang='lat' dir='ltr'><strong>non</strong></span> <span class='ocrx_word' id='word_1_167' title='bbox 785 3207 1040 3290; x_wconf 86' lang='lat' dir='ltr'><strong>passiva</strong></span> <span class='ocrx_word' id='word_1_168' title='bbox 1056 3255 1075 3288; x_wconf 88' lang='lat'><strong>,</strong></span> <span class='ocrx_word' id='word_1_169' title='bbox 1104 3210 1180 3270; x_wconf 88' lang='lat' dir='ltr'><strong>ut</strong></span> <span class='ocrx_word' id='word_1_170' title='bbox 1216 3206 1387 3289; x_wconf 81' lang='lat' dir='ltr'><strong>ignis</strong></span> <span class='ocrx_word' id='word_1_171' title='bbox 1417 3210 1480 3271; x_wconf 89' lang='lat' dir='ltr'><strong>et</strong></span> <span class='ocrx_word' id='word_1_172' title='bbox 1513 3225 1622 3270; x_wconf 91' lang='lat' dir='ltr'><strong>aer</strong></span> <span class='ocrx_word' id='word_1_173' title='bbox 1653 3229 1668 3271; x_wconf 74' lang='grc' dir='ltr'><strong>ε</strong></span> <span class='ocrx_word' id='word_1_174' title='bbox 1699 3224 1887 3289; x_wconf 81' lang='lat' dir='ltr'><strong>ergo,</strong></span> 
     </span>
     <span class='ocr_line' id='line_1_27' title="bbox 349 3321 467 3381; baseline 0 -1"><span class='ocrx_word' id='word_1_175' title='bbox 349 3321 467 3381; x_wconf 89' lang='lat' dir='ltr'><strong>etc.</strong></span> 
     </span>
    </p>

    <p class='ocr_par' dir='ltr' id='par_1_6' title="bbox 348 3415 1891 4663">
     <span class='ocr_line' id='line_1_28' title="bbox 429 3415 1886 3483; baseline 0.001 -2"><span class='ocrx_word' id='word_1_176' title='bbox 429 3423 489 3482; x_wconf 74' lang='lat'><strong>2.</strong></span> <span class='ocrx_word' id='word_1_177' title='bbox 539 3418 697 3482; x_wconf 87' lang='lat' dir='ltr'><strong>Item</strong></span> <span class='ocrx_word' id='word_1_178' title='bbox 728 3416 1010 3482; x_wconf 84' lang='lat' dir='ltr'><strong>volatilia</strong></span> <span class='ocrx_word' id='word_1_179' title='bbox 1039 3420 1193 3481; x_wconf 89' lang='lat' dir='ltr'><strong>sunt</strong></span> <span class='ocrx_word' id='word_1_180' title='bbox 1226 3415 1307 3481; x_wconf 88' lang='lat' dir='ltr'><strong>ad</strong></span> <span class='ocrx_word' id='word_1_181' title='bbox 1341 3420 1642 3481; x_wconf 88' lang='lat' dir='ltr'><strong>ornatum</strong></span> <span class='ocrx_word' id='word_1_182' title='bbox 1678 3417 1843 3482; x_wconf 88' lang='lat' dir='ltr'><strong>aeris</strong></span> <span class='ocrx_word' id='word_1_183' title='bbox 1870 3440 1886 3483; x_wconf 90' lang='lat'>:</span> 
     </span>
     <span class='ocr_line' id='line_1_29' title="bbox 350 3523 1890 3607; baseline -0.001 -18"><span class='ocrx_word' id='word_1_184' title='bbox 350 3526 457 3589; x_wconf 88' lang='lat' dir='ltr'><strong>sed</strong></span> <span class='ocrx_word' id='word_1_185' title='bbox 478 3530 738 3590; x_wconf 89' lang='lat' dir='ltr'><strong>ornatus</strong></span> <span class='ocrx_word' id='word_1_186' title='bbox 766 3524 1019 3607; x_wconf 84' lang='lat' dir='ltr'><strong>proprie</strong></span> <span class='ocrx_word' id='word_1_187' title='bbox 1042 3528 1106 3588; x_wconf 91' lang='lat' dir='ltr'><strong>et</strong></span> <span class='ocrx_word' id='word_1_188' title='bbox 1131 3524 1337 3589; x_wconf 87' lang='lat' dir='ltr'><strong>debite</strong></span> <span class='ocrx_word' id='word_1_189' title='bbox 1360 3523 1700 3589; x_wconf 88' lang='lat' dir='ltr'><strong>collocatur</strong></span> <span class='ocrx_word' id='word_1_190' title='bbox 1718 3525 1789 3588; x_wconf 92' lang='lat' dir='ltr'><strong>in</strong></span> <span class='ocrx_word' id='word_1_191' title='bbox 1814 3543 1890 3588; x_wconf 93' lang='lat' dir='ltr'><strong>eo</strong></span> 
     </span>
     <span class='ocr_line' id='line_1_30' title="bbox 351 3631 1889 3714; baseline 0 -18"><span class='ocrx_word' id='word_1_192' title='bbox 351 3632 519 3714; x_wconf 92' lang='lat' dir='ltr'><strong>quod</strong></span> <span class='ocrx_word' id='word_1_193' title='bbox 558 3636 824 3696; x_wconf 88' lang='lat' dir='ltr'><strong>ornatur</strong></span> <span class='ocrx_word' id='word_1_194' title='bbox 854 3650 872 3694; x_wconf 76' lang='grc' dir='ltr'>ε</span> <span class='ocrx_word' id='word_1_195' title='bbox 902 3631 1157 3696; x_wconf 86' lang='lat' dir='ltr'><strong>nullum</strong></span> <span class='ocrx_word' id='word_1_196' title='bbox 1201 3634 1419 3695; x_wconf 91' lang='lat' dir='ltr'><strong>autem</strong></span> <span class='ocrx_word' id='word_1_197' title='bbox 1459 3650 1688 3714; x_wconf 90' lang='lat' dir='ltr'><strong>corpus</strong></span> <span class='ocrx_word' id='word_1_198' title='bbox 1734 3650 1889 3714; x_wconf 91' lang='lat' dir='ltr'><strong>pro-</strong></span> 
     </span>
     <span class='ocr_line' id='line_1_31' title="bbox 351 3738 1890 3822; baseline 0.002 -21"><span class='ocrx_word' id='word_1_199' title='bbox 351 3739 486 3820; x_wconf 86' lang='lat' dir='ltr'><strong>prie</strong></span> <span class='ocrx_word' id='word_1_200' title='bbox 513 3743 577 3803; x_wconf 90' lang='lat' dir='ltr'><strong>et</strong></span> <span class='ocrx_word' id='word_1_201' title='bbox 599 3739 805 3803; x_wconf 87' lang='lat' dir='ltr'><strong>debite</strong></span> <span class='ocrx_word' id='word_1_202' title='bbox 834 3738 1167 3802; x_wconf 90' lang='lat' dir='ltr'><strong>ordinatur</strong></span> <span class='ocrx_word' id='word_1_203' title='bbox 1190 3739 1259 3802; x_wconf 92' lang='lat' dir='ltr'><strong>in</strong></span> <span class='ocrx_word' id='word_1_204' title='bbox 1295 3757 1471 3815; x_wconf 87' lang='lat' dir='ltr'><strong>aere,</strong></span> <span class='ocrx_word' id='word_1_205' title='bbox 1507 3740 1632 3802; x_wconf 85' lang='lat' dir='ltr'><strong>nisi</strong></span> <span class='ocrx_word' id='word_1_206' title='bbox 1667 3741 1736 3803; x_wconf 91' lang='lat' dir='ltr'><strong>in</strong></span> <span class='ocrx_word' id='word_1_207' title='bbox 1759 3758 1890 3822; x_wconf 92' lang='lat' dir='ltr'><strong>quo</strong></span> 
     </span>
     <span class='ocr_line' id='line_1_32' title="bbox 350 3847 1890 3929; baseline 0.002 -18"><span class='ocrx_word' id='word_1_208' title='bbox 350 3847 762 3912; x_wconf 87' lang='lat' dir='ltr'><strong>dominantur</strong></span> <span class='ocrx_word' id='word_1_209' title='bbox 787 3848 1099 3912; x_wconf 88' lang='lat' dir='ltr'><strong>elementa</strong></span> <span class='ocrx_word' id='word_1_210' title='bbox 1121 3848 1372 3913; x_wconf 85' lang='lat' dir='ltr'><strong>activa:</strong></span> <span class='ocrx_word' id='word_1_211' title='bbox 1400 3865 1558 3929; x_wconf 82' lang='lat' dir='ltr'><strong>ergo</strong></span> <span class='ocrx_word' id='word_1_212' title='bbox 1584 3849 1639 3912; x_wconf 90' lang='lat' dir='ltr'><strong>si</strong></span> <span class='ocrx_word' id='word_1_213' title='bbox 1664 3850 1890 3914; x_wconf 91' lang='lat' dir='ltr'><strong>avium</strong></span> 
     </span>
     <span class='ocr_line' id='line_1_33' title="bbox 351 3955 1884 4038; baseline 0.001 -19"><span class='ocrx_word' id='word_1_214' title='bbox 351 3973 616 4038; x_wconf 85' lang='lat' dir='ltr'><strong>corpora</strong></span> <span class='ocrx_word' id='word_1_215' title='bbox 651 3955 740 4019; x_wconf 91' lang='lat' dir='ltr'><strong>ibi</strong></span> <span class='ocrx_word' id='word_1_216' title='bbox 773 3956 1171 4035; x_wconf 89' lang='lat' dir='ltr'><strong>ordinantur,</strong></span> <span class='ocrx_word' id='word_1_217' title='bbox 1206 3960 1281 4019; x_wconf 89' lang='lat' dir='ltr'><strong>ut</strong></span> <span class='ocrx_word' id='word_1_218' title='bbox 1316 3956 1530 4038; x_wconf 90' lang='lat' dir='ltr'><strong>ipsum</strong></span> <span class='ocrx_word' id='word_1_219' title='bbox 1561 3958 1884 4037; x_wconf 89' lang='lat' dir='ltr'><strong>ornantia,</strong></span> 
     </span>
     <span class='ocr_line' id='line_1_34' title="bbox 349 4061 1891 4145; baseline 0.001 -18"><span class='ocrx_word' id='word_1_220' title='bbox 349 4062 603 4127; x_wconf 87' lang='lat' dir='ltr'><strong>videtur</strong></span> <span class='ocrx_word' id='word_1_221' title='bbox 641 4064 814 4145; x_wconf 91' lang='lat' dir='ltr'><strong>quod</strong></span> <span class='ocrx_word' id='word_1_222' title='bbox 856 4063 928 4125; x_wconf 91' lang='lat' dir='ltr'><strong>in</strong></span> <span class='ocrx_word' id='word_1_223' title='bbox 966 4061 1058 4126; x_wconf 91' lang='lat' dir='ltr'><strong>eis</strong></span> <span class='ocrx_word' id='word_1_224' title='bbox 1097 4062 1645 4145; x_wconf 70' lang='lat' dir='ltr'><strong>praedominantur</strong></span> <span class='ocrx_word' id='word_1_225' title='bbox 1683 4065 1891 4129; x_wconf 88' lang='lat' dir='ltr'><strong>activa</strong></span> 
     </span>
     <span class='ocr_line' id='line_1_35' title="bbox 350 4167 1885 4252; baseline 0.001 -21"><span class='ocrx_word' id='word_1_226' title='bbox 350 4168 660 4234; x_wconf 89' lang='lat' dir='ltr'><strong>elementa</strong></span> <span class='ocrx_word' id='word_1_227' title='bbox 686 4187 703 4232; x_wconf 69' lang='grc' dir='ltr'><strong>ι</strong></span> <span class='ocrx_word' id='word_1_228' title='bbox 734 4169 908 4252; x_wconf 89' lang='lat' dir='ltr'><strong>quod</strong></span> <span class='ocrx_word' id='word_1_229' title='bbox 935 4168 991 4231; x_wconf 91' lang='lat' dir='ltr'><strong>si</strong></span> <span class='ocrx_word' id='word_1_230' title='bbox 1017 4186 1149 4233; x_wconf 91' lang='lat' dir='ltr'><strong>non</strong></span> <span class='ocrx_word' id='word_1_231' title='bbox 1177 4167 1431 4252; x_wconf 88' lang='lat' dir='ltr'><strong>proprie</strong></span> <span class='ocrx_word' id='word_1_232' title='bbox 1460 4168 1548 4232; x_wconf 91' lang='lat' dir='ltr'><strong>ibi</strong></span> <span class='ocrx_word' id='word_1_233' title='bbox 1574 4170 1885 4249; x_wconf 84' lang='lat' dir='ltr'><strong>locantur,</strong></span> 
     </span>
     <span class='ocr_line' id='line_1_36' title="bbox 349 4276 1884 4359; baseline 0.001 -20"><span class='ocrx_word' id='word_1_234' title='bbox 349 4276 502 4358; x_wconf 89' lang='lat' dir='ltr'><strong>quia</strong></span> <span class='ocrx_word' id='word_1_235' title='bbox 520 4276 611 4339; x_wconf 91' lang='lat' dir='ltr'><strong>ibi</strong></span> <span class='ocrx_word' id='word_1_236' title='bbox 634 4295 765 4340; x_wconf 89' lang='lat' dir='ltr'><strong>non</strong></span> <span class='ocrx_word' id='word_1_237' title='bbox 787 4276 1215 4358; x_wconf 86' lang='lat' dir='ltr'><strong>requiescunt,</strong></span> <span class='ocrx_word' id='word_1_238' title='bbox 1242 4277 1353 4341; x_wconf 86' lang='lat' dir='ltr'><strong>sed</strong></span> <span class='ocrx_word' id='word_1_239' title='bbox 1375 4277 1581 4358; x_wconf 82' lang='lat' dir='ltr'><strong>magis</strong></span> <span class='ocrx_word' id='word_1_240' title='bbox 1601 4277 1671 4340; x_wconf 90' lang='lat' dir='ltr'><strong>in</strong></span> <span class='ocrx_word' id='word_1_241' title='bbox 1694 4282 1884 4359; x_wconf 88' lang='lat' dir='ltr'><strong>terra,</strong></span> 
     </span>
     <span class='ocr_line' id='line_1_37' title="bbox 351 4381 1889 4465; baseline -0.001 -15"><span class='ocrx_word' id='word_1_242' title='bbox 351 4381 602 4450; x_wconf 87' lang='lat' dir='ltr'><strong>videtur</strong></span> <span class='ocrx_word' id='word_1_243' title='bbox 626 4382 796 4465; x_wconf 88' lang='lat' dir='ltr'><strong>quod</strong></span> <span class='ocrx_word' id='word_1_244' title='bbox 824 4383 1036 4465; x_wconf 90' lang='lat' dir='ltr'><strong>potius</strong></span> <span class='ocrx_word' id='word_1_245' title='bbox 1062 4383 1333 4447; x_wconf 88' lang='lat' dir='ltr'><strong>debeant</strong></span> <span class='ocrx_word' id='word_1_246' title='bbox 1359 4383 1480 4448; x_wconf 91' lang='lat' dir='ltr'><strong>dici</strong></span> <span class='ocrx_word' id='word_1_247' title='bbox 1506 4383 1785 4449; x_wconf 86' lang='lat' dir='ltr'><strong>volatilia</strong></span> <span class='ocrx_word' id='word_1_248' title='bbox 1808 4386 1889 4449; x_wconf 91' lang='lat' dir='ltr'><strong>ad</strong></span> 
     </span>
     <span class='ocr_line' id='line_1_38' title="bbox 350 4490 1891 4576; baseline 0.003 -23"><span class='ocrx_word' id='word_1_249' title='bbox 350 4495 648 4553; x_wconf 89' lang='lat' dir='ltr'><strong>ornatum</strong></span> <span class='ocrx_word' id='word_1_250' title='bbox 688 4495 878 4555; x_wconf 82' lang='lat' dir='ltr'><strong>terrae</strong></span> <span class='ocrx_word' id='word_1_251' title='bbox 895 4539 914 4571; x_wconf 88' lang='lat'>‚</span> <span class='ocrx_word' id='word_1_252' title='bbox 953 4508 1150 4573; x_wconf 91' lang='lat' dir='ltr'><strong>quam</strong></span> <span class='ocrx_word' id='word_1_253' title='bbox 1188 4491 1396 4555; x_wconf 85' lang='lat' dir='ltr'><strong>aeris:</strong></span> <span class='ocrx_word' id='word_1_254' title='bbox 1422 4491 1528 4555; x_wconf 91' lang='lat' dir='ltr'><strong>cui</strong></span> <span class='ocrx_word' id='word_1_255' title='bbox 1562 4490 1891 4576; x_wconf 83' lang='lat' dir='ltr'><strong>Scriptura</strong></span> 
     </span>
     <span class='ocr_line' id='line_1_39' title="bbox 348 4597 736 4663; baseline 0.003 -3"><span class='ocrx_word' id='word_1_256' title='bbox 348 4597 736 4663; x_wconf 79' lang='lat' dir='ltr'><strong>contradicit.</strong></span> 
     </span>
    </p>
   </div>
   <div class='ocr_carea' id='block_1_5' title="bbox 865 4774 1379 4844">
    <p class='ocr_par' dir='ltr' id='par_1_7' title="bbox 865 4774 1379 4844">
     <span class='ocr_line' id='line_1_40' title="bbox 865 4774 1379 4844; baseline -0.002 -1"><span class='ocrx_word' id='word_1_257' title='bbox 865 4774 1379 4844; x_wconf 86' lang='lat' dir='ltr'><strong>CONCLUSIO.</strong></span> 
     </span>
    </p>
   </div>
   <div class='ocr_carea' id='block_1_6' title="bbox 351 4931 1894 5259">
    <p class='ocr_par' dir='ltr' id='par_1_8' title="bbox 351 4931 1894 5259">
     <span class='ocr_line' id='line_1_41' title="bbox 351 4931 1893 5007; baseline 0.003 -18"><span class='ocrx_word' id='word_1_258' title='bbox 351 4933 420 4990; x_wconf 82' lang='lat' dir='ltr'><strong>In</strong></span> <span class='ocrx_word' id='word_1_259' title='bbox 447 4934 773 4990; x_wconf 77' lang='lat' dir='ltr'><strong>animalium</strong></span> <span class='ocrx_word' id='word_1_260' title='bbox 813 4931 1121 5004; x_wconf 79' lang='lat' dir='ltr'><strong>corporibus</strong></span> <span class='ocrx_word' id='word_1_261' title='bbox 1156 4932 1416 4988; x_wconf 82' lang='lat' dir='ltr'><strong>elementa</strong></span> <span class='ocrx_word' id='word_1_262' title='bbox 1448 4934 1674 5005; x_wconf 78' lang='lat' dir='ltr'><strong>passiva</strong></span> <span class='ocrx_word' id='word_1_263' title='bbox 1712 4936 1893 5007; x_wconf 78' lang='lat' dir='ltr'><strong>quoad</strong></span> 
     </span>
     <span class='ocr_line' id='line_1_42' title="bbox 421 5019 1894 5096; baseline 0.002 -17"><span class='ocrx_word' id='word_1_264' title='bbox 421 5024 580 5080; x_wconf 84' lang='lat' dir='ltr'><strong>molis</strong></span> <span class='ocrx_word' id='word_1_265' title='bbox 612 5023 978 5093; x_wconf 78' lang='lat' dir='ltr'><strong>quantitatem</strong></span> <span class='ocrx_word' id='word_1_266' title='bbox 1013 5019 1507 5093; x_wconf 69' lang='lat' dir='ltr'><strong>praedominantur,</strong></span> <span class='ocrx_word' id='word_1_267' title='bbox 1549 5024 1674 5080; x_wconf 83' lang='lat' dir='ltr'><strong>licet</strong></span> <span class='ocrx_word' id='word_1_268' title='bbox 1713 5026 1894 5096; x_wconf 79' lang='lat' dir='ltr'><strong>quoad</strong></span> 
     </span>
     <span class='ocr_line' id='line_1_43' title="bbox 418 5112 1887 5186; baseline 0.003 -18"><span class='ocrx_word' id='word_1_269' title='bbox 418 5115 645 5168; x_wconf 81' lang='lat' dir='ltr'><strong>virtutis</strong></span> <span class='ocrx_word' id='word_1_270' title='bbox 678 5114 1043 5184; x_wconf 79' lang='lat' dir='ltr'><strong>quantitatem</strong></span> <span class='ocrx_word' id='word_1_271' title='bbox 1096 5113 1281 5169; x_wconf 81' lang='lat' dir='ltr'><strong>activa</strong></span> <span class='ocrx_word' id='word_1_272' title='bbox 1310 5112 1729 5186; x_wconf 80' lang='lat' dir='ltr'><strong>proedominium</strong></span> <span class='ocrx_word' id='word_1_273' title='bbox 1785 5117 1887 5173; x_wconf 78' lang='lat' dir='ltr'><strong>ha-</strong></span> 
     </span>
     <span class='ocr_line' id='line_1_44' title="bbox 426 5202 605 5259; baseline 0.006 -2"><span class='ocrx_word' id='word_1_274' title='bbox 426 5202 605 5259; x_wconf 82' lang='lat' dir='ltr'><strong>beant.</strong></span> 
     </span>
    </p>
   </div>
   <div class='ocr_carea' id='block_1_7' title="bbox 351 5361 1887 5555">
    <p class='ocr_par' dir='ltr' id='par_1_9' title="bbox 351 5361 1887 5555">
     <span class='ocr_line' id='line_1_45' title="bbox 432 5361 1887 5447; baseline 0.005 -22"><span class='ocrx_word' id='word_1_275' title='bbox 432 5361 615 5447; x_wconf 89' lang='lat' dir='ltr'><strong>Resp.</strong></span> <span class='ocrx_word' id='word_1_276' title='bbox 647 5364 726 5429; x_wconf 89' lang='lat' dir='ltr'><strong>ad</strong></span> <span class='ocrx_word' id='word_1_277' title='bbox 752 5363 910 5446; x_wconf 82' lang='lat' dir='ltr'><strong>Arg.</strong></span> <span class='ocrx_word' id='word_1_278' title='bbox 946 5362 1292 5428; x_wconf 89' lang='lat' dir='ltr'><strong>Dicendum</strong></span> <span class='ocrx_word' id='word_1_279' title='bbox 1315 5365 1507 5446; x_wconf 88' lang='lat' dir='ltr'><strong>quod,</strong></span> <span class='ocrx_word' id='word_1_280' title='bbox 1534 5367 1887 5433; x_wconf 85' lang='lat' dir='ltr'><strong>secundum</strong></span> 
     </span>
     <span class='ocr_line' id='line_1_46' title="bbox 351 5470 1887 5555; baseline 0.005 -22"><span class='ocrx_word' id='word_1_281' title='bbox 351 5471 523 5550; x_wconf 90' lang='lat' dir='ltr'><strong>quod</strong></span> <span class='ocrx_word' id='word_1_282' title='bbox 547 5471 787 5554; x_wconf 83' lang='lat' dir='ltr'><strong>duplex</strong></span> <span class='ocrx_word' id='word_1_283' title='bbox 810 5476 902 5536; x_wconf 88' lang='lat' dir='ltr'><strong>est</strong></span> <span class='ocrx_word' id='word_1_284' title='bbox 927 5470 1271 5555; x_wconf 81' lang='lat' dir='ltr'><strong>quantitas,</strong></span> <span class='ocrx_word' id='word_1_285' title='bbox 1294 5472 1584 5538; x_wconf 86' lang='lat' dir='ltr'><strong>videlicet</strong></span> <span class='ocrx_word' id='word_1_286' title='bbox 1609 5475 1798 5540; x_wconf 88' lang='lat' dir='ltr'><strong>molis</strong></span> <span class='ocrx_word' id='word_1_287' title='bbox 1825 5482 1887 5540; x_wconf 84' lang='lat' dir='ltr'><strong>et</strong></span> 
     </span>
    </p>
   </div>
   <div class='ocr_carea' id='block_1_8' title="bbox 3428 492 3547 552">
    <p class='ocr_par' dir='ltr' id='par_1_10' title="bbox 3428 492 3547 552">
     <span class='ocr_line' id='line_1_47' title="bbox 3428 492 3547 552; baseline 0.017 -2"><span class='ocrx_word' id='word_1_288' title='bbox 3428 492 3547 552; x_wconf 81' lang='lat'><strong>617</strong></span> 
     </span>
    </p>
   </div>
   <div class='ocr_carea' id='block_1_9' title="bbox 1994 620 3552 5561">
    <p class='ocr_par' dir='ltr' id='par_1_11' title="bbox 1994 620 3552 5561">
     <span class='ocr_line' id='line_1_48' title="bbox 2000 620 3551 703; baseline -0.003 -13"><span class='ocrx_word' id='word_1_289' title='bbox 2000 623 2288 702; x_wconf 81' lang='lat' dir='ltr'><strong>virtutiS,</strong></span> <span class='ocrx_word' id='word_1_290' title='bbox 2326 622 2679 688; x_wconf 88' lang='lat' dir='ltr'><strong>secundum</strong></span> <span class='ocrx_word' id='word_1_291' title='bbox 2703 622 2826 686; x_wconf 89' lang='lat' dir='ltr'><strong>hoc</strong></span> <span class='ocrx_word' id='word_1_292' title='bbox 2855 623 3061 703; x_wconf 85' lang='lat' dir='ltr'><strong>potest</strong></span> <span class='ocrx_word' id='word_1_293' title='bbox 3090 620 3427 703; x_wconf 86' lang='lat' dir='ltr'><strong>dupliciter</strong></span> <span class='ocrx_word' id='word_1_294' title='bbox 3451 624 3551 685; x_wconf 89' lang='lat' dir='ltr'><strong>at-</strong></span> 
     </span>
     <span class='ocr_line' id='line_1_49' title="bbox 2000 728 3552 812; baseline 0 -16"><span class='ocrx_word' id='word_1_295' title='bbox 2000 733 2174 796; x_wconf 88' lang='lat' dir='ltr'><strong>tendi</strong></span> <span class='ocrx_word' id='word_1_296' title='bbox 2197 732 2659 796; x_wconf 89' lang='lat' dir='ltr'><strong>elementorum</strong></span> <span class='ocrx_word' id='word_1_297' title='bbox 2682 728 3235 812; x_wconf 85' lang='lat' dir='ltr'><strong>praedominantia‚</strong></span> <span class='ocrx_word' id='word_1_298' title='bbox 3257 730 3552 796; x_wconf 86' lang='lat' dir='ltr'><strong>videlicet</strong></span> 
     </span>
     <span class='ocr_line' id='line_1_50' title="bbox 2002 836 3550 922; baseline 0 -20"><span class='ocrx_word' id='word_1_299' title='bbox 2002 844 2319 922; x_wconf 87' lang='lat' dir='ltr'><strong>quantum</strong></span> <span class='ocrx_word' id='word_1_300' title='bbox 2355 839 2434 902; x_wconf 91' lang='lat' dir='ltr'><strong>ad</strong></span> <span class='ocrx_word' id='word_1_301' title='bbox 2470 836 2736 917; x_wconf 89' lang='lat' dir='ltr'><strong>molem,</strong></span> <span class='ocrx_word' id='word_1_302' title='bbox 2781 841 2845 900; x_wconf 85' lang='lat' dir='ltr'><strong>et</strong></span> <span class='ocrx_word' id='word_1_303' title='bbox 2882 840 3198 919; x_wconf 89' lang='lat' dir='ltr'><strong>quantum</strong></span> <span class='ocrx_word' id='word_1_304' title='bbox 3232 837 3314 900; x_wconf 91' lang='lat' dir='ltr'><strong>ad</strong></span> <span class='ocrx_word' id='word_1_305' title='bbox 3341 837 3550 902; x_wconf 86' lang='lat' dir='ltr'><strong>virtu-</strong></span> 
     </span>
     <span class='ocr_line' id='line_1_51' title="bbox 2000 943 3552 1027; baseline -0.002 -15"><span class='ocrx_word' id='word_1_306' title='bbox 2000 953 2155 1012; x_wconf 88' lang='lat' dir='ltr'><strong>tem.</strong></span> <span class='ocrx_word' id='word_1_307' title='bbox 2199 946 2265 1010; x_wconf 91' lang='lat' dir='ltr'><strong>Si</strong></span> <span class='ocrx_word' id='word_1_308' title='bbox 2308 946 2481 1011; x_wconf 90' lang='lat' dir='ltr'><strong>enim</strong></span> <span class='ocrx_word' id='word_1_309' title='bbox 2519 945 2863 1027; x_wconf 89' lang='lat' dir='ltr'><strong>loquamur</strong></span> <span class='ocrx_word' id='word_1_310' title='bbox 2902 945 2980 1010; x_wconf 90' lang='lat' dir='ltr'><strong>de</strong></span> <span class='ocrx_word' id='word_1_311' title='bbox 3021 943 3552 1027; x_wconf 69' lang='lat' dir='ltr'><strong>praedominmfia</strong></span> 
     </span>
     <span class='ocr_line' id='line_1_52' title="bbox 2001 1051 3548 1137; baseline -0.003 -18"><span class='ocrx_word' id='word_1_312' title='bbox 2001 1058 2320 1137; x_wconf 86' lang='lat' dir='ltr'><strong>quantum</strong></span> <span class='ocrx_word' id='word_1_313' title='bbox 2357 1054 2437 1117; x_wconf 88' lang='lat' dir='ltr'><strong>ad</strong></span> <span class='ocrx_word' id='word_1_314' title='bbox 2477 1053 2711 1116; x_wconf 89' lang='lat' dir='ltr'><strong>molem</strong></span> <span class='ocrx_word' id='word_1_315' title='bbox 2729 1101 2746 1131; x_wconf 92' lang='lat'>‚</span> <span class='ocrx_word' id='word_1_316' title='bbox 2783 1053 2873 1115; x_wconf 90' lang='lat' dir='ltr'><strong>sic</strong></span> <span class='ocrx_word' id='word_1_317' title='bbox 2914 1052 2981 1114; x_wconf 89' lang='lat' dir='ltr'><strong>in</strong></span> <span class='ocrx_word' id='word_1_318' title='bbox 3011 1051 3380 1134; x_wconf 88' lang='lat' dir='ltr'><strong>corporibus</strong></span> <span class='ocrx_word' id='word_1_319' title='bbox 3407 1052 3548 1116; x_wconf 91' lang='lat' dir='ltr'><strong>ani-</strong></span> 
     </span>
     <span class='ocr_line' id='line_1_53' title="bbox 2003 1159 3545 1245; baseline -0.002 -18"><span class='ocrx_word' id='word_1_320' title='bbox 2003 1164 2272 1227; x_wconf 91' lang='lat' dir='ltr'><strong>malium</strong></span> <span class='ocrx_word' id='word_1_321' title='bbox 2313 1161 2860 1245; x_wconf 63' lang='lat' dir='ltr'><strong>praedominantur</strong></span> <span class='ocrx_word' id='word_1_322' title='bbox 2903 1160 3215 1224; x_wconf 89' lang='lat' dir='ltr'><strong>elementa</strong></span> <span class='ocrx_word' id='word_1_323' title='bbox 3256 1159 3545 1241; x_wconf 87' lang='lat' dir='ltr'><strong>passiva,</strong></span> 
     </span>
     <span class='ocr_line' id='line_1_54' title="bbox 2001 1266 3543 1335; baseline -0.003 0"><span class='ocrx_word' id='word_1_324' title='bbox 2001 1275 2066 1335; x_wconf 89' lang='lat' dir='ltr'><strong>et</strong></span> <span class='ocrx_word' id='word_1_325' title='bbox 2103 1271 2246 1335; x_wconf 90' lang='lat' dir='ltr'><strong>ideo</strong></span> <span class='ocrx_word' id='word_1_326' title='bbox 2286 1290 2369 1334; x_wconf 84' lang='lat' dir='ltr'><strong>ex</strong></span> <span class='ocrx_word' id='word_1_327' title='bbox 2407 1269 2499 1333; x_wconf 87' lang='lat' dir='ltr'><strong>eis</strong></span> <span class='ocrx_word' id='word_1_328' title='bbox 2536 1267 2816 1332; x_wconf 82' lang='lat' dir='ltr'><strong>maxime</strong></span> <span class='ocrx_word' id='word_1_329' title='bbox 2847 1266 3150 1331; x_wconf 89' lang='lat' dir='ltr'><strong>dicuntur</strong></span> <span class='ocrx_word' id='word_1_330' title='bbox 3181 1284 3316 1330; x_wconf 85' lang='lat' dir='ltr'><strong>esse</strong></span> <span class='ocrx_word' id='word_1_331' title='bbox 3357 1267 3543 1331; x_wconf 85' lang='lat' dir='ltr'><strong>facta.</strong></span> 
     </span>
     <span class='ocr_line' id='line_1_55' title="bbox 2001 1372 3548 1459; baseline -0.003 -17"><span class='ocrx_word' id='word_1_332' title='bbox 2001 1377 2070 1442; x_wconf 91' lang='lat' dir='ltr'><strong>Si</strong></span> <span class='ocrx_word' id='word_1_333' title='bbox 2109 1381 2325 1441; x_wconf 91' lang='lat' dir='ltr'><strong>autem</strong></span> <span class='ocrx_word' id='word_1_334' title='bbox 2367 1377 2709 1459; x_wconf 89' lang='lat' dir='ltr'><strong>loquamur</strong></span> <span class='ocrx_word' id='word_1_335' title='bbox 2747 1378 3063 1457; x_wconf 87' lang='lat' dir='ltr'><strong>quantum</strong></span> <span class='ocrx_word' id='word_1_336' title='bbox 3103 1372 3181 1438; x_wconf 90' lang='lat' dir='ltr'><strong>ad</strong></span> <span class='ocrx_word' id='word_1_337' title='bbox 3226 1374 3548 1455; x_wconf 88' lang='lat' dir='ltr'><strong>quantita-</strong></span> 
     </span>
     <span class='ocr_line' id='line_1_56' title="bbox 1999 1481 3546 1565; baseline -0.001 -16"><span class='ocrx_word' id='word_1_338' title='bbox 1999 1487 2133 1549; x_wconf 87' lang='lat' dir='ltr'><strong>tem</strong></span> <span class='ocrx_word' id='word_1_339' title='bbox 2171 1484 2461 1563; x_wconf 81' lang='lat' dir='ltr'><strong>virtutis3</strong></span> <span class='ocrx_word' id='word_1_340' title='bbox 2501 1502 2650 1549; x_wconf 93' lang='lat' dir='ltr'><strong>cum</strong></span> <span class='ocrx_word' id='word_1_341' title='bbox 2691 1499 2924 1565; x_wconf 89' lang='lat' dir='ltr'><strong>corpus</strong></span> <span class='ocrx_word' id='word_1_342' title='bbox 2963 1481 3546 1563; x_wconf 84' lang='lat' dir='ltr'><strong>complexionatum</strong></span> 
     </span>
     <span class='ocr_line' id='line_1_57' title="bbox 1999 1589 3546 1671; baseline -0.001 -15"><span class='ocrx_word' id='word_1_343' title='bbox 1999 1594 2082 1656; x_wconf 88' lang='lat' dir='ltr'><strong>sit</strong></span> <span class='ocrx_word' id='word_1_344' title='bbox 2126 1595 2351 1656; x_wconf 92' lang='lat' dir='ltr'><strong>natum</strong></span> <span class='ocrx_word' id='word_1_345' title='bbox 2391 1591 2532 1671; x_wconf 83' lang='lat' dir='ltr'><strong>regi</strong></span> <span class='ocrx_word' id='word_1_346' title='bbox 2579 1590 2657 1654; x_wconf 91' lang='lat' dir='ltr'><strong>ab</strong></span> <span class='ocrx_word' id='word_1_347' title='bbox 2696 1590 2913 1654; x_wconf 89' lang='lat' dir='ltr'><strong>anima</strong></span> <span class='ocrx_word' id='word_1_348' title='bbox 2953 1589 3374 1653; x_wconf 86' lang='lat' dir='ltr'><strong>mediantibus</strong></span> <span class='ocrx_word' id='word_1_349' title='bbox 3416 1591 3546 1655; x_wconf 90' lang='lat' dir='ltr'><strong>ele-</strong></span> 
     </span>
     <span class='ocr_line' id='line_1_58' title="bbox 2000 1696 3543 1779; baseline -0.001 -16"><span class='ocrx_word' id='word_1_350' title='bbox 2000 1700 2233 1763; x_wconf 91' lang='lat' dir='ltr'><strong>mentis</strong></span> <span class='ocrx_word' id='word_1_351' title='bbox 2254 1698 2500 1776; x_wconf 79' lang='lat' dir='ltr'><strong>activiS,</strong></span> <span class='ocrx_word' id='word_1_352' title='bbox 2527 1697 2616 1760; x_wconf 91' lang='lat' dir='ltr'><strong>sic</strong></span> <span class='ocrx_word' id='word_1_353' title='bbox 2642 1696 3185 1779; x_wconf 87' lang='lat' dir='ltr'><strong>praedominantur</strong></span> <span class='ocrx_word' id='word_1_354' title='bbox 3208 1697 3279 1760; x_wconf 91' lang='lat' dir='ltr'><strong>in</strong></span> <span class='ocrx_word' id='word_1_355' title='bbox 3303 1698 3394 1760; x_wconf 89' lang='lat' dir='ltr'><strong>eis</strong></span> <span class='ocrx_word' id='word_1_356' title='bbox 3417 1698 3543 1762; x_wconf 90' lang='lat' dir='ltr'><strong>ele-</strong></span> 
     </span>
     <span class='ocr_line' id='line_1_59' title="bbox 2000 1804 3547 1886; baseline 0.001 -16"><span class='ocrx_word' id='word_1_357' title='bbox 2000 1809 2217 1870; x_wconf 87' lang='lat' dir='ltr'><strong>menta</strong></span> <span class='ocrx_word' id='word_1_358' title='bbox 2264 1806 2493 1870; x_wconf 88' lang='lat' dir='ltr'><strong>activa.</strong></span> <span class='ocrx_word' id='word_1_359' title='bbox 2546 1804 2725 1868; x_wconf 90' lang='lat' dir='ltr'><strong>Ratio</strong></span> <span class='ocrx_word' id='word_1_360' title='bbox 2771 1809 2985 1868; x_wconf 89' lang='lat' dir='ltr'><strong>autem</strong></span> <span class='ocrx_word' id='word_1_361' title='bbox 3031 1804 3265 1886; x_wconf 79' lang='lat' dir='ltr'><strong>hujus,</strong></span> <span class='ocrx_word' id='word_1_362' title='bbox 3313 1806 3547 1871; x_wconf 90' lang='lat' dir='ltr'><strong>scilicet</strong></span> 
     </span>
     <span class='ocr_line' id='line_1_60' title="bbox 1999 1911 3544 1994; baseline -0.001 -17"><span class='ocrx_word' id='word_1_363' title='bbox 1999 1913 2172 1994; x_wconf 89' lang='lat' dir='ltr'><strong>quod</strong></span> <span class='ocrx_word' id='word_1_364' title='bbox 2209 1912 2523 1977; x_wconf 89' lang='lat' dir='ltr'><strong>elementa</strong></span> <span class='ocrx_word' id='word_1_365' title='bbox 2560 1912 2766 1977; x_wconf 85' lang='lat' dir='ltr'><strong>activa</strong></span> <span class='ocrx_word' id='word_1_366' title='bbox 2801 1916 2865 1975; x_wconf 89' lang='lat' dir='ltr'><strong>et</strong></span> <span class='ocrx_word' id='word_1_367' title='bbox 2898 1911 3149 1994; x_wconf 85' lang='lat' dir='ltr'><strong>passiva</strong></span> <span class='ocrx_word' id='word_1_368' title='bbox 3189 1912 3544 1976; x_wconf 88' lang='lat' dir='ltr'><strong>secuudum</strong></span> 
     </span>
     <span class='ocr_line' id='line_1_61' title="bbox 1999 2019 3547 2102; baseline 0 -17"><span class='ocrx_word' id='word_1_369' title='bbox 1999 2021 2167 2085; x_wconf 88' lang='lat' dir='ltr'><strong>hanc</strong></span> <span class='ocrx_word' id='word_1_370' title='bbox 2191 2020 2511 2102; x_wconf 90' lang='lat' dir='ltr'><strong>duplicem</strong></span> <span class='ocrx_word' id='word_1_371' title='bbox 2540 2019 2960 2102; x_wconf 87' lang='lat' dir='ltr'><strong>quantitatem</strong></span> <span class='ocrx_word' id='word_1_372' title='bbox 2981 2068 2997 2094; x_wconf 86' lang='lat'>,</span> <span class='ocrx_word' id='word_1_373' title='bbox 3029 2019 3284 2084; x_wconf 86' lang='lat' dir='ltr'><strong>virtutis</strong></span> <span class='ocrx_word' id='word_1_374' title='bbox 3311 2020 3547 2085; x_wconf 88' lang='lat' dir='ltr'><strong>scilicet</strong></span> 
     </span>
     <span class='ocr_line' id='line_1_62' title="bbox 1999 2126 3547 2208; baseline 0.001 -16"><span class='ocrx_word' id='word_1_375' title='bbox 1999 2132 2062 2192; x_wconf 89' lang='lat' dir='ltr'><strong>et</strong></span> <span class='ocrx_word' id='word_1_376' title='bbox 2096 2127 2314 2207; x_wconf 75' lang='lat' dir='ltr'><strong>moliS,</strong></span> <span class='ocrx_word' id='word_1_377' title='bbox 2345 2126 2627 2190; x_wconf 87' lang='lat' dir='ltr'><strong>vicissim</strong></span> <span class='ocrx_word' id='word_1_378' title='bbox 2663 2126 3232 2208; x_wconf 61' lang='lat' dir='ltr'><strong>praedominantur,</strong></span> <span class='ocrx_word' id='word_1_379' title='bbox 3264 2127 3547 2193; x_wconf 89' lang='lat' dir='ltr'><strong>sumitur</strong></span> 
     </span>
     <span class='ocr_line' id='line_1_63' title="bbox 1999 2233 3545 2319; baseline -0.001 -19"><span class='ocrx_word' id='word_1_380' title='bbox 1999 2254 2086 2300; x_wconf 83' lang='lat' dir='ltr'><strong>ex</strong></span> <span class='ocrx_word' id='word_1_381' title='bbox 2124 2240 2301 2319; x_wconf 89' lang='lat' dir='ltr'><strong>parte</strong></span> <span class='ocrx_word' id='word_1_382' title='bbox 2340 2235 2487 2298; x_wconf 83' lang='lat' dir='ltr'><strong>finis</strong></span> <span class='ocrx_word' id='word_1_383' title='bbox 2518 2256 2533 2297; x_wconf 75' lang='grc' dir='ltr'>ε</span> <span class='ocrx_word' id='word_1_384' title='bbox 2562 2233 2711 2296; x_wconf 86' lang='lat' dir='ltr'><strong>finis</strong></span> <span class='ocrx_word' id='word_1_385' title='bbox 2745 2234 2919 2297; x_wconf 88' lang='lat' dir='ltr'><strong>enim</strong></span> <span class='ocrx_word' id='word_1_386' title='bbox 2958 2234 3229 2316; x_wconf 89' lang='lat' dir='ltr'><strong>imponit</strong></span> <span class='ocrx_word' id='word_1_387' title='bbox 3268 2235 3545 2298; x_wconf 90' lang='lat' dir='ltr'><strong>necessi-</strong></span> 
     </span>
     <span class='ocr_line' id='line_1_64' title="bbox 1998 2341 3546 2425; baseline 0.001 -18"><span class='ocrx_word' id='word_1_388' title='bbox 1998 2347 2195 2407; x_wconf 87' lang='lat' dir='ltr'><strong>tatem</strong></span> <span class='ocrx_word' id='word_1_389' title='bbox 2227 2343 2358 2422; x_wconf 86' lang='lat' dir='ltr'><strong>his,</strong></span> <span class='ocrx_word' id='word_1_390' title='bbox 2391 2360 2538 2425; x_wconf 83' lang='lat' dir='ltr'><strong>quae</strong></span> <span class='ocrx_word' id='word_1_391' title='bbox 2575 2345 2727 2406; x_wconf 89' lang='lat' dir='ltr'><strong>sunt</strong></span> <span class='ocrx_word' id='word_1_392' title='bbox 2755 2343 2836 2407; x_wconf 89' lang='lat' dir='ltr'><strong>ad</strong></span> <span class='ocrx_word' id='word_1_393' title='bbox 2870 2343 3068 2405; x_wconf 85' lang='lat' dir='ltr'><strong>finem</strong></span> <span class='ocrx_word' id='word_1_394' title='bbox 3098 2359 3116 2404; x_wconf 87' lang='lat'>:</span> <span class='ocrx_word' id='word_1_395' title='bbox 3143 2341 3292 2405; x_wconf 87' lang='lat' dir='ltr'><strong>finis</strong></span> <span class='ocrx_word' id='word_1_396' title='bbox 3329 2347 3546 2409; x_wconf 88' lang='lat' dir='ltr'><strong>autem</strong></span> 
     </span>
     <span class='ocr_line' id='line_1_65' title="bbox 2000 2448 3545 2534; baseline 0.001 -19"><span class='ocrx_word' id='word_1_397' title='bbox 2000 2452 2281 2534; x_wconf 87' lang='lat' dir='ltr'><strong>corporis</strong></span> <span class='ocrx_word' id='word_1_398' title='bbox 2308 2449 2799 2533; x_wconf 85' lang='lat' dir='ltr'><strong>complexionati</strong></span> <span class='ocrx_word' id='word_1_399' title='bbox 2825 2449 3044 2513; x_wconf 91' lang='lat' dir='ltr'><strong>anima</strong></span> <span class='ocrx_word' id='word_1_400' title='bbox 3074 2452 3203 2528; x_wconf 84' lang='lat' dir='ltr'><strong>est,</strong></span> <span class='ocrx_word' id='word_1_401' title='bbox 3236 2448 3303 2512; x_wconf 91' lang='lat' dir='ltr'><strong>in</strong></span> <span class='ocrx_word' id='word_1_402' title='bbox 3334 2468 3545 2532; x_wconf 88' lang='lat' dir='ltr'><strong>quan-</strong></span> 
     </span>
     <span class='ocr_line' id='line_1_66' title="bbox 1999 2559 3547 2634; baseline 0.001 -13"><span class='ocrx_word' id='word_1_403' title='bbox 1999 2562 2142 2621; x_wconf 89' lang='lat' dir='ltr'><strong>tum</strong></span> <span class='ocrx_word' id='word_1_404' title='bbox 2166 2560 2276 2623; x_wconf 89' lang='lat' dir='ltr'><strong>dat</strong></span> <span class='ocrx_word' id='word_1_405' title='bbox 2301 2559 2362 2622; x_wconf 89' lang='lat' dir='ltr'><strong>ei</strong></span> <span class='ocrx_word' id='word_1_406' title='bbox 2384 2559 2584 2624; x_wconf 86' lang='lat' dir='ltr'><strong>vitam</strong></span> <span class='ocrx_word' id='word_1_407' title='bbox 2600 2605 2618 2634; x_wconf 80' lang='lat'>‚</span> <span class='ocrx_word' id='word_1_408' title='bbox 2647 2561 2710 2621; x_wconf 91' lang='lat' dir='ltr'><strong>et</strong></span> <span class='ocrx_word' id='word_1_409' title='bbox 2735 2575 3028 2633; x_wconf 87' lang='lat' dir='ltr'><strong>sensum,</strong></span> <span class='ocrx_word' id='word_1_410' title='bbox 3060 2561 3123 2621; x_wconf 89' lang='lat' dir='ltr'><strong>et</strong></span> <span class='ocrx_word' id='word_1_411' title='bbox 3148 2561 3418 2621; x_wconf 89' lang='lat' dir='ltr'><strong>motum.</strong></span> <span class='ocrx_word' id='word_1_412' title='bbox 3446 2561 3547 2623; x_wconf 90' lang='lat' dir='ltr'><strong>Ad</strong></span> 
     </span>
     <span class='ocr_line' id='line_1_67' title="bbox 1998 2664 3542 2747; baseline 0.001 -17"><span class='ocrx_word' id='word_1_413' title='bbox 1998 2666 2200 2730; x_wconf 87' lang='lat' dir='ltr'><strong>vitam</strong></span> <span class='ocrx_word' id='word_1_414' title='bbox 2229 2668 2446 2729; x_wconf 87' lang='lat' dir='ltr'><strong>autem</strong></span> <span class='ocrx_word' id='word_1_415' title='bbox 2484 2683 2715 2746; x_wconf 90' lang='lat' dir='ltr'><strong>corpus</strong></span> <span class='ocrx_word' id='word_1_416' title='bbox 2751 2664 2911 2730; x_wconf 90' lang='lat' dir='ltr'><strong>illud</strong></span> <span class='ocrx_word' id='word_1_417' title='bbox 2942 2681 3075 2727; x_wconf 90' lang='lat' dir='ltr'><strong>non</strong></span> <span class='ocrx_word' id='word_1_418' title='bbox 3111 2668 3274 2729; x_wconf 86' lang='lat' dir='ltr'><strong>esset</strong></span> <span class='ocrx_word' id='word_1_419' title='bbox 3301 2665 3542 2747; x_wconf 90' lang='lat' dir='ltr'><strong>habile,</strong></span> 
     </span>
     <span class='ocr_line' id='line_1_68' title="bbox 1998 2772 3547 2857; baseline 0.003 -20"><span class='ocrx_word' id='word_1_420' title='bbox 1998 2774 2050 2837; x_wconf 90' lang='lat' dir='ltr'><strong>si</strong></span> <span class='ocrx_word' id='word_1_421' title='bbox 2107 2775 2729 2856; x_wconf 85' lang='lat' dir='ltr'><strong>praedominarentur</strong></span> <span class='ocrx_word' id='word_1_422' title='bbox 2786 2772 2876 2836; x_wconf 88' lang='lat' dir='ltr'><strong>ibi</strong></span> <span class='ocrx_word' id='word_1_423' title='bbox 2938 2773 3251 2837; x_wconf 89' lang='lat' dir='ltr'><strong>elementa</strong></span> <span class='ocrx_word' id='word_1_424' title='bbox 3295 2776 3547 2857; x_wconf 87' lang='lat' dir='ltr'><strong>passiva</strong></span> 
     </span>
     <span class='ocr_line' id='line_1_69' title="bbox 1999 2880 3544 2968; baseline 0.001 -22"><span class='ocrx_word' id='word_1_425' title='bbox 1999 2887 2317 2964; x_wconf 90' lang='lat' dir='ltr'><strong>quantum</strong></span> <span class='ocrx_word' id='word_1_426' title='bbox 2343 2882 2423 2946; x_wconf 91' lang='lat' dir='ltr'><strong>ad</strong></span> <span class='ocrx_word' id='word_1_427' title='bbox 2450 2882 2869 2964; x_wconf 82' lang='lat' dir='ltr'><strong>quantitatem</strong></span> <span class='ocrx_word' id='word_1_428' title='bbox 2896 2884 2960 2944; x_wconf 91' lang='lat' dir='ltr'><strong>et</strong></span> <span class='ocrx_word' id='word_1_429' title='bbox 2985 2880 3322 2962; x_wconf 86' lang='lat' dir='ltr'><strong>virtutem,</strong></span> <span class='ocrx_word' id='word_1_430' title='bbox 3353 2901 3544 2968; x_wconf 91' lang='lat' dir='ltr'><strong>prop-</strong></span> 
     </span>
     <span class='ocr_line' id='line_1_70' title="bbox 1999 2988 3547 3072; baseline 0.003 -19"><span class='ocrx_word' id='word_1_431' title='bbox 1999 2994 2095 3054; x_wconf 91' lang='lat' dir='ltr'><strong>ter</strong></span> <span class='ocrx_word' id='word_1_432' title='bbox 2120 2991 2221 3054; x_wconf 90' lang='lat' dir='ltr'><strong>sui</strong></span> <span class='ocrx_word' id='word_1_433' title='bbox 2263 2990 2626 3072; x_wconf 86' lang='lat' dir='ltr'><strong>grossitiem</strong></span> <span class='ocrx_word' id='word_1_434' title='bbox 2653 2993 2717 3054; x_wconf 88' lang='lat' dir='ltr'><strong>et</strong></span> <span class='ocrx_word' id='word_1_435' title='bbox 2745 2988 3127 3053; x_wconf 88' lang='lat' dir='ltr'><strong>soliditatem</strong></span> <span class='ocrx_word' id='word_1_436' title='bbox 3146 3038 3162 3065; x_wconf 94' lang='lat'>‚</span> <span class='ocrx_word' id='word_1_437' title='bbox 3197 2990 3362 3054; x_wconf 90' lang='lat' dir='ltr'><strong>sicut</strong></span> <span class='ocrx_word' id='word_1_438' title='bbox 3395 2996 3547 3058; x_wconf 91' lang='lat' dir='ltr'><strong>sunt</strong></span> 
     </span>
     <span class='ocr_line' id='line_1_71' title="bbox 2000 3098 3543 3183; baseline 0.001 -18"><span class='ocrx_word' id='word_1_439' title='bbox 2000 3118 2266 3183; x_wconf 87' lang='lat' dir='ltr'><strong>corpora</strong></span> <span class='ocrx_word' id='word_1_440' title='bbox 2282 3099 2636 3164; x_wconf 75' lang='lat' dir='ltr'><strong>minei-alia.</strong></span> <span class='ocrx_word' id='word_1_441' title='bbox 2659 3098 2961 3164; x_wconf 91' lang='lat' dir='ltr'><strong>Similiter</strong></span> <span class='ocrx_word' id='word_1_442' title='bbox 2977 3118 3109 3163; x_wconf 92' lang='lat' dir='ltr'><strong>non</strong></span> <span class='ocrx_word' id='word_1_443' title='bbox 3128 3104 3290 3163; x_wconf 89' lang='lat' dir='ltr'><strong>esset</strong></span> <span class='ocrx_word' id='word_1_444' title='bbox 3310 3100 3543 3180; x_wconf 88' lang='lat' dir='ltr'><strong>habile,</strong></span> 
     </span>
     <span class='ocr_line' id='line_1_72' title="bbox 1998 3208 3548 3292; baseline 0.001 -20"><span class='ocrx_word' id='word_1_445' title='bbox 1998 3210 2052 3273; x_wconf 93' lang='lat' dir='ltr'><strong>si</strong></span> <span class='ocrx_word' id='word_1_446' title='bbox 2072 3210 2689 3292; x_wconf 83' lang='lat' dir='ltr'><strong>praedominarentur</strong></span> <span class='ocrx_word' id='word_1_447' title='bbox 2702 3209 2761 3272; x_wconf 90' lang='lat' dir='ltr'><strong>ei</strong></span> <span class='ocrx_word' id='word_1_448' title='bbox 2778 3208 3091 3272; x_wconf 89' lang='lat' dir='ltr'><strong>elementa</strong></span> <span class='ocrx_word' id='word_1_449' title='bbox 3107 3209 3335 3286; x_wconf 88' lang='lat' dir='ltr'><strong>activa,</strong></span> <span class='ocrx_word' id='word_1_450' title='bbox 3350 3229 3548 3292; x_wconf 88' lang='lat' dir='ltr'><strong>quan·</strong></span> 
     </span>
     <span class='ocr_line' id='line_1_73' title="bbox 1996 3316 3547 3398; baseline 0.002 -18"><span class='ocrx_word' id='word_1_451' title='bbox 1996 3319 2140 3382; x_wconf 92' lang='lat' dir='ltr'><strong>tum</strong></span> <span class='ocrx_word' id='word_1_452' title='bbox 2167 3318 2246 3382; x_wconf 89' lang='lat' dir='ltr'><strong>ad</strong></span> <span class='ocrx_word' id='word_1_453' title='bbox 2269 3317 2573 3382; x_wconf 87' lang='lat' dir='ltr'><strong>virtutem</strong></span> <span class='ocrx_word' id='word_1_454' title='bbox 2599 3321 2663 3381; x_wconf 90' lang='lat' dir='ltr'><strong>et</strong></span> <span class='ocrx_word' id='word_1_455' title='bbox 2688 3316 2924 3381; x_wconf 91' lang='lat' dir='ltr'><strong>molem</strong></span> <span class='ocrx_word' id='word_1_456' title='bbox 2941 3364 2958 3393; x_wconf 89' lang='lat'>‚</span> <span class='ocrx_word' id='word_1_457' title='bbox 2984 3317 3138 3398; x_wconf 89' lang='lat' dir='ltr'><strong>quia</strong></span> <span class='ocrx_word' id='word_1_458' title='bbox 3164 3317 3377 3381; x_wconf 88' lang='lat' dir='ltr'><strong>statim</strong></span> <span class='ocrx_word' id='word_1_459' title='bbox 3401 3337 3547 3383; x_wconf 90' lang='lat' dir='ltr'><strong>con-</strong></span> 
     </span>
     <span class='ocr_line' id='line_1_74' title="bbox 1998 3423 3544 3506; baseline 0.001 -18"><span class='ocrx_word' id='word_1_460' title='bbox 1998 3429 2404 3489; x_wconf 88' lang='lat' dir='ltr'><strong>sumerentur</strong></span> <span class='ocrx_word' id='word_1_461' title='bbox 2422 3424 2735 3488; x_wconf 88' lang='lat' dir='ltr'><strong>elementa</strong></span> <span class='ocrx_word' id='word_1_462' title='bbox 2756 3423 3029 3506; x_wconf 81' lang='lat' dir='ltr'><strong>passiva,</strong></span> <span class='ocrx_word' id='word_1_463' title='bbox 3050 3441 3169 3487; x_wconf 92' lang='lat' dir='ltr'><strong>nec</strong></span> <span class='ocrx_word' id='word_1_464' title='bbox 3187 3428 3348 3487; x_wconf 91' lang='lat' dir='ltr'><strong>esset</strong></span> <span class='ocrx_word' id='word_1_465' title='bbox 3370 3425 3544 3506; x_wconf 90' lang='lat' dir='ltr'><strong>quod</strong></span> 
     </span>
     <span class='ocr_line' id='line_1_75' title="bbox 1997 3529 3540 3615; baseline 0 -20"><span class='ocrx_word' id='word_1_466' title='bbox 1997 3537 2207 3615; x_wconf 86' lang='lat' dir='ltr'><strong>posset</strong></span> <span class='ocrx_word' id='word_1_467' title='bbox 2249 3532 2535 3613; x_wconf 84' lang='lat' dir='ltr'><strong>vegetari</strong></span> <span class='ocrx_word' id='word_1_468' title='bbox 2572 3531 2652 3594; x_wconf 87' lang='lat' dir='ltr'><strong>ab</strong></span> <span class='ocrx_word' id='word_1_469' title='bbox 2695 3529 2956 3594; x_wconf 88' lang='lat' dir='ltr'><strong>anima:</strong></span> <span class='ocrx_word' id='word_1_470' title='bbox 2989 3532 3054 3594; x_wconf 93' lang='lat' dir='ltr'><strong>et</strong></span> <span class='ocrx_word' id='word_1_471' title='bbox 3094 3531 3180 3594; x_wconf 91' lang='lat' dir='ltr'><strong>ita</strong></span> <span class='ocrx_word' id='word_1_472' title='bbox 3221 3531 3540 3613; x_wconf 87' lang='lat' dir='ltr'><strong>oportuit,</strong></span> 
     </span>
     <span class='ocr_line' id='line_1_76' title="bbox 1996 3638 3544 3722; baseline 0.001 -18"><span class='ocrx_word' id='word_1_473' title='bbox 1996 3639 2168 3722; x_wconf 91' lang='lat' dir='ltr'><strong>quod</strong></span> <span class='ocrx_word' id='word_1_474' title='bbox 2191 3658 2275 3703; x_wconf 82' lang='lat' dir='ltr'><strong>ex</strong></span> <span class='ocrx_word' id='word_1_475' title='bbox 2295 3640 2573 3721; x_wconf 91' lang='lat' dir='ltr'><strong>quadam</strong></span> <span class='ocrx_word' id='word_1_476' title='bbox 2598 3642 2827 3703; x_wconf 88' lang='lat' dir='ltr'><strong>mutua</strong></span> <span class='ocrx_word' id='word_1_477' title='bbox 2846 3638 3378 3722; x_wconf 76' lang='lat' dir='ltr'><strong>praedoniinantia</strong></span> <span class='ocrx_word' id='word_1_478' title='bbox 3397 3660 3544 3705; x_wconf 91' lang='lat' dir='ltr'><strong>con-</strong></span> 
     </span>
     <span class='ocr_line' id='line_1_77' title="bbox 1996 3747 3545 3829; baseline 0.001 -17"><span class='ocrx_word' id='word_1_479' title='bbox 1996 3750 2291 3829; x_wconf 87' lang='lat' dir='ltr'><strong>surgeret</strong></span> <span class='ocrx_word' id='word_1_480' title='bbox 2329 3747 2627 3827; x_wconf 83' lang='lat' dir='ltr'><strong>quaedam</strong></span> <span class='ocrx_word' id='word_1_481' title='bbox 2665 3750 2894 3809; x_wconf 90' lang='lat' dir='ltr'><strong>mutua</strong></span> <span class='ocrx_word' id='word_1_482' title='bbox 2934 3747 3258 3828; x_wconf 89' lang='lat' dir='ltr'><strong>proportio</strong></span> <span class='ocrx_word' id='word_1_483' title='bbox 3295 3753 3358 3812; x_wconf 90' lang='lat' dir='ltr'><strong>et</strong></span> <span class='ocrx_word' id='word_1_484' title='bbox 3396 3768 3545 3813; x_wconf 90' lang='lat' dir='ltr'><strong>con-</strong></span> 
     </span>
     <span class='ocr_line' id='line_1_78' title="bbox 1996 3852 3542 3938; baseline 0.003 -19"><span class='ocrx_word' id='word_1_485' title='bbox 1996 3855 2245 3931; x_wconf 88' lang='lat' dir='ltr'><strong>cordia,</strong></span> <span class='ocrx_word' id='word_1_486' title='bbox 2275 3872 2358 3917; x_wconf 82' lang='lat' dir='ltr'><strong>ex</strong></span> <span class='ocrx_word' id='word_1_487' title='bbox 2385 3872 2514 3935; x_wconf 91' lang='lat' dir='ltr'><strong>qua</strong></span> <span class='ocrx_word' id='word_1_488' title='bbox 2554 3870 2783 3935; x_wconf 89' lang='lat' dir='ltr'><strong>corpus</strong></span> <span class='ocrx_word' id='word_1_489' title='bbox 2824 3852 2982 3917; x_wconf 91' lang='lat' dir='ltr'><strong>illud</strong></span> <span class='ocrx_word' id='word_1_490' title='bbox 3011 3858 3174 3917; x_wconf 87' lang='lat' dir='ltr'><strong>esset</strong></span> <span class='ocrx_word' id='word_1_491' title='bbox 3211 3860 3434 3938; x_wconf 88' lang='lat' dir='ltr'><strong>aptum</strong></span> <span class='ocrx_word' id='word_1_492' title='bbox 3461 3861 3542 3925; x_wconf 88' lang='lat' dir='ltr'><strong>ad</strong></span> 
     </span>
     <span class='ocr_line' id='line_1_79' title="bbox 1995 3961 3543 4047; baseline 0.003 -20"><span class='ocrx_word' id='word_1_493' title='bbox 1995 3964 2200 4028; x_wconf 87' lang='lat' dir='ltr'><strong>vitam</strong></span> <span class='ocrx_word' id='word_1_494' title='bbox 2253 3961 2722 4043; x_wconf 87' lang='lat' dir='ltr'><strong>suscipiendam</strong></span> <span class='ocrx_word' id='word_1_495' title='bbox 2770 3965 2834 4025; x_wconf 90' lang='lat' dir='ltr'><strong>et</strong></span> <span class='ocrx_word' id='word_1_496' title='bbox 2884 3962 3169 4027; x_wconf 87' lang='lat' dir='ltr'><strong>animam</strong></span> <span class='ocrx_word' id='word_1_497' title='bbox 3190 4011 3206 4041; x_wconf 85' lang='lat'>‚</span> <span class='ocrx_word' id='word_1_498' title='bbox 3253 3983 3399 4047; x_wconf 83' lang='lat' dir='ltr'><strong>quae</strong></span> <span class='ocrx_word' id='word_1_499' title='bbox 3448 3974 3543 4031; x_wconf 91' lang='lat' dir='ltr'><strong>est</strong></span> 
     </span>
     <span class='ocr_line' id='line_1_80' title="bbox 1997 4067 3537 4151; baseline 0.005 -20"><span class='ocrx_word' id='word_1_500' title='bbox 1997 4069 2180 4151; x_wconf 89' lang='lat' dir='ltr'><strong>quasi</strong></span> <span class='ocrx_word' id='word_1_501' title='bbox 2209 4068 2505 4150; x_wconf 67' lang='lat' dir='ltr'><strong>quaedam</strong></span> <span class='ocrx_word' id='word_1_502' title='bbox 2536 4067 2898 4132; x_wconf 89' lang='lat' dir='ltr'><strong>harmonia.</strong></span> <span class='ocrx_word' id='word_1_503' title='bbox 2930 4069 3029 4133; x_wconf 91' lang='lat' dir='ltr'><strong>Ad</strong></span> <span class='ocrx_word' id='word_1_504' title='bbox 3066 4088 3324 4136; x_wconf 87' lang='lat' dir='ltr'><strong>sensum</strong></span> <span class='ocrx_word' id='word_1_505' title='bbox 3351 4073 3537 4138; x_wconf 88' lang='lat' dir='ltr'><strong>simi-</strong></span> 
     </span>
     <span class='ocr_line' id='line_1_81' title="bbox 1994 4176 3537 4260; baseline 0.005 -21"><span class='ocrx_word' id='word_1_506' title='bbox 1994 4176 2140 4240; x_wconf 92' lang='lat' dir='ltr'><strong>liter</strong></span> <span class='ocrx_word' id='word_1_507' title='bbox 2166 4176 2472 4239; x_wconf 89' lang='lat' dir='ltr'><strong>idoneum</strong></span> <span class='ocrx_word' id='word_1_508' title='bbox 2497 4194 2627 4239; x_wconf 89' lang='lat' dir='ltr'><strong>non</strong></span> <span class='ocrx_word' id='word_1_509' title='bbox 2653 4179 2844 4253; x_wconf 82' lang='lat' dir='ltr'><strong>esset,</strong></span> <span class='ocrx_word' id='word_1_510' title='bbox 2880 4177 3006 4240; x_wconf 87' lang='lat' dir='ltr'><strong>nisi</strong></span> <span class='ocrx_word' id='word_1_511' title='bbox 3032 4178 3537 4260; x_wconf 71' lang='lat' dir='ltr'><strong>praedominare-</strong></span> 
     </span>
     <span class='ocr_line' id='line_1_82' title="bbox 1995 4282 3537 4369; baseline 0.006 -23"><span class='ocrx_word' id='word_1_512' title='bbox 1995 4286 2103 4346; x_wconf 89' lang='lat' dir='ltr'><strong>tur</strong></span> <span class='ocrx_word' id='word_1_513' title='bbox 2124 4285 2356 4347; x_wconf 89' lang='lat' dir='ltr'><strong>natura</strong></span> <span class='ocrx_word' id='word_1_514' title='bbox 2376 4282 2672 4348; x_wconf 89' lang='lat' dir='ltr'><strong>elementi</strong></span> <span class='ocrx_word' id='word_1_515' title='bbox 2694 4285 2926 4366; x_wconf 87' lang='lat' dir='ltr'><strong>passivi</strong></span> <span class='ocrx_word' id='word_1_516' title='bbox 2952 4290 3270 4369; x_wconf 89' lang='lat' dir='ltr'><strong>quantum</strong></span> <span class='ocrx_word' id='word_1_517' title='bbox 3290 4290 3370 4353; x_wconf 90' lang='lat' dir='ltr'><strong>ad</strong></span> <span class='ocrx_word' id='word_1_518' title='bbox 3391 4308 3537 4355; x_wconf 90' lang='lat' dir='ltr'><strong>mo-</strong></span> 
     </span>
     <span class='ocr_line' id='line_1_83' title="bbox 1994 4390 3541 4474; baseline 0.006 -21"><span class='ocrx_word' id='word_1_519' title='bbox 1994 4390 2124 4454; x_wconf 87' lang='lat' dir='ltr'><strong>lem</strong></span> <span class='ocrx_word' id='word_1_520' title='bbox 2142 4440 2161 4471; x_wconf 87' lang='lat'>,</span> <span class='ocrx_word' id='word_1_521' title='bbox 2209 4391 2366 4473; x_wconf 90' lang='lat' dir='ltr'><strong>quia</strong></span> <span class='ocrx_word' id='word_1_522' title='bbox 2406 4394 2615 4454; x_wconf 86' lang='lat' dir='ltr'><strong>tactus</strong></span> <span class='ocrx_word' id='word_1_523' title='bbox 2664 4394 2758 4455; x_wconf 91' lang='lat' dir='ltr'><strong>est</strong></span> <span class='ocrx_word' id='word_1_524' title='bbox 2805 4392 3055 4474; x_wconf 89' lang='lat' dir='ltr'><strong>primus</strong></span> <span class='ocrx_word' id='word_1_525' title='bbox 3104 4394 3272 4459; x_wconf 89' lang='lat' dir='ltr'><strong>inter</strong></span> <span class='ocrx_word' id='word_1_526' title='bbox 3318 4414 3541 4463; x_wconf 87' lang='lat' dir='ltr'><strong>omnes</strong></span> 
     </span>
     <span class='ocr_line' id='line_1_84' title="bbox 1994 4498 3541 4584; baseline 0.005 -22"><span class='ocrx_word' id='word_1_527' title='bbox 1994 4517 2220 4563; x_wconf 89' lang='lat' dir='ltr'><strong>sensus</strong></span> <span class='ocrx_word' id='word_1_528' title='bbox 2241 4498 2556 4579; x_wconf 80' lang='lat' dir='ltr'><strong>animaliS,</strong></span> <span class='ocrx_word' id='word_1_529' title='bbox 2578 4499 2648 4562; x_wconf 90' lang='lat' dir='ltr'><strong>in</strong></span> <span class='ocrx_word' id='word_1_530' title='bbox 2670 4518 2798 4582; x_wconf 93' lang='lat' dir='ltr'><strong>quo</strong></span> <span class='ocrx_word' id='word_1_531' title='bbox 2820 4519 3013 4565; x_wconf 89' lang='lat' dir='ltr'><strong>sensu</strong></span> <span class='ocrx_word' id='word_1_532' title='bbox 3037 4502 3541 4584; x_wconf 68' lang='lat' dir='ltr'><strong>praedominatur</strong></span> 
     </span>
     <span class='ocr_line' id='line_1_85' title="bbox 1995 4608 3540 4692; baseline 0.005 -20"><span class='ocrx_word' id='word_1_533' title='bbox 1995 4610 2211 4672; x_wconf 83' lang='lat' dir='ltr'><strong>terra:</strong></span> <span class='ocrx_word' id='word_1_534' title='bbox 2243 4611 2306 4672; x_wconf 88' lang='lat' dir='ltr'><strong>et</strong></span> <span class='ocrx_word' id='word_1_535' title='bbox 2339 4608 2429 4672; x_wconf 77' lang='lat' dir='ltr'><strong>ita</strong></span> <span class='ocrx_word' id='word_1_536' title='bbox 2445 4656 2462 4686; x_wconf 87' lang='lat'>,</span> <span class='ocrx_word' id='word_1_537' title='bbox 2500 4608 2555 4671; x_wconf 88' lang='lat' dir='ltr'><strong>si</strong></span> <span class='ocrx_word' id='word_1_538' title='bbox 2587 4627 2720 4672; x_wconf 89' lang='lat' dir='ltr'><strong>non</strong></span> <span class='ocrx_word' id='word_1_539' title='bbox 2757 4609 3332 4692; x_wconf 75' lang='lat' dir='ltr'><strong>praedominaretur</strong></span> <span class='ocrx_word' id='word_1_540' title='bbox 3371 4617 3540 4679; x_wconf 88' lang='lat' dir='ltr'><strong>terra</strong></span> 
     </span>
     <span class='ocr_line' id='line_1_86' title="bbox 1995 4716 3534 4799; baseline 0.004 -20"><span class='ocrx_word' id='word_1_541' title='bbox 1995 4716 2067 4779; x_wconf 94' lang='lat' dir='ltr'><strong>in</strong></span> <span class='ocrx_word' id='word_1_542' title='bbox 2096 4734 2390 4799; x_wconf 86' lang='lat' dir='ltr'><strong>corpore,</strong></span> <span class='ocrx_word' id='word_1_543' title='bbox 2421 4734 2556 4781; x_wconf 90' lang='lat' dir='ltr'><strong>non</strong></span> <span class='ocrx_word' id='word_1_544' title='bbox 2593 4721 2755 4781; x_wconf 89' lang='lat' dir='ltr'><strong>esset</strong></span> <span class='ocrx_word' id='word_1_545' title='bbox 2793 4717 3098 4782; x_wconf 92' lang='lat' dir='ltr'><strong>idoneum</strong></span> <span class='ocrx_word' id='word_1_546' title='bbox 3128 4720 3208 4784; x_wconf 90' lang='lat' dir='ltr'><strong>ad</strong></span> <span class='ocrx_word' id='word_1_547' title='bbox 3251 4725 3490 4788; x_wconf 89' lang='lat' dir='ltr'><strong>tactum</strong></span> <span class='ocrx_word' id='word_1_548' title='bbox 3518 4747 3534 4785; x_wconf 90' lang='lat'><strong>:</strong></span> 
     </span>
     <span class='ocr_line' id='line_1_87' title="bbox 1996 4825 3535 4913; baseline 0.005 -25"><span class='ocrx_word' id='word_1_549' title='bbox 1996 4841 2156 4906; x_wconf 81' lang='lat' dir='ltr'><strong>ergo</strong></span> <span class='ocrx_word' id='word_1_550' title='bbox 2176 4843 2295 4889; x_wconf 91' lang='lat' dir='ltr'><strong>nec</strong></span> <span class='ocrx_word' id='word_1_551' title='bbox 2316 4825 2394 4889; x_wconf 89' lang='lat' dir='ltr'><strong>ad</strong></span> <span class='ocrx_word' id='word_1_552' title='bbox 2416 4825 2695 4908; x_wconf 91' lang='lat' dir='ltr'><strong>aliquem</strong></span> <span class='ocrx_word' id='word_1_553' title='bbox 2718 4844 2997 4890; x_wconf 91' lang='lat' dir='ltr'><strong>sensum.</strong></span> <span class='ocrx_word' id='word_1_554' title='bbox 3022 4825 3326 4893; x_wconf 90' lang='lat' dir='ltr'><strong>Similiter</strong></span> <span class='ocrx_word' id='word_1_555' title='bbox 3348 4848 3535 4913; x_wconf 91' lang='lat' dir='ltr'><strong>opor-</strong></span> 
     </span>
     <span class='ocr_line' id='line_1_88' title="bbox 1998 4933 3540 5018; baseline 0.005 -21"><span class='ocrx_word' id='word_1_556' title='bbox 1998 4937 2086 4998; x_wconf 87' lang='lat' dir='ltr'><strong>tet</strong></span> <span class='ocrx_word' id='word_1_557' title='bbox 2112 4933 2281 5016; x_wconf 93' lang='lat' dir='ltr'><strong>quod</strong></span> <span class='ocrx_word' id='word_1_558' title='bbox 2318 4934 2396 4998; x_wconf 93' lang='lat' dir='ltr'><strong>ad</strong></span> <span class='ocrx_word' id='word_1_559' title='bbox 2438 4935 2594 5015; x_wconf 87' lang='lat' dir='ltr'><strong>hoc,</strong></span> <span class='ocrx_word' id='word_1_560' title='bbox 2625 4935 2796 5018; x_wconf 91' lang='lat' dir='ltr'><strong>quod</strong></span> <span class='ocrx_word' id='word_1_561' title='bbox 2830 4935 2913 4999; x_wconf 89' lang='lat' dir='ltr'><strong>sit</strong></span> <span class='ocrx_word' id='word_1_562' title='bbox 2953 4936 3254 5001; x_wconf 90' lang='lat' dir='ltr'><strong>idoneum</strong></span> <span class='ocrx_word' id='word_1_563' title='bbox 3280 4939 3359 5003; x_wconf 90' lang='lat' dir='ltr'><strong>ad</strong></span> <span class='ocrx_word' id='word_1_564' title='bbox 3391 4959 3540 5004; x_wconf 88' lang='lat' dir='ltr'><strong>sen-</strong></span> 
     </span>
     <span class='ocr_line' id='line_1_89' title="bbox 1995 5041 3534 5127; baseline 0.005 -23"><span class='ocrx_word' id='word_1_565' title='bbox 1995 5059 2178 5117; x_wconf 89' lang='lat' dir='ltr'><strong>sum,</strong></span> <span class='ocrx_word' id='word_1_566' title='bbox 2212 5041 2709 5124; x_wconf 86' lang='lat' dir='ltr'><strong>praedominetur</strong></span> <span class='ocrx_word' id='word_1_567' title='bbox 2761 5043 2831 5106; x_wconf 92' lang='lat' dir='ltr'><strong>in</strong></span> <span class='ocrx_word' id='word_1_568' title='bbox 2876 5061 2952 5107; x_wconf 92' lang='lat' dir='ltr'><strong>eo</strong></span> <span class='ocrx_word' id='word_1_569' title='bbox 2996 5043 3169 5125; x_wconf 79' lang='lat' dir='ltr'><strong>iguis</strong></span> <span class='ocrx_word' id='word_1_570' title='bbox 3212 5050 3534 5127; x_wconf 91' lang='lat' dir='ltr'><strong>quantum</strong></span> 
     </span>
     <span class='ocr_line' id='line_1_90' title="bbox 1996 5148 3541 5238; baseline 0.004 -26"><span class='ocrx_word' id='word_1_571' title='bbox 1996 5148 2075 5212; x_wconf 86' lang='lat' dir='ltr'><strong>ad</strong></span> <span class='ocrx_word' id='word_1_572' title='bbox 2100 5150 2407 5214; x_wconf 88' lang='lat' dir='ltr'><strong>virtutem</strong></span> <span class='ocrx_word' id='word_1_573' title='bbox 2432 5152 2567 5215; x_wconf 86' lang='lat' dir='ltr'><strong>sive</strong></span> <span class='ocrx_word' id='word_1_574' title='bbox 2594 5151 2888 5216; x_wconf 85' lang='lat' dir='ltr'><strong>calorem.</strong></span> <span class='ocrx_word' id='word_1_575' title='bbox 2915 5150 3096 5216; x_wconf 87' lang='lat' dir='ltr'><strong>Calor</strong></span> <span class='ocrx_word' id='word_1_576' title='bbox 3121 5152 3295 5215; x_wconf 90' lang='lat' dir='ltr'><strong>enim</strong></span> <span class='ocrx_word' id='word_1_577' title='bbox 3320 5158 3385 5217; x_wconf 91' lang='lat' dir='ltr'><strong>et</strong></span> <span class='ocrx_word' id='word_1_578' title='bbox 3407 5155 3541 5238; x_wconf 90' lang='lat' dir='ltr'><strong>spi-</strong></span> 
     </span>
     <span class='ocr_line' id='line_1_91' title="bbox 1995 5258 3542 5344; baseline 0.006 -24"><span class='ocrx_word' id='word_1_579' title='bbox 1995 5258 2160 5322; x_wconf 89' lang='lat' dir='ltr'><strong>ritus</strong></span> <span class='ocrx_word' id='word_1_580' title='bbox 2184 5262 2337 5323; x_wconf 88' lang='lat' dir='ltr'><strong>sunt</strong></span> <span class='ocrx_word' id='word_1_581' title='bbox 2361 5260 2784 5325; x_wconf 90' lang='lat' dir='ltr'><strong>instrumenta</strong></span> <span class='ocrx_word' id='word_1_582' title='bbox 2810 5261 3072 5327; x_wconf 84' lang='lat' dir='ltr'><strong>virtutis</strong></span> <span class='ocrx_word' id='word_1_583' title='bbox 3099 5262 3450 5344; x_wconf 80' lang='lat' dir='ltr'><strong>sensitivae‚</strong></span> <span class='ocrx_word' id='word_1_584' title='bbox 3475 5268 3542 5329; x_wconf 85' lang='lat' dir='ltr'><strong>et</strong></span> 
     </span>
     <span class='ocr_line' id='line_1_92' title="bbox 1997 5365 3539 5454; baseline 0.006 -24"><span class='ocrx_word' id='word_1_585' title='bbox 1997 5365 2120 5431; x_wconf 93' lang='lat' dir='ltr'><strong>hoc</strong></span> <span class='ocrx_word' id='word_1_586' title='bbox 2146 5370 2242 5431; x_wconf 89' lang='lat' dir='ltr'><strong>est</strong></span> <span class='ocrx_word' id='word_1_587' title='bbox 2265 5368 2436 5450; x_wconf 90' lang='lat' dir='ltr'><strong>quod</strong></span> <span class='ocrx_word' id='word_1_588' title='bbox 2464 5368 2611 5433; x_wconf 91' lang='lat' dir='ltr'><strong>dicit</strong></span> <span class='ocrx_word' id='word_1_589' title='bbox 2631 5368 3038 5452; x_wconf 81' lang='lat' dir='ltr'><strong>Augustinus</strong></span> <span class='ocrx_word' id='word_1_590' title='bbox 3054 5371 3097 5450; x_wconf 87' lang='lat'><strong>¹,</strong></span> <span class='ocrx_word' id='word_1_591' title='bbox 3127 5387 3319 5454; x_wconf 77' lang='lat' dir='ltr'><strong>super</strong></span> <span class='ocrx_word' id='word_1_592' title='bbox 3345 5374 3539 5440; x_wconf 84' lang='lat' dir='ltr'><strong>Gene-</strong></span> 
     </span>
     <span class='ocr_line' id='line_1_93' title="bbox 2063 5492 3457 5561; baseline 0.002 -16"><span class='ocrx_word' id='word_1_593' title='bbox 2063 5492 2086 5529; x_wconf 78' lang='lat'>¹</span> <span class='ocrx_word' id='word_1_594' title='bbox 2104 5494 2253 5559; x_wconf 66' lang='lat' dir='ltr'><strong>Aug„</strong></span> <span class='ocrx_word' id='word_1_595' title='bbox 2282 5493 2342 5545; x_wconf 82' lang='lat' dir='ltr'><strong>de</strong></span> <span class='ocrx_word' id='word_1_596' title='bbox 2370 5494 2493 5545; x_wconf 80' lang='lat' dir='ltr'><strong>Gen.</strong></span> <span class='ocrx_word' id='word_1_597' title='bbox 2516 5493 2586 5545; x_wconf 83' lang='lat' dir='ltr'><strong>ad</strong></span> <span class='ocrx_word' id='word_1_598' title='bbox 2607 5493 2733 5555; x_wconf 67' lang='lat' dir='ltr'><strong>lite„</strong></span> <span class='ocrx_word' id='word_1_599' title='bbox 2762 5494 2852 5545; x_wconf 87' lang='lat' dir='ltr'><strong>lib.</strong></span> <span class='ocrx_word' id='word_1_600' title='bbox 2877 5496 2980 5560; x_wconf 79' lang='lat'>111,</span> <span class='ocrx_word' id='word_1_601' title='bbox 3009 5509 3055 5547; x_wconf 86' lang='lat' dir='ltr'><strong>c.</strong></span> <span class='ocrx_word' id='word_1_602' title='bbox 3077 5507 3134 5548; x_wconf 78' lang='grc' dir='ltr'><strong>ιν</strong></span> <span class='ocrx_word' id='word_1_603' title='bbox 3159 5509 3253 5561; x_wconf 82' lang='lat' dir='ltr'><strong>per</strong></span> <span class='ocrx_word' id='word_1_604' title='bbox 3275 5501 3457 5550; x_wconf 81' lang='lat' dir='ltr'><strong>totum.</strong></span> 
     </span>
    </p>
   </div>
  </div>
 </body>
</html>
