4125 6225
648 428 767 488 2¹8

402 579 611 627 fundam.
722 557 997 622 Contra:
1052 556 1444 638 Praeceptum
1494 561 1589 619 est
1630 555 1891 636 signum
1939 553 2176 618 divinae

638 664 1018 728 voluntatis:
1040 682 1197 745 ergo
1216 668 1328 728 aut
1347 668 1441 727 est
1464 663 1695 726 falsum
1715 662 1762 724 si
1769 679 2000 742 gnum,
2026 676 2177 723 cum

636 771 956 851 significet
1003 770 1206 835 Deum
1258 771 1418 834 velle
1468 770 1637 852 quod
1678 768 2013 851 praecepit,
2066 770 2179 830 aut

635 876 802 940 Deus
829 877 970 941 vult
994 877 1171 940 illud.
1209 875 1329 941 Sed
1357 876 1408 939 si
1436 875 1598 939 Deus
1622 875 1763 938 vult
1785 874 2052 952 malum,
2085 876 2179 937 est

636 985 873 1063 malus;
910 985 1121 1047 sinon
1164 985 1303 1047 vult
1344 988 1406 1047 et
1439 984 1758 1065 praecepit,
1788 987 1883 1047 est
1926 982 2124 1045 falsus
2154 1001 2171 1045 :

633 1096 699 1155 et
743 1096 1091 1175 utrumque
1134 1095 1227 1156 est
1278 1091 1661 1173 impossibile
1711 1090 1883 1173 apud
1927 1089 2170 1154 Deum:

635 1218 816 1280 erge,
846 1204 965 1263 etc.

714 1307 893 1386 Item,
925 1307 1140 1371 nullus
1162 1307 1460 1371 obediens
1485 1306 1703 1370 divino
1727 1309 2045 1389 praecepto
2071 1306 2177 1370 de-

632 1414 739 1478 bet
764 1414 1017 1496 puniri:
1048 1432 1205 1495 ergo
1231 1413 1285 1476 si
1308 1413 1473 1478 Deus
1498 1417 1703 1496 potest
1728 1413 1969 1477 malum
1999 1430 2175 1494 prae-

632 1523 868 1603 cipere,
898 1526 1101 1603 potest
1125 1523 1372 1585 malum
1401 1522 1665 1604 impune
1693 1523 1870 1586 fieri:
1900 1522 2007 1585 sed
2030 1540 2175 1585 ma-

631 1629 771 1692 lum
786 1647 1114 1693 remanere
1132 1629 1522 1711 impunitum
1540 1632 1633 1692 est
1651 1634 1871 1692 contra
1888 1629 2175 1693 divinam

629 1738 974 1819 justitiam:
1006 1755 1163 1818 ergo
1186 1736 1351 1800 Deus
1376 1741 1578 1818 potest
1602 1739 1803 1801 facere
1831 1742 2050 1801 contra
2066 1755 2171 1801 se:

633 1862 790 1925 ergo
818 1844 939 1906 sibi
965 1844 1322 1907 adversari:
1350 1844 1459 1907 sed
1487 1845 1606 1907 hoc
1622 1848 1719 1908 est
1746 1845 2166 1927 impossibile:

635 1969 813 2031 erge,
843 1956 962 2014 etc.

714 2057 869 2120 Item
894 2057 1059 2121 Deus
1086 2059 1385 2140 praeeepit
1406 2060 1571 2123 mala
1595 2077 1727 2123 non
1748 2060 1887 2124 fieri
1907 2061 1995 2123 :si
2015 2077 2174 2141 ergo

632 2165 933 2247 praeeepit
970 2166 1132 2242 fieri,
1186 2167 1486 2249 praecepit
1531 2167 1659 2232 duo
1699 2168 2018 2251 opposita:
2064 2168 2173 2231 sed

631 2273 760 2335 duo
812 2273 1096 2354 opposita
1143 2274 1316 2352 fieri,
1374 2279 1469 2338 est
1517 2276 1906 2358 impossibile
1937 2297 1951 2339 :
2012 2293 2171 2355 ergo

631 2380 797 2443 Deus
833 2381 1131 2463 praecepit
1170 2382 1593 2463 impossibile:
1640 2383 1749 2447 sed
1792 2384 1872 2447 ad
1915 2383 2172 2447 nullum

629 2486 753 2550 tale
792 2492 1181 2570 praeceptum
1220 2490 1627 2570 obligamur:
1661 2510 1818 2572 ergo
1855 2491 1981 2555 Deo
2024 2507 2172 2572 pos-

629 2612 857 2657 sumus
880 2614 1013 2658 non
1045 2596 1336 2661 obedire:
1369 2598 1543 2679 quod
1568 2598 1919 2662 absurdum
1946 2603 2061 2662 est.
2093 2596 2172 2660 Et

565 2737 577 2750 ·
629 2702 898 2782 iterum,
946 2704 1157 2767 omnis
1194 2705 1570 2786 praecipiens
1613 2705 2030 2788 impossibile,
2077 2710 2174 2770 est

630 2811 884 2888 stultus,
915 2811 1016 2874 vel
1045 2811 1316 2893 impius:
1347 2831 1504 2893 ergo
1530 2812 1697 2877 Deus
1723 2819 1884 2877 esset
1909 2813 2166 2892 stultuS,

631 2919 734 2982 vel
770 2918 1043 2999 impius:
1086 2937 1367 3002 quorum
1405 2925 1754 3003 utrumque
1800 2927 1893 2984 est
1929 2922 2171 3003 impos-

628 3024 827 3088 sibile.
858 3024 935 3089 Et
959 3024 1098 3090 ideo
1127 3027 1277 3091 dicit
1304 3027 1770 3110 Hieronymus:
1811 3051 1843 3089 «
1867 3027 1990 3105 Qui
2017 3029 2171 3092 dicit

628 3132 830 3198 Deum
850 3135 1643 3218 praecepisseimpossibile5
1660 3139 2001 3202 anathema
2013 3139 2115 3202 sit.
2133 3162 2163 3197 u

1135 3390 1653 3457 CONCLUSIO.

620 3544 775 3600 Mala
812 3545 1094 3601 secundum
1117 3562 1170 3603 se
1211 3562 1328 3602 cum
1353 3550 1642 3604 intrinsece
1668 3550 1818 3605 mala
1844 3554 1991 3618 sint,
2026 3552 2166 3607 Deus

684 3637 975 3706 proecz'pere
1002 3652 1109 3692 non
1132 3642 1310 3709 potest
1329 3653 1349 3692 .·
1375 3639 1527 3693 mala
1551 3655 1673 3694 vero
1702 3642 1763 3694 in
1786 3656 1839 3695 se
1865 3657 1985 3710 quoe
2010 3642 2166 3696 mala

689 3740 795 3779 non
820 3730 1131 3793 remanent,
1160 3731 1331 3798 potest
1372 3730 1504 3782 Deus
1527 3732 1839 3800 praecipere.

696 3877 879 3959 Resp.
928 3880 1007 3943 ad
1059 3881 1333 3962 Argum.
1388 3883 1735 3947 Dicendum
1787 3888 1961 3968 quod
2013 3906 2164 3951 cum

616 3988 928 4067 quaeritur
967 3993 1188 4051 utrum
1223 3990 1389 4054 Deus
1421 3992 1614 4073 possit
1644 3997 1989 4076 praecipere
2017 4016 2161 4060 ma-

616 4091 752 4155 lum
778 4140 795 4168 ‚
849 4092 973 4156 hoc
1026 4099 1229 4175 potest
1276 4096 1609 4177 dupliciter
1661 4099 1937 4181 intelligi
1973 4125 1991 4165 :
2047 4106 2163 4168 aut

619 4198 863 4261 malum
892 4218 1156 4264 manens
1181 4202 1449 4279 malum,
1480 4209 1591 4267 aut
1618 4205 1706 4268 ita
1730 4208 1901 4288 quod
1927 4226 2058 4289 prae
2069 4211 2163 4272 ei-

618 4305 848 4386 piendo
894 4307 1078 4370 faciat
1126 4309 1391 4373 bonum.
1448 4308 1741 4376 Primum
1793 4315 2161 4398 simpliciter

619 4416 715 4475 est
735 4414 1151 4495 impossibile;
1174 4420 1529 4481 secundum
1555 4438 1709 4485 vero
1733 4422 1946 4504 aliquo
1972 4426 2160 4490 modo

622 4516 718 4584 e'st
742 4522 1057 4602 possibile,
1084 4523 1227 4587 licet
1251 4544 1380 4589 non
1403 4528 1691 4592 omnino.
1721 4528 1832 4594 Est
1856 4532 2030 4595 enim
2052 4534 2163 4597 ali-

624 4628 784 4709 quid
807 4630 1050 4693 malum
1073 4630 1143 4694 in
1162 4648 1251 4708 se,
1272 4632 1513 4715 aliquid
1540 4636 1785 4700 malum
1808 4640 2162 4705 secundum

626 4755 715 4801 se.
762 4736 1001 4801 Malum
1039 4738 1108 4801 in
1142 4757 1210 4803 se
1250 4746 1452 4822 potest
1495 4743 1636 4806 fieri
1674 4745 1868 4810 bene:
1918 4748 2164 4812 malum

624 4845 977 4909 secundum
1011 4864 1080 4911 se
1114 4848 1291 4912 nullo
1327 4849 1516 4913 modo
1554 4855 1759 4932 potest
1790 4854 1931 4918 fieri
1960 4856 2157 4935 bene3

622 4952 755 5015 imo
807 4952 929 5017 hoc
986 4952 1343 5036 intelligere
1406 4957 1578 5038 quod
1622 4960 1736 5023 flat
1798 4962 1962 5026 bene
1985 5011 2005 5040 ‚
2073 4970 2168 5029 est

621 5055 976 5137 intelligere
1003 5059 1175 5141 quod
1211 5059 1382 5123 idem
1408 5061 1489 5125 sit
1520 5062 1765 5127 malum
1803 5069 1867 5128 et
1891 5065 2157 5131 bonum.

624 5161 833 5227 Potest
869 5184 1026 5246 ergo
1053 5166 1175 5231 dici
1205 5169 1376 5250 quod
1400 5168 1565 5233 Deus
1591 5176 1793 5251 potest
1819 5177 2162 5259 praecipere

622 5270 866 5334 malum
894 5272 966 5334 in
989 5292 1093 5349 se,
1137 5278 1201 5338 et
1224 5293 1355 5338 non
1384 5279 1630 5339 malum
1658 5281 2015 5345 secundum
2050 5303 2160 5349 se:

624 5386 645 5420 ⁸
665 5395 839 5457 Bern„
867 5395 928 5445 de
957 5397 1257 5463 Dispensat„
1285 5405 1405 5465 post
1432 5401 1541 5453 init

1784 413 2407 484 SENTENTIARUM
2445 414 2593 479 LIB.
2642 417 2689 482 1.

2290 550 2444 632 quia
2469 551 2637 614 nihil
2664 555 2865 635 potest
2893 554 3257 636 praecipere,
3286 557 3449 639 quin
3475 559 3722 624 bonum
3748 561 3831 625 sit

2288 662 2624 740 postquam
2648 664 3036 744 praeceptum
3055 666 3147 725 est
3166 681 3183 725 ε
3205 668 3268 727 et
3283 664 3439 729 illud
3461 669 3556 730 est
3579 668 3826 732 malum

2288 765 2356 828 in
2378 784 2468 845 se,
2490 785 2622 829 non
2639 771 2857 830 autem
2879 769 3231 833 secundum
3254 789 3352 835 se:
3377 777 3439 836 et
3459 773 3600 838 ideo
3627 779 3829 857 potest

2288 871 2444 935 illud
2474 875 2846 956 praecipere,
2875 880 2937 938 et
2961 893 3091 938 non
3127 877 3322 941 aliud.
3360 877 3438 942 Et
3462 880 3612 943 hinc
3634 882 3828 945 habet

2287 985 2504 1044 ortum
2557 984 2729 1064 quod
2782 984 2934 1048 dicit
2960 985 2978 1018 ¹
3006 982 3365 1050 Bernardus
3416 988 3484 1051 in
3533 989 3697 1054 libro
3746 988 3825 1058 de

2287 1089 2774 1171 Dispensatione
2800 1098 2860 1159 et
2886 1092 3226 1174 Praecepto,
3253 1096 3427 1176 quod
3448 1096 3611 1161 Deus
3626 1103 3830 1179 potest

2286 1196 2646 1279 dispensare
2675 1199 2740 1261 in
2769 1200 3104 1282 praeceptis
3137 1202 3431 1266 secundae
3473 1204 3729 1285 tabulae,
3764 1209 3831 1270 et

2285 1321 2419 1367 non
2449 1305 2695 1386 primae.
2727 1306 2805 1370 Et
2831 1308 2991 1372 ratio
3019 1309 3220 1392 hujus
3245 1315 3359 1389 est,
3382 1311 3539 1393 quia
3563 1312 3630 1375 in
3657 1331 3831 1395 prae-

2285 1410 2480 1492 ceptis
2519 1412 2813 1476 secundae
2849 1413 3109 1492 tabulae,
3147 1421 3464 1498 quantum
3502 1423 3595 1482 est
3621 1418 3699 1482 de
3720 1438 3833 1482 ra-

2283 1518 2458 1582 tione
2504 1521 2836 1602 praecepti,
2883 1523 3204 1604 tangitur,
3248 1524 3384 1588 sive
3424 1526 3827 1608 praecipitur,

2285 1626 2598 1691 ordinatio
2625 1627 2700 1690 ad
2732 1633 3129 1709 proximum,
3156 1635 3220 1694 et
3248 1631 3621 1713 prohibetur
3648 1633 3833 1697 deor·

2286 1733 2522 1797 dinatio
2549 1734 2627 1798 ad
2655 1735 2953 1799 eumdem
2983 1759 2997 1800 :
3030 1737 3426 1802 deordinatio
3452 1744 3666 1803 autem
3692 1760 3833 1804 res-

2285 1845 2474 1922 pectu
2506 1843 2813 1923 proximi,
2849 1843 2976 1906 nisi
3013 1844 3096 1907 sit
3121 1843 3511 1908 deordinatio
3540 1852 3832 1929 respectu

2284 1946 2415 2025 Dei,
2449 1949 2693 2013 malum
2719 1954 2814 2013 est
2841 1951 2909 2013 in
2931 1969 3033 2029 se;
3061 1951 3112 2014 si
3135 1956 3351 2016 autem
3373 1958 3667 2034 respectu
3691 1954 3829 2035 Dei,

2284 2054 2530 2119 malum
2576 2061 2671 2119 est
2702 2057 3056 2122 secundum
3094 2076 3162 2122 se
3192 2080 3206 2123 :
3238 2059 3403 2123 sicut
3448 2078 3833 2141 cognoscere

2283 2181 2415 2226 non
2442 2182 2649 2242 suam,
2686 2165 2931 2228 malum
2958 2167 3144 2229 estin
3172 2185 3278 2244 se;
3309 2166 3418 2230 sed
3447 2185 3832 2249 cognoscere

2281 2271 2557 2335 alienam
2585 2290 2667 2335 ex
2699 2271 2988 2350 libidine,
3020 2273 3160 2336 sive
3185 2292 3318 2337 non
3345 2293 3551 2354 suam,
3585 2276 3831 2341 malum

2281 2382 2375 2440 est
2404 2379 2760 2442 secundum
2793 2397 2884 2443 se.
2916 2379 3038 2444 Sed
3066 2379 3231 2444 Deus
3265 2381 3335 2444 in
3361 2383 3688 2465 praeceptis
3723 2402 3832 2446 se-

2282 2485 2511 2550 cundae
2552 2487 2788 2550 tabulae
2831 2487 3169 2569 dispensat,
3214 2492 3275 2551 et
3311 2488 3669 2571 dispensare
3708 2509 3831 2572 po-

2279 2594 2422 2671 test,
2467 2597 2529 2656 et
2562 2596 2783 2656 contra
2821 2593 2932 2657 illa
2963 2599 3167 2676 potest
3204 2596 3552 2677 praecipere
3585 2597 3832 2663 ratione

2278 2699 2606 2781 praedicta.
2628 2699 2754 2764 Nec
2774 2719 2857 2765 ex
2875 2701 2997 2765 hoc
3011 2703 3299 2783 sequitur
3317 2704 3487 2785 quod
3500 2705 3832 2787 praecipiat

2279 2807 2619 2884 contraria,
2653 2808 2821 2890 quia·
2848 2809 3224 2873 mandatum
3264 2810 3533 2891 speciale
3558 2811 3834 2876 absolvit

2278 2931 2317 2976 a
2355 2914 2721 2994 communi,
2763 2915 2930 2978 sicut
2970 2916 3388 2998 privilegium
3423 2918 3712 2999 speciale.
3754 2918 3830 2982 ln
3897 3005 3902 3010 .

2278 3024 2608 3106 praeceptis
2649 3029 2867 3088 autem
2909 3025 3135 3107 primae
3174 3025 3411 3089 tabulae
3451 3045 3584 3090 non
3626 3031 3833 3109 potest
3925 3027 3932 3032 ’

2277 3130 2448 3194 Deus
2486 3132 2872 3213 dispensare,
2911 3132 3063 3214 quia
3099 3151 3326 3196 eorum
3354 3135 3640 3216 opposita
3677 3142 3832 3200 sunt

2278 3239 2445 3301 mala
2474 3239 2829 3302 secundum
2855 3257 2963 3302 se:
3005 3240 3144 3322 ipsa
3175 3241 3347 3303 enim
3380 3247 3697 3325 praecepta
3720 3244 3829 3307 di-

2275 3350 2429 3408 cunt
2451 3346 2919 3410 ordinationem
2956 3347 3036 3410 ad
3063 3346 3269 3411 Deum
3289 3395 3307 3423 ,
3338 3348 3473 3412 sive
3501 3349 3572 3412 in
3596 3352 3826 3432 finem,

2274 3450 2351 3514 de
2378 3470 2495 3515 sua
2521 3452 2791 3529 ratione,
2825 3457 2889 3515 et
2916 3471 3145 3517 eorum
3171 3455 3464 3537 opposita
3489 3456 3825 3521 deordina-

2273 3555 2536 3618 tionem.
2583 3554 2659 3617 Et
2701 3554 2843 3618 ideo
2886 3556 2939 3618 si
2987 3559 3383 3620 contrarium
3431 3562 3824 3642 praeciperet,

2275 3663 2646 3743 praeciperet
2674 3667 2894 3726 eontra
2931 3681 3035 3727 se:
3070 3670 3293 3727 contra
3327 3684 3394 3728 se
3434 3671 3652 3731 autem
3693 3687 3829 3733 non

2273 3777 2474 3856 potest
2515 3773 2754 3837 facere:
2787 3780 2850 3837 et
2887 3775 2942 3837 si
2981 3775 3090 3839 illa
3117 3777 3487 3859 praeeiperet
3514 3782 3684 3857 (cum
3715 3780 3829 3844 illa

2273 3881 2401 3945 sint
2434 3881 2600 3944 mala
2623 3883 2978 3945 seeundum
3006 3902 3096 3962 se,
3126 3884 3216 3946 ita
3233 3885 3406 3966 quod
3432 3887 3610 3950 nullo
3635 3890 3826 3953 modo

2273 3993 2539 4072 possunt
2574 3989 2736 4052 bene
2770 3991 2929 4071 sieri)
2970 3996 3084 4053 aut
3119 3991 3285 4055 Dens
3322 3993 3513 4057 vellet
3551 3996 3821 4074 malum,

2272 4097 2444 4179 quod
2491 4101 2583 4172 est
2630 4096 3123 4177 inconvenienS,
3172 4103 3285 4162 aut
3326 4100 3590 4183 impune
3637 4104 3824 4168 fieret

2273 4206 2539 4281 malum,
2579 4210 2691 4267 aut
2725 4205 2895 4267 idem
2939 4208 3103 4269 esset
3137 4206 3407 4285 bonum,
3449 4212 3512 4270 et
3545 4210 3819 4288 malum,

2272 4330 2552 4395 quorum
2587 4315 2939 4394 utrumque
2965 4318 3059 4376 est
3084 4313 3539 4378 inconveniens
3567 4317 3822 4399 simpli-

2272 4421 2448 4483 citer.
2479 4418 2556 4483 Et
2583 4418 2729 4481 ideo
2754 4418 3171 4483 concedendae
3197 4425 3348 4484 sunt
3370 4422 3651 4486 rationes
3677 4441 3823 4505 pro-

2272 4528 2514 4603 bante8‚
2548 4526 2721 4608 quod
2749 4525 2917 4588 Deus
2941 4544 3073 4589 non
3099 4531 3302 4610 potest
3328 4530 3576 4593 malum
3601 4532 3822 4614 praeci-

2273 4653 2444 4718 pere,
2476 4639 2706 4716 utputa
2732 4634 2974 4697 malum
3007 4652 3273 4698 manens
3304 4637 3548 4701 malum
3565 4686 3582 4714 ‚
3609 4642 3672 4702 et
3698 4638 3822 4702 hoc

2274 4748 2369 4810 est
2429 4742 2675 4807 malum
2731 4742 3087 4807 secundum
3139 4761 3229 4806 se.
3295 4742 3539 4809 Tamen
3592 4746 3823 4810 ultima

2274 4852 2467 4928 ratic,
2511 4851 2588 4915 de
2630 4850 2754 4912 hoc
2796 4848 2968 4930 quod
3015 4850 3304 4931 praecipit
3353 4851 3601 4915 malum
3620 4900 3637 4928 ‚
3687 4871 3823 4917 non

2274 4960 2482 5026 valet:
2513 4963 2577 5022 et
2596 4959 2735 5038 jam
2764 4957 2971 5020 soluta
2994 4961 3112 5021 est.
3483 4962 3492 4969 ‘

2355 5076 2415 5134 1.
2459 5068 2553 5132 Ad
2592 5068 2751 5131 illud
2796 5086 2954 5148 ergo
2993 5067 3167 5149 quod
3205 5067 3504 5150 objicitur
3527 5070 3609 5134 de
3637 5071 3819 5149 Osea‚

2275 5177 2616 5240 dicendum
2656 5174 2829 5256 quod
2860 5174 3020 5239 illud
3049 5175 3173 5239 fuit
3203 5176 3449 5251 malum
3475 5177 3543 5240 in
3571 5195 3661 5257 se,
3691 5180 3823 5241 sci-

2272 5285 2417 5348 licet
2457 5298 2839 5363 cognoscere
2878 5299 3010 5346 non
3045 5300 3233 5346 suam
3259 5329 3277 5359 ‚
3307 5287 3372 5347 et
3408 5284 3626 5349 divino
3650 5303 3825 5367 prae-

2272 5394 2455 5473 cepto
2489 5389 2730 5453 factum
2773 5390 2867 5450 est
2899 5387 2958 5452 ei
2992 5387 3275 5466 bonum;
3317 5390 3428 5456 sed
3463 5390 3824 5456 secundum
