4125 6225
727 484 847 543 244

727 614 935 679 omnis
960 617 1234 698 punctus
1259 614 1373 698 qui
1389 617 1483 680 est
1500 614 1572 678 in
1585 615 1822 681 circulo
1850 617 1938 679 ita
1966 621 2060 679 est
2086 615 2259 697 prin-

727 722 990 804 cipium,
1013 723 1181 806 quod
1213 723 1397 786 finis:
1429 741 1585 805 ergo
1612 741 1803 788 omne
1828 723 2070 787 instans
2093 726 2260 786 tem-

723 831 897 912 poris
927 831 1014 895 ita
1038 836 1131 895 est
1156 831 1541 914 principium
1568 831 1805 910 futuri,
1837 831 2009 914 quod
2033 829 2255 894 termi-

721 956 849 1000 nus
886 938 1186 1019 praeteriti
1217 960 1234 1002 :
1279 957 1436 1020 ergo
1473 942 1618 1002 ante
1647 957 1838 1002 omne
1865 938 2105 1003 instans
2135 938 2257 1003 fuit

721 1044 1118 1125 praeteritum
1152 1068 1166 1110 ε
1201 1049 1371 1128 patet
1398 1064 1555 1128 ergo
1574 1095 1590 1123 ‚
1616 1050 1735 1110 etc.

802 1154 860 1216 3.
898 1150 1056 1216 Item
1085 1153 1283 1236 probo
1325 1171 1439 1236 per
1467 1154 1873 1242 impossibile.
1906 1153 1974 1218 Si
2001 1158 2254 1237 tempus

717 1259 1111 1341 producitur,
1141 1267 1255 1326 aut
1283 1262 1657 1345 intempore
1673 1312 1690 1340 ‚
1722 1264 1919 1327 autin
1947 1265 2247 1330 instanti:

717 1383 850 1430 non
888 1365 957 1428 in
1003 1368 1296 1446 instanti,
1345 1387 1494 1433 cum
1537 1388 1668 1433 non
1704 1371 1784 1434 sit
1826 1371 1895 1433 in
1937 1348 2199 1434 instanti
2232 1393 2248 1435 :

717 1489 875 1553 ergo
902 1472 972 1537 in
999 1478 1284 1557 tempore
1324 1494 1341 1539 :
1382 1477 1490 1541 sed
1533 1477 1598 1540 in
1641 1477 1819 1542 omni
1848 1481 2134 1559 tempore
2160 1481 2254 1542 est

714 1596 952 1661 ponere
980 1581 1160 1663 prius
1196 1587 1258 1647 et
1282 1585 1598 1667 posterius
1615 1633 1634 1666 ,
1674 1589 1737 1649 et
1765 1585 2164 1668 praeteritum
2189 1588 2253 1649 et

712 1687 1007 1751 futurum
1050 1712 1066 1753 :
1115 1708 1272 1773 ergo
1313 1692 1370 1756 si
1411 1697 1663 1775 tempus
1698 1694 1767 1756 in
1803 1698 2086 1776 tempore
2131 1693 2253 1756 fuit

711 1794 1117 1877 productum,
1143 1804 1287 1862 ante
1315 1818 1505 1865 omne
1532 1805 1786 1883 tempus
1810 1801 1933 1865 fuit
1959 1804 2243 1882 tempus3

711 1903 774 1963 et
801 1900 921 1965 hoc
944 1914 1036 1966 est
1057 1904 1445 1988 impossibile
1470 1929 1485 1971 :
1514 1926 1703 1988 ergo,
1723 1911 1842 1972 etc.
1874 1907 1951 1971 Et
1978 1909 2080 1971 hae
2100 1910 2251 1971 s'unt

708 2008 986 2075 rationes
1005 2009 1371 2095 Philosophi
1390 2033 1538 2097 quae
1551 2020 1825 2098 sumptae
1840 2018 1993 2080 sunt
2012 2034 2049 2078 a
2071 2021 2247 2098 parte

707 2112 912 2197 ipsius
944 2120 1194 2185 mundi.
2187 2111 2201 2130 '

788 2227 849 2287 4.
900 2224 1061 2289 Item
1110 2227 1254 2291 aliae
1300 2232 1451 2293 sunt
1498 2229 1775 2293 rationes
1824 2230 2243 2313 philosopho-

706 2349 852 2395 rum
882 2336 900 2368 ²
930 2352 1076 2415 quae
1127 2341 1475 2400 sumuntur
1505 2354 1587 2401 ex
1621 2341 1799 2420 parte
1842 2356 2051 2402 causae
2095 2357 2244 2421 pro-

705 2433 1021 2516 ducentia,
1052 2444 1115 2503 et
1139 2443 1524 2523 generaliter
1552 2445 1633 2508 ad
1663 2445 1821 2508 duas
1847 2451 2113 2527 possunt
2141 2464 2245 2510 re-

704 2544 848 2609 duci
889 2568 903 2609 :
932 2565 1209 2637 quarum
1235 2550 1445 2633 prima
1472 2556 1565 2615 est
1584 2553 1933 2630 ostensiva,
1967 2554 2244 2618 secunda

702 2668 857 2716 vero
894 2672 1006 2736 per
1035 2656 1441 2739 impossibile.
1477 2658 1695 2724 Prima
1720 2664 1813 2723 est
1837 2660 1997 2724 haec.
2030 2660 2243 2726 Posita

702 2775 895 2824 causa
920 2764 1259 2828 sufficienti
1282 2769 1342 2829 et
1359 2767 1591 2831 actuali
1608 2816 1626 2847 ‚
1646 2768 1905 2851 ponitur
1928 2768 2187 2833 effectus
2219 2792 2234 2834 ε

700 2870 808 2932 sed
842 2869 1006 2935 Deus
1050 2873 1129 2936 ab
1171 2880 1412 2940 aeterno
1440 2876 1563 2940 fuit
1597 2896 1788 2941 causa
1815 2878 2137 2942 sufficiens
2178 2883 2240 2943 et

698 2978 959 3042 actualis
1004 2978 1202 3062 ipsius
1251 2983 1479 3046 mundi
1533 3003 1551 3049 :
1609 3003 1802 3067 ergo,
1858 2990 1977 3050 etc.
2037 2985 2238 3069 Major

697 3086 1044 3167 propositio
1074 3106 1188 3170 per
1213 3108 1280 3154 se
1307 3093 1458 3155 nota
1493 3095 1607 3157 est.
1640 3091 1848 3156 Minor
1882 3097 2088 3177 patet,
2115 3094 2239 3158 sci-

694 3191 843 3255 licet
885 3196 1057 3276 quod
1107 3195 1276 3262 Deus
1320 3199 1404 3261 sit
1440 3218 1632 3264 causa
1676 3201 2031 3279 sufficien8‚
2084 3203 2238 3285 quia

695 3315 843 3362 cum
894 3301 1073 3365 nullo
1131 3304 1486 3370 extrinseco
1541 3307 1831 3389 indigeat
1874 3309 1954 3373 ad
2009 3310 2237 3376 mundi

694 3408 1079 3474 creationem
1097 3460 1114 3489 ‚
1145 3413 1255 3477 sed
1294 3414 1504 3478 solum
1548 3416 1857 3498 potentia,
1889 3418 2196 3499 sapientia
2213 3467 2231 3499 ,

693 3518 755 3578 et
787 3516 1065 3582 bonitate
1088 3566 1104 3595 ‚
1135 3524 1199 3610 et
1218 3520 1359 3585 haec
1380 3522 1451 3587 in
1478 3522 1607 3589 Deo
1626 3524 1889 3588 fuerunt
1913 3526 2234 3608 perfectis·

691 3621 852 3684 sima
889 3623 970 3686 ab
997 3630 1266 3707 aeterno,
1301 3634 1473 3711 patet
1519 3632 1690 3713 quod
1721 3631 1802 3694 ab
1833 3637 2076 3698 aeterno
2114 3634 2235 3697 fuit

690 3729 1031 3795 sufficiens.
1063 3731 1245 3809 Quod
1274 3736 1467 3800 etiam
1494 3737 1760 3801 actualis
1777 3787 1795 3818 ‚
1842 3743 2034 3821 patet.
2067 3739 2234 3806 Deus

689 3835 863 3900 enim
885 3842 980 3902 est
1002 3843 1181 3905 actus
1205 3860 1410 3925 purus
1438 3849 1502 3909 et
1530 3864 1723 3910 suum
1754 3846 1919 3911 velle
1935 3896 1953 3925 ‚
1979 3853 2055 3912 ut
2085 3849 2233 3914 dicit

688 3942 1109 4031 Philosophus
1145 3951 1191 4013 ¹.
1239 3950 1319 4016 Et
1353 3950 1567 4017 Sancti
1605 3953 1873 4018 dicunt:
1903 3953 2011 4019 Est
2037 3975 2232 4020 suum

686 4074 881 4138 agere
914 4081 928 4122 ε
960 4064 1154 4124 restat
1178 4080 1339 4144 ergo
1356 4112 1374 4143 ‚
1401 4068 1519 4128 etc.

767 4167 825 4228 5.
850 4165 1007 4231 Item
1030 4186 1145 4249 per
1160 4169 1551 4252 impossibile
1575 4190 1592 4235 :
1624 4171 1825 4236 Omne
1851 4172 2033 4253 illud,
2056 4176 2226 4257 quod

682 4269 906 4354 incipit
932 4291 1147 4354 agere,
1181 4276 1287 4340 vel
1310 4278 1685 4360 producere,
1716 4296 1865 4343 cum
1892 4280 2073 4362 prius
2098 4301 2230 4347 non

679 4380 1077 4461 produceret,
1113 4383 1244 4447 exit
1270 4385 1351 4447 ab
1378 4383 1509 4450 otio
1538 4386 1608 4448 in
1634 4390 1850 4450 actum
1872 4386 1893 4421 ³
1930 4409 1945 4451 :
1988 4388 2041 4451 si
2069 4407 2227 4471 ergo

683 4485 850 4552 Deus
871 4489 1091 4573 incipit
1109 4494 1425 4558 mundum
1451 4496 1820 4577 producere,
1844 4496 1975 4560 exit
1995 4497 2076 4559 ab
2097 4497 2227 4563 otio

679 4594 747 4658 in
772 4601 1023 4663 actum:
1055 4601 1164 4665 sed
1195 4602 1264 4664 in
1292 4603 1470 4665 omni
1498 4602 1610 4666 tali
1641 4602 1808 4666 cadit
1834 4602 2137 4683 otiositaS‚
2164 4608 2229 4668 et

676 4707 951 4771 mutatio
980 4707 1116 4773 sive
1153 4710 1580 4775 mutabilitas:
1630 4728 1789 4792 ergo
1821 4712 1987 4775 circa
2019 4711 2224 4775 Deum

673 4816 770 4876 est
812 4814 1094 4879 otiositas
1139 4818 1204 4879 et
1243 4816 1651 4880 mutabilitas.
1704 4815 1835 4881 Hoc
1876 4822 2092 4881 autem
2131 4823 2224 4882 est

674 4924 894 4987 contra
927 4938 1250 4985 summam
1286 4922 1666 5002 bonitatem,
1703 4928 1767 4987 et
1792 4927 2011 4990 contra
2039 4944 2221 4989 sum-

672 5045 848 5091 mam
867 5028 1334 5112 simplicitatem
1350 5049 1367 5094 ε
1387 5047 1544 5112 ergo
1558 5030 1681 5093 hoc
1695 5035 1789 5093 est
1805 5031 2214 5114 impossibile,

672 5139 736 5199 et
773 5136 1218 5220 blasphemum
1246 5137 1455 5202 dicere
1489 5136 1568 5200 de
1607 5135 1768 5217 Dec,
1814 5142 1879 5202 et
1919 5140 2007 5203 ita
2044 5141 2218 5223 quod

671 5244 953 5308 mundus
1011 5246 1292 5327 coeperit.
1350 5243 1465 5309 Hae
1516 5248 1668 5308 sunt
1726 5245 2003 5310 rationes
2055 5267 2216 5330 quas

738 5401 752 5433 ¹
775 5400 948 5465 Arist„
970 5400 1163 5466 Physic.
1183 5403 1273 5452 lib.
1294 5404 1380 5467 lV,
1403 5408 1542 5454 cont.
1567 5408 1655 5455 110
1664 5420 1682 5469 3
1709 5403 1985 5469 Metaphys.
2008 5407 2102 5457 lib.
2123 5411 2210 5473 lx,

671 5474 809 5521 cont.
848 5474 923 5522 10.
956 5497 1017 5510 -
1044 5473 1065 5503 ²
1094 5473 1267 5535 Arist„
1296 5474 1571 5539 Hetaphys.
1599 5475 1691 5525 lib.
1732 5476 1853 5538 ΧΙΙ,
1878 5483 2020 5526 cont.
2037 5481 2119 5528 39.
2150 5506 2208 5517 —

1858 476 2479 546 SENTENTIARUM
2521 480 2669 544 Llss.
2715 481 2792 544 ΙΙ.

2370 620 2896 679 commentatores
2922 620 2987 678 et
3017 616 3446 680 moderniores
3470 617 3905 699 superaddunt

2365 721 2716 787 rationibus
2757 721 3136 803 Aristotelis,
3180 721 3313 786 sive
3363 724 3444 787 ad
3480 724 3596 790 has
3640 731 3906 807 possunt

2365 828 2602 893 reduci.

2445 936 2566 1000 Sed
2594 937 2674 1001 ad
2695 938 3056 1020 oppositum
3084 942 3236 1001 sunt
3260 938 3533 1004 rationes
3561 958 3642 1004 ex
3671 959 3903 1023 propo-
3927 955 4094 1000 rum.

2364 1043 2697 1109 sitionibus
2720 1064 2834 1127 per
2852 1064 2919 1109 se
2935 1045 3102 1110 notis
3125 1046 3478 1110 secundum
3505 1047 3817 1112 rationem
3840 1053 3903 1112 et

2362 1151 2867 1234 philosophiam:
2905 1172 3182 1236 quarum
3211 1154 3419 1235 prima
3442 1158 3535 1218 est
3559 1155 3721 1220 haec.

2444 1260 2834 1343 Impossibile
2884 1266 2978 1326 est
3022 1261 3277 1325 infinita
3327 1262 3556 1326 addi¹02
3620 1264 3762 1327 haec
3809 1267 3901 1327 est

2362 1369 2693 1432 manifesta
2719 1388 2832 1451 per
2858 1387 2947 1449 se,
2974 1370 3123 1450 quia
3145 1387 3336 1434 omne
3359 1370 3517 1435 illud
3548 1372 3720 1453 quod
3749 1372 3899 1435 reci-

2359 1474 2453 1556 pit
2502 1475 2919 1552 additionem,
2965 1476 3039 1537 fit
3083 1477 3324 1557 majus3
3379 1477 3630 1541 infinito
3682 1484 3898 1542 autem

2358 1581 2518 1645 nihil
2548 1585 2780 1664 majus,
2824 1582 2945 1648 Sed
2991 1582 3361 1647 simundus
3407 1588 3500 1647 est
3538 1585 3672 1649 sine
3715 1587 3895 1668 prin-

2357 1687 2544 1770 cipi0,
2589 1690 2844 1755 duravit
2885 1690 2955 1751 in
2993 1689 3354 1754 infinitum:
3386 1708 3545 1771 ergo
3573 1691 3894 1756 durationi

2356 1795 2498 1874 ejus
2539 1813 2670 1859 non
2702 1798 2912 1879 posset
2945 1796 3127 1860 addi:
3168 1797 3277 1860 sed
3318 1802 3561 1861 constat
3597 1799 3721 1863 hoc
3763 1817 3894 1865 csse

2355 1902 2584 1967 falsum
2604 1953 2621 1981 ‚
2665 1904 2819 1987 quia
2857 1904 3172 1969 revolutio
3218 1905 3471 1969 additur
3515 1907 3894 1971 revolutioni

2354 2012 2531 2073 omni
2559 2011 2690 2076 die:
2740 2030 2932 2093 ergO‚
2963 2016 3081 2075 etc.
3128 2010 3194 2076 Si
3231 2015 3302 2076 tu
3334 2013 3504 2076 dicas
3532 2014 3703 2095 quod
3744 2014 3895 2077 infi-

2352 2118 2563 2181 nitum
2621 2123 2714 2182 est
2762 2124 3079 2202 quantum
3145 2121 3225 2183 ad
3283 2121 3632 2202 praeterita‚
3682 2125 3896 2185 tamen

2351 2230 2666 2306 quantum
2715 2227 2794 2290 ad
2842 2245 3158 2309 praesenS,
3192 2228 3364 2310 quod
3405 2245 3583 2291 nunc
3628 2232 3761 2307 est,
3807 2233 3897 2292 est

2350 2332 2609 2397 finitum
2630 2339 2775 2398 actu
2800 2357 2816 2414 ;
2846 2340 2906 2398 et
2931 2335 3070 2399 ideo
3095 2355 3177 2398 ex
3197 2354 3272 2398 ea
3295 2339 3472 2417 parte
3495 2354 3624 2417 qua
3641 2337 3894 2401 finitum

2351 2445 2444 2504 est
2474 2446 2651 2520 actu,
2701 2448 2794 2507 est
2828 2443 3104 2525 reperire
3131 2445 3373 2524 majus;
3421 2448 3640 2507 contra
3684 2448 3894 2508 osten-

2350 2549 2522 2614 ditur
2549 2552 2717 2632 quod
2760 2552 2826 2615 in
2865 2552 3186 2633 praeterito
3201 2557 3309 2614 est
3339 2551 3617 2632 reperire
3659 2554 3888 2634 majus,

2350 2655 2501 2721 Haec
2527 2663 2621 2722 est
2654 2660 2889 2723 veritas
2926 2659 3302 2739 infallibilis,
3331 2659 3500 2741 quod
3527 2660 3577 2720 si
3607 2660 3892 2724 mundus

2347 2772 2441 2831 est
2471 2772 2784 2845 aeterum,
2819 2768 3246 2832 revolutiones
3283 2767 3443 2832 Solis
3479 2769 3544 2830 in
3587 2769 3739 2832 orbe
3775 2786 3891 2832 suo

2347 2881 2499 2939 sunt
2525 2876 2815 2940 infinitae.
2843 2875 3086 2939 Rursus
3114 2898 3128 2939 z
3152 2895 3284 2940 una
3309 2875 3702 2940 revolutione
3733 2876 3891 2940 Solis

2345 2999 2597 3048 necesse
2651 2989 2747 3048 est
2793 2983 2987 3047 fuisse
3025 2983 3360 3048 duodecim
3402 2983 3603 3064 ipsius
3649 2981 3883 3048 Lunae:

2346 3108 2504 3173 ergo
2524 3092 2666 3175 plus
2680 3096 2774 3157 est
2797 3092 3085 3157 revoluta
3110 3090 3290 3157 Luna
3308 3110 3502 3174 quam
3525 3090 3629 3155 Sol
3652 3114 3667 3155 ε
3703 3095 3765 3156 et
3785 3091 3887 3156 Sol

2344 3198 2677 3265 infinities:
2711 3219 2868 3280 ergo
2896 3201 3319 3277 infinitorum,
3344 3219 3425 3264 ex
3458 3218 3534 3264 ea
3557 3204 3734 3282 parte
3762 3219 3887 3282 qua

2343 3306 2593 3372 infinita
2636 3313 2824 3386 sunt,
2871 3314 2964 3374 est
3008 3308 3287 3390 reperire
3335 3326 3714 3372 excessum:
3766 3308 3888 3372 hoc

2343 3418 2559 3479 autem
2587 3419 2681 3479 est
2707 3415 3125 3498 impossibile:
3156 3434 3335 3497 ergo,
3364 3420 3487 3480 etc.

2423 3522 2714 3588 Secunda
2759 3523 3101 3606 propositio
3158 3527 3253 3587 est
3303 3522 3443 3586 ista.
3495 3521 3884 3605 Impossibile

2341 3634 2436 3694 est
2470 3630 2719 3694 infinita
2754 3630 3067 3709 ordinari;
3109 3630 3318 3694 omnis
3356 3630 3528 3693 enim
3562 3629 3719 3692 ordo
3747 3629 3884 3693 ssuit

2311 3718 2381 3803 'a
2408 3738 2718 3821 principio
2744 3737 2814 3801 in
2840 3737 3166 3802 medium:
3197 3737 3249 3800 si
3278 3754 3436 3818 ergo
3466 3754 3599 3799 non
3626 3739 3720 3799 est
3747 3737 3881 3818 pri-

2341 3864 2549 3926 mum,
2585 3863 2720 3909 non
2753 3849 2848 3908 est
2874 3844 3048 3908 ordo.
3079 3842 3199 3909 Sed
3225 3843 3474 3908 duratio
3496 3843 3722 3906 mundi
3750 3844 3882 3908 sive

2340 3953 2769 4018 revolutiones
2795 3951 2970 4032 coeli‚
3003 3952 3055 4014 si
3088 3955 3240 4014 sunt
3266 3950 3560 4029 infinitae,
3591 3968 3726 4015 non
3764 3951 3877 4014 ha·-

2338 4062 2492 4129 bent
2536 4064 2858 4147 primum:
2905 4080 3061 4143 ergo
3096 4079 3227 4126 non
3270 4060 3507 4125 habent
3549 4060 3875 4124 ordinem:

2339 4189 2498 4253 ergo
2523 4190 2656 4235 una
2694 4189 2825 4235 non
2871 4174 2963 4233 est
3006 4172 3150 4232 ante
3193 4168 3386 4231 aliam
3430 4191 3445 4231 ε
3490 4165 3598 4231 sed
3629 4167 3753 4231 hoc
3790 4170 3882 4230 est

2337 4279 2607 4344 falsum:
2643 4281 2837 4342 restat
2875 4294 3033 4358 ergo
3059 4275 3232 4357 quod
3269 4274 3548 4339 habeant
3571 4274 3875 4356 primum.

2341 4386 2409 4453 Si
2434 4388 2606 4452 dicas
2629 4385 2802 4468 quod
2829 4388 3065 4448 statum
3093 4381 3332 4447 ordinis
3356 4400 3488 4446 non
3513 4387 3607 4446 est
3626 4401 3878 4447 necesse

2336 4512 2574 4578 ponere
2596 4492 2722 4555 nisi
2743 4491 2813 4554 in
2831 4491 2934 4554 his
2956 4506 3103 4571 quae
3122 4489 3503 4552 ordinantur
3526 4489 3874 4554 secundum

2336 4600 2627 4666 ordinem
2668 4597 3081 4676 causalitatis,
3110 4595 3265 4678 quia
3304 4596 3375 4659 in
3413 4597 3620 4660 causis
3653 4614 3879 4660 neces·-

2335 4710 2502 4773 sario
2525 4704 2630 4772 'est
2671 4712 2893 4786 status,
2939 4724 3161 4789 quaero
3195 4725 3393 4788 quare
3438 4724 3568 4770 nou
3610 4707 3680 4771 in
3712 4705 3871 4769 aliis,

2336 4817 2651 4883 Praeterea
2677 4821 2752 4880 tu
2786 4835 2870 4880 ex
2904 4816 3024 4878 hoc
3065 4833 3197 4878 non
3232 4814 3499 4878 evades:
3541 4832 3874 4896 nunquam

2334 4925 2508 4989 enim
2534 4924 2656 4988 fuit
2690 4923 2999 4987 revolutio
3042 4922 3204 4997 coeli,
3235 4921 3392 5005 quin
3418 4922 3638 4986 fuisset
3674 4940 3872 5002 gene-

2332 5032 2495 5095 ratio
2519 5031 2812 5095 animalis
2835 5050 2921 5095 ex
2955 5028 3260 5093 animali:
3290 5030 3400 5093 sed
3429 5033 3669 5094 constat
3701 5029 3871 5112 quod

2330 5138 2571 5203 animal
2606 5139 2938 5202 ordinatur
2978 5137 3058 5200 ad
3098 5136 3338 5200 animal
3374 5156 3458 5202 ex
3502 5157 3630 5220 quo
3673 5155 3872 5219 gene-

2330 5249 2538 5325 ratur,
2593 5244 2946 5308 secundum
2989 5242 3277 5307 ordinem
3323 5262 3569 5308 causae:
3613 5262 3770 5325 ergo
3817 5245 3869 5306 si

2326 5406 2350 5443 ⁸
2370 5406 2465 5469 ld„
2485 5405 2678 5470 physic.
2694 5404 2786 5455 lib.
2814 5404 2948 5468 Vlll,
2969 5405 3113 5454 cont.
3135 5406 3245 5453 7.-
3268 5403 3619 5468 Ι»Ι<1.,Ρ1ι,ι].ιϊ<.·.
3648 5403 3737 5454 lib.
3760 5404 3861 5467 1113

2324 5477 2386 5527 de
2404 5478 2566 5542 Coelo,
2593 5477 2682 5527 lib.
2709 5478 2745 5538 l,
2773 5479 2916 5526 cont.
2937 5476 3047 5525 130.
