4125 6225
1010 299 1020 335 ¹
1637 293 2012 371 DISTINGT.
2054 290 2218 369 xm.

3415 293 3534 369 541·

436 429 566 504 Sed
591 431 750 503 dicit
774 432 1117 506 haereticus
1152 460 1169 504 ε
1202 437 1339 507 Hac
1367 439 1619 510 ratione
1645 439 1770 509 hoc
1796 447 2008 532 posset
2033 437 2298 524 dixisse,
2326 436 2577 507 Filium
2604 438 2861 530 operari
2882 460 2998 529 per
3014 437 3303 524 Patrem,
3334 439 3439 507 vel
3459 439 3531 506 in
3615 457 3774 506 eoam

346 550 565 638 Patre,
597 559 662 621 et
686 551 1012 645 Spiritum
1040 562 1337 624 sanctum
1362 578 1514 625 cum
1544 565 1853 649 utroque,
1884 556 1990 626 vel
2016 579 2135 647 per
2161 563 2524 646 utrumque
2545 608 2563 641 ,
2614 554 2773 646 quia
2798 554 3010 623 Filius
3035 577 3188 623 cum
3215 554 3434 639 Patre,
3466 560 3530 621 et
3585 586 3756 652 expos.

346 665 634 762 Spiritus
659 677 921 739 sanctus
945 693 1098 739 cum
1118 678 1401 764 utroque
1430 680 1767 764 operatur.
1800 673 1923 742 Cui
1952 672 2241 741 breviter
2260 671 2711 763 respondetur,
2736 671 2884 740 ideo
2905 671 3075 739 illud
3094 671 3343 739 dictum
3364 689 3522 754 esse,

344 791 410 851 et
435 807 570 852 non
596 785 772 854 istud
791 838 810 872 ‚
841 793 919 855 ut
946 787 1015 855 in
1040 787 1236 856 Patre
1267 796 1745 858 monstraretur
1770 789 2145 858 auctoritas,
2177 787 2325 856 Non
2354 787 2531 856 enim
2553 777 2754 856 'Pater
2793 811 2833 856 a
2856 787 3025 857 Filio
3051 841 3068 876 ,
3100 788 3213 857 sed
3252 786 3464 855 Filius
3490 808 3528 854 a

342 898 537 968 Patre
585 909 894 992 operatur
915 955 935 990 ,
980 910 1046 971 et
1095 904 1384 996 Spiritus
1432 914 1694 975 sanctus
1736 907 1818 975 ab
1863 914 2171 997 utroque.
2208 906 2495 997 Ideoque
2540 905 2736 974 etiam
2781 905 2997 974 Filius
3038 927 3155 996 per
3200 904 3524 997 Spiritum

343 1024 642 1085 sanctum
666 1018 915 1108 legitur
941 1021 1223 1113 operari,
1254 1022 1415 1114 quia
1440 1046 1594 1093 cum
1622 1022 1874 1115 Spiritu
1902 1029 2126 1092 sancto
2154 1030 2490 1114 operatur,
2521 1021 2645 1091 hoc
2682 1022 2901 1113 ipsum
2931 1045 2971 1090 a
3005 1021 3177 1090 Filio
3203 1020 3485 1090 habente
3505 1072 3524 1106 ,

342 1140 421 1201 ut
443 1141 774 1225 operetur.

3614 517 3725 565 benc

3586 645 3746 690 tionem

3596 710 3736 765 surgit

3583 767 3753 815 baereti-

3586 844 3677 878 eus.

430 1249 651 1319 Potest
693 1259 758 1321 et
796 1252 987 1322 aliter
1012 1255 1185 1324 illud
1213 1256 1458 1348 accipi,
1498 1265 1576 1326 ut
1617 1256 1877 1327 dicatur
1902 1256 2100 1326 Pater
2141 1256 2213 1324 in
2239 1255 2411 1324 Filio
2430 1308 2449 1342 ,
2479 1254 2586 1324 vel
2613 1277 2729 1346 per
2756 1255 3007 1324 Filium
3038 1256 3336 1347 operari,
3374 1254 3535 1347 quia
3620 1277 3717 1321 Aua

3575 1343 3759 1399 predic-

343 1389 496 1436 eum
526 1368 757 1456 genuit
791 1370 1091 1439 omnium
1122 1371 1425 1463 opificem
1452 1426 1470 1460 ‚
1501 1373 1671 1442 sicut
1709 1374 1952 1442 dicitur
1994 1373 2190 1442 Pater
2216 1394 2333 1462 per
2366 1394 2522 1440 eum
2551 1371 2849 1462 judicare
2873 1425 2890 1459 ‚
2922 1372 3080 1464 quia
3107 1371 3341 1461 genuit
3354 1371 3533 1461 judi·
3598 1409 3739 1448 mmm

341 1506 483 1552 cem
516 1508 532 1550 ε
565 1484 658 1553 ita
681 1493 746 1553 et
773 1508 890 1577 per
924 1485 1250 1579 Spiritum
1287 1498 1585 1558 sanctum
1618 1490 1861 1558 dicitur
1887 1489 2181 1581 operari,
2211 1489 2349 1559 sive
2377 1488 2574 1558 Pater
2591 1542 2609 1575 ,
2639 1489 2776 1557 sive
2800 1488 3035 1575 Filius,
3060 1489 3223 1580 quia
3248 1489 3331 1558 ab
3358 1497 3541 1557 utro-
3565 1479 3590 1511 ⁰

343 1622 473 1691 que
489 1600 780 1690 procedit
797 1601 1081 1694 Spiritus
1100 1613 1362 1675 sanctus
1381 1606 1585 1674 factor
1599 1607 1926 1675 omnium.
1945 1606 2139 1674 Unde
2167 1606 2205 1674 J
2209 1628 2451 1674 oannes
2468 1605 2996 1698 ChrysostomuS‚
3018 1607 3088 1675 in
3105 1607 3542 1698 Eoepositione

340 1717 663 1808 Epistoloe
690 1718 785 1786 ad
805 1720 1139 1807 Hebroeos,
1160 1722 1252 1790 sic
1267 1723 1359 1791 ait
1375 1734 1394 1768 1
1424 1747 1439 1790 :
1464 1750 1498 1789 ε(
1525 1723 1700 1810 Non,
1729 1731 1807 1792 ut
1824 1723 2174 1792 haereticus
2196 1719 2486 1791 inaniter
2504 1723 2897 1813 suspicatur,
2929 1732 3245 1815 tanquam
3269 1723 3541 1815 aliquod

345 1830 864 1903 instrumentum
889 1837 1104 1906 Patris
1141 1839 1387 1907 exstitit
1414 1839 1630 1909 Filius
1666 1866 1682 1908 t
1718 1862 1932 1931 neque
1963 1861 2080 1930 per
2105 1861 2259 1908 eum
2277 1840 2475 1907 Pater
2500 1839 2744 1907 dicitur
2773 1840 3018 1923 fecisse,
3053 1848 3369 1932 tanquam
3401 1839 3539 1930 ipse

345 1947 556 2018 facere
583 1974 720 2020 non
745 1962 959 2043 posset
989 1978 1006 2021 ε
1039 1953 1152 2023 sed
1177 1955 1347 2023 sicut
1371 1955 1615 2024 dicitur
1642 1955 1835 2023 Pater
1855 1955 2155 2046 judicare
2185 1977 2300 2046 per
2329 1955 2611 2042 Filium,
2643 1956 2802 2047 quia
2820 1954 3111 2045 judicem
3139 1956 3371 2044 genuit
3399 1981 3417 2042 3
3450 1955 3543 2023 sic

348 2064 543 2133 etiam
565 2066 807 2135 dicitur
831 2070 1089 2161 operari
1117 2093 1235 2162 per
1249 2070 1526 2158 Filium,
1550 2071 1709 2163 quia
1726 2093 1881 2139 eum
1907 2078 2160 2139 constat
2189 2070 2489 2163 opificem
2515 2072 2844 2162 genuisse.
2875 2071 2947 2140 Si
2976 2071 3155 2141 enim
3176 2094 3372 2139 causa
3397 2069 3544 2161 ejus

346 2178 543 2249 Pater
569 2190 708 2269 est,
738 2184 1102 2254 secundum
1131 2187 1309 2279 quod
1337 2188 1530 2256 Pater
1557 2195 1694 2271 est,
1725 2187 1939 2256 multo
1980 2186 2271 2279 amplius
2296 2210 2528 2257 eorum
2570 2211 2767 2257 causa
2794 2195 2889 2257 est
2916 2240 2934 2275 ,
2965 2210 3117 2280 quae
3148 2211 3266 2279 per
3291 2187 3539 2256 Filium

347 2296 517 2367 facta
542 2307 720 2369 sunt.
750 2325 786 2366 >2
818 2301 975 2371 Haee
998 2301 1080 2370 de
1109 2324 1304 2394 opere
1326 2304 1556 2396 primae
1583 2303 1716 2373 diei
1743 2302 1916 2371 dicta
1942 2304 2104 2372 sint.

727 2592 1139 2660 EXPOSITIO
1178 2593 1506 2661 TEXTUS.

565 2767 735 2821 Prima
749 2773 924 2822 autem
942 2769 1283 2823 distinctionis
1300 2772 1554 2837 operati0,
1575 2776 1676 2826 etc.

429 2914 637 2999 Supra
649 2917 785 2999 egit
795 2917 1096 3000 Magister
1113 2918 1189 2982 de
1207 2919 1620 3001 productione
1639 2922 1891 2984 naturae

349 3028 667 3109 quantum
709 3025 788 3089 ad
827 3026 1216 3109 principium
1252 3025 1575 3091 materiale
1611 3046 1629 3089 ε
1657 3026 1728 3090 in
1770 3025 1893 3090 hac

350 3152 506 3200 vero
532 3138 712 3217 parte
752 3134 1023 3199 intendit
1067 3153 1261 3217 agere
1306 3134 1384 3201 de
1425 3136 1567 3217 ejus
1611 3134 1893 3217 comple-

349 3242 542 3322 tione,
573 3242 709 3306 sive
750 3243 1131 3307 formatione
1171 3248 1488 3325 quantum
1517 3243 1597 3308 ad
1649 3242 1896 3325 princi-

348 3347 531 3431 pium
559 3349 845 3414 formale.
894 3348 973 3414 Et
1020 3351 1332 3432 quoniam
1377 3350 1619 3434 duplex
1661 3354 1757 3414 est
1798 3350 1900 3414 in·

349 3454 642 3520 formatio
676 3456 959 3521 materiae
985 3457 1349 3539 corporaliS,
1375 3458 1672 3540 quaedam
1700 3475 1896 3539 gene-

348 3562 503 3627 ralis
520 3610 538 3641 ‚
563 3564 860 3646 quaedam
898 3565 1185 3647 specialis
1214 3583 1234 3630 t
1264 3565 1583 3647 generalis
1617 3584 1733 3648 per
1761 3566 1896 3630 for-

351 3688 525 3734 mam
576 3689 986 3736 communem
1023 3672 1326 3736 omnibus
1370 3673 1776 3755 corporibuS,
1832 3676 1896 3736 et

347 3775 491 3842 haec
517 3781 612 3843 est
638 3778 846 3843 forma
869 3778 1031 3842 lucis
1052 3800 1070 3857 ;
1102 3778 1390 3861 specialis
1416 3796 1574 3843 vero
1599 3796 1715 3861 per
1736 3777 1895 3842 alias

349 3887 577 3951 formas
593 3935 611 3967 ,
661 3888 798 3953 sive
840 3885 1242 3951 elementaris
1263 3935 1282 3966 ,
1325 3885 1461 3952 sive
1502 3886 1833 3951 mixtionis
1874 3906 1891 3950 ε

347 3993 491 4059 ideo
514 3992 815 4076 Magister
841 3994 1051 4077 primo
1079 3995 1215 4076 agit
1245 3993 1323 4059 de
1350 3994 1730 4058 formatione
1760 3994 1897 4059 sive

348 4103 765 4186 productione
782 4103 966 4180 lucie,
979 4102 1051 4167 in
1068 4104 1190 4168 hac
1212 4102 1447 4167 scilicet
1463 4102 1891 4182 distinctione;

349 4211 629 4276 secundo
658 4228 812 4276 vero
839 4211 976 4292 agit
1001 4209 1079 4275 de
1104 4209 1519 4293 productione
1558 4210 1899 4293 cujuslibet

350 4320 612 4386 alterius
676 4321 902 4385 sormae
958 4320 1302 4404 corporalis
1360 4320 1526 4385 infra
1555 4369 1574 4401 ,
1633 4322 1897 4386 distinc-

349 4426 520 4492 tione
542 4445 657 4493 x1v
689 4447 705 4492 z
733 4427 929 4493 Discit
948 4442 1193 4510 quoque
1221 4428 1390 4493 Deus
1418 4446 1443 4488 .-
1468 4429 1627 4494 Fiat
1661 4429 1896 4509 firma-

349 4540 661 4612 mentum,
712 4537 830 4598 etc.
875 4532 992 4600 Vel
1033 4535 1235 4615 aliter,
1280 4539 1354 4600 ut
1388 4535 1595 4619 primo
1639 4540 1793 4617 agat
1820 4536 1898 4601 de

350 4659 428 4706 eo
453 4641 626 4725 quod
644 4645 739 4706 est
760 4643 1060 4724 generale
1077 4642 1465 4726 principium
1496 4642 1899 4708 diffundendi

349 4748 422 4813 in
478 4750 848 4832 corporibus
868 4798 889 4829 ‚
943 4748 1070 4814 hoc
1110 4753 1206 4814 est
1257 4750 1336 4815 de
1377 4749 1560 4830 luce;
1622 4751 1899 4816 secundo

349 4874 504 4921 vero
532 4856 612 4921 de
652 4852 1031 4941 specialibus
1072 4857 1294 4921 formis
1329 4856 1892 4939 distinguentibus,

353 4962 646 5031 Primum
674 4968 914 5049 spectat
929 4966 1012 5031 ad
1036 4983 1197 5047 opus
1222 4965 1452 5047 primae
1476 4965 1604 5030 diei
1624 4987 1641 5045 3
1672 4984 1897 5031 secun-

350 5070 511 5139 dum
539 5090 695 5140 vero
734 5073 817 5138 ad
841 5091 1034 5158 opera
1059 5073 1310 5138 dierum
1344 5074 1893 5157 consequentium.

351 5178 671 5248 Dividitur
696 5185 915 5248 autem
942 5199 1092 5265 pars
1127 5180 1247 5246 ista
1273 5181 1345 5247 in
1381 5184 1511 5246 tres
1539 5199 1559 5244 z
1590 5180 1660 5247 in
1683 5182 1893 5265 prima

424 5306 444 5338 ¹
461 5307 745 5372 chrysost„
777 5307 828 5356 in
854 5307 1023 5371 Epist.
1047 5305 1118 5356 ad
1139 5305 1292 5356 Hebr.
1319 5305 1464 5357 hom.
1483 5317 1545 5358 11.

2003 2598 2385 2663 determinat
2426 2597 2504 2663 de
2543 2597 2705 2662 lucis
2748 2598 3160 2681 productione
3204 2599 3273 2663 in
3317 2617 3424 2678 se;
3474 2599 3544 2663 in

3590 1473 3777 1524 xposmo

2001 2705 2302 2781 secunda,
2333 2704 2404 2769 in
2439 2704 2909 2787 comparatione
2935 2705 3015 2768 ad
3044 2708 3185 2787 ejus
3222 2704 3544 2784 effectum,
3656 2739 3661 2744 -

2004 2810 2240 2875 scilicet
2272 2812 2445 2876 diem
2490 2830 2681 2894 quem
2727 2811 3028 2887 faciebat,
3061 2811 3151 2873 ibi
3198 2832 3214 2874 ε
3266 2811 3390 2877 Hic
3423 2828 3546 2876 no-

2005 2919 2276 2985 tandum
2312 2925 2402 2986 est
2422 2970 2443 3000 ,
2472 2920 2642 3002 quod
2668 2920 2807 2985 dies
2833 2917 3263 2986 diversimode
3298 2920 3546 3000 accipi-

2006 3031 2155 3107 tur,·
2177 3027 2247 3089 in
2273 3026 2459 3090 tertia
2484 3026 2552 3090 in
2580 3026 3051 3109 comparatione
3084 3026 3164 3090 ad
3201 3028 3340 3109 eJus
3368 3027 3548 3108 prin-

2006 3135 2271 3217 cipium,
2298 3134 2532 3200 scilicet
2563 3136 2643 3199 ad
2674 3134 2959 3200 Verbum
2987 3153 3102 3219 per
3128 3135 3299 3218 quod
3332 3135 3547 3216 flebat,

2003 3242 2103 3306 ibi
2134 3265 2150 3307 ε
2190 3243 2500 3310 Proeterea
2540 3243 3060 3326 investiqandum
3101 3249 3196 3311 est
3240 3241 3549 3325 quomodo

2006 3351 2456 3432 accipiendum
2480 3354 2593 3430 sit,
2627 3357 2746 3416 etc.
2778 3350 2994 3417 Prima
3024 3369 3172 3434 pars
3196 3351 3390 3416 habet
3420 3355 3550 3415 tres

2005 3461 2347 3543 particulas
2380 3484 2395 3527 :
2422 3461 2493 3524 in
2517 3460 2727 3543 prima
2751 3460 3129 3524 determinat
3157 3458 3414 3542 quando
3435 3458 3553 3523 lux

2005 3566 2116 3630 illa
2132 3569 2296 3632 facta
2319 3568 2533 3647 fuerit,
2563 3566 2717 3650 quia
2741 3572 2888 3631 ante
2916 3567 3135 3631 omnia
3164 3566 3321 3644 alia3
3357 3566 3427 3629 in
3453 3584 3554 3631 se·

2007 3675 2220 3740 cunda
2244 3694 2421 3753 ver0,
2445 3676 2652 3758 qualis
2673 3676 2885 3756 fuerit,
2916 3675 3036 3740 ibi:
3081 3674 3203 3741 Sed
3234 3675 3556 3757 quoeritur

2007 3783 2225 3866 qualis
2253 3783 2371 3850 illa
2396 3784 2515 3850 luz·
2527 3783 2637 3858 ;in
2664 3783 2848 3847 tertia
2869 3800 3047 3860 veru,
3080 3783 3195 3869 ubi
3222 3783 3384 3847 facta
3409 3783 3555 3846 fue-

2007 3890 2132 3971 rit,
2179 3890 2318 3956 ibi:
2367 3890 2442 3957 Si
2478 3896 2696 3957 autem
2737 3891 3054 3973 quaeritur
3092 3889 3204 3956 ubi
3246 3890 3422 3969 facta
3465 3894 3557 3956 est

2008 3996 2152 4064 lux.
2193 3995 2497 4063 Similiter
2524 3998 2798 4063 secunda
2832 4015 2981 4080 pars
3018 3996 3386 4081 principalis
3426 4000 3557 4061 tres

2006 4102 2203 4167 habet
2243 4104 2586 4187 particulas
2623 4125 2640 4168 ε
2685 4104 2756 4167 in
2798 4104 3011 4186 prima
3057 4104 3438 4168 determinat
3478 4102 3556 4168 de

2007 4209 2150 4295 ipso
2175 4210 2407 4276 effectu
2444 4209 2637 4290 lucis,
2683 4210 2822 4275 sive
2865 4210 2946 4274 de
2971 4210 3073 4275 die
3115 4216 3432 4293 quantum
3472 4210 3556 4275 ad

2007 4318 2324 4401 spatium3
2358 4317 2428 4380 in
2453 4317 2732 4381 secunda
2752 4363 2770 4393 ‚
2806 4320 3122 4399 quantum
3163 4318 3244 4382 ad
3288 4316 3556 4381 modum

2008 4423 2465 4506 distinguendi,
2483 4422 2574 4487 ibi
2600 4443 2621 4487 ι
2649 4422 2776 4490 Hic
2796 4432 2888 4490 est
2903 4424 3230 4491 naturalis
3250 4423 3402 4492 ordo
3420 4423 3555 4491 dis-

2010 4533 2351 4600 tinctionis
2393 4531 2687 4603 dierum:
2734 4533 2805 4596 in
2849 4534 3037 4597 tertia
3059 4581 3079 4614 ,
3119 4537 3440 4616 quantum
3475 4532 3555 4597 ad

2010 4640 2588 4723 complementum,
2632 4640 2724 4704 ibi
2774 4662 2790 4704 t
2840 4640 3009 4708 Solet
3061 4645 3274 4707 autem
3320 4639 3551 4722 quoeri,

2009 4766 2208 4834 quare
2256 4751 2466 4831 factus
2511 4756 2628 4817 est.
2677 4748 2980 4815 Similiter
3016 4750 3203 4813 tertia
3252 4768 3400 4833 pars
3423 4797 3443 4831 ,
3489 4749 3561 4815 in

2005 4874 2142 4940 qua
2206 4857 2588 4922 determinat
2650 4858 2729 4923 de
2779 4856 2941 4921 lucis
2991 4857 3376 4921 formatione
3445 4875 3561 4941 per

2007 4965 2549 5046 comparationem
2574 4965 2655 5028 ad
2695 4982 2891 5028 suum
2924 4963 3311 5048 principium
3333 5013 3354 5045 ,
3389 4963 3560 5047 quod

3578 3469 3758 3515 Divisio.

2007 5071 2270 5155 quidem
2300 5074 2396 5137 est
2421 5069 2609 5137 Pater
2629 5089 2899 5154 operans
2931 5089 3046 5155 per
3079 5070 3367 5137 Verbum
3381 5119 3402 5153 ‚
3436 5063 3585 5137 ha-'

2008 5179 2120 5245 bet
2140 5182 2270 5245 tres
2294 5183 2554 5263 partes:
2590 5176 2660 5242 in
2703 5178 2917 5261 prima
2943 5177 3249 5262 explanat
3289 5177 3564 5262 qualiter

2009 5287 2498 5369 intelligendum
2552 5285 2636 5349 sit
2670 5282 2841 5367 quod
2884 5286 3049 5351 Deus
3076 5286 3238 5351 dixit
3289 5308 3307 5350 t
3367 5286 3559 5366 Fiat,
