4125 6225
436 2368 647 2413 Fundam.

660 400 780 461 366

661 532 733 596 in
758 531 923 595 libro
956 529 1037 596 de
1087 528 1528 610 virginemn
1552 530 1616 592 et
1659 527 1749 589 ita
1787 541 1932 590 eam
1972 540 2201 588 conse-

660 639 904 721 quitur,
926 642 990 702 et
1010 637 1065 700 si
1088 655 1220 701 non
1240 636 1311 700 in
1336 636 1561 700 eodem
1577 633 1857 712 instanti,
1886 636 2107 695 tamen
2130 628 2202 691 in

661 746 885 811 eodem
937 748 1225 826 tempore
1266 744 1405 807 sine
1458 758 1656 806 morae
1706 735 2200 803 intermissione.

662 852 841 936 Unde
868 854 937 916 in
957 853 1154 935 huius
1177 851 1375 935 prolis
1393 847 1806 930 generatione
1831 846 2205 910 confirmata

662 965 757 1024 est
783 959 1118 1043 superbia:
1148 961 1214 1022 et
1231 956 1522 1022 diabolus
1545 956 1752 1020 dictus
1780 957 1874 1018 est
1890 952 2201 1029 diaboluS,

663 1068 819 1151 quia
835 1068 1134 1133 deorsum
1148 1066 1339 1130 fluxit
1352 1113 1368 1145 ‚
1392 1068 1555 1129 etex
1574 1063 1697 1126 hoc
1720 1062 1791 1126 in
1819 1061 2059 1125 malitia
2088 1078 2207 1124 sua

662 1174 956 1239 firmatus
1000 1174 1141 1238 fuit.
1194 1173 1273 1238 Et
1319 1173 1462 1237 ideo
1504 1171 1810 1253 Magister
1846 1169 2207 1235 describens

663 1283 1004 1364 perfectam
1033 1280 1458 1357 aversionem,
1489 1279 1696 1363 qualis
1712 1282 1809 1342 est
1836 1277 1906 1340 in
1927 1276 2204 1356 diabolo,

664 1407 800 1452 non
841 1388 1051 1471 qualis
1095 1391 1188 1453 est
1224 1389 1293 1451 in
1334 1386 1704 1452 hominibus
1748 1384 2203 1469 peccatoribus,

666 1495 1017 1577 dicitquod
1045 1495 1246 1560 averti
1282 1498 1379 1559 est
1403 1494 1548 1559 odio
1582 1492 1851 1569 habere,
1883 1491 1989 1556 vel
2031 1491 2210 1555 invi-

667 1603 816 1669 dere
852 1622 870 1668 z
900 1602 1190 1667 diabolus
1241 1602 1415 1666 enim
1459 1598 1774 1683 superbus
1817 1616 1950 1664 non
1987 1598 2215 1664 valens.

667 1710 1111 1789 conscendere,
1143 1708 1252 1775 sed
1271 1708 1639 1790 compulsus
1657 1705 2057 1783 descendere,
2079 1703 2211 1769 odit

667 1818 871 1883 Deum
893 1819 1172 1902 justum,
1202 1820 1267 1882 et
1294 1815 1536 1884 invidet
1557 1813 1948 1880 excellentiae
1975 1812 2138 1894 ejus.

1199 2056 1555 2137 QUAESTIO
1597 2056 1676 2121 II.
1810 2079 1819 2089 ·

814 2213 909 2263 An
934 2206 1147 2274 Lucifer
1174 2206 1505 2277 appetiverit
1531 2204 1638 2260 Deo
1668 2202 2009 2274 oequiparart'
2027 2197 2068 2254 ¹.

757 2353 920 2433 Quid
942 2354 1202 2439 appetiit
1225 2355 1360 2437 ipse
1378 2353 1669 2438 Lucifer?
1691 2352 1772 2418 Et
1784 2352 1955 2436 quod
1972 2351 2215 2435 appeti-

678 2464 847 2532 verit
872 2463 1000 2527 Deo
1020 2463 1428 2546 aequiparari,
1452 2462 1808 2527 ostenditur
1826 2478 1942 2544 per
1966 2463 2217 2525 textum

680 2571 862 2637 Isaiae
882 2619 898 2649 ,
928 2571 1046 2637 ubi
1070 2570 1446 2635 describitur
1463 2572 1604 2653 ejus
1633 2573 1963 2653 peccatum
1983 2569 2008 2605 ²
2041 2590 2058 2633 ι
2090 2568 2216 2634 As·-

678 2678 946 2747 cendam
974 2681 1051 2744 in
1072 2679 1295 2745 coelum
1310 2726 1332 2760 ,
1354 2683 1415 2744 et
1441 2692 1544 2745 ero
1567 2678 1808 2745 similis
1834 2675 2170 2744 Altis-simo
2196 2698 2221 2741 .-

680 2784 790 2848 sed
805 2800 939 2847 non
956 2782 1115 2846 dixit
1131 2782 1209 2846 de
1228 2781 1385 2846 coelo
1403 2798 1730 2863 empyreO,
1753 2780 1906 2862 quia
1923 2780 2020 2843 ibi
2040 2783 2179 2844 erat
2197 2797 2215 2842 ε

682 2908 839 2971 ergo
855 2890 932 2955 de
956 2888 1113 2954 coelo
1131 2887 1485 2969 Trinitatis3
1507 2887 1615 2952 sed
1638 2888 1707 2951 in
1724 2887 1833 2952 illo
1848 2905 1982 2951 non
1993 2892 2089 2952 est
2099 2887 2223 2951 nisi

682 2997 1013 3079 aequalitas
1045 3018 1062 3060 t
1092 3014 1251 3077 ergo
1266 3042 1287 3075 ,
1315 3000 1435 3060 etc.

765 3104 925 3169 Item
938 3154 955 3185 ,
972 3123 1167 3187 super
1176 3104 1336 3169 illud
1352 3102 1585 3168 Psalmi
1603 3107 1626 3144 ⁸
1655 3124 1671 3168 ι
1690 3101 1839 3177 Ome
1853 3119 1984 3170 non
2000 3104 2220 3187 rapui,

686 3211 905 3277 Glossa
936 3230 954 3275 :
993 3236 1025 3275 α
1054 3210 1217 3290 Quia
1243 3212 1449 3276 Adam
1469 3214 1533 3274 et
1560 3209 1851 3275 diabolus
1876 3211 2226 3275 voluerunt

684 3337 909 3402 rapere
927 3320 1350 3398 divinitatem,
1369 3319 1727 3383 amiserunt
1750 3318 2114 3384 felicitatem
2142 3336 2160 3383 t
2184 3339 2217 3378 n

684 3427 794 3492 sed
820 3445 953 3491 non
978 3427 1325 3493 voluerunt
1342 3443 1565 3508 rapere
1589 3426 1985 3490 divinitatem
2015 3445 2225 3509 quan-

685 3536 829 3598 tum
839 3534 921 3599 ad
939 3534 1373 3598 identitatem:
1395 3551 1554 3615 ergo
1571 3540 1891 3666 quantum
1909 3534 1989 3598 ad
2008 3552 2226 3617 aequa-

686 3639 951 3706 litatem.

769 3746 925 3811 Item
949 3747 1332 3828 Bel-nardus,
1348 3747 1427 3814 de
1443 3746 1763 3814 Gradibus
1781 3747 2225 3814 humilitatis.

628 3912 632 3918 .
698 3878 732 3917 α
756 3853 908 3919 Haec
936 3855 1241 3938 iniquitas
1282 3858 1395 3919 tua
1433 3873 1565 3920 non
1603 3856 1700 3920 ira
1746 3860 2228 3934 momentanea,

688 3962 801 4026 sed
827 3962 972 4028 odio
997 3962 1198 4043 digna
1221 3964 1319 4027 est
1341 3963 1728 4046 sempiterno
1742 4010 1761 4043 ,
1793 3963 1965 4044 quod
1993 3966 2111 4026 tuo
2135 3960 2235 4026 di-

691 4069 1031 4134 lectissimo
1081 4074 1146 4134 et
1184 4070 1489 4136 altissimo
1527 4069 1794 4135 Domino
1846 4070 2235 4136 desiderares

693 4176 959 4259 aequari.

774 4282 954 4361 Item,
983 4283 1156 4367 quod
1176 4284 1258 4348 sit
1274 4284 1636 4367 appetibile,
1667 4284 1926 4351 videtur
1951 4284 2228 4361 ratione;

693 4392 845 4474 quia
876 4392 1226 4458 similitudo
1261 4396 1357 4457 est
1401 4392 1756 4475 appetibilis
1785 4410 1803 4457 ε
1841 4409 2001 4474 ergo
2028 4394 2239 4473 major

693 4499 1042 4565 similitudo
1107 4500 1317 4580 magis
1335 4548 1355 4580 ,
1420 4503 1484 4565 et
1540 4501 1825 4565 maxima
1887 4498 2239 4564 similitudo

696 4607 978 4672 maxime
1002 4607 1399 4691 appetibilis:
1430 4607 1543 4672 sed
1567 4606 1919 4673 similitudo
1945 4605 2241 4690 aequipa·

695 4715 927 4780 rantiae
969 4720 1064 4781 est
1096 4715 1473 4799 hujusmodi
1510 4736 1530 4779 ι
1575 4733 1735 4796 ergo
1770 4714 2026 4781 videtur
2064 4713 2240 4798 quod

698 4823 885 4889 valde
942 4824 1126 4888 facile
1185 4823 1309 4887 fuit
1362 4841 1506 4888 eam
1549 4828 1851 4906 appetere
1867 4871 1887 4904 ,
1937 4839 2015 4888 eo
2067 4821 2242 4906 quod

700 4949 943 5013 magna
960 4935 1123 4996 esset
1141 4930 1488 4996 inclinatio.

766 5095 785 5129 ¹
810 5091 892 5157 Cf.
921 5093 1169 5144 Alexand.
1198 5092 1427 5156 Alensis,
1456 5105 1509 5155 p.
1535 5090 1573 5142 ΙΙ
1594 5128 1612 5154 ,
1641 5104 1694 5155 q.
1720 5101 1884 5141 xcvm
1899 5127 1917 5155 ,
1956 5091 2149 5144 memb.
2179 5095 2206 5143 3
2221 5109 2239 5159 ;

702 5167 759 5217 S.
786 5165 992 5229 Thom„
1020 5180 1072 5230 p.
1102 5167 1155 5230 l,
1186 5179 1239 5229 q.
1265 5176 1431 5227 Lxm,
1471 5165 1566 5212 art.
1591 5164 1654 5225 33
1697 5166 1749 5211 et
1776 5162 1818 5211 ll
1850 5162 2012 5223 Sent„
2036 5163 2242 5229 dist.v‚

703 5250 754 5301 q.
776 5248 815 5299 1,
837 5240 934 5286 art.
951 5240 1011 5300 25
1040 5236 1347 5300 etdeMalo,
1377 5249 1431 5300 q.
1451 5246 1560 5298 xw,
1580 5237 1675 5284 art.
1698 5235 1761 5296 3;
1791 5233 1996 5297 Scotus,
2016 5234 2061 5283 11
2083 5236 2243 5297 Sent„

703 5273 910 5370 dist’.,w
929 5319 1046 5372 q.1;
1070 5307 1240 5372 AEgid.
1259 5308 1432 5370 Rom„
1453 5307 1677 5366 Ilsent„
1698 5303 1898 5369 ἀίειν,
1918 5319 1969 5370 q.
2000 5317 2039 5369 1,
2060 5309 2158 5356 art.
2184 5308 2242 5370 23

702 5377 1315 5443 Franciscundeuayr„
1343 5376 1588 5442 llSem„
1611 5376 1812 5440 dista,
1840 5389 1892 5440 q.
1923 5388 2019 5441 ¹113
2059 5377 2240 5441 steph.

1813 384 2434 461 SENTENTIARUM
2474 386 2622 453 LIB.
2668 385 2747 452 11.

2397 521 2556 587 Item
2595 539 2787 586 omne
2824 521 3000 603 quod
3037 524 3241 603 potest
3279 522 3547 603 cogitari
3577 523 3864 588 delecta-

2314 630 2469 708 bile,
2504 633 2709 712 potest
2731 628 2947 711 appeti
2977 644 2996 691 2
3024 628 3134 692 sed
3172 628 3464 693 diabolus
3501 630 3708 711 potuit
3743 648 3865 694 co-

2313 738 2521 818 gitare
2544 736 2910 801 delectabile
2933 754 3069 800 esse
3101 736 3225 799 tale
3243 784 3261 815 ,
3287 736 3495 818 qualis
3517 739 3616 801 est
3648 736 3857 817 Deus,

2314 846 2467 926 quia
2491 863 2745 909 summe
2763 843 3126 908 delectabile
3154 848 3248 907 est
3268 862 3402 908 esse
3421 844 3623 909 Deum
3646 867 3664 909 z
3694 862 3860 925 ergo

2314 952 2569 1017 videtur
2594 951 3054 1016 rationabiliter
3080 952 3256 1035 quod
3283 951 3406 1016 hoc
3430 952 3713 1035 potuerit
3738 970 3861 1035 ap-

2314 1064 2550 1144 petere.

2395 1167 2553 1233 Item
2574 1214 2593 1244 ,
2635 1168 2807 1251 quod
2851 1166 3212 1250 appetierit,
3243 1167 3519 1233 videtur.
3556 1166 3861 1232 Diabolus

2316 1276 2633 1359 superbus
2668 1275 2930 1359 appetiit
2963 1274 3202 1358 aliquid
3244 1275 3417 1357 quod
3461 1275 3622 1338 vidit
3661 1292 3861 1358 supra

2316 1402 2419 1466 se,
2449 1386 2601 1468 quia
2628 1384 2751 1449 hoc
2781 1388 2874 1449 est
2911 1385 3074 1450 ratio
3108 1383 3430 1467 superbiae
3470 1407 3487 1449 ε
3521 1384 3635 1448 sed
3663 1402 3862 1465 supra

2316 1491 2687 1558 Luciferum
2713 1492 2783 1556 in
2810 1495 2979 1556 statu
3011 1492 3122 1557 illo
3162 1492 3329 1557 nihil
3349 1495 3489 1557 erat
3519 1491 3647 1555 nisi
3691 1490 3861 1555 Deus

2318 1603 2385 1665 et
2428 1603 2571 1683 ejus
2624 1599 2929 1664 celsitudo
2979 1618 2996 1664 ε
3043 1616 3202 1681 ergo
3249 1598 3514 1684 appetiit
3566 1599 3858 1664 divinam

2319 1707 2782 1773 celsitudinem.

2401 1814 2561 1880 Item
2575 1863 2592 1891 ,
2653 1816 2904 1879 tantum
2960 1814 3277 1879 excellens
3339 1813 3463 1879 fuit
3524 1813 3857 1897 superbia,

2319 1926 2641 2007 quantum
2677 1920 2972 1987 excelluit
2996 1920 3273 2001 invidia,
3309 1923 3374 1985 et
3407 1920 3540 1986 odit
3565 1921 3859 1985 malitia:

2322 2030 2434 2096 sed
2474 2048 2610 2095 non
2654 2033 2911 2095 tantum
2949 2029 3239 2095 diabolus
3290 2028 3454 2108 odit,
3508 2033 3575 2092 et
3624 2028 3867 2094 invidet

2324 2138 2633 2202 creaturis
2676 2137 2818 2218 Dei,
2859 2140 2937 2203 ut
2972 2137 3221 2202 homini
3238 2185 3258 2217 ,
3297 2137 3432 2200 imo
3470 2135 3664 2201 etiam
3695 2134 3866 2201 invi-

2326 2244 2435 2311 det
2458 2245 2581 2328 ipsi
2607 2244 2737 2309 Deo
2768 2266 2785 2309 ι
2815 2262 2975 2326 ergo
3001 2262 3136 2309 non
3160 2245 3413 2309 tantum
3434 2242 3589 2326 ipsis
3614 2246 3863 2307 creatu·

2326 2353 2416 2417 ris
2441 2370 2713 2435 praeesse
2728 2397 2745 2429 ,
2773 2352 2884 2418 sed
2900 2352 3094 2416 etiam
3116 2350 3243 2416 Deo
3263 2368 3328 2415 se
3351 2351 3560 2416 voluit
3581 2366 3856 2433 aequare.

2409 2458 2568 2524 Item
2612 2460 2860 2525 licitum
2904 2462 2998 2524 est
3044 2462 3341 2542 appetere
3383 2457 3860 2521 similitudinem

2328 2566 2785 2632 conformitatis
2818 2584 2837 2630 ε
2869 2567 2927 2630 si
2943 2583 3103 2649 ergo
3128 2564 3419 2630 diabolus
3433 2565 3728 2629 illicitum
3749 2582 3860 2648 ap—

2328 2674 2547 2757 petiit,
2591 2673 2760 2739 ultra
2783 2673 2951 2738 hanc
2980 2690 3359 2756 progressus
3384 2676 3523 2737 eet:
3555 2671 3665 2736 sed
3694 2671 3857 2735 ultra

2329 2783 2814 2849 similitudinem
2853 2782 3314 2847 conformitatis
3339 2798 3472 2846 non
3501 2784 3594 2844 est
3633 2780 3755 2844 nisi
3776 2780 3859 2843 si-

2330 2889 2623 2953 militudo
2648 2889 3025 2972 aequalitatis
3055 2906 3252 2970 :ergo
3276 2888 3448 2953 hanc
3472 2888 3730 2973 appetiit
3744 2886 3861 2953 Lu-

2335 2997 2507 3077 cifer,
2538 3000 2615 3060 ut
2646 2997 2925 3063 videtur.

2412 3103 2689 3171 Contra:
2725 3108 2756 3167 1
2784 3109 2810 3147 ⁸
2837 3103 3050 3171 Adam
3073 3119 3207 3170 non
3232 3108 3325 3171 est
3358 3103 3683 3185 seductus,
3709 3108 3858 3181 etc.;
3909 3128 3976 3171 ,ια
3991 3140 4092 3183 φρ.

2334 3212 2586 3278 Glossa:
2610 3236 2639 3273 α
2660 3211 2803 3277 Non
2825 3217 2920 3278 est
2946 3212 3334 3277 credendum
3353 3211 3526 3294 quod
3551 3212 3654 3276 vir
3680 3212 3866 3295 spiri-

2332 3321 2491 3404 tuali
2537 3325 2752 3384 mente
2797 3319 3102 3403 praeditus
3160 3319 3494 3403 appetierit
3528 3335 3664 3383 aese
3709 3320 3866 3384 sicut

2335 3427 2524 3493 Deus.
2556 3448 2588 3487 n
2623 3427 2691 3492 Si
2729 3446 2861 3492 non
2902 3431 2996 3491 est
3037 3427 3428 3492 credendum
3467 3426 3548 3490 de
3581 3426 3866 3505 homine,

2337 3553 2488 3599 cum
2546 3535 2758 3599 adhuc
2807 3534 3148 3617 sapientior
3209 3537 3372 3597 esset
3419 3533 3530 3597 illo
3572 3532 3867 3615 angelus,

2337 3642 2542 3707 multo
2570 3642 2789 3706 minus
2817 3645 2914 3706 est
2935 3641 3324 3705 credendum
3349 3640 3427 3704 de
3453 3658 3555 3705 e0.

2417 3753 2479 3813 2.
2515 3748 2671 3813 Item
2715 3748 3090 3827 AnselmuS,
3128 3748 3197 3812 in
3227 3749 3389 3812 libro
3412 3747 3489 3814 de
3519 3748 3684 3815 Casu
3711 3750 3870 3814 Dia—

2340 3857 2514 3923 boli:
2548 3879 2580 3917 α
2605 3855 2777 3920 Nihil
2794 3856 3053 3938 appetiit
3090 3856 3172 3920 ad
3198 3856 3369 3938 quod
3395 3874 3530 3920 non
3553 3857 3873 3940 pervenis-

2340 3968 2454 4042 set,
2472 3964 2526 4026 si
2550 3963 2853 4026 stetisset:
2880 3984 2911 4021 r>
2937 3963 3048 4027 sed
3066 3980 3399 4046 nunquam
3418 3964 3640 4028 fuisset
3657 3964 3873 4046 parifi-

2341 4072 2522 4135 catus
2547 4070 2674 4134 Deo
2702 4089 2721 4134 2
2758 4090 2789 4130 n
2823 4088 2985 4152 ergo
3013 4071 3072 4150 ⁸,
3110 4075 3230 4135 etc.

2422 4182 2485 4241 3.
2528 4176 2721 4258 Item,
2749 4178 2928 4260 quod
2955 4179 3077 4242 hoc
3103 4195 3238 4242 non
3264 4178 3346 4241 sit
3374 4178 3747 4262 appetibile,
3775 4179 3874 4243 vi-

2344 4287 2551 4353 detur.
2583 4287 2810 4353 Divina
2845 4288 3246 4351 immensitas
3280 4306 3410 4352 non
3439 4292 3643 4371 potest
3667 4290 3877 4353 mente

2345 4395 2485 4477 capi
2517 4416 2535 4459 x
2563 4412 2721 4477 ergo
2749 4394 2970 4459 nullus
2998 4398 3201 4476 potest
3227 4395 3507 4476 cogitare
3544 4396 3875 4479 aequalita-

2343 4503 2477 4564 tem
2501 4502 2583 4566 ad
2607 4501 2811 4566 Deum
2844 4522 2859 4565 :
2890 4501 3000 4566 sed
3020 4497 3182 4565 nihil
3205 4506 3410 4585 potest
3430 4503 3644 4585 appeti
3663 4551 3683 4583 ,
3712 4499 3879 4585 quod

2343 4625 2475 4673 non
2500 4613 2704 4692 potest
2722 4609 3049 4674 intellectu
3077 4611 3216 4692 capi
3251 4631 3268 4674 z
3299 4625 3492 4692 ergo,
3521 4613 3643 4674 etc.

2426 4719 2490 4778 4.
2544 4713 2705 4778 Item
2756 4715 2881 4780 hoc
2931 4717 3154 4799 probat
3204 4716 3548 4780 Anselmus
3602 4716 3625 4752 ⁶
3667 4734 3689 4781 z
3743 4739 3776 4780 α
3819 4715 3884 4782 Si

2348 4819 2513 4887 Deus
2536 4839 2672 4886 non
2707 4827 2910 4905 potest
2946 4824 3215 4904 cogitari
3251 4823 3378 4888 nisi
3419 4824 3513 4888 ita
3556 4824 3733 4888 solus
3747 4873 3766 4905 ,
3813 4828 3886 4888 ut

2353 5017 2560 5080 Brulef„
2593 5018 2634 5067 11
2664 5017 2822 5079 Sem„
2861 5016 2979 5068 dist.
3003 5028 3064 5080 ν,
3101 5032 3153 5083 q.
3177 5030 3256 5083 113
3302 5019 3607 5084 Dur-andus,
3648 5021 3692 5071 11
3732 5022 3885 5083 Seni„

2351 5090 2469 5139 dist.
2492 5101 2542 5151 v,
2567 5102 2616 5152 q.
2642 5100 2658 5138 1
2673 5103 2688 5150 ;
2718 5089 2844 5140 Gab.
2869 5088 2993 5152 Biel,
3019 5090 3061 5139 11
3092 5091 3250 5152 Sent„
3275 5090 3393 5141 dist.
3414 5103 3484 5156 νι,
3505 5106 3557 5158 q.
3577 5106 3690 5156 un„
3710 5097 3805 5143 art.
3825 5096 3881 5155 25

2352 5163 2502 5213 Joan.
2528 5159 2591 5209 de
2619 5160 2834 5223 Bassot„
2857 5162 2900 5210 11
2926 5161 3088 5224 Seni„
3111 5162 3323 5227 dist.v1,
3343 5177 3395 5226 q.
3417 5175 3454 5225 1,
3478 5168 3574 5213 art.
3600 5164 3886 5226 1.—-¹1m.,

2352 5231 3408 5299 xiv‚13.—⁸Ps.1.xv¹11,5.—⁴i.,le
3434 5237 3885 5298 11,14.—⁸Hanc

2350 5304 2605 5356 rationem
2630 5302 2898 5367 vilipendit
2923 5306 3090 5369 Scot„
3117 5304 3235 5356 dist.
3256 5317 3339 5370 vi,
3367 5319 3421 5370 q.
3443 5318 3488 5371 1,
3513 5306 3618 5357 ihi.
3650 5308 3777 5369 Quia
3807 5311 3883 5356 ta-

2353 5375 3114 5441 mn.—⁶Anse1m.,decasu
3141 5343 3378 5438 Diaboli,
3407 5389 3548 5430 c.1v.
