4125 6225
141 1423 348 1479 Utraque

160 1485 319 1542 opin'o

117 1547 245 1617 prob

277 1501 289 1527 Ι

248 1549 344 1591 11111-

1330 429 1531 496 DIST.
1569 427 1735 496 XIII.
1777 426 1963 495 ART.
2004 428 2085 494 11.
2131 426 2428 507 QUAEST.
2476 428 2554 494 11.

375 560 520 627 licet
556 565 760 642 terra,
801 566 898 628 051
926 561 1563 648 maxime'opacum;
1609 564 1915 630 interme-

376 670 480 734 dia
521 688 675 735 vero
698 717 716 746 ‚
761 672 1114 736 secundum
1166 672 1338 756 quod
1396 676 1548 736 sunt
1595 673 1805 754 magis
1852 676 1917 736 et

375 777 592 841 minus
648 776 960 841 nobiliora
983 825 1000 854 ,
1046 779 1430 862 participant
1490 780 1634 861 plus
1678 783 1742 844 et
1790 780 1916 843 mi-

375 902 520 949 nus,
552 884 631 948 Et
673 883 846 967 quod
875 885 1096 949 omnia
1140 903 1406 968 corpora
1430 891 1730 951 naturam
1755 885 1914 950 lucis

373 993 784 1076 participent,
821 990 947 1056 hoc
978 992 1134 1056 satis
1172 992 1251 1057 de
1295 992 1484 1076 plano
1519 995 1871 1059 ostenditur
1890 1043 1909 1074 ,

375 1102 527 1184 quia
558 1103 672 1165 vix
699 1105 793 1164 est
820 1118 1051 1183 corpus
1078 1118 1372 1183 opacum,
1404 1101 1563 1185 quin
1590 1121 1703 1186 per
1742 1103 1914 1167 mul-

374 1214 507 1274 tam
560 1209 906 1274 tersionem
958 1213 1022 1273 01
1078 1210 1450 1292 politionem
1506 1211 1701 1294 possit
1750 1213 1914 1277 effici

372 1316 769 1381 luminosum
785 1364 806 1393 ,
850 1316 1015 1381 sicut
1046 1320 1219 1399 patet
1257 1335 1408 1382 cum
1453 1318 1532 1382 de
1580 1318 1790 1383 cinere
1842 1320 1916 1384 fit

373 1424 616 1489 vitrum
635 1472 655 1505 ,
698 1428 764 1488 et
801 1424 878 1488 de
921 1427 1092 1490 terra
1139 1425 1590 1491 carbunculus.
1636 1425 1915 1511 Utraque

374 1536 590 1596 autem
634 1531 871 1596 barum
910 1532 1300 1615 positionum
1346 1551 1736 1615 magnorum
1782 1541 1909 1615 ost,

374 1643 438 1703 et
474 1639 779 1722 quaelibet
814 1639 999 1704 valde
1040 1639 1415 1722 probabilis,
1463 1659 1582 1706 nec
1628 1642 1706 1705 de
1746 1643 1913 1707 facili

373 1747 722 1829 improbari
750 1750 973 1830 potest.
1006 1746 1075 1812 Si
1101 1752 1317 1812 autem
1344 1748 1615 1813 interius
1636 1750 1917 1815 conside-

373 1871 518 1919 rare
562 1854 836 1919 velimus
873 1872 1021 1936 quae
1075 1853 1343 1918 istarum
1383 1854 1772 1937 positionum
1841 1858 1917 1921 fit

373 1960 606 2038 verior,
631 1962 999 2025 invenimus
1020 1961 1189 2044 quod
1217 1963 1492 2045 utraque
1508 1961 1747 2026 harum
1769 1964 1914 2027 fun-
1943 2023 1950 2028 .

371 2069 519 2133 data
551 2069 673 2133 fuit
709 2088 899 2152 super
941 2069 1202 2152 aliquod
1244 2087 1496 2135 verum.
1538 2069 1780 2135 Verum
1820 2075 1916 2136 est

372 2177 549 2240 enim
592 2177 764 2259 quod
803 2177 940 2256 lux,
970 2194 1123 2241 cum
1161 2176 1242 2241 sit
1275 2178 1483 2241 forma
1516 2177 1914 2243 nobilissima

372 2283 541 2347 inter
570 2285 944 2367 corporalia,
982 2284 1147 2348 sicut
1181 2284 1407 2349 dicunt
1451 2285 1814 2368 philosophi
1851 2292 1916 2350 et

371 2390 571 2455 sancti
590 2438 607 2468 ,
669 2392 1024 2457 secundum
1070 2394 1260 2474 cujus
1319 2392 1869 2475 participationem
1890 2442 1909 2474 ,

372 2501 686 2583 majorem
706 2504 771 2565 et
794 2501 1137 2581 minorem,
1162 2505 1316 2565 sunt
1331 2519 1597 2584 corpora
1616 2502 1827 2583 magis
1851 2505 1916 2565 et

373 2599 588 2670 minus
613 2607 806 2688 entia,
837 2611 933 2671 est
958 2607 1390 2673 substantialis
1415 2607 1641 2672 forma.
1672 2606 1912 2672 Verum

369 2716 466 2777 est
491 2713 682 2777 etiam
708 2714 904 2797 quod,
926 2732 1077 2779 cum
1097 2713 1216 2778 lux
1237 2713 1320 2777 sit
1345 2732 1460 2796 per
1483 2732 1550 2778 se
1573 2713 1906 2793 501151111Ιὶ5,

368 2819 453 2884 511
477 2820 668 2884 0110111
714 2821 1214 2887 instrumentum
1241 2822 1570 2904 operandi,
1617 2823 1700 2885 sit
1721 2821 1914 2886 etiam

370 2929 867 3008 augmentabilis
916 2935 978 2995 et
1028 2929 1382 2994 minuibilis
1403 2978 1421 3009 ,
1481 2929 1657 2993 salva
1705 2930 1915 2994 forma

370 3035 761 3100 substantiali
778 3058 796 3116 ;
820 3037 991 3121 quod
1013 3036 1150 3121 ipsa
1164 3036 1360 3100 habet
1375 3036 1646 3101 formam
1664 3040 1913 3100 naturai

369 3143 788 3208 accidentalis.
817 3142 898 3207 Et
935 3144 1077 3208 ideo
1106 3144 1465 3209 notandum
1501 3149 1597 3208 est
1620 3144 1703 3209 ad
1723 3144 1913 3208 intel-

368 3250 706 3332 ligentiam
748 3250 1199 3315 auctoritatum
1240 3255 1305 3315 et
1348 3250 1694 3330 rationum,
1740 3252 1914 3339 quod

368 3358 536 3422 sicut
567 3357 684 3421 lux
709 3357 1109 3440 incorporata
1148 3361 1242 3421 est
1269 3356 1661 3439 principium
1689 3358 1914 3422 coloris

369 3462 441 3529 in
464 3465 603 3547 ipso
625 3482 888 3548 corpore
915 3464 1280 3546 terminato,
1313 3466 1427 3547 qui
1457 3464 1719 3547 quidem
1741 3467 1914 3531 color

365 3575 465 3636 est
488 3573 796 3652 accidens,
833 3577 898 3636 et
936 3572 1253 3655 passibilis
1280 3573 1576 3656 qualitas,
1622 3577 1687 3646 et
1722 3592 1913 3641 sensu

365 3680 740 3765 percipitur;
791 3678 885 3743 sic
913 3678 1107 3742 etiam
1147 3678 1266 3742 lux
1309 3679 1381 3743 in
1410 3697 1677 3763 corpore
1707 3680 1914 3745 lumi-

367 3805 527 3851 noso
554 3791 648 3851 est
674 3785 1064 3869 principium
1105 3786 1443 3869 cujusdam
1468 3787 1767 3868 fulgoris,
1798 3789 1913 3871 qui

367 3894 450 3959 ad
480 3894 745 3959 modum
770 3893 998 3957 coloris
1028 3898 1122 3956 est
1159 3894 1470 3975 0001110115,
1509 3900 1570 3959 01
1597 3895 1915 3960 mediante

369 4020 502 4083 quo
547 4001 948 4065 luminosum
980 4020 1211 4085 corpus
1250 4020 1291 4067 a
1324 4019 1517 4067 sensu
1551 4003 1913 4085 apprehen-

369 4109 566 4174 ditur.
596 4109 676 4174 Et
691 4109 1046 4174 secundum
1066 4109 1191 4173 hoc
1215 4108 1549 4192 dupliciter
1575 4113 1780 4192 potest
1798 4111 1916 4175 lux

371 4216 572 4299 accipi
615 4238 630 4280 ε
681 4232 815 4281 11110
858 4216 1048 4280 modo
1093 4215 1323 4281 dicitur
1366 4214 1484 4281 lux
1524 4217 1663 4299 ipsa
1711 4218 1915 4281 forma

368 4342 516 4405 quae
545 4323 653 4388 dat
675 4341 811 4387 0550
838 4324 1090 4407 corpori
1113 4324 1348 4402 lucido,
1382 4328 1445 4389 et
1481 4343 1521 4387 a
1555 4341 1688 4407 qua
1721 4325 1914 4388 lumi-

366 4449 602 4496 nosum
642 4449 873 4513 corpus
896 4431 1329 4515 principaliter
1357 4436 1452 4496 est
1480 4432 1791 4510 activum,
1824 4431 1912 4494 si-

367 4544 479 4604 cut
496 4559 536 4605 a
554 4541 760 4622 primo
778 4544 1081 4605 movente
1100 4543 1163 4604 et
1179 4540 1519 4622 regulante
1537 4562 1555 4619 ;
1579 4541 1701 4605 alio
1725 4540 1914 4605 modo

368 4647 602 4713 dicitur
625 4649 745 4713 lux
777 4666 913 4714 0550
943 4647 1162 4731 fulgor
1206 4650 1324 4733 qui
1351 4652 1448 4715 est
1490 4650 1656 4715 circa
1683 4668 1916 4733 corpus

367 4754 788 4833 luminosum,
821 4756 936 4839 qui
961 4756 1371 4839 consequitur
1395 4757 1801 4821 existentiam
1817 4758 1914 4821 lu-

371 4863 558 4928 eisin
594 4863 706 4928 1011
745 4864 1032 4943 materia,
1077 4868 1141 4929 01
1175 4865 1288 4948 qui
1328 4864 1520 4929 etiam
1561 4868 1655 4928 est
1691 4883 1916 4930 sensus

372 4972 718 5054 objectum,
746 4976 811 5036 01
837 4972 1046 5056 operis
1063 4972 1564 5037 instrumentum
1589 4994 1604 5036 ε
1632 4977 1694 5037 01
1713 4972 1802 5037 510
1822 4977 1917 5037 051

368 5079 755 5145 accidentale
782 5079 1341 5163 complementum.
1367 5079 1449 5145 Et
1472 5080 1562 5144 sic
1586 5084 1758 5163 patet
1787 5098 1917 5146 res-

372 5188 598 5270 ponsio
618 5186 698 5251 ad
715 5187 1136 5269 quaestionem
1154 5188 1564 5272 propositam;
1586 5188 1779 5253 etiam
1796 5207 1915 5273 pro

371 5311 617 5375 magna
641 5297 819 5377 parte
846 5297 1018 5377 patet
1041 5296 1371 5377 responsio
1396 5295 1476 5360 ad
1503 5295 1769 5378 objecta.
1798 5294 1916 5359 Ra-

372 5399 581 5465 tiones
599 5400 778 5466 enim
801 5400 1200 5467 ostendentes
1222 5401 1435 5468 lucem
1459 5420 1596 5467 esse
1617 5402 1914 5468 substan-

3450 429 3569 492 555

2023 564 2239 629 tialem
2283 566 2558 629 formam
2580 614 2599 645 ,
2642 566 2995 649 procedunt
3038 564 3394 632 secundum
3427 561 3567 646 pri-

2023 689 2202 735 mam
2233 671 2408 737 viam
2422 717 2440 749 ,
2489 673 2653 737 sicut
2700 678 2872 756 patet
2918 673 3226 751 intuenti;
3288 671 3570 735 rationes

2021 783 2239 843 autem
2266 779 2346 843 ad
2387 782 2633 861 partem
2674 780 3026 863 oppositam
3071 779 3420 863 procedunt
3459 777 3571 842 via

2021 885 2183 965 alia,
2228 886 2506 968 exceptis
2548 887 2935 970 quibusdam
2965 886 3048 951 ad
3088 905 3249 970 quas
3296 885 3447 950 satis
3486 882 3568 949 de

2021 993 2189 1057 facili
2212 994 2577 1076 responderi
2601 998 2826 1077 potest.

2104 1105 2165 1163 1.
2193 1100 2293 1163 Ad
2319 1099 2481 1164 illud
2505 1100 2680 1164 enim
2705 1101 2876 1184 quod
2904 1100 3224 1182 objicitur,
3245 1098 3418 1182 quod
3444 1098 3568 1164 lux

2021 1209 2117 1270 est
2141 1206 2221 1271 de
2243 1208 2696 1289 compositione
2722 1208 2978 1286 eoloris;
2998 1207 3122 1272 dici
3140 1209 3365 1291 potest,
3392 1206 3569 1289 quod

2020 1313 2141 1377 lux
2162 1332 2294 1378 non
2317 1314 2547 1379 dicitur
2573 1333 2709 1380 esse
2734 1315 2814 1380 de
2854 1314 3310 1397 compositione
3339 1312 3569 1378 coloris

2022 1423 2332 1504 tanquam
2374 1423 2765 1507 principium
2806 1423 3226 1487 intrinsecum
3247 1472 3263 1503 ,
3292 1422 3401 1487 sed
3425 1425 3571 1487 tan-

2022 1547 2219 1611 quam
2244 1531 2634 1614 principium
2671 1532 3061 1610 effectivum,
3092 1549 3241 1595 cum
3270 1531 3567 1595 acciden-

2021 1640 2112 1701 tia
2137 1639 2447 1721 simplicia
2472 1641 2599 1705 sint
2628 1663 2642 1704 :
2674 1641 2881 1705 forma
2898 1643 3119 1704 autem
3139 1639 3568 1704 substantialis

2021 1745 2186 1809 bene
2210 1750 2413 1828 potest
2434 1766 2569 1812 esse
2599 1748 2966 1812 effectivum
2996 1746 3381 1829 principium
3409 1745 3569 1809 acci-

2022 1852 2249 1916 dentis.

2102 1965 2164 2024 2.
2240 1960 2338 2024 Ad
2395 1961 2554 2026 illud
2618 1961 2792 2043 quod
2859 1960 3182 2044 objicitur,
3239 1959 3411 2042 quod
3475 1963 3570 2025 051

2021 2070 2228 2133 forma
2270 2070 2618 2148 sensibilis;
2668 2070 3005 2134 dicendum
3050 2069 3224 2152 quod
3266 2069 3391 2133 hoc
3434 2087 3570 2133 11011
3702 2057 3715 2076 ‘

2022 2175 2278 2240 vidctur
2317 2176 2562 2241 ratione
2599 2193 2738 2240 suae
2789 2175 3076 2240 essentiae
3096 2224 3114 2253 ,
3165 2175 3276 2240 sed
3320 2175 3570 2239 ratione

2021 2283 2295 2365 fulgoris
2312 2331 2332 2364 ,
2390 2284 2496 2349 vel
2548 2283 2777 2348 coloris
2795 2332 2814 2363 ,
2867 2302 3011 2348 00111
3069 2282 3571 2365 inseparabiliter

2021 2396 2503 2460 concomitantis
2519 2443 2538 2473 ,
2573 2395 2858 2460 maxime
2885 2395 3000 2459 ubi
3035 2398 3131 2458 est
3166 2393 3571 2460 vehementia

2019 2502 2201 2567 lucis.

2103 2615 2163 2674 3.
2194 2610 2292 2674 Ad
2320 2611 2478 2676 illud
2502 2612 2676 2694 quod
2698 2611 3021 2693 objicitur,
3051 2609 3224 2692 quod
3248 2613 3564 2690 augetur3

2021 2716 2362 2782 dicendum
2406 2718 2581 2800 quod
2619 2721 3045 2799 augmentum
3088 2715 3249 2780 illud
3291 2714 3568 2779 attendi-

2020 2827 2128 2888 tur
2164 2824 2415 2890 ratione
2439 2825 2711 2907 fulgoris
2730 2874 2750 2905 ‚
2779 2843 2910 2889 non
2937 2824 3180 2888 ratione
3206 2823 3386 2899 111015,
3415 2839 3566 2905 quae

2020 2935 2117 2995 est
2156 2932 2365 2997 forma
2400 2932 2832 2997 substantialis
2864 2955 2878 2996 ε
2928 2935 2992 2996 01
3033 2931 3088 2995 51
3125 2931 3372 2996 ratione
3398 2931 3571 2995 illius

2020 3039 2472 3119 attenderetur,
2513 3039 2724 3104 adhuc
2748 3040 2910 3104 ratio
2935 3055 3070 3103 non
3108 3038 3381 3118 valeret;
3412 3038 3571 3122 quia

2020 3147 2318 3228 quamvis
2376 3147 2583 3211 forma
2626 3145 3054 3210 substantialis
3103 3146 3458 3209 secundum
3500 3165 3568 3211 se

2020 3272 2152 3319 non
2187 3256 2453 3339 recipiat
2494 3255 2706 3337 magis
2746 3259 2811 3319 et
2845 3255 3096 3331 minus,
3125 3253 3318 3318 habet
3352 3258 3569 3319 tamen

2020 3362 2265 3427 intendi
2305 3366 2369 3428 et
2416 3363 2656 3428 remitti
2705 3361 3060 3427 secundum
3089 3379 3224 3425 esse
3267 3360 3469 3443 ipsius
3494 3360 3566 3424 in

2019 3471 2288 3535 materia
2315 3476 2415 3535 :et
2427 3471 2551 3536 1100
2580 3469 2858 3535 maxime
2876 3486 3107 3533 verum
3127 3472 3222 3533 est
3245 3468 3317 3531 in
3346 3468 3569 3532 formis

2019 3581 2427 3661 generalibus
2456 3627 2474 3656 ,
2545 3580 2613 3644 in
2684 3579 2924 3663 quibus
3000 3576 3211 3659 magis
3280 3577 3567 3643 consistit

2019 3687 2447 3752 communitas
2486 3687 2803 3768 analogiae
2847 3684 3204 3749 secundum
3253 3684 3463 3766 magis
3506 3688 3569 3749 et

2021 3795 2239 3859 minus
2259 3842 2277 3871 ,
2305 3798 2370 3858 01
2392 3794 2574 3877 prius
2608 3812 2682 3859 ac
2724 3792 3037 3876 posterius
3057 3840 3076 3871 ,
3103 3809 3302 3874 quam
3330 3792 3565 3859 univo-

2021 3901 2310 3965 cationis.

2101 4012 2162 4072 4.
2190 4009 2290 4073 Ad
2316 4007 2473 4072 illud
2495 4008 2666 4090 quod
2685 4007 3008 4090 objicitur,
3037 4006 3211 4090 quod
3238 4006 3408 4072 calor
3432 4024 3567 4071 non

2021 4119 2117 4178 est
2175 4115 2382 4180 forma
2453 4114 2886 4179 substantialis
2941 4113 3127 4178 calidi
3158 4134 3175 4193 ;
3228 4112 3569 4178 dicendum

2019 4223 2196 4306 quod
2232 4242 2362 4288 non
2388 4229 2482 4288 051
2510 4224 2722 4288 51111110
2740 4273 2759 4303 ,
2796 4224 2949 4307 quia
2974 4229 3221 4288 nonest
3246 4228 3444 4288 tantae
3471 4223 3570 4288 di-

2021 4331 2283 4412 gnitatis
2322 4336 2385 4395 et
2427 4331 2825 4414 perfectionis
2867 4332 3073 4395 forma
3112 4332 3340 4396 caloris
3355 4379 3373 4408 ,
3403 4332 3570 4396 sicut

2019 4438 2228 4502 forma
2271 4437 2451 4502 lucis.
2502 4435 2580 4502 Et
2604 4438 2728 4502 hoc
2767 4442 2959 4521 patet,
2994 4438 3145 4521 quia
3177 4440 3384 4503 forma
3403 4438 3567 4504 lucis

2021 4541 2168 4624 plus
2196 4541 2428 4606 recedit
2458 4559 2497 4605 a
2527 4545 2756 4606 natura
2789 4541 3268 4619 contrarietatis,
3298 4560 3563 4626 corrup-

2022 4645 2214 4711 tionis
2240 4652 2305 4710 et
2324 4646 2736 4711 alterationis.

2104 4756 2164 4817 5.
2201 4753 2300 4817 Ad
2340 4753 2497 4818 illud
2539 4754 2712 4838 quod
2747 4754 3067 4838 objicitur,
3101 4755 3272 4838 quod
3313 4774 3445 4820 non
3472 4762 3568 4821 est

2022 4860 2229 4925 forma
2273 4860 2504 4925 ultima
2546 4861 2619 4925 in
2659 4862 2845 4944 igne3
2887 4862 3229 4927 dicendum
3275 4865 3482 4947 quod,
3512 4865 3567 4928 si

2022 4966 2140 5031 lux
2165 4967 2424 5050 ponitur
2460 4987 2595 5033 esse
2629 4969 2835 5034 forma
2879 4969 3308 5034 substantialis
3338 4988 3566 5054 corpo-

2022 5093 2175 5138 rum
2202 5075 2405 5157 specie
2432 5075 2855 5152 diversorum,
2878 5080 3095 5160 utpote
3112 5076 3252 5142 coeli
3270 5082 3335 5142 et
3369 5078 3563 5160 ignis,

2023 5188 2316 5252 neutrius
2361 5191 2454 5252 est
2479 5187 2686 5252 forma
2712 5186 2938 5251 ultimo
2965 5188 3345 5271 completiva
3375 5210 3393 5253 :
3423 5189 3566 5256 ideo

2021 5312 2107 5358 ex
2127 5294 2250 5359 hoc
2275 5313 2406 5359 non
2431 5293 2830 5359 concluditur
2849 5295 3020 5377 quod
3041 5300 3270 5360 natura
3288 5295 3567 5363 elemen-

2022 5403 2182 5468 taris
2224 5402 2306 5467 sit
2337 5401 2611 5467 nobilior
2653 5400 2917 5483 coelesti3
2948 5421 3068 5469 nec
3102 5421 3188 5470 ex
3214 5404 3338 5471 hoc
3362 5408 3569 5495 potest
