<?xml version="1.0" encoding="UTF-8"?>
<!DOCTYPE html PUBLIC "-//W3C//DTD XHTML 1.0 Transitional//EN"
    "http://www.w3.org/TR/xhtml1/DTD/xhtml1-transitional.dtd">
<html xmlns="http://www.w3.org/1999/xhtml" xml:lang="en" lang="en">
 <head>
  <title>
</title>
<meta http-equiv="Content-Type" content="text/html;charset=utf-8" />
  <meta name='ocr-system' content='tesseract 3.04.00' />
  <meta name='ocr-capabilities' content='ocr_page ocr_carea ocr_par ocr_line ocrx_word'/>
</head>
<body>
  <div class='ocr_page' id='page_1' title='image "./srecardinalissb01peltgoog_0192.png"; bbox 0 0 4125 6225; ppageno 0'>
   <div class='ocr_carea' id='block_1_1' title="bbox 730 355 846 413">
    <p class='ocr_par' dir='ltr' id='par_1_1' title="bbox 730 355 846 413">
     <span class='ocr_line' id='line_1_1' title="bbox 730 355 846 413; baseline 0 0"><span class='ocrx_word' id='word_1_1' title='bbox 730 355 846 413; x_wconf 76' lang='lat'>166</span> 
     </span>
    </p>
   </div>
   <div class='ocr_carea' id='block_1_2' title="bbox 723 483 2272 1105">
    <p class='ocr_par' dir='ltr' id='par_1_2' title="bbox 723 483 2268 782">
     <span class='ocr_line' id='line_1_2' title="bbox 723 483 2265 567; baseline 0 -19"><span class='ocrx_word' id='word_1_2' title='bbox 723 485 854 549; x_wconf 88' lang='lat' dir='ltr'>duo</span> <span class='ocrx_word' id='word_1_3' title='bbox 896 484 1087 567; x_wconf 87' lang='lat' dir='ltr'>primi</span> <span class='ocrx_word' id='word_1_4' title='bbox 1117 483 1373 549; x_wconf 87' lang='lat' dir='ltr'>numeri</span> <span class='ocrx_word' id='word_1_5' title='bbox 1410 483 1593 549; x_wconf 90' lang='lat' dir='ltr'>solidi</span> <span class='ocrx_word' id='word_1_6' title='bbox 1627 483 1808 563; x_wconf 88' lang='lat' dir='ltr'>cubi,</span> <span class='ocrx_word' id='word_1_7' title='bbox 1836 484 2125 565; x_wconf 77' lang='lat' dir='ltr'><strong>ligantur</strong></span> <span class='ocrx_word' id='word_1_8' title='bbox 2150 501 2265 566; x_wconf 88' lang='lat' dir='ltr'>per</span> 
     </span>
     <span class='ocr_line' id='line_1_3' title="bbox 727 591 2268 672; baseline -0.003 -15"><span class='ocrx_word' id='word_1_9' title='bbox 727 592 887 657; x_wconf 89' lang='lat' dir='ltr'>duos</span> <span class='ocrx_word' id='word_1_10' title='bbox 930 592 1340 659; x_wconf 87' lang='lat' dir='ltr'>intermedios</span> <span class='ocrx_word' id='word_1_11' title='bbox 1358 640 1378 672; x_wconf 89' lang='lat'>,</span> <span class='ocrx_word' id='word_1_12' title='bbox 1420 591 1655 656; x_wconf 87' lang='lat' dir='ltr'>scilicet</span> <span class='ocrx_word' id='word_1_13' title='bbox 1682 610 1776 656; x_wconf 67' lang='grc' dir='ltr'>ΧΠ</span> <span class='ocrx_word' id='word_1_14' title='bbox 1815 594 1879 656; x_wconf 92' lang='lat' dir='ltr'>et</span> <span class='ocrx_word' id='word_1_15' title='bbox 1915 608 2082 656; x_wconf 81' lang='lat' dir='ltr'>xvm</span> <span class='ocrx_word' id='word_1_16' title='bbox 2113 612 2130 654; x_wconf 89' lang='lat'>:</span> <span class='ocrx_word' id='word_1_17' title='bbox 2164 607 2268 655; x_wconf 92' lang='lat' dir='ltr'>er-</span> 
     </span>
     <span class='ocr_line' id='line_1_4' title="bbox 728 702 977 782; baseline -0.008 -17"><span class='ocrx_word' id='word_1_18' title='bbox 728 718 837 782; x_wconf 82' lang='lat' dir='ltr'>go,</span> <span class='ocrx_word' id='word_1_19' title='bbox 859 702 977 763; x_wconf 90' lang='lat' dir='ltr'>etc.</span> 
     </span>
    </p>

    <p class='ocr_par' dir='ltr' id='par_1_3' title="bbox 728 805 2272 1105">
     <span class='ocr_line' id='line_1_5' title="bbox 809 805 2272 891; baseline -0.001 -20"><span class='ocrx_word' id='word_1_20' title='bbox 809 806 967 871; x_wconf 88' lang='lat' dir='ltr'>Item</span> <span class='ocrx_word' id='word_1_21' title='bbox 987 805 1289 891; x_wconf 90' lang='lat' dir='ltr'>sapientis</span> <span class='ocrx_word' id='word_1_22' title='bbox 1314 810 1409 871; x_wconf 90' lang='lat' dir='ltr'>est</span> <span class='ocrx_word' id='word_1_23' title='bbox 1429 805 1724 872; x_wconf 89' lang='lat' dir='ltr'>ordinare</span> <span class='ocrx_word' id='word_1_24' title='bbox 1751 807 1808 870; x_wconf 87' lang='lat'>¹:</span> <span class='ocrx_word' id='word_1_25' title='bbox 1834 823 1993 887; x_wconf 81' lang='lat' dir='ltr'>ergo</span> <span class='ocrx_word' id='word_1_26' title='bbox 2019 822 2272 871; x_wconf 90' lang='lat' dir='ltr'>summe</span> 
     </span>
     <span class='ocr_line' id='line_1_6' title="bbox 728 913 2272 997; baseline -0.002 -16"><span class='ocrx_word' id='word_1_27' title='bbox 728 914 1050 997; x_wconf 85' lang='lat' dir='ltr'>sapientis,</span> <span class='ocrx_word' id='word_1_28' title='bbox 1080 933 1333 979; x_wconf 90' lang='lat' dir='ltr'>summe</span> <span class='ocrx_word' id='word_1_29' title='bbox 1353 915 1489 980; x_wconf 88' lang='lat' dir='ltr'>sive</span> <span class='ocrx_word' id='word_1_30' title='bbox 1507 914 1746 997; x_wconf 87' lang='lat' dir='ltr'>optime</span> <span class='ocrx_word' id='word_1_31' title='bbox 1764 913 2089 979; x_wconf 85' lang='lat' dir='ltr'>ordinare:</span> <span class='ocrx_word' id='word_1_32' title='bbox 2113 931 2272 996; x_wconf 83' lang='lat' dir='ltr'>ergo</span> 
     </span>
     <span class='ocr_line' id='line_1_7' title="bbox 731 1019 2272 1105; baseline -0.001 -18"><span class='ocrx_word' id='word_1_33' title='bbox 731 1022 895 1087; x_wconf 88' lang='lat' dir='ltr'>Deus</span> <span class='ocrx_word' id='word_1_34' title='bbox 916 1041 1019 1088; x_wconf 89' lang='lat' dir='ltr'>res</span> <span class='ocrx_word' id='word_1_35' title='bbox 1035 1023 1125 1087; x_wconf 90' lang='lat' dir='ltr'>ita</span> <span class='ocrx_word' id='word_1_36' title='bbox 1150 1022 1312 1089; x_wconf 89' lang='lat' dir='ltr'>bene</span> <span class='ocrx_word' id='word_1_37' title='bbox 1329 1022 1670 1102; x_wconf 80' lang='lat' dir='ltr'>ordinavit,</span> <span class='ocrx_word' id='word_1_38' title='bbox 1692 1022 1864 1105; x_wconf 86' lang='lat' dir='ltr'>quod</span> <span class='ocrx_word' id='word_1_39' title='bbox 1881 1019 2059 1084; x_wconf 88' lang='lat' dir='ltr'>nullo</span> <span class='ocrx_word' id='word_1_40' title='bbox 2080 1020 2272 1086; x_wconf 91' lang='lat' dir='ltr'>modo</span> 
     </span>
    </p>
   </div>
   <div class='ocr_carea' id='block_1_3' title="bbox 607 1129 1537 1214">
    <p class='ocr_par' dir='ltr' id='par_1_4' title="bbox 607 1129 1537 1214">
     <span class='ocr_line' id='line_1_8' title="bbox 607 1129 1537 1214; baseline -0.003 -18"><span class='ocrx_word' id='word_1_41' title='bbox 607 1160 612 1169; x_wconf 96' lang='lat'><em>·</em></span> <span class='ocrx_word' id='word_1_42' title='bbox 732 1131 938 1214; x_wconf 88' lang='lat' dir='ltr'>potuit</span> <span class='ocrx_word' id='word_1_43' title='bbox 962 1130 1258 1195; x_wconf 88' lang='lat' dir='ltr'>ordinare</span> <span class='ocrx_word' id='word_1_44' title='bbox 1285 1129 1537 1194; x_wconf 90' lang='lat' dir='ltr'>melius.</span> 
     </span>
    </p>
   </div>
   <div class='ocr_carea' id='block_1_4' title="bbox 514 1244 706 1302">
    <p class='ocr_par' dir='ltr' id='par_1_5' title="bbox 514 1244 706 1302">
     <span class='ocr_line' id='line_1_9' title="bbox 514 1244 706 1302; baseline 0.005 -14"><span class='ocrx_word' id='word_1_45' title='bbox 514 1244 585 1289; x_wconf 75' lang='lat' dir='ltr'>Ad</span> <span class='ocrx_word' id='word_1_46' title='bbox 600 1257 706 1302; x_wconf 84' lang='lat' dir='ltr'>opp.</span> 
     </span>
    </p>
   </div>
   <div class='ocr_carea' id='block_1_5' title="bbox 732 1236 2279 1855">
    <p class='ocr_par' dir='ltr' id='par_1_6' title="bbox 732 1236 2279 1746">
     <span class='ocr_line' id='line_1_10' title="bbox 812 1236 2274 1305; baseline -0.001 -2"><span class='ocrx_word' id='word_1_47' title='bbox 812 1238 936 1304; x_wconf 90' lang='lat' dir='ltr'>Sed</span> <span class='ocrx_word' id='word_1_48' title='bbox 978 1241 1199 1303; x_wconf 90' lang='lat' dir='ltr'>contra</span> <span class='ocrx_word' id='word_1_49' title='bbox 1231 1260 1248 1302; x_wconf 73' lang='grc' dir='ltr'><strong>ι</strong></span> <span class='ocrx_word' id='word_1_50' title='bbox 1289 1242 1348 1301; x_wconf 76' lang='lat'>1.</span> <span class='ocrx_word' id='word_1_51' title='bbox 1379 1236 1546 1303; x_wconf 91' lang='lat' dir='ltr'>Ordo</span> <span class='ocrx_word' id='word_1_52' title='bbox 1585 1237 1693 1302; x_wconf 89' lang='lat' dir='ltr'>ille</span> <span class='ocrx_word' id='word_1_53' title='bbox 1733 1242 1827 1302; x_wconf 87' lang='lat' dir='ltr'>est</span> <span class='ocrx_word' id='word_1_54' title='bbox 1863 1239 2164 1305; x_wconf 89' lang='lat' dir='ltr'>bonitatis</span> <span class='ocrx_word' id='word_1_55' title='bbox 2192 1238 2274 1301; x_wconf 82' lang='lat' dir='ltr'>fi-</span> 
     </span>
     <span class='ocr_line' id='line_1_11' title="bbox 732 1343 2277 1427; baseline -0.001 -17"><span class='ocrx_word' id='word_1_56' title='bbox 732 1345 886 1411; x_wconf 81' lang='lat' dir='ltr'>nitae</span> <span class='ocrx_word' id='word_1_57' title='bbox 920 1366 936 1410; x_wconf 89' lang='lat'><strong>:</strong></span> <span class='ocrx_word' id='word_1_58' title='bbox 979 1363 1138 1426; x_wconf 81' lang='lat' dir='ltr'>ergo</span> <span class='ocrx_word' id='word_1_59' title='bbox 1177 1344 1230 1409; x_wconf 90' lang='lat' dir='ltr'>si</span> <span class='ocrx_word' id='word_1_60' title='bbox 1272 1345 1581 1427; x_wconf 79' lang='lat' dir='ltr'><strong>sapientia</strong></span> <span class='ocrx_word' id='word_1_61' title='bbox 1617 1343 1730 1410; x_wconf 89' lang='lat' dir='ltr'>Dei</span> <span class='ocrx_word' id='word_1_62' title='bbox 1766 1350 1861 1412; x_wconf 89' lang='lat' dir='ltr'>est</span> <span class='ocrx_word' id='word_1_63' title='bbox 1885 1348 2171 1423; x_wconf 85' lang='lat' dir='ltr'>infinita,</span> <span class='ocrx_word' id='word_1_64' title='bbox 2213 1349 2277 1409; x_wconf 87' lang='lat' dir='ltr'>et</span> 
     </span>
     <span class='ocr_line' id='line_1_12' title="bbox 732 1451 2279 1537; baseline 0.002 -22"><span class='ocrx_word' id='word_1_65' title='bbox 732 1452 1058 1516; x_wconf 80' lang='lat' dir='ltr'>infinitum</span> <span class='ocrx_word' id='word_1_66' title='bbox 1084 1451 1331 1516; x_wconf 78' lang='lat' dir='ltr'><strong>excedit</strong></span> <span class='ocrx_word' id='word_1_67' title='bbox 1369 1453 1627 1518; x_wconf 80' lang='lat' dir='ltr'>finitum</span> <span class='ocrx_word' id='word_1_68' title='bbox 1650 1500 1667 1530; x_wconf 86' lang='lat'>,</span> <span class='ocrx_word' id='word_1_69' title='bbox 1716 1472 1874 1537; x_wconf 80' lang='lat' dir='ltr'>ergo</span> <span class='ocrx_word' id='word_1_70' title='bbox 1903 1454 2068 1521; x_wconf 88' lang='lat' dir='ltr'>Deus</span> <span class='ocrx_word' id='word_1_71' title='bbox 2093 1453 2279 1521; x_wconf 82' lang='lat' dir='ltr'>scivit</span> 
     </span>
     <span class='ocr_line' id='line_1_13' title="bbox 733 1557 2273 1645; baseline 0.001 -22"><span class='ocrx_word' id='word_1_72' title='bbox 733 1558 966 1623; x_wconf 88' lang='lat' dir='ltr'>melius</span> <span class='ocrx_word' id='word_1_73' title='bbox 999 1557 1298 1622; x_wconf 89' lang='lat' dir='ltr'>ordinare</span> <span class='ocrx_word' id='word_1_74' title='bbox 1335 1576 1352 1623; x_wconf 75' lang='grc' dir='ltr'><strong><em>ε</em></strong></span> <span class='ocrx_word' id='word_1_75' title='bbox 1393 1558 1502 1624; x_wconf 89' lang='lat' dir='ltr'>sed</span> <span class='ocrx_word' id='word_1_76' title='bbox 1545 1559 1858 1643; x_wconf 88' lang='lat' dir='ltr'>quidquid</span> <span class='ocrx_word' id='word_1_77' title='bbox 1897 1562 2115 1641; x_wconf 88' lang='lat' dir='ltr'>scivit,</span> <span class='ocrx_word' id='word_1_78' title='bbox 2146 1579 2273 1645; x_wconf 44' lang='lat' dir='ltr'>wpo-</span> 
     </span>
     <span class='ocr_line' id='line_1_14' title="bbox 733 1667 1260 1746; baseline -0.008 -15"><span class='ocrx_word' id='word_1_79' title='bbox 733 1667 856 1731; x_wconf 91' lang='lat' dir='ltr'>tuit</span> <span class='ocrx_word' id='word_1_80' title='bbox 888 1688 903 1729; x_wconf 87' lang='lat'>:</span> <span class='ocrx_word' id='word_1_81' title='bbox 933 1683 1111 1746; x_wconf 82' lang='lat' dir='ltr'>erge,</span> <span class='ocrx_word' id='word_1_82' title='bbox 1141 1668 1260 1729; x_wconf 89' lang='lat' dir='ltr'>etc.</span> 
     </span>
    </p>

    <p class='ocr_par' dir='ltr' id='par_1_7' title="bbox 816 1769 2278 1855">
     <span class='ocr_line' id='line_1_15' title="bbox 816 1769 2278 1855; baseline 0.001 -19"><span class='ocrx_word' id='word_1_83' title='bbox 816 1777 878 1837; x_wconf 78' lang='lat'>2.</span> <span class='ocrx_word' id='word_1_84' title='bbox 907 1772 1066 1836; x_wconf 90' lang='lat' dir='ltr'>Item</span> <span class='ocrx_word' id='word_1_85' title='bbox 1093 1769 1317 1835; x_wconf 91' lang='lat' dir='ltr'>melior</span> <span class='ocrx_word' id='word_1_86' title='bbox 1342 1773 1437 1833; x_wconf 89' lang='lat' dir='ltr'>est</span> <span class='ocrx_word' id='word_1_87' title='bbox 1468 1774 1532 1834; x_wconf 89' lang='lat' dir='ltr'>et</span> <span class='ocrx_word' id='word_1_88' title='bbox 1565 1770 1841 1835; x_wconf 82' lang='lat' dir='ltr'>nobilior</span> <span class='ocrx_word' id='word_1_89' title='bbox 1871 1772 2028 1837; x_wconf 88' lang='lat' dir='ltr'>ordo</span> <span class='ocrx_word' id='word_1_90' title='bbox 2055 1773 2126 1836; x_wconf 89' lang='lat' dir='ltr'>in</span> <span class='ocrx_word' id='word_1_91' title='bbox 2148 1790 2278 1855; x_wconf 84' lang='lat' dir='ltr'>quo</span> 
     </span>
    </p>
   </div>
   <div class='ocr_carea' id='block_1_6' title="bbox 617 1862 2273 1962">
    <p class='ocr_par' dir='ltr' id='par_1_8' title="bbox 617 1862 2273 1962">
     <span class='ocr_line' id='line_1_16' title="bbox 617 1862 2273 1962; baseline 0 -18"><span class='ocrx_word' id='word_1_92' title='bbox 617 1862 621 1867; x_wconf 58' lang='grc'><strong><em>’</em></strong></span> <span class='ocrx_word' id='word_1_93' title='bbox 735 1879 914 1944; x_wconf 90' lang='lat' dir='ltr'>nulla</span> <span class='ocrx_word' id='word_1_94' title='bbox 940 1877 1108 1942; x_wconf 88' lang='lat' dir='ltr'>cadit</span> <span class='ocrx_word' id='word_1_95' title='bbox 1128 1875 1510 1941; x_wconf 87' lang='lat' dir='ltr'>inordinatio</span> <span class='ocrx_word' id='word_1_96' title='bbox 1528 1924 1546 1955; x_wconf 92' lang='lat'>,</span> <span class='ocrx_word' id='word_1_97' title='bbox 1577 1895 1775 1960; x_wconf 84' lang='lat' dir='ltr'>quam</span> <span class='ocrx_word' id='word_1_98' title='bbox 1802 1878 1872 1942; x_wconf 89' lang='lat' dir='ltr'>in</span> <span class='ocrx_word' id='word_1_99' title='bbox 1896 1897 2028 1962; x_wconf 94' lang='lat' dir='ltr'>quo</span> <span class='ocrx_word' id='word_1_100' title='bbox 2056 1880 2227 1944; x_wconf 89' lang='lat' dir='ltr'>cadit</span> <span class='ocrx_word' id='word_1_101' title='bbox 2257 1902 2273 1943; x_wconf 78' lang='lat' dir='ltr'><em>z</em></span> 
     </span>
    </p>
   </div>
   <div class='ocr_carea' id='block_1_7' title="bbox 738 1984 2281 2264">
    <p class='ocr_par' dir='ltr' id='par_1_9' title="bbox 738 1984 2281 2264">
     <span class='ocr_line' id='line_1_17' title="bbox 738 1984 2275 2053; baseline 0.001 -2"><span class='ocrx_word' id='word_1_102' title='bbox 738 1988 941 2053; x_wconf 90' lang='lat' dir='ltr'>sedin</span> <span class='ocrx_word' id='word_1_103' title='bbox 975 1987 1278 2051; x_wconf 89' lang='lat' dir='ltr'>universo</span> <span class='ocrx_word' id='word_1_104' title='bbox 1315 1984 1552 2049; x_wconf 89' lang='lat' dir='ltr'>cadunt</span> <span class='ocrx_word' id='word_1_105' title='bbox 1593 1987 1818 2051; x_wconf 85' lang='lat' dir='ltr'>multae</span> <span class='ocrx_word' id='word_1_106' title='bbox 1858 1986 2275 2053; x_wconf 85' lang='lat' dir='ltr'>inordinatio·</span> 
     </span>
     <span class='ocr_line' id='line_1_18' title="bbox 738 2090 2281 2177; baseline 0.001 -19"><span class='ocrx_word' id='word_1_107' title='bbox 738 2112 852 2158; x_wconf 91' lang='lat' dir='ltr'>nes</span> <span class='ocrx_word' id='word_1_108' title='bbox 899 2097 964 2156; x_wconf 92' lang='lat' dir='ltr'>et</span> <span class='ocrx_word' id='word_1_109' title='bbox 1002 2090 1461 2170; x_wconf 84' lang='lat' dir='ltr'>deformitates;</span> <span class='ocrx_word' id='word_1_110' title='bbox 1492 2109 1650 2174; x_wconf 82' lang='lat' dir='ltr'>ergo</span> <span class='ocrx_word' id='word_1_111' title='bbox 1692 2091 1856 2157; x_wconf 90' lang='lat' dir='ltr'>alius</span> <span class='ocrx_word' id='word_1_112' title='bbox 1887 2094 2042 2159; x_wconf 92' lang='lat' dir='ltr'>ordo</span> <span class='ocrx_word' id='word_1_113' title='bbox 2069 2095 2281 2177; x_wconf 87' lang='lat' dir='ltr'>potuit</span> 
     </span>
     <span class='ocr_line' id='line_1_19' title="bbox 739 2198 1143 2264; baseline -0.002 -1"><span class='ocrx_word' id='word_1_114' title='bbox 739 2200 879 2264; x_wconf 85' lang='lat' dir='ltr'>fieri</span> <span class='ocrx_word' id='word_1_115' title='bbox 898 2198 1143 2263; x_wconf 89' lang='lat' dir='ltr'>melior.</span> 
     </span>
    </p>
   </div>
   <div class='ocr_carea' id='block_1_8' title="bbox 742 2307 2291 3248">
    <p class='ocr_par' dir='ltr' id='par_1_10' title="bbox 742 2307 2285 2819">
     <span class='ocr_line' id='line_1_20' title="bbox 822 2307 2283 2393; baseline 0.004 -22"><span class='ocrx_word' id='word_1_116' title='bbox 822 2313 881 2372; x_wconf 87' lang='lat'>3.</span> <span class='ocrx_word' id='word_1_117' title='bbox 915 2307 1095 2389; x_wconf 86' lang='lat' dir='ltr'><strong>Item,</strong></span> <span class='ocrx_word' id='word_1_118' title='bbox 1125 2310 1297 2391; x_wconf 93' lang='lat' dir='ltr'>quod</span> <span class='ocrx_word' id='word_1_119' title='bbox 1319 2309 1740 2393; x_wconf 85' lang='lat' dir='ltr'>propinquius</span> <span class='ocrx_word' id='word_1_120' title='bbox 1767 2313 1863 2374; x_wconf 90' lang='lat' dir='ltr'>est</span> <span class='ocrx_word' id='word_1_121' title='bbox 1878 2310 2018 2389; x_wconf 85' lang='lat' dir='ltr'>fini,</span> <span class='ocrx_word' id='word_1_122' title='bbox 2048 2312 2283 2377; x_wconf 90' lang='lat' dir='ltr'>melius</span> 
     </span>
     <span class='ocr_line' id='line_1_21' title="bbox 742 2415 2281 2501; baseline 0.003 -22"><span class='ocrx_word' id='word_1_123' title='bbox 742 2420 838 2479; x_wconf 85' lang='lat' dir='ltr'>est</span> <span class='ocrx_word' id='word_1_124' title='bbox 869 2415 1237 2480; x_wconf 88' lang='lat' dir='ltr'>ordinatum</span> <span class='ocrx_word' id='word_1_125' title='bbox 1279 2438 1295 2479; x_wconf 72' lang='grc' dir='ltr'>ι</span> <span class='ocrx_word' id='word_1_126' title='bbox 1334 2433 1494 2499; x_wconf 85' lang='lat' dir='ltr'>ergo</span> <span class='ocrx_word' id='word_1_127' title='bbox 1531 2417 1586 2480; x_wconf 88' lang='lat' dir='ltr'>si</span> <span class='ocrx_word' id='word_1_128' title='bbox 1618 2417 1838 2480; x_wconf 89' lang='lat' dir='ltr'>omnia</span> <span class='ocrx_word' id='word_1_129' title='bbox 1866 2424 2020 2481; x_wconf 90' lang='lat' dir='ltr'>sunt</span> <span class='ocrx_word' id='word_1_130' title='bbox 2044 2419 2281 2501; x_wconf 86' lang='lat' dir='ltr'>optime</span> 
     </span>
     <span class='ocr_line' id='line_1_22' title="bbox 743 2522 2285 2607; baseline 0.003 -21"><span class='ocrx_word' id='word_1_131' title='bbox 743 2522 1064 2602; x_wconf 88' lang='lat' dir='ltr'>ordinata,</span> <span class='ocrx_word' id='word_1_132' title='bbox 1121 2523 1337 2588; x_wconf 89' lang='lat' dir='ltr'>omnia</span> <span class='ocrx_word' id='word_1_133' title='bbox 1391 2528 1543 2588; x_wconf 90' lang='lat' dir='ltr'>sunt</span> <span class='ocrx_word' id='word_1_134' title='bbox 1590 2524 1920 2607; x_wconf 84' lang='lat' dir='ltr'>aequaliter</span> <span class='ocrx_word' id='word_1_135' title='bbox 1943 2527 2285 2607; x_wconf 84' lang='lat' dir='ltr'>conjuncta</span> 
     </span>
     <span class='ocr_line' id='line_1_23' title="bbox 743 2630 2278 2714; baseline 0.002 -20"><span class='ocrx_word' id='word_1_136' title='bbox 743 2630 859 2695; x_wconf 84' lang='lat' dir='ltr'>fini</span> <span class='ocrx_word' id='word_1_137' title='bbox 898 2652 914 2694; x_wconf 91' lang='lat'><strong>:</strong></span> <span class='ocrx_word' id='word_1_138' title='bbox 949 2648 1073 2712; x_wconf 83' lang='lat' dir='ltr'>ego</span> <span class='ocrx_word' id='word_1_139' title='bbox 1114 2630 1331 2695; x_wconf 90' lang='lat' dir='ltr'>omnia</span> <span class='ocrx_word' id='word_1_140' title='bbox 1371 2630 1749 2714; x_wconf 88' lang='lat' dir='ltr'>participant</span> <span class='ocrx_word' id='word_1_141' title='bbox 1785 2631 2278 2712; x_wconf 82' lang='lat' dir='ltr'>beatitudinem3</span> 
     </span>
     <span class='ocr_line' id='line_1_24' title="bbox 744 2735 1428 2819; baseline 0 -19"><span class='ocrx_word' id='word_1_142' title='bbox 744 2737 916 2819; x_wconf 91' lang='lat' dir='ltr'>quod</span> <span class='ocrx_word' id='word_1_143' title='bbox 933 2735 1283 2802; x_wconf 85' lang='lat' dir='ltr'>absurdum</span> <span class='ocrx_word' id='word_1_144' title='bbox 1310 2740 1428 2800; x_wconf 90' lang='lat' dir='ltr'>est.</span> 
     </span>
    </p>

    <p class='ocr_par' dir='ltr' id='par_1_11' title="bbox 747 2842 2291 3248">
     <span class='ocr_line' id='line_1_25' title="bbox 826 2842 2285 2928; baseline 0.003 -20"><span class='ocrx_word' id='word_1_145' title='bbox 826 2849 887 2909; x_wconf 75' lang='lat'>4.</span> <span class='ocrx_word' id='word_1_146' title='bbox 931 2844 1121 2924; x_wconf 84' lang='lat' dir='ltr'>Item,</span> <span class='ocrx_word' id='word_1_147' title='bbox 1175 2844 1425 2909; x_wconf 86' lang='lat' dir='ltr'>bonitas</span> <span class='ocrx_word' id='word_1_148' title='bbox 1449 2842 1694 2909; x_wconf 87' lang='lat' dir='ltr'>ordinis</span> <span class='ocrx_word' id='word_1_149' title='bbox 1720 2846 1954 2928; x_wconf 81' lang='lat' dir='ltr'>pendet</span> <span class='ocrx_word' id='word_1_150' title='bbox 1989 2864 2073 2911; x_wconf 85' lang='lat' dir='ltr'>ex</span> <span class='ocrx_word' id='word_1_151' title='bbox 2098 2847 2285 2912; x_wconf 90' lang='lat' dir='ltr'>boni-</span> 
     </span>
     <span class='ocr_line' id='line_1_26' title="bbox 747 2952 2282 3035; baseline 0.005 -20"><span class='ocrx_word' id='word_1_152' title='bbox 747 2956 874 3016; x_wconf 88' lang='lat' dir='ltr'>tate</span> <span class='ocrx_word' id='word_1_153' title='bbox 887 2952 1190 3033; x_wconf 88' lang='lat' dir='ltr'>partium,</span> <span class='ocrx_word' id='word_1_154' title='bbox 1212 2952 1378 3017; x_wconf 90' lang='lat' dir='ltr'>sicut</span> <span class='ocrx_word' id='word_1_155' title='bbox 1398 2954 1825 3035; x_wconf 83' lang='lat' dir='ltr'>respectivum</span> <span class='ocrx_word' id='word_1_156' title='bbox 1849 2955 1930 3027; x_wconf 80' lang='lat' dir='ltr'>ab</span> <span class='ocrx_word' id='word_1_157' title='bbox 1953 2955 2244 3023; x_wconf 89' lang='lat' dir='ltr'>absoluto</span> <span class='ocrx_word' id='word_1_158' title='bbox 2267 2979 2282 3022; x_wconf 71' lang='grc' dir='ltr'>ε</span> 
     </span>
     <span class='ocr_line' id='line_1_27' title="bbox 751 3058 2291 3130; baseline 0.005 -8"><span class='ocrx_word' id='word_1_159' title='bbox 751 3058 860 3123; x_wconf 87' lang='lat' dir='ltr'>sed</span> <span class='ocrx_word' id='word_1_160' title='bbox 883 3076 986 3123; x_wconf 90' lang='lat' dir='ltr'>res</span> <span class='ocrx_word' id='word_1_161' title='bbox 1020 3058 1374 3124; x_wconf 90' lang='lat' dir='ltr'>secundum</span> <span class='ocrx_word' id='word_1_162' title='bbox 1407 3077 1543 3126; x_wconf 89' lang='lat' dir='ltr'>esse</span> <span class='ocrx_word' id='word_1_163' title='bbox 1571 3060 1938 3127; x_wconf 87' lang='lat' dir='ltr'>absolutum</span> <span class='ocrx_word' id='word_1_164' title='bbox 1976 3080 2108 3128; x_wconf 92' lang='lat' dir='ltr'>non</span> <span class='ocrx_word' id='word_1_165' title='bbox 2137 3067 2291 3130; x_wconf 88' lang='lat' dir='ltr'>sunt</span> 
     </span>
     <span class='ocr_line' id='line_1_28' title="bbox 752 3166 1766 3248; baseline 0.003 -19"><span class='ocrx_word' id='word_1_166' title='bbox 752 3166 1010 3248; x_wconf 84' lang='lat' dir='ltr'>optimae</span> <span class='ocrx_word' id='word_1_167' title='bbox 1042 3185 1059 3229; x_wconf 75' lang='grc' dir='ltr'><strong><em>ε</em></strong></span> <span class='ocrx_word' id='word_1_168' title='bbox 1093 3184 1254 3248; x_wconf 82' lang='lat' dir='ltr'>ergo</span> <span class='ocrx_word' id='word_1_169' title='bbox 1280 3167 1496 3232; x_wconf 88' lang='lat' dir='ltr'>necin</span> <span class='ocrx_word' id='word_1_170' title='bbox 1522 3168 1766 3232; x_wconf 89' lang='lat' dir='ltr'>ordine.</span> 
     </span>
    </p>
   </div>
   <div class='ocr_carea' id='block_1_9' title="bbox 1291 3434 1741 3505">
    <p class='ocr_par' dir='ltr' id='par_1_12' title="bbox 1291 3434 1741 3505">
     <span class='ocr_line' id='line_1_29' title="bbox 1291 3434 1741 3505; baseline 0.002 -4"><span class='ocrx_word' id='word_1_171' title='bbox 1291 3434 1741 3505; x_wconf 87' lang='lat' dir='ltr'>CONCLUSIO.</span> 
     </span>
    </p>
   </div>
   <div class='ocr_carea' id='block_1_10' title="bbox 748 3591 2292 3842">
    <p class='ocr_par' dir='ltr' id='par_1_13' title="bbox 748 3591 2292 3842">
     <span class='ocr_line' id='line_1_30' title="bbox 748 3591 2290 3667; baseline 0.006 -23"><span class='ocrx_word' id='word_1_172' title='bbox 748 3591 888 3647; x_wconf 65' lang='lat' dir='ltr'>Deras</span> <span class='ocrx_word' id='word_1_173' title='bbox 919 3606 1028 3646; x_wconf 80' lang='lat' dir='ltr'>non</span> <span class='ocrx_word' id='word_1_174' title='bbox 1051 3594 1236 3664; x_wconf 77' lang='lat' dir='ltr'>potuit</span> <span class='ocrx_word' id='word_1_175' title='bbox 1255 3596 1445 3665; x_wconf 78' lang='lat' dir='ltr'>partes</span> <span class='ocrx_word' id='word_1_176' title='bbox 1469 3596 1684 3667; x_wconf 81' lang='lat' dir='ltr'>primas</span> <span class='ocrx_word' id='word_1_177' title='bbox 1708 3597 1950 3654; x_wconf 78' lang='lat' dir='ltr'>universi</span> <span class='ocrx_word' id='word_1_178' title='bbox 1973 3597 2166 3654; x_wconf 78' lang='lat' dir='ltr'>melius</span> <span class='ocrx_word' id='word_1_179' title='bbox 2201 3613 2290 3653; x_wconf 85' lang='lat' dir='ltr'>or-</span> 
     </span>
     <span class='ocr_line' id='line_1_31' title="bbox 820 3679 2292 3760; baseline 0.008 -27"><span class='ocrx_word' id='word_1_180' title='bbox 820 3679 1030 3745; x_wconf 82' lang='lat' dir='ltr'>dinare,</span> <span class='ocrx_word' id='word_1_181' title='bbox 1060 3695 1226 3751; x_wconf 68' lang='lat' dir='ltr'>neqtae</span> <span class='ocrx_word' id='word_1_182' title='bbox 1251 3682 1534 3739; x_wconf 78' lang='lat' dir='ltr'>secundum</span> <span class='ocrx_word' id='word_1_183' title='bbox 1554 3699 1709 3741; x_wconf 76' lang='lat' dir='ltr'>suam</span> <span class='ocrx_word' id='word_1_184' title='bbox 1731 3686 2097 3759; x_wconf 78' lang='lat' dir='ltr'>sapientiam,</span> <span class='ocrx_word' id='word_1_185' title='bbox 2126 3702 2292 3760; x_wconf 78' lang='lat' dir='ltr'>neque</span> 
     </span>
     <span class='ocr_line' id='line_1_32' title="bbox 818 3768 1304 3842; baseline 0.012 -20"><span class='ocrx_word' id='word_1_186' title='bbox 818 3768 1100 3826; x_wconf 79' lang='lat' dir='ltr'>secundum</span> <span class='ocrx_word' id='word_1_187' title='bbox 1123 3774 1304 3842; x_wconf 75' lang='lat' dir='ltr'>finem.</span> 
     </span>
    </p>
   </div>
   <div class='ocr_carea' id='block_1_11' title="bbox 754 3918 2303 5187">
    <p class='ocr_par' dir='ltr' id='par_1_14' title="bbox 754 3918 2303 5187">
     <span class='ocr_line' id='line_1_33' title="bbox 833 3918 2291 4007; baseline 0.005 -24"><span class='ocrx_word' id='word_1_188' title='bbox 833 3918 1017 4003; x_wconf 87' lang='lat' dir='ltr'>Resp.</span> <span class='ocrx_word' id='word_1_189' title='bbox 1044 3920 1125 3985; x_wconf 94' lang='lat' dir='ltr'>ad</span> <span class='ocrx_word' id='word_1_190' title='bbox 1148 3921 1423 4003; x_wconf 80' lang='lat' dir='ltr'>Argum.</span> <span class='ocrx_word' id='word_1_191' title='bbox 1446 3921 1798 3988; x_wconf 83' lang='lat' dir='ltr'>Dicendum</span> <span class='ocrx_word' id='word_1_192' title='bbox 1822 3924 1995 4007; x_wconf 90' lang='lat' dir='ltr'>quod</span> <span class='ocrx_word' id='word_1_193' title='bbox 2013 3931 2110 3990; x_wconf 90' lang='lat' dir='ltr'>est</span> <span class='ocrx_word' id='word_1_194' title='bbox 2134 3927 2291 3992; x_wconf 88' lang='lat' dir='ltr'>ordo</span> 
     </span>
     <span class='ocr_line' id='line_1_34' title="bbox 754 4027 2287 4114; baseline 0.005 -23"><span class='ocrx_word' id='word_1_195' title='bbox 754 4027 1035 4109; x_wconf 84' lang='lat' dir='ltr'>partium</span> <span class='ocrx_word' id='word_1_196' title='bbox 1061 4027 1131 4090; x_wconf 90' lang='lat' dir='ltr'>in</span> <span class='ocrx_word' id='word_1_197' title='bbox 1154 4031 1290 4092; x_wconf 89' lang='lat' dir='ltr'>toto</span> <span class='ocrx_word' id='word_1_198' title='bbox 1308 4074 1326 4103; x_wconf 91' lang='lat'>,</span> <span class='ocrx_word' id='word_1_199' title='bbox 1356 4032 1421 4093; x_wconf 90' lang='lat' dir='ltr'>et</span> <span class='ocrx_word' id='word_1_200' title='bbox 1444 4034 1539 4094; x_wconf 87' lang='lat' dir='ltr'>est</span> <span class='ocrx_word' id='word_1_201' title='bbox 1563 4031 1719 4095; x_wconf 92' lang='lat' dir='ltr'>ordo</span> <span class='ocrx_word' id='word_1_202' title='bbox 1736 4032 2015 4114; x_wconf 87' lang='lat' dir='ltr'>partium</span> <span class='ocrx_word' id='word_1_203' title='bbox 2040 4033 2109 4097; x_wconf 88' lang='lat' dir='ltr'>in</span> <span class='ocrx_word' id='word_1_204' title='bbox 2136 4034 2287 4098; x_wconf 89' lang='lat' dir='ltr'>fine.</span> 
     </span>
     <span class='ocr_line' id='line_1_35' title="bbox 757 4135 2294 4222; baseline 0.006 -22"><span class='ocrx_word' id='word_1_205' title='bbox 757 4135 1013 4200; x_wconf 86' lang='lat' dir='ltr'>Primus</span> <span class='ocrx_word' id='word_1_206' title='bbox 1054 4138 1211 4203; x_wconf 93' lang='lat' dir='ltr'>ordo</span> <span class='ocrx_word' id='word_1_207' title='bbox 1251 4138 1508 4221; x_wconf 82' lang='lat' dir='ltr'>respicit</span> <span class='ocrx_word' id='word_1_208' title='bbox 1533 4140 1942 4222; x_wconf 81' lang='lat' dir='ltr'>sapientiam3</span> <span class='ocrx_word' id='word_1_209' title='bbox 1974 4143 2294 4209; x_wconf 89' lang='lat' dir='ltr'>secundus</span> 
     </span>
     <span class='ocr_line' id='line_1_36' title="bbox 755 4244 2295 4327; baseline 0.006 -20"><span class='ocrx_word' id='word_1_210' title='bbox 755 4244 912 4309; x_wconf 94' lang='lat' dir='ltr'>ordo</span> <span class='ocrx_word' id='word_1_211' title='bbox 936 4246 1189 4327; x_wconf 83' lang='lat' dir='ltr'>respicit</span> <span class='ocrx_word' id='word_1_212' title='bbox 1206 4245 1578 4312; x_wconf 89' lang='lat' dir='ltr'>bonitatem.</span> <span class='ocrx_word' id='word_1_213' title='bbox 1608 4247 1687 4312; x_wconf 92' lang='lat' dir='ltr'>Et</span> <span class='ocrx_word' id='word_1_214' title='bbox 1718 4252 1870 4312; x_wconf 88' lang='lat' dir='ltr'>sunt</span> <span class='ocrx_word' id='word_1_215' title='bbox 1895 4250 2000 4312; x_wconf 89' lang='lat' dir='ltr'>isti</span> <span class='ocrx_word' id='word_1_216' title='bbox 2026 4250 2157 4315; x_wconf 91' lang='lat' dir='ltr'>duo</span> <span class='ocrx_word' id='word_1_217' title='bbox 2188 4268 2295 4316; x_wconf 90' lang='lat' dir='ltr'>or·</span> 
     </span>
     <span class='ocr_line' id='line_1_37' title="bbox 758 4352 2296 4435; baseline 0.005 -20"><span class='ocrx_word' id='word_1_218' title='bbox 758 4352 937 4415; x_wconf 89' lang='lat' dir='ltr'>dines</span> <span class='ocrx_word' id='word_1_219' title='bbox 961 4352 1051 4415; x_wconf 89' lang='lat' dir='ltr'>ita</span> <span class='ocrx_word' id='word_1_220' title='bbox 1067 4353 1393 4435; x_wconf 87' lang='lat' dir='ltr'>conjuncti</span> <span class='ocrx_word' id='word_1_221' title='bbox 1406 4402 1425 4432; x_wconf 92' lang='lat'>,</span> <span class='ocrx_word' id='word_1_222' title='bbox 1443 4357 1520 4417; x_wconf 91' lang='lat' dir='ltr'>ut</span> <span class='ocrx_word' id='word_1_223' title='bbox 1538 4371 1713 4419; x_wconf 90' lang='lat' dir='ltr'>unus</span> <span class='ocrx_word' id='word_1_224' title='bbox 1736 4353 1919 4419; x_wconf 88' lang='lat' dir='ltr'>alteri</span> <span class='ocrx_word' id='word_1_225' title='bbox 1945 4357 2296 4423; x_wconf 83' lang='lat' dir='ltr'>conforme-</span> 
     </span>
     <span class='ocr_line' id='line_1_38' title="bbox 761 4458 2297 4547; baseline 0.005 -24"><span class='ocrx_word' id='word_1_226' title='bbox 761 4465 900 4539; x_wconf 90' lang='lat' dir='ltr'>tur;</span> <span class='ocrx_word' id='word_1_227' title='bbox 924 4462 989 4522; x_wconf 91' lang='lat' dir='ltr'>et</span> <span class='ocrx_word' id='word_1_228' title='bbox 1015 4458 1169 4524; x_wconf 88' lang='lat' dir='ltr'>ordo</span> <span class='ocrx_word' id='word_1_229' title='bbox 1198 4460 1477 4542; x_wconf 87' lang='lat' dir='ltr'>partium</span> <span class='ocrx_word' id='word_1_230' title='bbox 1501 4460 1568 4523; x_wconf 93' lang='lat' dir='ltr'>in</span> <span class='ocrx_word' id='word_1_231' title='bbox 1587 4460 1889 4527; x_wconf 86' lang='lat' dir='ltr'>universo</span> <span class='ocrx_word' id='word_1_232' title='bbox 1915 4466 2012 4526; x_wconf 89' lang='lat' dir='ltr'>est</span> <span class='ocrx_word' id='word_1_233' title='bbox 2039 4470 2297 4547; x_wconf 90' lang='lat' dir='ltr'>propter</span> 
     </span>
     <span class='ocr_line' id='line_1_39' title="bbox 760 4566 2299 4655; baseline 0.004 -24"><span class='ocrx_word' id='word_1_234' title='bbox 760 4566 1225 4632; x_wconf 82' lang='lat' dir='ltr'>ordinationem</span> <span class='ocrx_word' id='word_1_235' title='bbox 1251 4567 1330 4631; x_wconf 87' lang='lat' dir='ltr'>ad</span> <span class='ocrx_word' id='word_1_236' title='bbox 1362 4567 1582 4634; x_wconf 87' lang='lat' dir='ltr'>finem.</span> <span class='ocrx_word' id='word_1_237' title='bbox 1614 4566 1681 4633; x_wconf 92' lang='lat' dir='ltr'>Si</span> <span class='ocrx_word' id='word_1_238' title='bbox 1710 4573 1927 4635; x_wconf 90' lang='lat' dir='ltr'>autem</span> <span class='ocrx_word' id='word_1_239' title='bbox 1953 4572 2299 4655; x_wconf 90' lang='lat' dir='ltr'>loquamur</span> 
     </span>
     <span class='ocr_line' id='line_1_40' title="bbox 762 4673 2301 4756; baseline 0.004 -18"><span class='ocrx_word' id='word_1_240' title='bbox 762 4673 839 4739; x_wconf 94' lang='lat' dir='ltr'>de</span> <span class='ocrx_word' id='word_1_241' title='bbox 870 4673 1092 4739; x_wconf 90' lang='lat' dir='ltr'>ordine</span> <span class='ocrx_word' id='word_1_242' title='bbox 1116 4674 1397 4756; x_wconf 89' lang='lat' dir='ltr'>partium</span> <span class='ocrx_word' id='word_1_243' title='bbox 1436 4674 1506 4737; x_wconf 88' lang='lat' dir='ltr'>in</span> <span class='ocrx_word' id='word_1_244' title='bbox 1535 4675 1833 4741; x_wconf 84' lang='lat' dir='ltr'>universo</span> <span class='ocrx_word' id='word_1_245' title='bbox 1852 4724 1869 4755; x_wconf 93' lang='lat'>,</span> <span class='ocrx_word' id='word_1_246' title='bbox 1900 4683 2014 4742; x_wconf 89' lang='lat' dir='ltr'>aut</span> <span class='ocrx_word' id='word_1_247' title='bbox 2047 4678 2173 4743; x_wconf 92' lang='lat' dir='ltr'>hoc</span> <span class='ocrx_word' id='word_1_248' title='bbox 2206 4685 2301 4744; x_wconf 89' lang='lat' dir='ltr'>est</span> 
     </span>
     <span class='ocr_line' id='line_1_41' title="bbox 761 4780 2296 4864; baseline 0.004 -20"><span class='ocrx_word' id='word_1_249' title='bbox 761 4785 1075 4862; x_wconf 89' lang='lat' dir='ltr'>quantum</span> <span class='ocrx_word' id='word_1_250' title='bbox 1106 4781 1183 4845; x_wconf 88' lang='lat' dir='ltr'>ad</span> <span class='ocrx_word' id='word_1_251' title='bbox 1214 4787 1423 4863; x_wconf 88' lang='lat' dir='ltr'>partes</span> <span class='ocrx_word' id='word_1_252' title='bbox 1449 4780 1689 4862; x_wconf 86' lang='lat' dir='ltr'>primas</span> <span class='ocrx_word' id='word_1_253' title='bbox 1715 4786 1779 4846; x_wconf 90' lang='lat' dir='ltr'>et</span> <span class='ocrx_word' id='word_1_254' title='bbox 1814 4785 2296 4864; x_wconf 81' lang='lat' dir='ltr'>substantialeS,</span> 
     </span>
     <span class='ocr_line' id='line_1_42' title="bbox 763 4888 2298 4973; baseline 0.003 -22"><span class='ocrx_word' id='word_1_255' title='bbox 763 4893 826 4951; x_wconf 90' lang='lat' dir='ltr'>et</span> <span class='ocrx_word' id='word_1_256' title='bbox 860 4888 950 4951; x_wconf 89' lang='lat' dir='ltr'>sic</span> <span class='ocrx_word' id='word_1_257' title='bbox 976 4888 1216 4971; x_wconf 87' lang='lat' dir='ltr'>absque</span> <span class='ocrx_word' id='word_1_258' title='bbox 1245 4888 1646 4953; x_wconf 87' lang='lat' dir='ltr'>distinctione</span> <span class='ocrx_word' id='word_1_259' title='bbox 1677 4890 1917 4973; x_wconf 90' lang='lat' dir='ltr'>optime</span> <span class='ocrx_word' id='word_1_260' title='bbox 1945 4897 2101 4957; x_wconf 88' lang='lat' dir='ltr'>sunt</span> <span class='ocrx_word' id='word_1_261' title='bbox 2124 4894 2298 4958; x_wconf 88' lang='lat' dir='ltr'>ordi-</span> 
     </span>
     <span class='ocr_line' id='line_1_43' title="bbox 764 4992 2300 5081; baseline 0.006 -25"><span class='ocrx_word' id='word_1_262' title='bbox 764 4998 965 5073; x_wconf 81' lang='lat' dir='ltr'>natae,</span> <span class='ocrx_word' id='word_1_263' title='bbox 1005 4995 1093 5060; x_wconf 88' lang='lat' dir='ltr'>ita</span> <span class='ocrx_word' id='word_1_264' title='bbox 1127 4992 1299 5077; x_wconf 91' lang='lat' dir='ltr'>quod</span> <span class='ocrx_word' id='word_1_265' title='bbox 1330 4994 1563 5058; x_wconf 89' lang='lat' dir='ltr'>melius</span> <span class='ocrx_word' id='word_1_266' title='bbox 1595 4995 1875 5059; x_wconf 89' lang='lat' dir='ltr'>ordinari</span> <span class='ocrx_word' id='word_1_267' title='bbox 1903 5015 2034 5061; x_wconf 92' lang='lat' dir='ltr'>non</span> <span class='ocrx_word' id='word_1_268' title='bbox 2068 5005 2300 5081; x_wconf 89' lang='lat' dir='ltr'>potue-</span> 
     </span>
     <span class='ocr_line' id='line_1_44' title="bbox 770 5100 2303 5187; baseline 0.005 -23"><span class='ocrx_word' id='word_1_269' title='bbox 770 5106 943 5179; x_wconf 91' lang='lat' dir='ltr'>runt,</span> <span class='ocrx_word' id='word_1_270' title='bbox 958 5101 1110 5182; x_wconf 90' lang='lat' dir='ltr'>quia</span> <span class='ocrx_word' id='word_1_271' title='bbox 1119 5101 1189 5165; x_wconf 90' lang='lat' dir='ltr'>in</span> <span class='ocrx_word' id='word_1_272' title='bbox 1198 5101 1289 5165; x_wconf 90' lang='lat' dir='ltr'>eis</span> <span class='ocrx_word' id='word_1_273' title='bbox 1299 5100 1586 5164; x_wconf 81' lang='lat' dir='ltr'>consistit</span> <span class='ocrx_word' id='word_1_274' title='bbox 1606 5101 1760 5166; x_wconf 93' lang='lat' dir='ltr'>ordo</span> <span class='ocrx_word' id='word_1_275' title='bbox 1770 5103 2222 5187; x_wconf 88' lang='lat' dir='ltr'>substantialis,</span> <span class='ocrx_word' id='word_1_276' title='bbox 2241 5112 2303 5171; x_wconf 91' lang='lat' dir='ltr'>et</span> 
     </span>
    </p>
   </div>
   <div class='ocr_carea' id='block_1_12' title="bbox 765 5259 2305 5395">
    <p class='ocr_par' dir='ltr' id='par_1_15' title="bbox 765 5259 2305 5395">
     <span class='ocr_line' id='line_1_45' title="bbox 828 5259 2305 5332; baseline 0.007 -22"><span class='ocrx_word' id='word_1_277' title='bbox 828 5261 1037 5323; x_wconf 47' lang='grc' dir='ltr'>ἈΓΕ-ι,</span> <span class='ocrx_word' id='word_1_278' title='bbox 1068 5259 1342 5325; x_wconf 72' lang='lat' dir='ltr'>metaphys.</span> <span class='ocrx_word' id='word_1_279' title='bbox 1378 5260 1467 5311; x_wconf 90' lang='lat' dir='ltr'>lib.</span> <span class='ocrx_word' id='word_1_280' title='bbox 1497 5261 1567 5325; x_wconf 85' lang='grc' dir='ltr'>ΙΙ,</span> <span class='ocrx_word' id='word_1_281' title='bbox 1597 5267 1734 5311; x_wconf 81' lang='lat' dir='ltr'>cont.</span> <span class='ocrx_word' id='word_1_282' title='bbox 1760 5265 1874 5311; x_wconf 78' lang='grc'>2.-</span> <span class='ocrx_word' id='word_1_283' title='bbox 1904 5266 1928 5299; x_wconf 82' lang='lat'>²</span> <span class='ocrx_word' id='word_1_284' title='bbox 1964 5266 2037 5315; x_wconf 82' lang='lat' dir='ltr'>lta</span> <span class='ocrx_word' id='word_1_285' title='bbox 2066 5269 2215 5332; x_wconf 57' lang='lat' dir='ltr'>Aug„</span> <span class='ocrx_word' id='word_1_286' title='bbox 2245 5267 2305 5321; x_wconf 83' lang='lat' dir='ltr'>de</span> 
     </span>
     <span class='ocr_line' id='line_1_46' title="bbox 765 5330 1560 5395; baseline 0.003 -14"><span class='ocrx_word' id='word_1_287' title='bbox 765 5330 917 5382; x_wconf 79' lang='lat' dir='ltr'>civit.</span> <span class='ocrx_word' id='word_1_288' title='bbox 947 5332 1042 5381; x_wconf 79' lang='lat' dir='ltr'>Dei</span> <span class='ocrx_word' id='word_1_289' title='bbox 1054 5368 1075 5395; x_wconf 87' lang='lat'><em>‚</em></span> <span class='ocrx_word' id='word_1_290' title='bbox 1101 5330 1189 5382; x_wconf 79' lang='lat' dir='ltr'>lib.</span> <span class='ocrx_word' id='word_1_291' title='bbox 1217 5332 1276 5381; x_wconf 78' lang='grc' dir='ltr'>ΧΙ</span> <span class='ocrx_word' id='word_1_292' title='bbox 1300 5366 1317 5393; x_wconf 88' lang='grc'>,</span> <span class='ocrx_word' id='word_1_293' title='bbox 1344 5346 1389 5382; x_wconf 88' lang='lat' dir='ltr'>c.</span> <span class='ocrx_word' id='word_1_294' title='bbox 1412 5344 1560 5386; x_wconf 78' lang='lat' dir='ltr'>xvm.</span> 
     </span>
    </p>
   </div>
   <div class='ocr_carea' id='block_1_13' title="bbox 1867 346 2778 414">
    <p class='ocr_par' dir='ltr' id='par_1_16' title="bbox 1867 346 2778 414">
     <span class='ocr_line' id='line_1_47' title="bbox 1867 346 2778 414; baseline -0.002 -1"><span class='ocrx_word' id='word_1_295' title='bbox 1867 346 2494 414; x_wconf 84' lang='lat' dir='ltr'><strong>SENTENTIARUM</strong></span> <span class='ocrx_word' id='word_1_296' title='bbox 2534 347 2685 413; x_wconf 78' lang='lat' dir='ltr'>Llss.</span> <span class='ocrx_word' id='word_1_297' title='bbox 2730 346 2778 411; x_wconf 92' lang='lat'>1.</span> 
     </span>
    </p>
   </div>
   <div class='ocr_carea' id='block_1_14' title="bbox 2373 481 3932 5077">
    <p class='ocr_par' dir='ltr' id='par_1_17' title="bbox 2373 481 3927 3239">
     <span class='ocr_line' id='line_1_48' title="bbox 2376 481 3913 567; baseline -0.001 -19"><span class='ocrx_word' id='word_1_298' title='bbox 2376 482 2784 567; x_wconf 79' lang='lat' dir='ltr'>pulchritudo</span> <span class='ocrx_word' id='word_1_299' title='bbox 2801 481 3089 547; x_wconf 78' lang='lat' dir='ltr'>universi</span> <span class='ocrx_word' id='word_1_300' title='bbox 3107 482 3547 548; x_wconf 81' lang='lat' dir='ltr'>immutabilis.</span> <span class='ocrx_word' id='word_1_301' title='bbox 3573 481 3694 546; x_wconf 77' lang='lat' dir='ltr'>Vel</span> <span class='ocrx_word' id='word_1_302' title='bbox 3712 500 3913 565; x_wconf 84' lang='lat' dir='ltr'>quan-</span> 
     </span>
     <span class='ocr_line' id='line_1_49' title="bbox 2373 588 3917 672; baseline -0.001 -18"><span class='ocrx_word' id='word_1_303' title='bbox 2373 594 2515 654; x_wconf 89' lang='lat' dir='ltr'>tum</span> <span class='ocrx_word' id='word_1_304' title='bbox 2543 589 2624 654; x_wconf 94' lang='lat' dir='ltr'>ad</span> <span class='ocrx_word' id='word_1_305' title='bbox 2648 591 2861 672; x_wconf 87' lang='lat' dir='ltr'>partes</span> <span class='ocrx_word' id='word_1_306' title='bbox 2900 588 3367 671; x_wconf 62' lang='lat' dir='ltr'>corruptibiles,</span> <span class='ocrx_word' id='word_1_307' title='bbox 3402 594 3465 653; x_wconf 92' lang='lat' dir='ltr'>et</span> <span class='ocrx_word' id='word_1_308' title='bbox 3491 591 3802 667; x_wconf 87' lang='lat' dir='ltr'>remotas,</span> <span class='ocrx_word' id='word_1_309' title='bbox 3852 594 3917 654; x_wconf 89' lang='lat' dir='ltr'>et</span> 
     </span>
     <span class='ocr_line' id='line_1_50' title="bbox 2374 672 3917 778; baseline -0.001 -18"><span class='ocrx_word' id='word_1_310' title='bbox 2374 695 2499 761; x_wconf 93' lang='lat' dir='ltr'>hoc</span> <span class='ocrx_word' id='word_1_311' title='bbox 2525 695 2858 778; x_wconf 86' lang='lat' dir='ltr'>dupliciter</span> <span class='ocrx_word' id='word_1_312' title='bbox 2887 717 2904 759; x_wconf 71' lang='grc' dir='ltr'>ε</span> <span class='ocrx_word' id='word_1_313' title='bbox 2935 699 3048 760; x_wconf 91' lang='lat' dir='ltr'>aut</span> <span class='ocrx_word' id='word_1_314' title='bbox 3086 694 3370 760; x_wconf 86' lang='lat' dir='ltr'>absolute</span> <span class='ocrx_word' id='word_1_315' title='bbox 3410 698 3475 759; x_wconf 93' lang='lat' dir='ltr'>et</span> <span class='ocrx_word' id='word_1_316' title='bbox 3510 697 3585 759; x_wconf 90' lang='lat' dir='ltr'>ut</span> <span class='ocrx_word' id='word_1_317' title='bbox 3612 672 3792 759; x_wconf 81' lang='lat' dir='ltr'>nunc</span> <span class='ocrx_word' id='word_1_318' title='bbox 3808 742 3827 773; x_wconf 97' lang='lat'>,</span> <span class='ocrx_word' id='word_1_319' title='bbox 3855 698 3917 759; x_wconf 87' lang='lat' dir='ltr'>et</span> 
     </span>
     <span class='ocr_line' id='line_1_51' title="bbox 2376 800 3916 886; baseline -0.001 -19"><span class='ocrx_word' id='word_1_320' title='bbox 2376 803 2467 867; x_wconf 89' lang='lat' dir='ltr'>sic</span> <span class='ocrx_word' id='word_1_321' title='bbox 2494 805 2842 886; x_wconf 86' lang='lat' dir='ltr'>potuerunt</span> <span class='ocrx_word' id='word_1_322' title='bbox 2867 802 3097 866; x_wconf 88' lang='lat' dir='ltr'>melius</span> <span class='ocrx_word' id='word_1_323' title='bbox 3134 802 3418 867; x_wconf 89' lang='lat' dir='ltr'>ordinari</span> <span class='ocrx_word' id='word_1_324' title='bbox 3432 849 3450 880; x_wconf 93' lang='lat'>,</span> <span class='ocrx_word' id='word_1_325' title='bbox 3485 805 3549 866; x_wconf 92' lang='lat' dir='ltr'>et</span> <span class='ocrx_word' id='word_1_326' title='bbox 3574 800 3916 882; x_wconf 84' lang='lat' dir='ltr'>aliquando</span> 
     </span>
     <span class='ocr_line' id='line_1_52' title="bbox 2377 908 3920 993; baseline -0.003 -16"><span class='ocrx_word' id='word_1_327' title='bbox 2377 916 2568 977; x_wconf 89' lang='lat' dir='ltr'>erunt</span> <span class='ocrx_word' id='word_1_328' title='bbox 2590 911 2822 977; x_wconf 83' lang='lat' dir='ltr'>melius</span> <span class='ocrx_word' id='word_1_329' title='bbox 2848 911 3190 989; x_wconf 85' lang='lat' dir='ltr'>ordinatae;</span> <span class='ocrx_word' id='word_1_330' title='bbox 3219 914 3334 975; x_wconf 81' lang='lat' dir='ltr'>aut</span> <span class='ocrx_word' id='word_1_331' title='bbox 3356 909 3732 993; x_wconf 83' lang='lat' dir='ltr'>simpliciter</span> <span class='ocrx_word' id='word_1_332' title='bbox 3764 911 3827 973; x_wconf 91' lang='lat' dir='ltr'>et</span> <span class='ocrx_word' id='word_1_333' title='bbox 3852 908 3920 972; x_wconf 89' lang='lat' dir='ltr'>iu</span> 
     </span>
     <span class='ocr_line' id='line_1_53' title="bbox 2376 1016 3921 1099; baseline -0.004 -12"><span class='ocrx_word' id='word_1_334' title='bbox 2376 1021 2680 1087; x_wconf 81' lang='lat' dir='ltr'>relatione</span> <span class='ocrx_word' id='word_1_335' title='bbox 2715 1018 2792 1084; x_wconf 91' lang='lat' dir='ltr'>ad</span> <span class='ocrx_word' id='word_1_336' title='bbox 2836 1021 3033 1085; x_wconf 85' lang='lat' dir='ltr'>finem</span> <span class='ocrx_word' id='word_1_337' title='bbox 3046 1069 3065 1099; x_wconf 91' lang='lat'>,</span> <span class='ocrx_word' id='word_1_338' title='bbox 3095 1024 3160 1083; x_wconf 88' lang='lat' dir='ltr'>et</span> <span class='ocrx_word' id='word_1_339' title='bbox 3199 1019 3289 1083; x_wconf 90' lang='lat' dir='ltr'>sic</span> <span class='ocrx_word' id='word_1_340' title='bbox 3330 1022 3482 1083; x_wconf 87' lang='lat' dir='ltr'>sunt</span> <span class='ocrx_word' id='word_1_341' title='bbox 3520 1035 3629 1082; x_wconf 87' lang='lat' dir='ltr'>res</span> <span class='ocrx_word' id='word_1_342' title='bbox 3681 1016 3921 1099; x_wconf 82' lang='lat' dir='ltr'>optime</span> 
     </span>
     <span class='ocr_line' id='line_1_54' title="bbox 2379 1123 3919 1208; baseline -0.005 -13"><span class='ocrx_word' id='word_1_343' title='bbox 2379 1129 2691 1195; x_wconf 83' lang='lat' dir='ltr'>ordinatae</span> <span class='ocrx_word' id='word_1_344' title='bbox 2712 1128 2782 1192; x_wconf 91' lang='lat' dir='ltr'>in</span> <span class='ocrx_word' id='word_1_345' title='bbox 2809 1127 3112 1192; x_wconf 81' lang='lat' dir='ltr'>universo</span> <span class='ocrx_word' id='word_1_346' title='bbox 3126 1174 3144 1202; x_wconf 94' lang='lat'>,</span> <span class='ocrx_word' id='word_1_347' title='bbox 3174 1126 3529 1191; x_wconf 90' lang='lat' dir='ltr'>secundum</span> <span class='ocrx_word' id='word_1_348' title='bbox 3562 1123 3737 1208; x_wconf 91' lang='lat' dir='ltr'>quod</span> <span class='ocrx_word' id='word_1_349' title='bbox 3766 1141 3919 1189; x_wconf 86' lang='lat' dir='ltr'>con-</span> 
     </span>
     <span class='ocr_line' id='line_1_55' title="bbox 2380 1232 3921 1315; baseline -0.005 -13"><span class='ocrx_word' id='word_1_350' title='bbox 2380 1237 2557 1303; x_wconf 84' lang='lat' dir='ltr'>venit</span> <span class='ocrx_word' id='word_1_351' title='bbox 2591 1236 2800 1301; x_wconf 81' lang='lat' dir='ltr'>ordini</span> <span class='ocrx_word' id='word_1_352' title='bbox 2826 1236 2896 1299; x_wconf 90' lang='lat' dir='ltr'>in</span> <span class='ocrx_word' id='word_1_353' title='bbox 2922 1235 3146 1300; x_wconf 86' lang='lat' dir='ltr'>finem.</span> <span class='ocrx_word' id='word_1_354' title='bbox 3190 1233 3573 1315; x_wconf 87' lang='lat' dir='ltr'>Simpliciter</span> <span class='ocrx_word' id='word_1_355' title='bbox 3598 1232 3775 1296; x_wconf 84' lang='lat' dir='ltr'>enim</span> <span class='ocrx_word' id='word_1_356' title='bbox 3811 1249 3921 1315; x_wconf 87' lang='lat' dir='ltr'>op-</span> 
     </span>
     <span class='ocr_line' id='line_1_56' title="bbox 2380 1338 3922 1418; baseline -0.006 -6"><span class='ocrx_word' id='word_1_357' title='bbox 2380 1346 2535 1412; x_wconf 86' lang='lat' dir='ltr'>time</span> <span class='ocrx_word' id='word_1_358' title='bbox 2553 1344 2857 1413; x_wconf 85' lang='lat' dir='ltr'>ordinatae</span> <span class='ocrx_word' id='word_1_359' title='bbox 2878 1347 3029 1408; x_wconf 87' lang='lat' dir='ltr'>sunt</span> <span class='ocrx_word' id='word_1_360' title='bbox 3049 1361 3153 1408; x_wconf 91' lang='lat' dir='ltr'>res</span> <span class='ocrx_word' id='word_1_361' title='bbox 3169 1342 3238 1405; x_wconf 90' lang='lat' dir='ltr'>in</span> <span class='ocrx_word' id='word_1_362' title='bbox 3256 1343 3479 1418; x_wconf 85' lang='lat' dir='ltr'>finem,</span> <span class='ocrx_word' id='word_1_363' title='bbox 3501 1340 3685 1404; x_wconf 89' lang='lat' dir='ltr'>salvo</span> <span class='ocrx_word' id='word_1_364' title='bbox 3700 1338 3922 1403; x_wconf 84' lang='lat' dir='ltr'>ordine</span> 
     </span>
     <span class='ocr_line' id='line_1_57' title="bbox 2381 1446 3923 1536; baseline -0.007 -16"><span class='ocrx_word' id='word_1_365' title='bbox 2381 1454 2691 1532; x_wconf 85' lang='lat' dir='ltr'>universi,</span> <span class='ocrx_word' id='word_1_366' title='bbox 2711 1454 2864 1536; x_wconf 89' lang='lat' dir='ltr'>quia</span> <span class='ocrx_word' id='word_1_367' title='bbox 2878 1452 3261 1517; x_wconf 80' lang='lat' dir='ltr'>universum</span> <span class='ocrx_word' id='word_1_368' title='bbox 3279 1452 3301 1485; x_wconf 81' lang='lat'>²</span> <span class='ocrx_word' id='word_1_369' title='bbox 3317 1454 3413 1513; x_wconf 89' lang='lat' dir='ltr'>est</span> <span class='ocrx_word' id='word_1_370' title='bbox 3439 1453 3757 1531; x_wconf 85' lang='lat' dir='ltr'>tanquam</span> <span class='ocrx_word' id='word_1_371' title='bbox 3781 1446 3923 1529; x_wconf 88' lang='lat' dir='ltr'>pul-</span> 
     </span>
     <span class='ocr_line' id='line_1_58' title="bbox 2383 1552 3926 1643; baseline -0.006 -17"><span class='ocrx_word' id='word_1_372' title='bbox 2383 1560 2775 1626; x_wconf 88' lang='lat' dir='ltr'>cherrimum</span> <span class='ocrx_word' id='word_1_373' title='bbox 2793 1579 3048 1626; x_wconf 89' lang='lat' dir='ltr'>carmen</span> <span class='ocrx_word' id='word_1_374' title='bbox 3071 1558 3243 1643; x_wconf 87' lang='lat' dir='ltr'>quod</span> <span class='ocrx_word' id='word_1_375' title='bbox 3265 1556 3547 1632; x_wconf 82' lang='lat' dir='ltr'>decurrit</span> <span class='ocrx_word' id='word_1_376' title='bbox 3562 1552 3926 1619; x_wconf 90' lang='lat' dir='ltr'>secundum</span> 
     </span>
     <span class='ocr_line' id='line_1_59' title="bbox 2384 1662 3924 1751; baseline -0.006 -19"><span class='ocrx_word' id='word_1_377' title='bbox 2384 1668 2655 1751; x_wconf 90' lang='lat' dir='ltr'>optimas</span> <span class='ocrx_word' id='word_1_378' title='bbox 2683 1667 3156 1747; x_wconf 81' lang='lat' dir='ltr'>consonantias,</span> <span class='ocrx_word' id='word_1_379' title='bbox 3200 1665 3341 1730; x_wconf 88' lang='lat' dir='ltr'>aliis</span> <span class='ocrx_word' id='word_1_380' title='bbox 3372 1662 3667 1747; x_wconf 86' lang='lat' dir='ltr'>partibus</span> <span class='ocrx_word' id='word_1_381' title='bbox 3700 1677 3924 1727; x_wconf 86' lang='lat' dir='ltr'>succe·</span> 
     </span>
     <span class='ocr_line' id='line_1_60' title="bbox 2385 1769 3924 1859; baseline -0.006 -18"><span class='ocrx_word' id='word_1_382' title='bbox 2385 1776 2681 1843; x_wconf 84' lang='lat' dir='ltr'>dentibus</span> <span class='ocrx_word' id='word_1_383' title='bbox 2717 1776 2886 1857; x_wconf 87' lang='lat' dir='ltr'>aliis,</span> <span class='ocrx_word' id='word_1_384' title='bbox 2929 1793 3265 1859; x_wconf 83' lang='lat' dir='ltr'>quousque</span> <span class='ocrx_word' id='word_1_385' title='bbox 3301 1791 3405 1839; x_wconf 91' lang='lat' dir='ltr'>res</span> <span class='ocrx_word' id='word_1_386' title='bbox 3436 1772 3715 1856; x_wconf 84' lang='lat' dir='ltr'>perfecte</span> <span class='ocrx_word' id='word_1_387' title='bbox 3743 1769 3924 1834; x_wconf 91' lang='lat' dir='ltr'>ordi-</span> 
     </span>
     <span class='ocr_line' id='line_1_61' title="bbox 2383 1877 3925 1963; baseline -0.004 -15"><span class='ocrx_word' id='word_1_388' title='bbox 2383 1887 2623 1949; x_wconf 86' lang='lat' dir='ltr'>nentur</span> <span class='ocrx_word' id='word_1_389' title='bbox 2647 1883 2719 1947; x_wconf 89' lang='lat' dir='ltr'>in</span> <span class='ocrx_word' id='word_1_390' title='bbox 2745 1884 2964 1947; x_wconf 80' lang='lat' dir='ltr'>finem.</span> <span class='ocrx_word' id='word_1_391' title='bbox 2994 1882 3173 1948; x_wconf 88' lang='lat' dir='ltr'>Unde</span> <span class='ocrx_word' id='word_1_392' title='bbox 3211 1883 3375 1947; x_wconf 88' lang='lat' dir='ltr'>sicut</span> <span class='ocrx_word' id='word_1_393' title='bbox 3400 1882 3469 1944; x_wconf 89' lang='lat' dir='ltr'>in</span> <span class='ocrx_word' id='word_1_394' title='bbox 3504 1877 3925 1963; x_wconf 87' lang='lat' dir='ltr'>productione</span> 
     </span>
     <span class='ocr_line' id='line_1_62' title="bbox 2384 1987 3924 2074; baseline -0.004 -18"><span class='ocrx_word' id='word_1_395' title='bbox 2384 2009 2605 2057; x_wconf 91' lang='lat' dir='ltr'>rerum</span> <span class='ocrx_word' id='word_1_396' title='bbox 2633 1991 3071 2056; x_wconf 73' lang='lat' dir='ltr'>manifestatur</span> <span class='ocrx_word' id='word_1_397' title='bbox 3092 1991 3405 2074; x_wconf 86' lang='lat' dir='ltr'>potentia,</span> <span class='ocrx_word' id='word_1_398' title='bbox 3434 1987 3545 2053; x_wconf 85' lang='lat' dir='ltr'>sed</span> <span class='ocrx_word' id='word_1_399' title='bbox 3571 1987 3645 2051; x_wconf 91' lang='lat' dir='ltr'>in</span> <span class='ocrx_word' id='word_1_400' title='bbox 3665 2003 3924 2066; x_wconf 88' lang='lat' dir='ltr'>compa-</span> 
     </span>
     <span class='ocr_line' id='line_1_63' title="bbox 2386 2093 3922 2178; baseline -0.005 -16"><span class='ocrx_word' id='word_1_401' title='bbox 2386 2098 2661 2178; x_wconf 88' lang='lat' dir='ltr'>ratione,</span> <span class='ocrx_word' id='word_1_402' title='bbox 2690 2099 2826 2162; x_wconf 87' lang='lat' dir='ltr'>sive</span> <span class='ocrx_word' id='word_1_403' title='bbox 2854 2097 2925 2161; x_wconf 91' lang='lat' dir='ltr'>in</span> <span class='ocrx_word' id='word_1_404' title='bbox 2945 2096 3168 2163; x_wconf 89' lang='lat' dir='ltr'>ordine</span> <span class='ocrx_word' id='word_1_405' title='bbox 3190 2115 3324 2162; x_wconf 88' lang='lat' dir='ltr'>non</span> <span class='ocrx_word' id='word_1_406' title='bbox 3342 2094 3507 2160; x_wconf 87' lang='lat' dir='ltr'>entis</span> <span class='ocrx_word' id='word_1_407' title='bbox 3534 2093 3620 2158; x_wconf 86' lang='lat' dir='ltr'>ad</span> <span class='ocrx_word' id='word_1_408' title='bbox 3646 2110 3794 2171; x_wconf 77' lang='lat' dir='ltr'>enS,</span> <span class='ocrx_word' id='word_1_409' title='bbox 3824 2108 3922 2156; x_wconf 90' lang='lat' dir='ltr'>os-</span> 
     </span>
     <span class='ocr_line' id='line_1_64' title="bbox 2386 2199 3920 2287; baseline -0.005 -17"><span class='ocrx_word' id='word_1_410' title='bbox 2386 2206 2668 2271; x_wconf 84' lang='lat' dir='ltr'>tenditur</span> <span class='ocrx_word' id='word_1_411' title='bbox 2708 2223 2962 2270; x_wconf 87' lang='lat' dir='ltr'>summa</span> <span class='ocrx_word' id='word_1_412' title='bbox 3003 2204 3283 2287; x_wconf 86' lang='lat' dir='ltr'>potentia</span> <span class='ocrx_word' id='word_1_413' title='bbox 3320 2221 3545 2269; x_wconf 84' lang='lat' dir='ltr'>creans</span> <span class='ocrx_word' id='word_1_414' title='bbox 3577 2219 3664 2265; x_wconf 84' lang='lat' dir='ltr'>ex</span> <span class='ocrx_word' id='word_1_415' title='bbox 3692 2199 3920 2279; x_wconf 86' lang='lat' dir='ltr'>nihilo;</span> 
     </span>
     <span class='ocr_line' id='line_1_65' title="bbox 2386 2306 3926 2379; baseline -0.005 -1"><span class='ocrx_word' id='word_1_416' title='bbox 2386 2315 2478 2378; x_wconf 90' lang='lat' dir='ltr'>sic</span> <span class='ocrx_word' id='word_1_417' title='bbox 2503 2314 2660 2379; x_wconf 92' lang='lat' dir='ltr'>ordo</span> <span class='ocrx_word' id='word_1_418' title='bbox 2684 2330 2906 2377; x_wconf 88' lang='lat' dir='ltr'>rerum</span> <span class='ocrx_word' id='word_1_419' title='bbox 2925 2312 2994 2376; x_wconf 89' lang='lat' dir='ltr'>in</span> <span class='ocrx_word' id='word_1_420' title='bbox 3018 2313 3320 2377; x_wconf 86' lang='lat' dir='ltr'>universo</span> <span class='ocrx_word' id='word_1_421' title='bbox 3344 2311 3417 2376; x_wconf 89' lang='lat' dir='ltr'>in</span> <span class='ocrx_word' id='word_1_422' title='bbox 3441 2327 3508 2377; x_wconf 82' lang='lat' dir='ltr'>se</span> <span class='ocrx_word' id='word_1_423' title='bbox 3529 2306 3808 2374; x_wconf 86' lang='lat' dir='ltr'>ostendit</span> <span class='ocrx_word' id='word_1_424' title='bbox 3825 2325 3926 2371; x_wconf 88' lang='lat' dir='ltr'>sa-</span> 
     </span>
     <span class='ocr_line' id='line_1_66' title="bbox 2388 2412 3927 2504; baseline -0.004 -21"><span class='ocrx_word' id='word_1_425' title='bbox 2388 2419 2726 2504; x_wconf 79' lang='lat' dir='ltr'>pientiam,</span> <span class='ocrx_word' id='word_1_426' title='bbox 2754 2423 2818 2483; x_wconf 90' lang='lat' dir='ltr'>et</span> <span class='ocrx_word' id='word_1_427' title='bbox 2846 2418 3001 2483; x_wconf 89' lang='lat' dir='ltr'>ordo</span> <span class='ocrx_word' id='word_1_428' title='bbox 3028 2417 3108 2482; x_wconf 90' lang='lat' dir='ltr'>ad</span> <span class='ocrx_word' id='word_1_429' title='bbox 3134 2418 3333 2481; x_wconf 84' lang='lat' dir='ltr'>finem</span> <span class='ocrx_word' id='word_1_430' title='bbox 3349 2464 3367 2495; x_wconf 91' lang='lat'>,</span> <span class='ocrx_word' id='word_1_431' title='bbox 3396 2416 3790 2492; x_wconf 87' lang='lat' dir='ltr'>bonitatem;</span> <span class='ocrx_word' id='word_1_432' title='bbox 3822 2412 3927 2478; x_wconf 87' lang='lat' dir='ltr'>sed</span> 
     </span>
     <span class='ocr_line' id='line_1_67' title="bbox 2388 2519 3921 2611; baseline -0.006 -18"><span class='ocrx_word' id='word_1_433' title='bbox 2388 2529 2459 2592; x_wconf 91' lang='lat' dir='ltr'>in</span> <span class='ocrx_word' id='word_1_434' title='bbox 2485 2527 2955 2611; x_wconf 87' lang='lat' dir='ltr'>comparatione</span> <span class='ocrx_word' id='word_1_435' title='bbox 2982 2525 3177 2590; x_wconf 86' lang='lat' dir='ltr'>unius</span> <span class='ocrx_word' id='word_1_436' title='bbox 3201 2525 3283 2589; x_wconf 84' lang='lat' dir='ltr'>ad</span> <span class='ocrx_word' id='word_1_437' title='bbox 3307 2524 3620 2603; x_wconf 88' lang='lat' dir='ltr'>alterum,</span> <span class='ocrx_word' id='word_1_438' title='bbox 3650 2519 3921 2587; x_wconf 89' lang='lat' dir='ltr'>ostendi-</span> 
     </span>
     <span class='ocr_line' id='line_1_68' title="bbox 2390 2634 3923 2721; baseline -0.004 -18"><span class='ocrx_word' id='word_1_439' title='bbox 2390 2641 2501 2703; x_wconf 91' lang='lat' dir='ltr'>tur</span> <span class='ocrx_word' id='word_1_440' title='bbox 2537 2656 2794 2703; x_wconf 88' lang='lat' dir='ltr'>summa</span> <span class='ocrx_word' id='word_1_441' title='bbox 2844 2636 3154 2721; x_wconf 86' lang='lat' dir='ltr'>sapientia</span> <span class='ocrx_word' id='word_1_442' title='bbox 3172 2683 3191 2714; x_wconf 93' lang='lat'>,</span> <span class='ocrx_word' id='word_1_443' title='bbox 3242 2639 3306 2703; x_wconf 71' lang='lat' dir='ltr'>et</span> <span class='ocrx_word' id='word_1_444' title='bbox 3348 2652 3612 2699; x_wconf 89' lang='lat' dir='ltr'>summa</span> <span class='ocrx_word' id='word_1_445' title='bbox 3650 2634 3923 2709; x_wconf 86' lang='lat' dir='ltr'>bouitas,</span> 
     </span>
     <span class='ocr_line' id='line_1_69' title="bbox 2392 2738 3922 2825; baseline -0.003 -19"><span class='ocrx_word' id='word_1_446' title='bbox 2392 2742 2547 2825; x_wconf 91' lang='lat' dir='ltr'>quia</span> <span class='ocrx_word' id='word_1_447' title='bbox 2579 2741 2743 2806; x_wconf 89' lang='lat' dir='ltr'>nihil</span> <span class='ocrx_word' id='word_1_448' title='bbox 2774 2744 2979 2823; x_wconf 89' lang='lat' dir='ltr'>potest</span> <span class='ocrx_word' id='word_1_449' title='bbox 3003 2740 3181 2803; x_wconf 89' lang='lat' dir='ltr'>hunc</span> <span class='ocrx_word' id='word_1_450' title='bbox 3205 2738 3494 2804; x_wconf 90' lang='lat' dir='ltr'>ordinem</span> <span class='ocrx_word' id='word_1_451' title='bbox 3532 2738 3922 2816; x_wconf 77' lang='lat' dir='ltr'>deordinata,</span> 
     </span>
     <span class='ocr_line' id='line_1_70' title="bbox 2393 2845 3927 2930; baseline -0.004 -16"><span class='ocrx_word' id='word_1_452' title='bbox 2393 2851 2559 2916; x_wconf 89' lang='lat' dir='ltr'>sicut</span> <span class='ocrx_word' id='word_1_453' title='bbox 2584 2850 2813 2915; x_wconf 88' lang='lat' dir='ltr'>melius</span> <span class='ocrx_word' id='word_1_454' title='bbox 2833 2849 2998 2913; x_wconf 81' lang='lat' dir='ltr'>infra</span> <span class='ocrx_word' id='word_1_455' title='bbox 3023 2847 3284 2930; x_wconf 86' lang='lat' dir='ltr'>patebit.</span> <span class='ocrx_word' id='word_1_456' title='bbox 3319 2845 3751 2911; x_wconf 80' lang='lat' dir='ltr'>Concedendae</span> <span class='ocrx_word' id='word_1_457' title='bbox 3777 2862 3927 2926; x_wconf 82' lang='lat' dir='ltr'>ergo</span> 
     </span>
     <span class='ocr_line' id='line_1_71' title="bbox 2394 2953 3924 3039; baseline -0.006 -15"><span class='ocrx_word' id='word_1_458' title='bbox 2394 2962 2546 3024; x_wconf 88' lang='lat' dir='ltr'>sunt</span> <span class='ocrx_word' id='word_1_459' title='bbox 2562 2959 2837 3023; x_wconf 90' lang='lat' dir='ltr'>rationes</span> <span class='ocrx_word' id='word_1_460' title='bbox 2854 2956 3191 3039; x_wconf 87' lang='lat' dir='ltr'>probantes</span> <span class='ocrx_word' id='word_1_461' title='bbox 3207 2954 3380 3037; x_wconf 92' lang='lat' dir='ltr'>quod</span> <span class='ocrx_word' id='word_1_462' title='bbox 3401 2972 3506 3018; x_wconf 90' lang='lat' dir='ltr'>res</span> <span class='ocrx_word' id='word_1_463' title='bbox 3523 2957 3676 3019; x_wconf 88' lang='lat' dir='ltr'>sunt</span> <span class='ocrx_word' id='word_1_464' title='bbox 3693 2953 3924 3036; x_wconf 90' lang='lat' dir='ltr'>optime</span> 
     </span>
     <span class='ocr_line' id='line_1_72' title="bbox 2395 3059 3918 3148; baseline -0.007 -16"><span class='ocrx_word' id='word_1_465' title='bbox 2395 3066 2702 3133; x_wconf 84' lang='lat' dir='ltr'>ordinatae</span> <span class='ocrx_word' id='word_1_466' title='bbox 2721 3114 2740 3144; x_wconf 94' lang='lat'>,</span> <span class='ocrx_word' id='word_1_467' title='bbox 2783 3064 2937 3148; x_wconf 84' lang='lat' dir='ltr'>quia</span> <span class='ocrx_word' id='word_1_468' title='bbox 2972 3062 3323 3147; x_wconf 86' lang='lat' dir='ltr'>respiciunt</span> <span class='ocrx_word' id='word_1_469' title='bbox 3356 3065 3711 3144; x_wconf 88' lang='lat' dir='ltr'>utrumque</span> <span class='ocrx_word' id='word_1_470' title='bbox 3754 3059 3918 3126; x_wconf 92' lang='lat' dir='ltr'>ordi-</span> 
     </span>
     <span class='ocr_line' id='line_1_73' title="bbox 2395 3191 2568 3239; baseline 0 -1"><span class='ocrx_word' id='word_1_471' title='bbox 2395 3191 2568 3239; x_wconf 90' lang='lat' dir='ltr'>nem.</span> 
     </span>
    </p>

    <p class='ocr_par' dir='ltr' id='par_1_18' title="bbox 2394 3275 3928 3789">
     <span class='ocr_line' id='line_1_74' title="bbox 2479 3275 3927 3363; baseline -0.005 -17"><span class='ocrx_word' id='word_1_472' title='bbox 2479 3287 2509 3345; x_wconf 81' lang='lat'><strong>1</strong></span> <span class='ocrx_word' id='word_1_473' title='bbox 2523 3328 2539 3345; x_wconf 92' lang='lat'>.</span> <span class='ocrx_word' id='word_1_474' title='bbox 2569 3281 2668 3346; x_wconf 82' lang='lat' dir='ltr'>Ad</span> <span class='ocrx_word' id='word_1_475' title='bbox 2703 3280 2863 3346; x_wconf 87' lang='lat' dir='ltr'>illud</span> <span class='ocrx_word' id='word_1_476' title='bbox 2897 3278 3065 3363; x_wconf 90' lang='lat' dir='ltr'>quod</span> <span class='ocrx_word' id='word_1_477' title='bbox 3095 3277 3394 3360; x_wconf 75' lang='lat' dir='ltr'>oincitur</span> <span class='ocrx_word' id='word_1_478' title='bbox 3422 3277 3599 3359; x_wconf 89' lang='lat' dir='ltr'>quod</span> <span class='ocrx_word' id='word_1_479' title='bbox 3630 3275 3927 3358; x_wconf 87' lang='lat' dir='ltr'>sapientia</span> 
     </span>
     <span class='ocr_line' id='line_1_75' title="bbox 2399 3383 3928 3468; baseline -0.004 -16"><span class='ocrx_word' id='word_1_480' title='bbox 2399 3392 2494 3452; x_wconf 86' lang='lat' dir='ltr'>est</span> <span class='ocrx_word' id='word_1_481' title='bbox 2512 3388 2785 3468; x_wconf 84' lang='lat' dir='ltr'>infinita,</span> <span class='ocrx_word' id='word_1_482' title='bbox 2805 3386 3146 3453; x_wconf 86' lang='lat' dir='ltr'>dicendum</span> <span class='ocrx_word' id='word_1_483' title='bbox 3162 3384 3334 3468; x_wconf 88' lang='lat' dir='ltr'>quod</span> <span class='ocrx_word' id='word_1_484' title='bbox 3358 3383 3658 3466; x_wconf 84' lang='lat' dir='ltr'>quamvis</span> <span class='ocrx_word' id='word_1_485' title='bbox 3684 3384 3928 3466; x_wconf 87' lang='lat' dir='ltr'>sapien-</span> 
     </span>
     <span class='ocr_line' id='line_1_76' title="bbox 2394 3493 3927 3588; baseline -0.003 -29"><span class='ocrx_word' id='word_1_486' title='bbox 2394 3495 2487 3561; x_wconf 91' lang='lat' dir='ltr'>tia</span> <span class='ocrx_word' id='word_1_487' title='bbox 2511 3497 2607 3558; x_wconf 88' lang='lat' dir='ltr'>est</span> <span class='ocrx_word' id='word_1_488' title='bbox 2631 3494 2913 3569; x_wconf 86' lang='lat' dir='ltr'>infinita,</span> <span class='ocrx_word' id='word_1_489' title='bbox 2944 3498 3160 3588; x_wconf 65' lang='lat' dir='ltr'>tamen</span> <span class='ocrx_word' id='word_1_490' title='bbox 3194 3510 3297 3557; x_wconf 91' lang='lat' dir='ltr'>res</span> <span class='ocrx_word' id='word_1_491' title='bbox 3339 3509 3475 3555; x_wconf 90' lang='lat' dir='ltr'>non</span> <span class='ocrx_word' id='word_1_492' title='bbox 3497 3493 3651 3555; x_wconf 90' lang='lat' dir='ltr'>sunt</span> <span class='ocrx_word' id='word_1_493' title='bbox 3680 3507 3927 3572; x_wconf 62' lang='lat' dir='ltr'>capaces</span> 
     </span>
     <span class='ocr_line' id='line_1_77' title="bbox 2399 3599 3924 3683; baseline -0.005 -14"><span class='ocrx_word' id='word_1_494' title='bbox 2399 3604 2527 3669; x_wconf 89' lang='lat' dir='ltr'>nisi</span> <span class='ocrx_word' id='word_1_495' title='bbox 2552 3602 2792 3668; x_wconf 80' lang='lat' dir='ltr'>ordinis</span> <span class='ocrx_word' id='word_1_496' title='bbox 2818 3601 3015 3679; x_wconf 80' lang='lat' dir='ltr'>finiti3</span> <span class='ocrx_word' id='word_1_497' title='bbox 3046 3605 3110 3666; x_wconf 91' lang='lat' dir='ltr'>et</span> <span class='ocrx_word' id='word_1_498' title='bbox 3134 3599 3273 3682; x_wconf 87' lang='lat' dir='ltr'>ipsa</span> <span class='ocrx_word' id='word_1_499' title='bbox 3312 3599 3625 3683; x_wconf 85' lang='lat' dir='ltr'>sapientia</span> <span class='ocrx_word' id='word_1_500' title='bbox 3652 3616 3924 3672; x_wconf 89' lang='lat' dir='ltr'>summa,</span> 
     </span>
     <span class='ocr_line' id='line_1_78' title="bbox 2401 3692 3924 3789; baseline -0.005 -13"><span class='ocrx_word' id='word_1_501' title='bbox 2401 3728 2735 3776; x_wconf 90' lang='lat' dir='ltr'>summum</span> <span class='ocrx_word' id='word_1_502' title='bbox 2751 3709 2857 3773; x_wconf 85' lang='lat' dir='ltr'>dat</span> <span class='ocrx_word' id='word_1_503' title='bbox 2875 3707 3165 3773; x_wconf 88' lang='lat' dir='ltr'>ordinem</span> <span class='ocrx_word' id='word_1_504' title='bbox 3184 3725 3380 3789; x_wconf 90' lang='lat' dir='ltr'>quem</span> <span class='ocrx_word' id='word_1_505' title='bbox 3394 3706 3632 3770; x_wconf 88' lang='lat' dir='ltr'>habere</span> <span class='ocrx_word' id='word_1_506' title='bbox 3652 3692 3924 3788; x_wconf 80' lang='lat' dir='ltr'>possunt.</span> 
     </span>
    </p>

    <p class='ocr_par' dir='ltr' id='par_1_19' title="bbox 2402 3812 3929 4329">
     <span class='ocr_line' id='line_1_79' title="bbox 2479 3812 3929 3896; baseline -0.004 -15"><span class='ocrx_word' id='word_1_507' title='bbox 2479 3822 2541 3881; x_wconf 75' lang='lat'>2.</span> <span class='ocrx_word' id='word_1_508' title='bbox 2567 3816 2666 3881; x_wconf 88' lang='lat' dir='ltr'>Ad</span> <span class='ocrx_word' id='word_1_509' title='bbox 2683 3815 2840 3880; x_wconf 90' lang='lat' dir='ltr'>illud</span> <span class='ocrx_word' id='word_1_510' title='bbox 2859 3813 3028 3896; x_wconf 91' lang='lat' dir='ltr'>quod</span> <span class='ocrx_word' id='word_1_511' title='bbox 3043 3813 3347 3896; x_wconf 88' lang='lat' dir='ltr'>objicitur</span> <span class='ocrx_word' id='word_1_512' title='bbox 3364 3812 3537 3895; x_wconf 91' lang='lat' dir='ltr'>quod</span> <span class='ocrx_word' id='word_1_513' title='bbox 3552 3813 3623 3877; x_wconf 90' lang='lat' dir='ltr'>in</span> <span class='ocrx_word' id='word_1_514' title='bbox 3636 3814 3929 3876; x_wconf 85' lang='lat' dir='ltr'>universo</span> 
     </span>
     <span class='ocr_line' id='line_1_80' title="bbox 2403 3918 3929 4001; baseline -0.007 -11"><span class='ocrx_word' id='word_1_515' title='bbox 2403 3925 2568 3990; x_wconf 86' lang='lat' dir='ltr'>cadit</span> <span class='ocrx_word' id='word_1_516' title='bbox 2585 3922 2971 3988; x_wconf 85' lang='lat' dir='ltr'>inordinatio</span> <span class='ocrx_word' id='word_1_517' title='bbox 2986 3970 3004 4000; x_wconf 92' lang='lat'>,</span> <span class='ocrx_word' id='word_1_518' title='bbox 3025 3919 3366 3985; x_wconf 91' lang='lat' dir='ltr'>dicendum</span> <span class='ocrx_word' id='word_1_519' title='bbox 3385 3920 3557 4001; x_wconf 89' lang='lat' dir='ltr'>quod</span> <span class='ocrx_word' id='word_1_520' title='bbox 3574 3919 3626 3982; x_wconf 92' lang='lat' dir='ltr'>si</span> <span class='ocrx_word' id='word_1_521' title='bbox 3656 3918 3929 3982; x_wconf 90' lang='lat' dir='ltr'>conside-</span> 
     </span>
     <span class='ocr_line' id='line_1_81' title="bbox 2402 4023 3928 4102; baseline -0.008 -5"><span class='ocrx_word' id='word_1_522' title='bbox 2402 4051 2621 4097; x_wconf 86' lang='lat' dir='ltr'>remus</span> <span class='ocrx_word' id='word_1_523' title='bbox 2652 4031 2772 4096; x_wconf 91' lang='lat' dir='ltr'>hos</span> <span class='ocrx_word' id='word_1_524' title='bbox 2799 4029 3086 4102; x_wconf 81' lang='lat' dir='ltr'>ordines,</span> <span class='ocrx_word' id='word_1_525' title='bbox 3130 4025 3365 4091; x_wconf 87' lang='lat' dir='ltr'>scilicet</span> <span class='ocrx_word' id='word_1_526' title='bbox 3405 4025 3488 4089; x_wconf 90' lang='lat' dir='ltr'>ad</span> <span class='ocrx_word' id='word_1_527' title='bbox 3527 4023 3725 4090; x_wconf 85' lang='lat' dir='ltr'>finem</span> <span class='ocrx_word' id='word_1_528' title='bbox 3766 4029 3827 4089; x_wconf 90' lang='lat' dir='ltr'>et</span> <span class='ocrx_word' id='word_1_529' title='bbox 3867 4023 3928 4085; x_wconf 91' lang='lat' dir='ltr'>in</span> 
     </span>
     <span class='ocr_line' id='line_1_82' title="bbox 2404 4133 3926 4219; baseline -0.008 -14"><span class='ocrx_word' id='word_1_530' title='bbox 2404 4140 2743 4219; x_wconf 86' lang='lat' dir='ltr'>univers0,</span> <span class='ocrx_word' id='word_1_531' title='bbox 2773 4137 2864 4201; x_wconf 87' lang='lat' dir='ltr'>ita</span> <span class='ocrx_word' id='word_1_532' title='bbox 2889 4154 2956 4200; x_wconf 84' lang='lat' dir='ltr'>se</span> <span class='ocrx_word' id='word_1_533' title='bbox 2987 4134 3065 4198; x_wconf 89' lang='lat' dir='ltr'>ad</span> <span class='ocrx_word' id='word_1_534' title='bbox 3102 4133 3380 4197; x_wconf 90' lang='lat' dir='ltr'>invicem</span> <span class='ocrx_word' id='word_1_535' title='bbox 3409 4133 3926 4214; x_wconf 85' lang='lat' dir='ltr'>complectuntur,</span> 
     </span>
     <span class='ocr_line' id='line_1_83' title="bbox 2404 4239 3682 4329; baseline -0.008 -18"><span class='ocrx_word' id='word_1_536' title='bbox 2404 4245 2579 4329; x_wconf 93' lang='lat' dir='ltr'>quod</span> <span class='ocrx_word' id='word_1_537' title='bbox 2603 4263 2735 4309; x_wconf 91' lang='lat' dir='ltr'>non</span> <span class='ocrx_word' id='word_1_538' title='bbox 2763 4247 2967 4325; x_wconf 82' lang='lat' dir='ltr'>potest</span> <span class='ocrx_word' id='word_1_539' title='bbox 2997 4241 3087 4304; x_wconf 92' lang='lat' dir='ltr'>ibi</span> <span class='ocrx_word' id='word_1_540' title='bbox 3114 4259 3250 4304; x_wconf 90' lang='lat' dir='ltr'>esse</span> <span class='ocrx_word' id='word_1_541' title='bbox 3274 4239 3682 4304; x_wconf 90' lang='lat' dir='ltr'>inordinatio.</span> 
     </span>
    </p>

    <p class='ocr_par' dir='ltr' id='par_1_20' title="bbox 2405 4343 3932 4866">
     <span class='ocr_line' id='line_1_84' title="bbox 2487 4343 3927 4432; baseline -0.009 -15"><span class='ocrx_word' id='word_1_542' title='bbox 2487 4357 2549 4417; x_wconf 87' lang='lat'>3.</span> <span class='ocrx_word' id='word_1_543' title='bbox 2569 4352 2668 4417; x_wconf 88' lang='lat' dir='ltr'>Ad</span> <span class='ocrx_word' id='word_1_544' title='bbox 2688 4350 2847 4416; x_wconf 83' lang='lat' dir='ltr'>illud</span> <span class='ocrx_word' id='word_1_545' title='bbox 2866 4348 3038 4432; x_wconf 92' lang='lat' dir='ltr'>quod</span> <span class='ocrx_word' id='word_1_546' title='bbox 3047 4347 3347 4429; x_wconf 86' lang='lat' dir='ltr'>objicitur</span> <span class='ocrx_word' id='word_1_547' title='bbox 3356 4345 3434 4410; x_wconf 92' lang='lat' dir='ltr'>de</span> <span class='ocrx_word' id='word_1_548' title='bbox 3452 4343 3927 4429; x_wconf 86' lang='lat' dir='ltr'>propinquitate,</span> 
     </span>
     <span class='ocr_line' id='line_1_85' title="bbox 2405 4454 3930 4545; baseline -0.01 -13"><span class='ocrx_word' id='word_1_549' title='bbox 2405 4464 2747 4532; x_wconf 88' lang='lat' dir='ltr'>dicendum</span> <span class='ocrx_word' id='word_1_550' title='bbox 2787 4461 2956 4545; x_wconf 90' lang='lat' dir='ltr'>quod</span> <span class='ocrx_word' id='word_1_551' title='bbox 2999 4461 3123 4524; x_wconf 90' lang='lat' dir='ltr'>hoc</span> <span class='ocrx_word' id='word_1_552' title='bbox 3172 4462 3266 4522; x_wconf 85' lang='lat' dir='ltr'>est</span> <span class='ocrx_word' id='word_1_553' title='bbox 3305 4476 3538 4524; x_wconf 86' lang='lat' dir='ltr'>verum</span> <span class='ocrx_word' id='word_1_554' title='bbox 3591 4454 3930 4521; x_wconf 89' lang='lat' dir='ltr'>secundum</span> 
     </span>
     <span class='ocr_line' id='line_1_86' title="bbox 2406 4560 3932 4658; baseline -0.01 -21"><span class='ocrx_word' id='word_1_555' title='bbox 2406 4571 2734 4658; x_wconf 86' lang='lat' dir='ltr'>propriam</span> <span class='ocrx_word' id='word_1_556' title='bbox 2761 4567 3256 4643; x_wconf 79' lang='lat' dir='ltr'>ordinationem3</span> <span class='ocrx_word' id='word_1_557' title='bbox 3290 4565 3399 4629; x_wconf 89' lang='lat' dir='ltr'>sed</span> <span class='ocrx_word' id='word_1_558' title='bbox 3441 4563 3793 4630; x_wconf 86' lang='lat' dir='ltr'>secundum</span> <span class='ocrx_word' id='word_1_559' title='bbox 3829 4560 3932 4625; x_wconf 86' lang='lat' dir='ltr'>de-</span> 
     </span>
     <span class='ocr_line' id='line_1_87' title="bbox 2408 4663 3932 4753; baseline -0.01 -9"><span class='ocrx_word' id='word_1_560' title='bbox 2408 4694 2669 4745; x_wconf 91' lang='lat' dir='ltr'>cursum</span> <span class='ocrx_word' id='word_1_561' title='bbox 2701 4674 2986 4740; x_wconf 89' lang='lat' dir='ltr'>universi</span> <span class='ocrx_word' id='word_1_562' title='bbox 3014 4689 3269 4737; x_wconf 88' lang='lat' dir='ltr'>necesse</span> <span class='ocrx_word' id='word_1_563' title='bbox 3295 4674 3393 4735; x_wconf 86' lang='lat' dir='ltr'>est</span> <span class='ocrx_word' id='word_1_564' title='bbox 3411 4671 3584 4753; x_wconf 89' lang='lat' dir='ltr'>quod</span> <span class='ocrx_word' id='word_1_565' title='bbox 3605 4688 3706 4734; x_wconf 89' lang='lat' dir='ltr'>res</span> <span class='ocrx_word' id='word_1_566' title='bbox 3722 4668 3801 4733; x_wconf 86' lang='lat' dir='ltr'>sit</span> <span class='ocrx_word' id='word_1_567' title='bbox 3819 4663 3932 4750; x_wconf 87' lang='lat' dir='ltr'>pri-</span> 
     </span>
     <span class='ocr_line' id='line_1_88' title="bbox 2410 4777 3760 4866; baseline -0.01 -14"><span class='ocrx_word' id='word_1_568' title='bbox 2410 4805 2517 4852; x_wconf 90' lang='lat' dir='ltr'>mo</span> <span class='ocrx_word' id='word_1_569' title='bbox 2541 4785 2735 4866; x_wconf 82' lang='lat' dir='ltr'>longe</span> <span class='ocrx_word' id='word_1_570' title='bbox 2760 4802 2801 4846; x_wconf 89' lang='lat' dir='ltr'>a</span> <span class='ocrx_word' id='word_1_571' title='bbox 2829 4783 2957 4845; x_wconf 85' lang='lat' dir='ltr'>fine</span> <span class='ocrx_word' id='word_1_572' title='bbox 2975 4826 2992 4858; x_wconf 94' lang='lat'>,</span> <span class='ocrx_word' id='word_1_573' title='bbox 3023 4784 3086 4844; x_wconf 91' lang='lat' dir='ltr'>et</span> <span class='ocrx_word' id='word_1_574' title='bbox 3110 4783 3251 4861; x_wconf 89' lang='lat' dir='ltr'>post</span> <span class='ocrx_word' id='word_1_575' title='bbox 3274 4777 3760 4860; x_wconf 88' lang='lat' dir='ltr'>appropinquet.</span> 
     </span>
    </p>

    <p class='ocr_par' dir='ltr' id='par_1_21' title="bbox 2411 4877 3930 5077">
     <span class='ocr_line' id='line_1_89' title="bbox 2490 4877 3930 4969; baseline -0.011 -13"><span class='ocrx_word' id='word_1_576' title='bbox 2490 4898 2553 4956; x_wconf 75' lang='lat'>4.</span> <span class='ocrx_word' id='word_1_577' title='bbox 2598 4892 2697 4956; x_wconf 91' lang='lat' dir='ltr'>Ad</span> <span class='ocrx_word' id='word_1_578' title='bbox 2737 4889 2896 4956; x_wconf 87' lang='lat' dir='ltr'>illud</span> <span class='ocrx_word' id='word_1_579' title='bbox 2934 4886 3104 4969; x_wconf 89' lang='lat' dir='ltr'>quod</span> <span class='ocrx_word' id='word_1_580' title='bbox 3155 4886 3455 4968; x_wconf 88' lang='lat' dir='ltr'>objicitur</span> <span class='ocrx_word' id='word_1_581' title='bbox 3499 4883 3672 4967; x_wconf 91' lang='lat' dir='ltr'>quod</span> <span class='ocrx_word' id='word_1_582' title='bbox 3710 4877 3930 4946; x_wconf 89' lang='lat' dir='ltr'>ordinis</span> 
     </span>
     <span class='ocr_line' id='line_1_90' title="bbox 2411 4979 3929 5077; baseline -0.01 -17"><span class='ocrx_word' id='word_1_583' title='bbox 2411 4997 2660 5060; x_wconf 86' lang='lat' dir='ltr'>bonitas</span> <span class='ocrx_word' id='word_1_584' title='bbox 2687 4993 2916 5077; x_wconf 90' lang='lat' dir='ltr'>pendet</span> <span class='ocrx_word' id='word_1_585' title='bbox 2940 5010 3024 5055; x_wconf 83' lang='lat' dir='ltr'>ex</span> <span class='ocrx_word' id='word_1_586' title='bbox 3052 4990 3371 5073; x_wconf 81' lang='lat' dir='ltr'>partibus,</span> <span class='ocrx_word' id='word_1_587' title='bbox 3396 4989 3735 5054; x_wconf 89' lang='lat' dir='ltr'>dicendum</span> <span class='ocrx_word' id='word_1_588' title='bbox 3773 4979 3929 5065; x_wconf 88' lang='lat' dir='ltr'>quod</span> 
     </span>
    </p>
   </div>
   <div class='ocr_carea' id='block_1_15' title="bbox 2412 5096 3927 5398">
    <p class='ocr_par' dir='ltr' id='par_1_22' title="bbox 2412 5096 3927 5398">
     <span class='ocr_line' id='line_1_91' title="bbox 2413 5096 3927 5185; baseline -0.011 -16"><span class='ocrx_word' id='word_1_589' title='bbox 2413 5106 2581 5169; x_wconf 89' lang='lat' dir='ltr'>sicut</span> <span class='ocrx_word' id='word_1_590' title='bbox 2613 5103 2828 5185; x_wconf 87' lang='lat' dir='ltr'>aliqua</span> <span class='ocrx_word' id='word_1_591' title='bbox 2867 5097 3302 5181; x_wconf 82' lang='lat' dir='ltr'>contingentia</span> <span class='ocrx_word' id='word_1_592' title='bbox 3332 5098 3404 5160; x_wconf 88' lang='lat' dir='ltr'>in</span> <span class='ocrx_word' id='word_1_593' title='bbox 3440 5116 3508 5160; x_wconf 88' lang='lat' dir='ltr'>se</span> <span class='ocrx_word' id='word_1_594' title='bbox 3543 5096 3777 5162; x_wconf 87' lang='lat' dir='ltr'>habent</span> <span class='ocrx_word' id='word_1_595' title='bbox 3806 5104 3927 5153; x_wconf 85' lang='lat' dir='ltr'>esse</span> 
     </span>
     <span class='ocr_line' id='line_1_92' title="bbox 2412 5204 3926 5288; baseline -0.011 -11"><span class='ocrx_word' id='word_1_596' title='bbox 2412 5212 2776 5277; x_wconf 85' lang='lat' dir='ltr'>absolutum</span> <span class='ocrx_word' id='word_1_597' title='bbox 2812 5208 3192 5288; x_wconf 83' lang='lat' dir='ltr'>contingens</span> <span class='ocrx_word' id='word_1_598' title='bbox 3207 5253 3224 5281; x_wconf 93' lang='lat'>,</span> <span class='ocrx_word' id='word_1_599' title='bbox 3264 5204 3374 5268; x_wconf 86' lang='lat' dir='ltr'>sed</span> <span class='ocrx_word' id='word_1_600' title='bbox 3398 5205 3689 5270; x_wconf 90' lang='lat' dir='ltr'>ordinem</span> <span class='ocrx_word' id='word_1_601' title='bbox 3723 5213 3926 5264; x_wconf 86' lang='lat' dir='ltr'>neces-</span> 
     </span>
     <span class='ocr_line' id='line_1_93' title="bbox 2417 5305 3922 5398; baseline -0.009 -9"><span class='ocrx_word' id='word_1_602' title='bbox 2417 5320 2662 5388; x_wconf 83' lang='lat' dir='ltr'>sarium</span> <span class='ocrx_word' id='word_1_603' title='bbox 2680 5366 2699 5398; x_wconf 86' lang='lat'>,</span> <span class='ocrx_word' id='word_1_604' title='bbox 2742 5318 2834 5381; x_wconf 89' lang='lat' dir='ltr'>sic</span> <span class='ocrx_word' id='word_1_605' title='bbox 2877 5320 2941 5380; x_wconf 92' lang='lat' dir='ltr'>et</span> <span class='ocrx_word' id='word_1_606' title='bbox 2980 5315 3050 5379; x_wconf 89' lang='lat' dir='ltr'>in</span> <span class='ocrx_word' id='word_1_607' title='bbox 3094 5312 3414 5397; x_wconf 85' lang='lat' dir='ltr'>proposito</span> <span class='ocrx_word' id='word_1_608' title='bbox 3439 5305 3922 5393; x_wconf 76' lang='lat' dir='ltr'>intelligendum,</span> 
     </span>
    </p>
   </div>
  </div>
 </body>
</html>
