<?xml version="1.0" encoding="UTF-8"?>
<!DOCTYPE html PUBLIC "-//W3C//DTD XHTML 1.0 Transitional//EN"
    "http://www.w3.org/TR/xhtml1/DTD/xhtml1-transitional.dtd">
<html xmlns="http://www.w3.org/1999/xhtml" xml:lang="en" lang="en">
 <head>
  <title>
</title>
<meta http-equiv="Content-Type" content="text/html;charset=utf-8" />
  <meta name='ocr-system' content='tesseract 3.04.00' />
  <meta name='ocr-capabilities' content='ocr_page ocr_carea ocr_par ocr_line ocrx_word'/>
</head>
<body>
  <div class='ocr_page' id='page_1' title='image "./srecardinalissb01peltgoog_0176.png"; bbox 0 0 4125 6225; ppageno 0'>
   <div class='ocr_carea' id='block_1_1' title="bbox 815 422 933 482">
    <p class='ocr_par' dir='ltr' id='par_1_1' title="bbox 815 422 933 482">
     <span class='ocr_line' id='line_1_1' title="bbox 815 422 933 482; baseline 0.017 -2"><span class='ocrx_word' id='word_1_1' title='bbox 815 422 933 482; x_wconf 70' lang='lat'><strong><em>{50</em></strong></span> 
     </span>
    </p>
   </div>
   <div class='ocr_carea' id='block_1_2' title="bbox 813 550 2363 1929">
    <p class='ocr_par' dir='ltr' id='par_1_2' title="bbox 813 550 2356 1293">
     <span class='ocr_line' id='line_1_2' title="bbox 813 550 2349 634; baseline 0.001 -18"><span class='ocrx_word' id='word_1_2' title='bbox 813 552 994 633; x_wconf 87' lang='lat' dir='ltr'><strong><em>torie,</em></strong></span> <span class='ocrx_word' id='word_1_3' title='bbox 1033 552 1142 617; x_wconf 81' lang='lat' dir='ltr'><strong><em>sed</em></strong></span> <span class='ocrx_word' id='word_1_4' title='bbox 1179 552 1488 634; x_wconf 88' lang='lat' dir='ltr'><strong><em>quoniam</em></strong></span> <span class='ocrx_word' id='word_1_5' title='bbox 1515 550 1678 619; x_wconf 80' lang='lat' dir='ltr'>nihil</span> <span class='ocrx_word' id='word_1_6' title='bbox 1707 555 1947 620; x_wconf 87' lang='lat' dir='ltr'><strong><em>habent</em></strong></span> <span class='ocrx_word' id='word_1_7' title='bbox 1983 570 2349 630; x_wconf 89' lang='lat' dir='ltr'><strong><em>commune,</em></strong></span> 
     </span>
     <span class='ocr_line' id='line_1_3' title="bbox 814 661 2355 744; baseline 0 -22"><span class='ocrx_word' id='word_1_8' title='bbox 814 677 933 723; x_wconf 92' lang='lat' dir='ltr'><strong><em>nec</em></strong></span> <span class='ocrx_word' id='word_1_9' title='bbox 949 663 1263 743; x_wconf 81' lang='lat' dir='ltr'><strong><em>quantum</em></strong></span> <span class='ocrx_word' id='word_1_10' title='bbox 1280 661 1361 725; x_wconf 88' lang='lat' dir='ltr'><strong><em>ad</em></strong></span> <span class='ocrx_word' id='word_1_11' title='bbox 1381 676 1589 742; x_wconf 84' lang='lat' dir='ltr'><strong><em>genus</em></strong></span> <span class='ocrx_word' id='word_1_12' title='bbox 1610 663 1994 744; x_wconf 84' lang='lat' dir='ltr'><strong><em>subjectum,</em></strong></span> <span class='ocrx_word' id='word_1_13' title='bbox 2015 672 2136 725; x_wconf 83' lang='lat' dir='ltr'><strong><em>nec</em></strong></span> <span class='ocrx_word' id='word_1_14' title='bbox 2151 675 2355 742; x_wconf 90' lang='lat' dir='ltr'><strong><em>quan-</em></strong></span> 
     </span>
     <span class='ocr_line' id='line_1_4' title="bbox 813 766 2349 851; baseline 0.002 -21"><span class='ocrx_word' id='word_1_15' title='bbox 813 770 955 830; x_wconf 90' lang='lat' dir='ltr'><strong><em>tum</em></strong></span> <span class='ocrx_word' id='word_1_16' title='bbox 1004 766 1084 832; x_wconf 90' lang='lat' dir='ltr'><strong><em>ad</em></strong></span> <span class='ocrx_word' id='word_1_17' title='bbox 1128 784 1336 848; x_wconf 84' lang='lat' dir='ltr'><strong><em>genus</em></strong></span> <span class='ocrx_word' id='word_1_18' title='bbox 1373 768 1816 851; x_wconf 78' lang='lat' dir='ltr'><strong><em>praedicabile3</em></strong></span> <span class='ocrx_word' id='word_1_19' title='bbox 1869 768 1977 832; x_wconf 88' lang='lat' dir='ltr'><strong><em>sed</em></strong></span> <span class='ocrx_word' id='word_1_20' title='bbox 2011 769 2349 850; x_wconf 73' lang='lat' dir='ltr'><strong><em>quiescere,</em></strong></span> 
     </span>
     <span class='ocr_line' id='line_1_5' title="bbox 815 873 2353 956; baseline 0 -18"><span class='ocrx_word' id='word_1_21' title='bbox 815 876 877 938; x_wconf 90' lang='lat' dir='ltr'><strong><em>et</em></strong></span> <span class='ocrx_word' id='word_1_22' title='bbox 911 876 1168 953; x_wconf 79' lang='lat' dir='ltr'><strong><em>moveri,</em></strong></span> <span class='ocrx_word' id='word_1_23' title='bbox 1198 875 1304 938; x_wconf 85' lang='lat' dir='ltr'><strong><em>vel</em></strong></span> <span class='ocrx_word' id='word_1_24' title='bbox 1343 877 1601 954; x_wconf 82' lang='lat' dir='ltr'><strong><em>moveri,</em></strong></span> <span class='ocrx_word' id='word_1_25' title='bbox 1632 879 1695 940; x_wconf 89' lang='lat' dir='ltr'><strong><em>et</em></strong></span> <span class='ocrx_word' id='word_1_26' title='bbox 1729 890 1858 942; x_wconf 77' lang='lat' dir='ltr'><strong><em>non</em></strong></span> <span class='ocrx_word' id='word_1_27' title='bbox 1893 877 2152 955; x_wconf 76' lang='lat' dir='ltr'><strong><em>moveri,</em></strong></span> <span class='ocrx_word' id='word_1_28' title='bbox 2184 873 2353 956; x_wconf 90' lang='lat' dir='ltr'><strong><em>quod</em></strong></span> 
     </span>
     <span class='ocr_line' id='line_1_6' title="bbox 815 980 2356 1066; baseline 0 -22"><span class='ocrx_word' id='word_1_29' title='bbox 815 997 933 1063; x_wconf 91' lang='lat' dir='ltr'><strong><em>pro</em></strong></span> <span class='ocrx_word' id='word_1_30' title='bbox 967 981 1188 1045; x_wconf 90' lang='lat' dir='ltr'><strong><em>eodem</em></strong></span> <span class='ocrx_word' id='word_1_31' title='bbox 1223 983 1556 1064; x_wconf 78' lang='lat' dir='ltr'><strong>accipitur,</strong></span> <span class='ocrx_word' id='word_1_32' title='bbox 1597 986 1873 1066; x_wconf 88' lang='lat' dir='ltr'><strong><em>utroque</em></strong></span> <span class='ocrx_word' id='word_1_33' title='bbox 1899 983 2091 1047; x_wconf 90' lang='lat' dir='ltr'><strong><em>modo</em></strong></span> <span class='ocrx_word' id='word_1_34' title='bbox 2119 980 2356 1045; x_wconf 89' lang='lat' dir='ltr'><strong><em>habent</em></strong></span> 
     </span>
     <span class='ocr_line' id='line_1_7' title="bbox 817 1089 2350 1168; baseline 0.001 -16"><span class='ocrx_word' id='word_1_35' title='bbox 817 1106 1189 1155; x_wconf 88' lang='lat' dir='ltr'><strong><em>commune:</em></strong></span> <span class='ocrx_word' id='word_1_36' title='bbox 1219 1094 1284 1155; x_wconf 92' lang='lat' dir='ltr'><strong><em>et</em></strong></span> <span class='ocrx_word' id='word_1_37' title='bbox 1321 1091 1410 1155; x_wconf 88' lang='lat' dir='ltr'><strong><em>ita</em></strong></span> <span class='ocrx_word' id='word_1_38' title='bbox 1447 1108 1580 1155; x_wconf 85' lang='lat' dir='ltr'><strong><em>non</em></strong></span> <span class='ocrx_word' id='word_1_39' title='bbox 1611 1094 1706 1155; x_wconf 89' lang='lat' dir='ltr'><strong><em>est</em></strong></span> <span class='ocrx_word' id='word_1_40' title='bbox 1745 1091 2043 1155; x_wconf 77' lang='lat' dir='ltr'><strong>distantia</strong></span> <span class='ocrx_word' id='word_1_41' title='bbox 2080 1089 2350 1168; x_wconf 79' lang='lat' dir='ltr'><strong><em>infinita,</em></strong></span> 
     </span>
     <span class='ocr_line' id='line_1_8' title="bbox 816 1197 2067 1293; baseline 0.002 -32"><span class='ocrx_word' id='word_1_42' title='bbox 816 1215 935 1262; x_wconf 91' lang='lat' dir='ltr'><strong><em>nec</em></strong></span> <span class='ocrx_word' id='word_1_43' title='bbox 959 1202 1055 1260; x_wconf 91' lang='lat' dir='ltr'><strong><em>est</em></strong></span> <span class='ocrx_word' id='word_1_44' title='bbox 1078 1197 1304 1262; x_wconf 89' lang='lat' dir='ltr'><strong><em>simile.</em></strong></span> <span class='ocrx_word' id='word_1_45' title='bbox 2055 1284 2067 1293; x_wconf 78' lang='lat'><strong><em>.</em></strong></span> 
     </span>
    </p>

    <p class='ocr_par' dir='ltr' id='par_1_3' title="bbox 817 1304 2363 1929">
     <span class='ocr_line' id='line_1_9' title="bbox 869 1304 2357 1397; baseline 0.003 -30"><span class='ocrx_word' id='word_1_46' title='bbox 869 1308 957 1368; x_wconf 78' lang='grc'><strong><em>’4.</em></strong></span> <span class='ocrx_word' id='word_1_47' title='bbox 989 1304 1084 1368; x_wconf 83' lang='lat' dir='ltr'><strong><em>Ad</em></strong></span> <span class='ocrx_word' id='word_1_48' title='bbox 1108 1304 1265 1397; x_wconf 78' lang='lat' dir='ltr'><strong><em>illud</em></strong></span> <span class='ocrx_word' id='word_1_49' title='bbox 1289 1306 1464 1388; x_wconf 91' lang='lat' dir='ltr'><strong><em>quod</em></strong></span> <span class='ocrx_word' id='word_1_50' title='bbox 1484 1306 1779 1389; x_wconf 89' lang='lat' dir='ltr'><strong><em>objicitur</em></strong></span> <span class='ocrx_word' id='word_1_51' title='bbox 1796 1305 1873 1369; x_wconf 92' lang='lat' dir='ltr'><strong><em>de</em></strong></span> <span class='ocrx_word' id='word_1_52' title='bbox 1890 1305 2171 1389; x_wconf 85' lang='lat' dir='ltr'><strong><em>potentia</em></strong></span> <span class='ocrx_word' id='word_1_53' title='bbox 2195 1306 2357 1372; x_wconf 84' lang='lat' dir='ltr'><strong><em>vivi-</em></strong></span> 
     </span>
     <span class='ocr_line' id='line_1_10' title="bbox 817 1411 2357 1495; baseline 0.001 -18"><span class='ocrx_word' id='word_1_54' title='bbox 817 1411 1078 1490; x_wconf 86' lang='lat' dir='ltr'><strong><em>ficandi,</em></strong></span> <span class='ocrx_word' id='word_1_55' title='bbox 1122 1412 1486 1493; x_wconf 86' lang='lat' dir='ltr'><strong><em>dicendum,</em></strong></span> <span class='ocrx_word' id='word_1_56' title='bbox 1528 1414 1700 1495; x_wconf 90' lang='lat' dir='ltr'><strong><em>quod</em></strong></span> <span class='ocrx_word' id='word_1_57' title='bbox 1736 1417 1948 1481; x_wconf 80' lang='lat' dir='ltr'><strong><em>vivere</em></strong></span> <span class='ocrx_word' id='word_1_58' title='bbox 1992 1431 2126 1477; x_wconf 92' lang='lat' dir='ltr'><strong><em>uno</em></strong></span> <span class='ocrx_word' id='word_1_59' title='bbox 2167 1414 2357 1479; x_wconf 91' lang='lat' dir='ltr'><strong><em>modo</em></strong></span> 
     </span>
     <span class='ocr_line' id='line_1_11' title="bbox 820 1517 2359 1603; baseline 0.002 -22"><span class='ocrx_word' id='word_1_60' title='bbox 820 1517 969 1582; x_wconf 88' lang='lat' dir='ltr'><strong><em>dicit</em></strong></span> <span class='ocrx_word' id='word_1_61' title='bbox 1001 1524 1217 1584; x_wconf 91' lang='lat' dir='ltr'><strong><em>actum</em></strong></span> <span class='ocrx_word' id='word_1_62' title='bbox 1258 1526 1773 1603; x_wconf 81' lang='lat' dir='ltr'><strong><em>consequentem,</em></strong></span> <span class='ocrx_word' id='word_1_63' title='bbox 1813 1523 1977 1586; x_wconf 89' lang='lat' dir='ltr'><strong><em>sicut</em></strong></span> <span class='ocrx_word' id='word_1_64' title='bbox 2002 1524 2267 1601; x_wconf 81' lang='lat' dir='ltr'><strong><em>moveri,</em></strong></span> <span class='ocrx_word' id='word_1_65' title='bbox 2297 1524 2359 1584; x_wconf 90' lang='lat' dir='ltr'><strong><em>et</em></strong></span> 
     </span>
     <span class='ocr_line' id='line_1_12' title="bbox 820 1624 2357 1711; baseline 0.001 -22"><span class='ocrx_word' id='word_1_66' title='bbox 820 1624 911 1689; x_wconf 92' lang='lat' dir='ltr'><strong><em>sic</em></strong></span> <span class='ocrx_word' id='word_1_67' title='bbox 943 1629 1039 1690; x_wconf 89' lang='lat' dir='ltr'><strong><em>est</em></strong></span> <span class='ocrx_word' id='word_1_68' title='bbox 1057 1626 1137 1690; x_wconf 87' lang='lat' dir='ltr'><strong><em>ab</em></strong></span> <span class='ocrx_word' id='word_1_69' title='bbox 1162 1626 1378 1690; x_wconf 86' lang='lat' dir='ltr'><strong><em>anima</em></strong></span> <span class='ocrx_word' id='word_1_70' title='bbox 1403 1627 1826 1693; x_wconf 82' lang='lat' dir='ltr'><strong>mediantibus</strong></span> <span class='ocrx_word' id='word_1_71' title='bbox 1851 1629 2151 1711; x_wconf 84' lang='lat' dir='ltr'><strong><em>potentiis</em></strong></span> <span class='ocrx_word' id='word_1_72' title='bbox 2178 1627 2357 1692; x_wconf 83' lang='lat' dir='ltr'><strong><em>diffe-</em></strong></span> 
     </span>
     <span class='ocr_line' id='line_1_13' title="bbox 822 1731 2363 1816; baseline 0 -19"><span class='ocrx_word' id='word_1_73' title='bbox 822 1731 1107 1797; x_wconf 83' lang='lat' dir='ltr'><strong><em>rentibus</em></strong></span> <span class='ocrx_word' id='word_1_74' title='bbox 1143 1735 1387 1816; x_wconf 88' lang='lat' dir='ltr'><strong><em>abipsa</em></strong></span> <span class='ocrx_word' id='word_1_75' title='bbox 1424 1735 1715 1800; x_wconf 82' lang='lat' dir='ltr'><strong><em>essentia.</em></strong></span> <span class='ocrx_word' id='word_1_76' title='bbox 1746 1736 1890 1800; x_wconf 85' lang='lat' dir='ltr'><strong><em>Alio</em></strong></span> <span class='ocrx_word' id='word_1_77' title='bbox 1917 1736 2107 1800; x_wconf 91' lang='lat' dir='ltr'><strong><em>modo</em></strong></span> <span class='ocrx_word' id='word_1_78' title='bbox 2132 1735 2363 1799; x_wconf 86' lang='lat' dir='ltr'><strong><em>dicitur</em></strong></span> 
     </span>
     <span class='ocr_line' id='line_1_14' title="bbox 822 1845 2363 1929; baseline 0 -20"><span class='ocrx_word' id='word_1_79' title='bbox 822 1845 1037 1909; x_wconf 81' lang='lat' dir='ltr'><strong><em>vivere</em></strong></span> <span class='ocrx_word' id='word_1_80' title='bbox 1073 1845 1425 1910; x_wconf 87' lang='lat' dir='ltr'><strong><em>secundum</em></strong></span> <span class='ocrx_word' id='word_1_81' title='bbox 1468 1845 1637 1928; x_wconf 92' lang='lat' dir='ltr'><strong><em>quod</em></strong></span> <span class='ocrx_word' id='word_1_82' title='bbox 1664 1850 1760 1910; x_wconf 88' lang='lat' dir='ltr'><strong><em>est</em></strong></span> <span class='ocrx_word' id='word_1_83' title='bbox 1797 1850 1976 1910; x_wconf 89' lang='lat' dir='ltr'><strong><em>actus</em></strong></span> <span class='ocrx_word' id='word_1_84' title='bbox 2001 1845 2270 1929; x_wconf 90' lang='lat' dir='ltr'><strong><em>primus,</em></strong></span> <span class='ocrx_word' id='word_1_85' title='bbox 2298 1849 2363 1910; x_wconf 90' lang='lat' dir='ltr'><strong><em>et</em></strong></span> 
     </span>
    </p>
   </div>
   <div class='ocr_carea' id='block_1_3' title="bbox 691 1950 2359 2034">
    <p class='ocr_par' dir='ltr' id='par_1_4' title="bbox 691 1950 2359 2034">
     <span class='ocr_line' id='line_1_15' title="bbox 691 1950 2359 2034; baseline 0.002 -20"><span class='ocrx_word' id='word_1_86' title='bbox 691 1972 696 1977; x_wconf 92' lang='grc'><strong><em>·</em></strong></span> <span class='ocrx_word' id='word_1_87' title='bbox 824 1952 917 2014; x_wconf 86' lang='lat' dir='ltr'><strong><em>est</em></strong></span> <span class='ocrx_word' id='word_1_88' title='bbox 944 1950 1025 2014; x_wconf 90' lang='lat' dir='ltr'><strong><em>ab</em></strong></span> <span class='ocrx_word' id='word_1_89' title='bbox 1050 1951 1318 2015; x_wconf 80' lang='lat' dir='ltr'><strong><em>essentia</em></strong></span> <span class='ocrx_word' id='word_1_90' title='bbox 1356 1951 1612 2029; x_wconf 86' lang='lat' dir='ltr'><strong><em>animae,</em></strong></span> <span class='ocrx_word' id='word_1_91' title='bbox 1643 1953 1806 2017; x_wconf 89' lang='lat' dir='ltr'><strong><em>utin</em></strong></span> <span class='ocrx_word' id='word_1_92' title='bbox 1832 1953 2079 2017; x_wconf 87' lang='lat' dir='ltr'><strong><em>ratione</em></strong></span> <span class='ocrx_word' id='word_1_93' title='bbox 2116 1953 2359 2034; x_wconf 85' lang='lat' dir='ltr'><strong><em>formae,</em></strong></span> 
     </span>
    </p>
   </div>
   <div class='ocr_carea' id='block_1_4' title="bbox 606 3819 816 3864">
    <p class='ocr_par' dir='ltr' id='par_1_5' title="bbox 606 3819 816 3864">
     <span class='ocr_line' id='line_1_16' title="bbox 606 3819 816 3864; baseline -0.014 0"><span class='ocrx_word' id='word_1_94' title='bbox 606 3819 816 3864; x_wconf 76' lang='lat' dir='ltr'><strong><em>Fundam.</em></strong></span> 
     </span>
    </p>
   </div>
   <div class='ocr_carea' id='block_1_5' title="bbox 825 2057 2374 3321">
    <p class='ocr_par' dir='ltr' id='par_1_6' title="bbox 825 2057 2374 3321">
     <span class='ocr_line' id='line_1_17' title="bbox 825 2057 2363 2143; baseline 0.003 -24"><span class='ocrx_word' id='word_1_95' title='bbox 825 2074 955 2120; x_wconf 88' lang='lat' dir='ltr'><strong><em>non</em></strong></span> <span class='ocrx_word' id='word_1_96' title='bbox 990 2057 1059 2121; x_wconf 90' lang='lat' dir='ltr'><strong><em>in</em></strong></span> <span class='ocrx_word' id='word_1_97' title='bbox 1085 2059 1327 2123; x_wconf 86' lang='lat' dir='ltr'><strong><em>ratione</em></strong></span> <span class='ocrx_word' id='word_1_98' title='bbox 1362 2060 1651 2140; x_wconf 82' lang='lat' dir='ltr'><strong><em>agentis:</em></strong></span> <span class='ocrx_word' id='word_1_99' title='bbox 1682 2063 1747 2125; x_wconf 90' lang='lat' dir='ltr'><strong><em>et</em></strong></span> <span class='ocrx_word' id='word_1_100' title='bbox 1788 2064 2045 2143; x_wconf 87' lang='lat' dir='ltr'><strong><em>propter</em></strong></span> <span class='ocrx_word' id='word_1_101' title='bbox 2078 2060 2202 2123; x_wconf 90' lang='lat' dir='ltr'><strong><em>hoc</em></strong></span> <span class='ocrx_word' id='word_1_102' title='bbox 2231 2077 2363 2124; x_wconf 93' lang='lat' dir='ltr'><strong><em>non</em></strong></span> 
     </span>
     <span class='ocr_line' id='line_1_18' title="bbox 826 2163 2365 2249; baseline 0.001 -20"><span class='ocrx_word' id='word_1_103' title='bbox 826 2163 1258 2229; x_wconf 76' lang='lat' dir='ltr'><strong><em>consideratur</em></strong></span> <span class='ocrx_word' id='word_1_104' title='bbox 1277 2164 1366 2228; x_wconf 87' lang='lat' dir='ltr'><strong><em>ibi</em></strong></span> <span class='ocrx_word' id='word_1_105' title='bbox 1384 2184 1518 2230; x_wconf 86' lang='lat' dir='ltr'><strong><em>esse</em></strong></span> <span class='ocrx_word' id='word_1_106' title='bbox 1535 2169 1786 2230; x_wconf 90' lang='lat' dir='ltr'><strong><em>tantum</em></strong></span> <span class='ocrx_word' id='word_1_107' title='bbox 1801 2167 1868 2230; x_wconf 91' lang='lat' dir='ltr'><strong><em>in</em></strong></span> <span class='ocrx_word' id='word_1_108' title='bbox 1887 2167 2232 2249; x_wconf 86' lang='lat' dir='ltr'><strong><em>operando,</em></strong></span> <span class='ocrx_word' id='word_1_109' title='bbox 2256 2167 2365 2231; x_wconf 91' lang='lat' dir='ltr'><strong><em>sed</em></strong></span> 
     </span>
     <span class='ocr_line' id='line_1_19' title="bbox 827 2272 2360 2357; baseline 0.002 -23"><span class='ocrx_word' id='word_1_110' title='bbox 827 2272 893 2334; x_wconf 93' lang='lat' dir='ltr'><strong><em>in</em></strong></span> <span class='ocrx_word' id='word_1_111' title='bbox 920 2272 1342 2352; x_wconf 83' lang='lat' dir='ltr'><strong><em>informando,</em></strong></span> <span class='ocrx_word' id='word_1_112' title='bbox 1382 2274 1545 2336; x_wconf 91' lang='lat' dir='ltr'><strong><em>sicut</em></strong></span> <span class='ocrx_word' id='word_1_113' title='bbox 1567 2273 1789 2338; x_wconf 85' lang='lat' dir='ltr'><strong><em>albedo</em></strong></span> <span class='ocrx_word' id='word_1_114' title='bbox 1826 2292 1894 2338; x_wconf 86' lang='lat' dir='ltr'><strong><em>se</em></strong></span> <span class='ocrx_word' id='word_1_115' title='bbox 1924 2275 2062 2357; x_wconf 89' lang='lat' dir='ltr'><strong><em>ipsa</em></strong></span> <span class='ocrx_word' id='word_1_116' title='bbox 2089 2273 2360 2351; x_wconf 80' lang='lat' dir='ltr'><strong><em>dealbat,</em></strong></span> 
     </span>
     <span class='ocr_line' id='line_1_20' title="bbox 829 2377 2368 2462; baseline 0.002 -20"><span class='ocrx_word' id='word_1_117' title='bbox 829 2377 917 2443; x_wconf 89' lang='lat' dir='ltr'><strong><em>ita</em></strong></span> <span class='ocrx_word' id='word_1_118' title='bbox 956 2378 1129 2460; x_wconf 92' lang='lat' dir='ltr'><strong><em>quod</em></strong></span> <span class='ocrx_word' id='word_1_119' title='bbox 1173 2397 1305 2444; x_wconf 92' lang='lat' dir='ltr'><strong><em>non</em></strong></span> <span class='ocrx_word' id='word_1_120' title='bbox 1344 2384 1601 2445; x_wconf 82' lang='lat' dir='ltr'><strong><em>notatur</em></strong></span> <span class='ocrx_word' id='word_1_121' title='bbox 1630 2380 1748 2461; x_wconf 86' lang='lat' dir='ltr'><strong><em>ibi,</em></strong></span> <span class='ocrx_word' id='word_1_122' title='bbox 1791 2399 1908 2444; x_wconf 89' lang='lat' dir='ltr'><strong><em>nec</em></strong></span> <span class='ocrx_word' id='word_1_123' title='bbox 1940 2384 2035 2445; x_wconf 87' lang='lat' dir='ltr'><strong><em>est</em></strong></span> <span class='ocrx_word' id='word_1_124' title='bbox 2070 2396 2368 2462; x_wconf 78' lang='lat' dir='ltr'><strong><em>egressus</em></strong></span> 
     </span>
     <span class='ocr_line' id='line_1_21' title="bbox 828 2486 2369 2571; baseline 0.001 -21"><span class='ocrx_word' id='word_1_125' title='bbox 828 2486 1123 2568; x_wconf 76' lang='lat' dir='ltr'><strong><em>aliquuS,</em></strong></span> <span class='ocrx_word' id='word_1_126' title='bbox 1143 2492 1217 2551; x_wconf 87' lang='lat' dir='ltr'><strong><em>ut</em></strong></span> <span class='ocrx_word' id='word_1_127' title='bbox 1233 2506 1274 2552; x_wconf 91' lang='lat' dir='ltr'><strong><em>a</em></strong></span> <span class='ocrx_word' id='word_1_128' title='bbox 1299 2488 1580 2571; x_wconf 90' lang='lat' dir='ltr'><strong><em>potentia</em></strong></span> <span class='ocrx_word' id='word_1_129' title='bbox 1601 2492 1852 2571; x_wconf 83' lang='lat' dir='ltr'><strong><em>agente.</em></strong></span> <span class='ocrx_word' id='word_1_130' title='bbox 1882 2488 2010 2552; x_wconf 89' lang='lat' dir='ltr'><strong><em>Nos</em></strong></span> <span class='ocrx_word' id='word_1_131' title='bbox 2028 2493 2245 2553; x_wconf 87' lang='lat' dir='ltr'><strong><em>autem</em></strong></span> <span class='ocrx_word' id='word_1_132' title='bbox 2262 2487 2369 2552; x_wconf 90' lang='lat' dir='ltr'><strong><em>hic</em></strong></span> 
     </span>
     <span class='ocr_line' id='line_1_22' title="bbox 829 2593 2369 2679; baseline 0.003 -23"><span class='ocrx_word' id='word_1_133' title='bbox 829 2593 1159 2676; x_wconf 82' lang='lat' dir='ltr'><strong><em>loquimur</em></strong></span> <span class='ocrx_word' id='word_1_134' title='bbox 1186 2594 1264 2659; x_wconf 89' lang='lat' dir='ltr'><strong><em>de</em></strong></span> <span class='ocrx_word' id='word_1_135' title='bbox 1305 2594 1585 2677; x_wconf 88' lang='lat' dir='ltr'><strong><em>potentia</em></strong></span> <span class='ocrx_word' id='word_1_136' title='bbox 1619 2599 1692 2659; x_wconf 92' lang='lat' dir='ltr'><strong><em>ut</em></strong></span> <span class='ocrx_word' id='word_1_137' title='bbox 1726 2600 1977 2677; x_wconf 81' lang='lat' dir='ltr'><strong><em>agente,</em></strong></span> <span class='ocrx_word' id='word_1_138' title='bbox 2014 2600 2080 2660; x_wconf 90' lang='lat' dir='ltr'><strong><em>et</em></strong></span> <span class='ocrx_word' id='word_1_139' title='bbox 2122 2597 2369 2679; x_wconf 89' lang='lat' dir='ltr'><strong><em>produ-</em></strong></span> 
     </span>
     <span class='ocr_line' id='line_1_23' title="bbox 833 2700 2373 2787; baseline 0.004 -24"><span class='ocrx_word' id='word_1_140' title='bbox 833 2704 1013 2764; x_wconf 82' lang='lat' dir='ltr'><strong><em>cente</em></strong></span> <span class='ocrx_word' id='word_1_141' title='bbox 1050 2700 1329 2783; x_wconf 84' lang='lat' dir='ltr'><strong><em>aliquid:</em></strong></span> <span class='ocrx_word' id='word_1_142' title='bbox 1373 2701 1654 2783; x_wconf 87' lang='lat' dir='ltr'><strong><em>potentia</em></strong></span> <span class='ocrx_word' id='word_1_143' title='bbox 1692 2720 1847 2766; x_wconf 87' lang='lat' dir='ltr'><strong><em>vero</em></strong></span> <span class='ocrx_word' id='word_1_144' title='bbox 1879 2703 2136 2780; x_wconf 81' lang='lat' dir='ltr'><strong><em>animae,</em></strong></span> <span class='ocrx_word' id='word_1_145' title='bbox 2162 2721 2373 2787; x_wconf 88' lang='lat' dir='ltr'><strong><em>quan-</em></strong></span> 
     </span>
     <span class='ocr_line' id='line_1_24' title="bbox 830 2809 2368 2895; baseline 0.004 -24"><span class='ocrx_word' id='word_1_146' title='bbox 830 2812 1254 2892; x_wconf 88' lang='lat' dir='ltr'><strong><em>tumcumque</em></strong></span> <span class='ocrx_word' id='word_1_147' title='bbox 1287 2810 1370 2873; x_wconf 91' lang='lat' dir='ltr'><strong><em>sit</em></strong></span> <span class='ocrx_word' id='word_1_148' title='bbox 1394 2809 1594 2889; x_wconf 91' lang='lat' dir='ltr'><strong><em>idem,</em></strong></span> <span class='ocrx_word' id='word_1_149' title='bbox 1637 2814 1852 2875; x_wconf 83' lang='lat' dir='ltr'><strong><em>tamen</em></strong></span> <span class='ocrx_word' id='word_1_150' title='bbox 1899 2811 2049 2876; x_wconf 89' lang='lat' dir='ltr'><strong><em>dicit</em></strong></span> <span class='ocrx_word' id='word_1_151' title='bbox 2089 2811 2368 2895; x_wconf 84' lang='lat' dir='ltr'><strong><em>aliquam</em></strong></span> 
     </span>
     <span class='ocr_line' id='line_1_25' title="bbox 833 2917 2372 3002; baseline 0.004 -23"><span class='ocrx_word' id='word_1_152' title='bbox 833 2917 1335 2998; x_wconf 84' lang='lat' dir='ltr'><strong><em>inclinationem,</em></strong></span> <span class='ocrx_word' id='word_1_153' title='bbox 1363 2924 1428 2983; x_wconf 87' lang='lat' dir='ltr'><strong><em>et</em></strong></span> <span class='ocrx_word' id='word_1_154' title='bbox 1449 2918 1590 2983; x_wconf 87' lang='lat' dir='ltr'><strong><em>ideo</em></strong></span> <span class='ocrx_word' id='word_1_155' title='bbox 1615 2919 2120 3002; x_wconf 90' lang='lat' dir='ltr'><strong><em>dependentiam,</em></strong></span> <span class='ocrx_word' id='word_1_156' title='bbox 2147 2925 2213 2984; x_wconf 93' lang='lat' dir='ltr'><strong><em>et</em></strong></span> <span class='ocrx_word' id='word_1_157' title='bbox 2230 2921 2372 2985; x_wconf 89' lang='lat' dir='ltr'><strong><em>ideo</em></strong></span> 
     </span>
     <span class='ocr_line' id='line_1_26' title="bbox 835 3024 2373 3111; baseline 0.004 -25"><span class='ocrx_word' id='word_1_158' title='bbox 835 3024 1044 3106; x_wconf 87' lang='lat' dir='ltr'><strong><em>privat</em></strong></span> <span class='ocrx_word' id='word_1_159' title='bbox 1067 3026 1554 3109; x_wconf 78' lang='lat' dir='ltr'><strong><em>simplicitatem,</em></strong></span> <span class='ocrx_word' id='word_1_160' title='bbox 1586 3045 1660 3090; x_wconf 90' lang='lat' dir='ltr'><strong><em>ac</em></strong></span> <span class='ocrx_word' id='word_1_161' title='bbox 1686 3042 1800 3109; x_wconf 84' lang='lat' dir='ltr'><strong><em>per</em></strong></span> <span class='ocrx_word' id='word_1_162' title='bbox 1833 3028 1955 3091; x_wconf 89' lang='lat' dir='ltr'><strong><em>hoc</em></strong></span> <span class='ocrx_word' id='word_1_163' title='bbox 1983 3029 2193 3111; x_wconf 84' lang='lat' dir='ltr'><strong><em>privat</em></strong></span> <span class='ocrx_word' id='word_1_164' title='bbox 2218 3029 2373 3092; x_wconf 83' lang='lat' dir='ltr'><strong><em>infl-</em></strong></span> 
     </span>
     <span class='ocr_line' id='line_1_27' title="bbox 836 3134 2374 3201; baseline 0.003 -6"><span class='ocrx_word' id='word_1_165' title='bbox 836 3134 1100 3197; x_wconf 84' lang='lat' dir='ltr'><strong><em>nitatem</em></strong></span> <span class='ocrx_word' id='word_1_166' title='bbox 1124 3155 1139 3197; x_wconf 88' lang='lat'>:</span> <span class='ocrx_word' id='word_1_167' title='bbox 1163 3135 1233 3197; x_wconf 90' lang='lat' dir='ltr'><strong><em>in</em></strong></span> <span class='ocrx_word' id='word_1_168' title='bbox 1253 3135 1379 3199; x_wconf 92' lang='lat' dir='ltr'><strong><em>Deo</em></strong></span> <span class='ocrx_word' id='word_1_169' title='bbox 1407 3139 1621 3199; x_wconf 84' lang='lat' dir='ltr'><strong><em>autem</em></strong></span> <span class='ocrx_word' id='word_1_170' title='bbox 1645 3151 1778 3200; x_wconf 91' lang='lat' dir='ltr'><strong><em>non</em></strong></span> <span class='ocrx_word' id='word_1_171' title='bbox 1800 3135 1923 3200; x_wconf 89' lang='lat' dir='ltr'><strong><em>sic:</em></strong></span> <span class='ocrx_word' id='word_1_172' title='bbox 1956 3141 2020 3200; x_wconf 87' lang='lat' dir='ltr'><strong><em>et</em></strong></span> <span class='ocrx_word' id='word_1_173' title='bbox 2041 3136 2184 3200; x_wconf 89' lang='lat' dir='ltr'><strong><em>ideo</em></strong></span> <span class='ocrx_word' id='word_1_174' title='bbox 2211 3136 2374 3201; x_wconf 88' lang='lat' dir='ltr'><strong><em>ratio</em></strong></span> 
     </span>
     <span class='ocr_line' id='line_1_28' title="bbox 836 3239 2265 3321; baseline 0.003 -18"><span class='ocrx_word' id='word_1_175' title='bbox 836 3239 943 3304; x_wconf 90' lang='lat' dir='ltr'><strong><em>illa</em></strong></span> <span class='ocrx_word' id='word_1_176' title='bbox 966 3258 1101 3305; x_wconf 91' lang='lat' dir='ltr'><strong><em>non</em></strong></span> <span class='ocrx_word' id='word_1_177' title='bbox 1127 3242 1318 3306; x_wconf 86' lang='lat' dir='ltr'><strong><em>habet</em></strong></span> <span class='ocrx_word' id='word_1_178' title='bbox 1333 3242 1722 3321; x_wconf 81' lang='lat' dir='ltr'><strong><em>instantiam,</em></strong></span> <span class='ocrx_word' id='word_1_179' title='bbox 1744 3246 1911 3308; x_wconf 87' lang='lat' dir='ltr'><strong><em>recte</em></strong></span> <span class='ocrx_word' id='word_1_180' title='bbox 1928 3243 2265 3309; x_wconf 88' lang='lat' dir='ltr'><strong><em>intellecta.</em></strong></span> 
     </span>
    </p>
   </div>
   <div class='ocr_carea' id='block_1_6' title="bbox 878 3479 2340 3708">
    <p class='ocr_par' dir='ltr' id='par_1_7' title="bbox 878 3479 2340 3708">
     <span class='ocr_line' id='line_1_29' title="bbox 1372 3479 1853 3559; baseline 0.006 -13"><span class='ocrx_word' id='word_1_181' title='bbox 1372 3479 1732 3559; x_wconf 82' lang='lat' dir='ltr'><strong><em>QUAESTIO</em></strong></span> <span class='ocrx_word' id='word_1_182' title='bbox 1772 3479 1853 3549; x_wconf 92' lang='lat' dir='ltr'><strong><em>II.</em></strong></span> 
     </span>
     <span class='ocr_line' id='line_1_30' title="bbox 878 3632 2340 3708; baseline 0.003 -19"><span class='ocrx_word' id='word_1_183' title='bbox 878 3635 973 3690; x_wconf 83' lang='lat' dir='ltr'><strong><em>An</em></strong></span> <span class='ocrx_word' id='word_1_184' title='bbox 998 3632 1191 3690; x_wconf 81' lang='lat' dir='ltr'><strong><em>divina</em></strong></span> <span class='ocrx_word' id='word_1_185' title='bbox 1221 3636 1482 3703; x_wconf 71' lang='lat' dir='ltr'><strong><em>essentia,</em></strong></span> <span class='ocrx_word' id='word_1_186' title='bbox 1512 3636 1626 3691; x_wconf 80' lang='lat' dir='ltr'><strong><em>sive</em></strong></span> <span class='ocrx_word' id='word_1_187' title='bbox 1644 3638 1929 3708; x_wconf 79' lang='lat' dir='ltr'><strong><em>potentia,</em></strong></span> <span class='ocrx_word' id='word_1_188' title='bbox 1958 3638 2033 3692; x_wconf 81' lang='lat' dir='ltr'><strong><em>sit</em></strong></span> <span class='ocrx_word' id='word_1_189' title='bbox 2056 3635 2340 3708; x_wconf 50' lang='lat' dir='ltr'><strong><em>infima&amp;</em></strong></span> 
     </span>
    </p>
   </div>
   <div class='ocr_carea' id='block_1_7' title="bbox 845 3775 2386 4393">
    <p class='ocr_par' dir='ltr' id='par_1_8' title="bbox 845 3775 2386 4393">
     <span class='ocr_line' id='line_1_31' title="bbox 923 3775 2380 3863; baseline 0.003 -23"><span class='ocrx_word' id='word_1_190' title='bbox 923 3775 1150 3840; x_wconf 83' lang='lat' dir='ltr'><strong><em>Utrum</em></strong></span> <span class='ocrx_word' id='word_1_191' title='bbox 1168 3777 1440 3840; x_wconf 55' lang='lat' dir='ltr'><strong><em>essentia</em></strong></span> <span class='ocrx_word' id='word_1_192' title='bbox 1459 3776 1540 3840; x_wconf 89' lang='lat' dir='ltr'><strong><em>sit</em></strong></span> <span class='ocrx_word' id='word_1_193' title='bbox 1565 3777 1835 3857; x_wconf 79' lang='lat' dir='ltr'><strong><em>infinita,</em></strong></span> <span class='ocrx_word' id='word_1_194' title='bbox 1863 3778 1999 3843; x_wconf 87' lang='lat' dir='ltr'><strong><em>sive</em></strong></span> <span class='ocrx_word' id='word_1_195' title='bbox 2025 3777 2244 3844; x_wconf 84' lang='lat' dir='ltr'><strong><em>divina</em></strong></span> <span class='ocrx_word' id='word_1_196' title='bbox 2270 3797 2380 3863; x_wconf 88' lang='lat' dir='ltr'><strong><em>po-</em></strong></span> 
     </span>
     <span class='ocr_line' id='line_1_32' title="bbox 846 3884 2378 3972; baseline 0.002 -24"><span class='ocrx_word' id='word_1_197' title='bbox 846 3884 1041 3948; x_wconf 85' lang='lat' dir='ltr'><strong><em>tentia</em></strong></span> <span class='ocrx_word' id='word_1_198' title='bbox 1063 3884 1149 3947; x_wconf 87' lang='lat' dir='ltr'><strong><em>sit</em></strong></span> <span class='ocrx_word' id='word_1_199' title='bbox 1185 3884 1435 3972; x_wconf 80' lang='lat' dir='ltr'><strong><em>infinita</em></strong></span> <span class='ocrx_word' id='word_1_200' title='bbox 1467 3889 1784 3967; x_wconf 91' lang='lat' dir='ltr'><strong><em>quantum</em></strong></span> <span class='ocrx_word' id='word_1_201' title='bbox 1812 3885 1892 3949; x_wconf 89' lang='lat' dir='ltr'><strong><em>ad</em></strong></span> <span class='ocrx_word' id='word_1_202' title='bbox 1919 3903 2053 3949; x_wconf 85' lang='lat' dir='ltr'><strong><em>esse</em></strong></span> <span class='ocrx_word' id='word_1_203' title='bbox 2076 3905 2093 3965; x_wconf 91' lang='lat'>;</span> <span class='ocrx_word' id='word_1_204' title='bbox 2118 3890 2183 3950; x_wconf 91' lang='lat' dir='ltr'><strong><em>et</em></strong></span> <span class='ocrx_word' id='word_1_205' title='bbox 2209 3889 2378 3969; x_wconf 88' lang='lat' dir='ltr'><strong><em>quod</em></strong></span> 
     </span>
     <span class='ocr_line' id='line_1_33' title="bbox 846 3979 2383 4074; baseline 0.003 -20"><span class='ocrx_word' id='word_1_206' title='bbox 846 3979 957 4067; x_wconf 77' lang='lat' dir='ltr'><strong><em>sic,</em></strong></span> <span class='ocrx_word' id='word_1_207' title='bbox 986 3990 1265 4070; x_wconf 87' lang='lat' dir='ltr'><strong><em>videtur,</em></strong></span> <span class='ocrx_word' id='word_1_208' title='bbox 1296 3990 1448 4074; x_wconf 91' lang='lat' dir='ltr'><strong><em>quia</em></strong></span> <span class='ocrx_word' id='word_1_209' title='bbox 1471 3991 1652 4056; x_wconf 90' lang='lat' dir='ltr'><strong><em>nulla</em></strong></span> <span class='ocrx_word' id='word_1_210' title='bbox 1677 3991 1958 4074; x_wconf 85' lang='lat' dir='ltr'><strong><em>potentia</em></strong></span> <span class='ocrx_word' id='word_1_211' title='bbox 1983 3992 2259 4057; x_wconf 88' lang='lat' dir='ltr'><strong><em>nobilior</em></strong></span> <span class='ocrx_word' id='word_1_212' title='bbox 2287 3999 2383 4058; x_wconf 92' lang='lat' dir='ltr'><strong><em>est</em></strong></span> 
     </span>
     <span class='ocr_line' id='line_1_34' title="bbox 845 4096 2378 4181; baseline 0.003 -20"><span class='ocrx_word' id='word_1_213' title='bbox 845 4096 1199 4163; x_wconf 87' lang='lat' dir='ltr'><strong><em>substantia</em></strong></span> <span class='ocrx_word' id='word_1_214' title='bbox 1228 4121 1245 4164; x_wconf 70' lang='grc' dir='ltr'>ι</span> <span class='ocrx_word' id='word_1_215' title='bbox 1277 4100 1386 4164; x_wconf 90' lang='lat' dir='ltr'><strong><em>sed</em></strong></span> <span class='ocrx_word' id='word_1_216' title='bbox 1411 4097 1628 4163; x_wconf 86' lang='lat' dir='ltr'><strong><em>divina</em></strong></span> <span class='ocrx_word' id='word_1_217' title='bbox 1653 4100 1933 4181; x_wconf 89' lang='lat' dir='ltr'><strong><em>potentia</em></strong></span> <span class='ocrx_word' id='word_1_218' title='bbox 1960 4104 2057 4164; x_wconf 88' lang='lat' dir='ltr'><strong><em>est</em></strong></span> <span class='ocrx_word' id='word_1_219' title='bbox 2084 4101 2378 4167; x_wconf 78' lang='lat' dir='ltr'><strong><em>infinita:</em></strong></span> 
     </span>
     <span class='ocr_line' id='line_1_35' title="bbox 846 4206 2386 4290; baseline 0.001 -21"><span class='ocrx_word' id='word_1_220' title='bbox 846 4223 1005 4288; x_wconf 81' lang='lat' dir='ltr'><strong><em>ergo</em></strong></span> <span class='ocrx_word' id='word_1_221' title='bbox 1030 4223 1180 4269; x_wconf 91' lang='lat' dir='ltr'><strong><em>cum</em></strong></span> <span class='ocrx_word' id='word_1_222' title='bbox 1215 4221 1348 4270; x_wconf 88' lang='lat' dir='ltr'><strong><em>non</em></strong></span> <span class='ocrx_word' id='word_1_223' title='bbox 1389 4206 1471 4269; x_wconf 90' lang='lat' dir='ltr'><strong><em>sit</em></strong></span> <span class='ocrx_word' id='word_1_224' title='bbox 1503 4206 1774 4270; x_wconf 88' lang='lat' dir='ltr'><strong><em>nobilior</em></strong></span> <span class='ocrx_word' id='word_1_225' title='bbox 1797 4254 1814 4285; x_wconf 96' lang='lat'><strong><em>,</em></strong></span> <span class='ocrx_word' id='word_1_226' title='bbox 1846 4225 1963 4271; x_wconf 93' lang='lat' dir='ltr'><strong><em>nec</em></strong></span> <span class='ocrx_word' id='word_1_227' title='bbox 2002 4210 2213 4290; x_wconf 75' lang='lat' dir='ltr'><strong><em>major</em></strong></span> <span class='ocrx_word' id='word_1_228' title='bbox 2235 4210 2386 4273; x_wconf 88' lang='lat' dir='ltr'><strong><em>sub-</em></strong></span> 
     </span>
     <span class='ocr_line' id='line_1_36' title="bbox 845 4312 2383 4393; baseline 0.002 -17"><span class='ocrx_word' id='word_1_229' title='bbox 845 4312 1076 4376; x_wconf 88' lang='lat' dir='ltr'><strong><em>stantia</em></strong></span> <span class='ocrx_word' id='word_1_230' title='bbox 1095 4360 1116 4393; x_wconf 89' lang='lat'><strong><em>,</em></strong></span> <span class='ocrx_word' id='word_1_231' title='bbox 1147 4328 1399 4376; x_wconf 84' lang='lat' dir='ltr'><strong><em>necesse</em></strong></span> <span class='ocrx_word' id='word_1_232' title='bbox 1424 4315 1518 4376; x_wconf 88' lang='lat' dir='ltr'><strong><em>est</em></strong></span> <span class='ocrx_word' id='word_1_233' title='bbox 1541 4313 1964 4377; x_wconf 80' lang='lat' dir='ltr'><strong><em>substantiam</em></strong></span> <span class='ocrx_word' id='word_1_234' title='bbox 1991 4332 2128 4378; x_wconf 89' lang='lat' dir='ltr'><strong><em>esse</em></strong></span> <span class='ocrx_word' id='word_1_235' title='bbox 2155 4315 2383 4379; x_wconf 80' lang='lat' dir='ltr'><strong><em>influi-</em></strong></span> 
     </span>
    </p>
   </div>
   <div class='ocr_carea' id='block_1_8' title="bbox 795 4423 1002 4483">
    <p class='ocr_par' dir='ltr' id='par_1_9' title="bbox 795 4423 1002 4483">
     <span class='ocr_line' id='line_1_37' title="bbox 795 4423 1002 4483; baseline -0.01 0"><span class='ocrx_word' id='word_1_236' title='bbox 795 4471 798 4472; x_wconf 10' lang='grc' dir='ltr'><em>ἢ</em></span> <span class='ocrx_word' id='word_1_237' title='bbox 845 4423 1002 4483; x_wconf 87' lang='lat' dir='ltr'><strong><em>tam.</em></strong></span> 
     </span>
    </p>
   </div>
   <div class='ocr_carea' id='block_1_9' title="bbox 848 4525 2391 5145">
    <p class='ocr_par' dir='ltr' id='par_1_10' title="bbox 848 4525 2391 5039">
     <span class='ocr_line' id='line_1_38' title="bbox 930 4525 2386 4615; baseline 0.005 -27"><span class='ocrx_word' id='word_1_238' title='bbox 930 4525 1086 4590; x_wconf 88' lang='lat' dir='ltr'><strong><em>Item</em></strong></span> <span class='ocrx_word' id='word_1_239' title='bbox 1110 4575 1129 4607; x_wconf 89' lang='lat'>‚</span> <span class='ocrx_word' id='word_1_240' title='bbox 1154 4525 1208 4589; x_wconf 92' lang='lat' dir='ltr'><strong><em>si</em></strong></span> <span class='ocrx_word' id='word_1_241' title='bbox 1239 4525 1457 4609; x_wconf 89' lang='lat' dir='ltr'><strong><em>aliqua</em></strong></span> <span class='ocrx_word' id='word_1_242' title='bbox 1481 4526 1612 4591; x_wconf 91' lang='lat' dir='ltr'><strong><em>duo</em></strong></span> <span class='ocrx_word' id='word_1_243' title='bbox 1644 4526 1847 4611; x_wconf 87' lang='lat' dir='ltr'><strong><em>[liceat</em></strong></span> <span class='ocrx_word' id='word_1_244' title='bbox 1876 4530 1965 4592; x_wconf 91' lang='lat' dir='ltr'><strong><em>sic</em></strong></span> <span class='ocrx_word' id='word_1_245' title='bbox 1992 4529 2222 4615; x_wconf 86' lang='lat' dir='ltr'><strong><em>dicere]</em></strong></span> <span class='ocrx_word' id='word_1_246' title='bbox 2258 4532 2386 4596; x_wconf 90' lang='lat' dir='ltr'><strong><em>sint</em></strong></span> 
     </span>
     <span class='ocr_line' id='line_1_39' title="bbox 848 4633 2383 4715; baseline 0.003 -17"><span class='ocrx_word' id='word_1_247' title='bbox 848 4634 1114 4698; x_wconf 89' lang='lat' dir='ltr'><strong><em>omnino</em></strong></span> <span class='ocrx_word' id='word_1_248' title='bbox 1136 4634 1335 4712; x_wconf 85' lang='lat' dir='ltr'><strong><em>idem,</em></strong></span> <span class='ocrx_word' id='word_1_249' title='bbox 1367 4633 1421 4696; x_wconf 91' lang='lat' dir='ltr'><strong><em>si</em></strong></span> <span class='ocrx_word' id='word_1_250' title='bbox 1449 4651 1657 4696; x_wconf 90' lang='lat' dir='ltr'><strong><em>unum</em></strong></span> <span class='ocrx_word' id='word_1_251' title='bbox 1685 4640 1779 4697; x_wconf 86' lang='lat' dir='ltr'><strong><em>est</em></strong></span> <span class='ocrx_word' id='word_1_252' title='bbox 1805 4634 2132 4699; x_wconf 80' lang='lat' dir='ltr'><strong><em>infinitum</em></strong></span> <span class='ocrx_word' id='word_1_253' title='bbox 2154 4682 2172 4715; x_wconf 92' lang='lat'><strong><em>,</em></strong></span> <span class='ocrx_word' id='word_1_254' title='bbox 2199 4641 2262 4701; x_wconf 88' lang='lat' dir='ltr'><strong><em>et</em></strong></span> <span class='ocrx_word' id='word_1_255' title='bbox 2282 4655 2383 4702; x_wconf 88' lang='lat' dir='ltr'><strong><em>re-</em></strong></span> 
     </span>
     <span class='ocr_line' id='line_1_40' title="bbox 848 4739 2390 4824; baseline 0.003 -20"><span class='ocrx_word' id='word_1_256' title='bbox 848 4742 1100 4824; x_wconf 90' lang='lat' dir='ltr'><strong><em>liquum</em></strong></span> <span class='ocrx_word' id='word_1_257' title='bbox 1139 4762 1155 4804; x_wconf 89' lang='lat'><strong>:</strong></span> <span class='ocrx_word' id='word_1_258' title='bbox 1210 4739 1320 4803; x_wconf 89' lang='lat' dir='ltr'><strong><em>sed</em></strong></span> <span class='ocrx_word' id='word_1_259' title='bbox 1375 4739 1728 4804; x_wconf 91' lang='lat' dir='ltr'><strong><em>substantia</em></strong></span> <span class='ocrx_word' id='word_1_260' title='bbox 1785 4745 1849 4804; x_wconf 91' lang='lat' dir='ltr'><strong><em>et</em></strong></span> <span class='ocrx_word' id='word_1_261' title='bbox 1902 4743 2187 4824; x_wconf 86' lang='lat' dir='ltr'><strong><em>potentia</em></strong></span> <span class='ocrx_word' id='word_1_262' title='bbox 2239 4749 2390 4809; x_wconf 91' lang='lat' dir='ltr'><strong><em>sunt</em></strong></span> 
     </span>
     <span class='ocr_line' id='line_1_41' title="bbox 851 4833 2391 4929; baseline 0.004 -19"><span class='ocrx_word' id='word_1_263' title='bbox 851 4848 1022 4913; x_wconf 90' lang='lat' dir='ltr'><strong><em>idem</em></strong></span> <span class='ocrx_word' id='word_1_264' title='bbox 1041 4894 1059 4927; x_wconf 87' lang='lat'><strong><em>,</em></strong></span> <span class='ocrx_word' id='word_1_265' title='bbox 1090 4852 1153 4911; x_wconf 92' lang='lat' dir='ltr'><strong><em>et</em></strong></span> <span class='ocrx_word' id='word_1_266' title='bbox 1177 4833 1345 4921; x_wconf 80' lang='lat' dir='ltr'><strong><em>esse,</em></strong></span> <span class='ocrx_word' id='word_1_267' title='bbox 1373 4848 1440 4910; x_wconf 86' lang='lat' dir='ltr'><strong><em>et</em></strong></span> <span class='ocrx_word' id='word_1_268' title='bbox 1463 4865 1643 4929; x_wconf 87' lang='lat' dir='ltr'><strong><em>posse</em></strong></span> <span class='ocrx_word' id='word_1_269' title='bbox 1675 4870 1691 4911; x_wconf 78' lang='lat' dir='ltr'><strong><em>t</em></strong></span> <span class='ocrx_word' id='word_1_270' title='bbox 1721 4866 1880 4929; x_wconf 81' lang='lat' dir='ltr'><strong><em>ergo</em></strong></span> <span class='ocrx_word' id='word_1_271' title='bbox 1916 4868 2066 4912; x_wconf 91' lang='lat' dir='ltr'><strong><em>cum</em></strong></span> <span class='ocrx_word' id='word_1_272' title='bbox 2094 4850 2391 4916; x_wconf 86' lang='lat' dir='ltr'><strong><em>divinum</em></strong></span> 
     </span>
     <span class='ocr_line' id='line_1_42' title="bbox 853 4956 2306 5039; baseline 0.002 -20"><span class='ocrx_word' id='word_1_273' title='bbox 853 4974 1036 5039; x_wconf 89' lang='lat' dir='ltr'><strong><em>posse</em></strong></span> <span class='ocrx_word' id='word_1_274' title='bbox 1053 4956 1135 5019; x_wconf 89' lang='lat' dir='ltr'><strong><em>sit</em></strong></span> <span class='ocrx_word' id='word_1_275' title='bbox 1163 4957 1510 5034; x_wconf 81' lang='lat' dir='ltr'><strong><em>infinitum,</em></strong></span> <span class='ocrx_word' id='word_1_276' title='bbox 1543 4959 1603 5018; x_wconf 87' lang='lat' dir='ltr'><strong><em>et</em></strong></span> <span class='ocrx_word' id='word_1_277' title='bbox 1627 4974 1781 5035; x_wconf 89' lang='lat' dir='ltr'><strong><em>esse,</em></strong></span> <span class='ocrx_word' id='word_1_278' title='bbox 1817 4957 1992 5021; x_wconf 86' lang='lat' dir='ltr'><strong><em>etita</em></strong></span> <span class='ocrx_word' id='word_1_279' title='bbox 2014 4958 2306 5023; x_wconf 83' lang='lat' dir='ltr'><strong><em>essentia.</em></strong></span> 
     </span>
    </p>

    <p class='ocr_par' dir='ltr' id='par_1_11' title="bbox 933 5062 2391 5145">
     <span class='ocr_line' id='line_1_43' title="bbox 933 5062 2391 5145; baseline 0.003 -19"><span class='ocrx_word' id='word_1_280' title='bbox 933 5062 1115 5142; x_wconf 83' lang='lat' dir='ltr'><strong><em>Item,</em></strong></span> <span class='ocrx_word' id='word_1_281' title='bbox 1138 5062 1672 5145; x_wconf 84' lang='lat' dir='ltr'><strong><em>quandocumque</em></strong></span> <span class='ocrx_word' id='word_1_282' title='bbox 1695 5063 1912 5145; x_wconf 89' lang='lat' dir='ltr'><strong><em>aliqua</em></strong></span> <span class='ocrx_word' id='word_1_283' title='bbox 1932 5064 2060 5128; x_wconf 90' lang='lat' dir='ltr'><strong><em>duo</em></strong></span> <span class='ocrx_word' id='word_1_284' title='bbox 2087 5067 2176 5129; x_wconf 87' lang='lat' dir='ltr'><strong><em>sic</em></strong></span> <span class='ocrx_word' id='word_1_285' title='bbox 2193 5086 2262 5129; x_wconf 88' lang='lat' dir='ltr'><strong><em>se</em></strong></span> <span class='ocrx_word' id='word_1_286' title='bbox 2282 5067 2391 5130; x_wconf 90' lang='lat' dir='ltr'><strong><em>ha·</em></strong></span> 
     </span>
    </p>
   </div>
   <div class='ocr_carea' id='block_1_10' title="bbox 857 5185 2391 5472">
    <p class='ocr_par' dir='ltr' id='par_1_12' title="bbox 857 5185 2391 5472">
     <span class='ocr_line' id='line_1_44' title="bbox 917 5185 2391 5256; baseline 0.003 -18"><span class='ocrx_word' id='word_1_287' title='bbox 917 5188 936 5224; x_wconf 80' lang='lat'><strong>¹</strong></span> <span class='ocrx_word' id='word_1_288' title='bbox 957 5187 1040 5252; x_wconf 70' lang='lat' dir='ltr'><strong><em>Cr.</em></strong></span> <span class='ocrx_word' id='word_1_289' title='bbox 1069 5190 1122 5240; x_wconf 93' lang='lat' dir='ltr'><strong><em>S.</em></strong></span> <span class='ocrx_word' id='word_1_290' title='bbox 1145 5185 1349 5252; x_wconf 81' lang='lat' dir='ltr'><strong><em>Thom.‚</em></strong></span> <span class='ocrx_word' id='word_1_291' title='bbox 1377 5187 1431 5238; x_wconf 90' lang='lat' dir='ltr'><strong><em>in</em></strong></span> <span class='ocrx_word' id='word_1_292' title='bbox 1454 5188 1635 5250; x_wconf 77' lang='lat' dir='ltr'><strong><em>Quoest.</em></strong></span> <span class='ocrx_word' id='word_1_293' title='bbox 1656 5188 1718 5237; x_wconf 77' lang='lat' dir='ltr'><strong><em>de</em></strong></span> <span class='ocrx_word' id='word_1_294' title='bbox 1743 5189 1957 5255; x_wconf 63' lang='lat' dir='ltr'><strong><em>Poterat„</em></strong></span> <span class='ocrx_word' id='word_1_295' title='bbox 1984 5203 2035 5253; x_wconf 91' lang='lat' dir='ltr'><strong><em>q.</em></strong></span> <span class='ocrx_word' id='word_1_296' title='bbox 2058 5199 2096 5253; x_wconf 78' lang='grc' dir='ltr'><strong><em>Ι,</em></strong></span> <span class='ocrx_word' id='word_1_297' title='bbox 2127 5195 2222 5241; x_wconf 89' lang='lat' dir='ltr'><strong><em>art.</em></strong></span> <span class='ocrx_word' id='word_1_298' title='bbox 2244 5193 2274 5241; x_wconf 74' lang='lat'><strong>2</strong></span> <span class='ocrx_word' id='word_1_299' title='bbox 2288 5205 2306 5256; x_wconf 79' lang='lat'><em>3</em></span> <span class='ocrx_word' id='word_1_300' title='bbox 2339 5195 2391 5243; x_wconf 81' lang='lat' dir='ltr'><strong><em>et</em></strong></span> 
     </span>
     <span class='ocr_line' id='line_1_45' title="bbox 857 5260 2389 5329; baseline 0.002 -19"><span class='ocrx_word' id='word_1_301' title='bbox 857 5260 877 5310; x_wconf 88' lang='lat'>1</span> <span class='ocrx_word' id='word_1_302' title='bbox 905 5260 1051 5311; x_wconf 81' lang='lat' dir='ltr'><strong><em>Gont.</em></strong></span> <span class='ocrx_word' id='word_1_303' title='bbox 1083 5260 1250 5320; x_wconf 70' lang='lat' dir='ltr'><strong><em>Geni„</em></strong></span> <span class='ocrx_word' id='word_1_304' title='bbox 1276 5275 1323 5309; x_wconf 93' lang='lat' dir='ltr'><strong><em>c.</em></strong></span> <span class='ocrx_word' id='word_1_305' title='bbox 1348 5271 1516 5323; x_wconf 81' lang='lat' dir='ltr'>xx1113</span> <span class='ocrx_word' id='word_1_306' title='bbox 1553 5260 1812 5324; x_wconf 67' lang='lat' dir='ltr'><strong><em>Richard„</em></strong></span> <span class='ocrx_word' id='word_1_307' title='bbox 1845 5262 1862 5310; x_wconf 88' lang='lat'>1</span> <span class='ocrx_word' id='word_1_308' title='bbox 1895 5261 2052 5324; x_wconf 70' lang='lat' dir='ltr'><strong><em>Sent„</em></strong></span> <span class='ocrx_word' id='word_1_309' title='bbox 2080 5262 2198 5312; x_wconf 87' lang='lat' dir='ltr'><strong><em>dist.</em></strong></span> <span class='ocrx_word' id='word_1_310' title='bbox 2222 5275 2353 5315; x_wconf 73' lang='lat' dir='ltr'><strong><em>xnus</em></strong></span> <span class='ocrx_word' id='word_1_311' title='bbox 2371 5302 2389 5329; x_wconf 94' lang='lat'><strong><em>,</em></strong></span> 
     </span>
     <span class='ocr_line' id='line_1_46' title="bbox 859 5329 2391 5398; baseline 0.004 -18"><span class='ocrx_word' id='word_1_312' title='bbox 859 5344 910 5395; x_wconf 90' lang='lat' dir='ltr'><strong><em>q.</em></strong></span> <span class='ocrx_word' id='word_1_313' title='bbox 931 5344 982 5394; x_wconf 82' lang='lat'><strong><em>13</em></strong></span> <span class='ocrx_word' id='word_1_314' title='bbox 1012 5331 1191 5396; x_wconf 83' lang='lat' dir='ltr'><strong><em>Steph.</em></strong></span> <span class='ocrx_word' id='word_1_315' title='bbox 1213 5331 1420 5396; x_wconf 84' lang='lat' dir='ltr'><strong><em>Brulet&#39;.‚</em></strong></span> <span class='ocrx_word' id='word_1_316' title='bbox 1451 5329 1468 5380; x_wconf 88' lang='lat'>1</span> <span class='ocrx_word' id='word_1_317' title='bbox 1503 5332 1661 5394; x_wconf 72' lang='lat' dir='ltr'><strong><em>sent„</em></strong></span> <span class='ocrx_word' id='word_1_318' title='bbox 1688 5332 1805 5383; x_wconf 86' lang='lat' dir='ltr'><strong><em>dist.</em></strong></span> <span class='ocrx_word' id='word_1_319' title='bbox 1824 5344 1989 5396; x_wconf 77' lang='lat' dir='ltr'><strong><em>xun,</em></strong></span> <span class='ocrx_word' id='word_1_320' title='bbox 2029 5348 2080 5398; x_wconf 93' lang='lat' dir='ltr'><strong><em>q.</em></strong></span> <span class='ocrx_word' id='word_1_321' title='bbox 2109 5346 2178 5397; x_wconf 82' lang='lat'><strong><em>113</em></strong></span> <span class='ocrx_word' id='word_1_322' title='bbox 2210 5337 2391 5386; x_wconf 86' lang='lat' dir='ltr'><strong><em>Petrus</em></strong></span> 
     </span>
     <span class='ocr_line' id='line_1_47' title="bbox 858 5402 2391 5472; baseline 0.004 -18"><span class='ocrx_word' id='word_1_323' title='bbox 858 5402 922 5454; x_wconf 84' lang='lat' dir='ltr'><strong><em>de</em></strong></span> <span class='ocrx_word' id='word_1_324' title='bbox 945 5404 1172 5468; x_wconf 52' lang='lat' dir='ltr'><strong><em>Tarsum,</em></strong></span> <span class='ocrx_word' id='word_1_325' title='bbox 1199 5403 1219 5453; x_wconf 91' lang='lat' dir='ltr'><strong><em>l</em></strong></span> <span class='ocrx_word' id='word_1_326' title='bbox 1246 5403 1407 5472; x_wconf 62' lang='lat' dir='ltr'><strong><em>Sena,</em></strong></span> <span class='ocrx_word' id='word_1_327' title='bbox 1435 5403 1552 5454; x_wconf 70' lang='lat' dir='ltr'><strong><em>dist.</em></strong></span> <span class='ocrx_word' id='word_1_328' title='bbox 1574 5413 1705 5456; x_wconf 71' lang='lat' dir='ltr'><strong><em>nm</em></strong></span> <span class='ocrx_word' id='word_1_329' title='bbox 1719 5441 1738 5468; x_wconf 89' lang='lat'><strong><em>,</em></strong></span> <span class='ocrx_word' id='word_1_330' title='bbox 1765 5417 1818 5472; x_wconf 86' lang='lat' dir='ltr'><strong><em>q.</em></strong></span> <span class='ocrx_word' id='word_1_331' title='bbox 1844 5418 1894 5470; x_wconf 80' lang='lat'><strong><em>13</em></strong></span> <span class='ocrx_word' id='word_1_332' title='bbox 1925 5408 1977 5455; x_wconf 89' lang='lat' dir='ltr'><strong><em>et</em></strong></span> <span class='ocrx_word' id='word_1_333' title='bbox 2011 5417 2192 5457; x_wconf 85' lang='lat' dir='ltr'><strong><em>omnes</em></strong></span> <span class='ocrx_word' id='word_1_334' title='bbox 2217 5407 2303 5457; x_wconf 87' lang='lat' dir='ltr'><strong><em>alii</em></strong></span> <span class='ocrx_word' id='word_1_335' title='bbox 2334 5407 2391 5460; x_wconf 90' lang='lat' dir='ltr'><strong><em>in</em></strong></span> 
     </span>
    </p>
   </div>
   <div class='ocr_carea' id='block_1_11' title="bbox 1940 412 2842 484">
    <p class='ocr_par' dir='ltr' id='par_1_13' title="bbox 1940 412 2842 484">
     <span class='ocr_line' id='line_1_48' title="bbox 1940 412 2842 484; baseline -0.006 0"><span class='ocrx_word' id='word_1_336' title='bbox 1940 412 2559 484; x_wconf 82' lang='lat' dir='ltr'><strong>SENTENTIARUM</strong></span> <span class='ocrx_word' id='word_1_337' title='bbox 2600 415 2748 481; x_wconf 90' lang='lat' dir='ltr'><strong><em>LIB.</em></strong></span> <span class='ocrx_word' id='word_1_338' title='bbox 2792 415 2842 480; x_wconf 95' lang='lat' dir='ltr'><strong><em>I.</em></strong></span> 
     </span>
    </p>
   </div>
   <div class='ocr_carea' id='block_1_12' title="bbox 2463 550 3998 2659">
    <p class='ocr_par' dir='ltr' id='par_1_14' title="bbox 2463 550 3985 1383">
     <span class='ocr_line' id='line_1_49' title="bbox 2463 550 3976 636; baseline 0.003 -19"><span class='ocrx_word' id='word_1_339' title='bbox 2463 553 2615 617; x_wconf 87' lang='lat' dir='ltr'><strong><em>bent</em></strong></span> <span class='ocrx_word' id='word_1_340' title='bbox 2636 601 2654 632; x_wconf 94' lang='lat'><strong><em>,</em></strong></span> <span class='ocrx_word' id='word_1_341' title='bbox 2684 552 2859 636; x_wconf 90' lang='lat' dir='ltr'><strong><em>quod</em></strong></span> <span class='ocrx_word' id='word_1_342' title='bbox 2898 552 2980 617; x_wconf 83' lang='lat' dir='ltr'><strong><em>ad</em></strong></span> <span class='ocrx_word' id='word_1_343' title='bbox 3022 552 3186 616; x_wconf 89' lang='lat' dir='ltr'><strong><em>nibil</em></strong></span> <span class='ocrx_word' id='word_1_344' title='bbox 3228 568 3296 616; x_wconf 87' lang='lat' dir='ltr'><strong><em>se</em></strong></span> <span class='ocrx_word' id='word_1_345' title='bbox 3328 550 3609 618; x_wconf 84' lang='lat' dir='ltr'><strong><em>extendit</em></strong></span> <span class='ocrx_word' id='word_1_346' title='bbox 3643 568 3843 618; x_wconf 87' lang='lat' dir='ltr'><strong><em>unum</em></strong></span> <span class='ocrx_word' id='word_1_347' title='bbox 3861 604 3876 635; x_wconf 96' lang='lat'><strong><em>,</em></strong></span> <span class='ocrx_word' id='word_1_348' title='bbox 3903 558 3976 623; x_wconf 86' lang='lat' dir='ltr'><strong><em>ad</em></strong></span> 
     </span>
     <span class='ocr_line' id='line_1_50' title="bbox 2463 659 3978 744; baseline 0.005 -22"><span class='ocrx_word' id='word_1_349' title='bbox 2463 659 2635 740; x_wconf 89' lang='lat' dir='ltr'><strong><em>quod</em></strong></span> <span class='ocrx_word' id='word_1_350' title='bbox 2668 659 2905 742; x_wconf 87' lang='lat' dir='ltr'><strong><em>pariter</em></strong></span> <span class='ocrx_word' id='word_1_351' title='bbox 2949 674 3017 723; x_wconf 85' lang='lat' dir='ltr'><strong><em>se</em></strong></span> <span class='ocrx_word' id='word_1_352' title='bbox 3047 676 3182 723; x_wconf 91' lang='lat' dir='ltr'><strong><em>non</em></strong></span> <span class='ocrx_word' id='word_1_353' title='bbox 3216 659 3511 724; x_wconf 84' lang='lat' dir='ltr'><strong><em>extendat</em></strong></span> <span class='ocrx_word' id='word_1_354' title='bbox 3551 661 3860 744; x_wconf 89' lang='lat' dir='ltr'><strong><em>reliquum</em></strong></span> <span class='ocrx_word' id='word_1_355' title='bbox 3883 712 3900 740; x_wconf 95' lang='lat'><strong><em>,</em></strong></span> <span class='ocrx_word' id='word_1_356' title='bbox 3928 667 3978 729; x_wconf 87' lang='lat' dir='ltr'><strong><em>si</em></strong></span> 
     </span>
     <span class='ocr_line' id='line_1_51' title="bbox 2463 766 3981 873; baseline 0.003 -43"><span class='ocrx_word' id='word_1_357' title='bbox 2463 782 2669 830; x_wconf 88' lang='lat' dir='ltr'><strong><em>unum</em></strong></span> <span class='ocrx_word' id='word_1_358' title='bbox 2712 769 2809 831; x_wconf 82' lang='lat' dir='ltr'><strong><em>est</em></strong></span> <span class='ocrx_word' id='word_1_359' title='bbox 2848 767 3303 873; x_wconf 44' lang='lat' dir='ltr'><strong><em>infinitum,&#39;et</em></strong></span> <span class='ocrx_word' id='word_1_360' title='bbox 3347 766 3712 851; x_wconf 87' lang='lat' dir='ltr'><strong><em>reliquum:</em></strong></span> <span class='ocrx_word' id='word_1_361' title='bbox 3759 771 3862 834; x_wconf 87' lang='lat' dir='ltr'><strong><em>sed</em></strong></span> <span class='ocrx_word' id='word_1_362' title='bbox 3908 773 3981 835; x_wconf 85' lang='lat' dir='ltr'><strong><em>ad</em></strong></span> 
     </span>
     <span class='ocr_line' id='line_1_52' title="bbox 2463 873 3981 960; baseline 0.004 -24"><span class='ocrx_word' id='word_1_363' title='bbox 2463 873 2626 937; x_wconf 92' lang='lat' dir='ltr'><strong><em>nihil</em></strong></span> <span class='ocrx_word' id='word_1_364' title='bbox 2664 874 2928 939; x_wconf 89' lang='lat' dir='ltr'><strong><em>omnino</em></strong></span> <span class='ocrx_word' id='word_1_365' title='bbox 2969 893 3036 938; x_wconf 88' lang='lat' dir='ltr'><strong><em>se</em></strong></span> <span class='ocrx_word' id='word_1_366' title='bbox 3062 875 3343 939; x_wconf 86' lang='lat' dir='ltr'><strong><em>extendit</em></strong></span> <span class='ocrx_word' id='word_1_367' title='bbox 3384 875 3691 957; x_wconf 83' lang='lat' dir='ltr'><strong><em>potentia,</em></strong></span> <span class='ocrx_word' id='word_1_368' title='bbox 3722 878 3800 941; x_wconf 90' lang='lat' dir='ltr'><strong><em>ad</em></strong></span> <span class='ocrx_word' id='word_1_369' title='bbox 3821 880 3981 960; x_wconf 89' lang='lat' dir='ltr'><strong><em>quod</em></strong></span> 
     </span>
     <span class='ocr_line' id='line_1_53' title="bbox 2464 981 3981 1065; baseline 0.003 -20"><span class='ocrx_word' id='word_1_370' title='bbox 2464 998 2531 1045; x_wconf 87' lang='lat' dir='ltr'><strong><em>se</em></strong></span> <span class='ocrx_word' id='word_1_371' title='bbox 2578 998 2710 1045; x_wconf 90' lang='lat' dir='ltr'><strong><em>non</em></strong></span> <span class='ocrx_word' id='word_1_372' title='bbox 2746 981 3041 1047; x_wconf 81' lang='lat' dir='ltr'><strong><em>extendat</em></strong></span> <span class='ocrx_word' id='word_1_373' title='bbox 3082 981 3353 1046; x_wconf 85' lang='lat' dir='ltr'><strong><em>essentia</em></strong></span> <span class='ocrx_word' id='word_1_374' title='bbox 3387 1003 3403 1046; x_wconf 75' lang='lat' dir='ltr'><strong><em>z</em></strong></span> <span class='ocrx_word' id='word_1_375' title='bbox 3450 998 3780 1065; x_wconf 87' lang='lat' dir='ltr'><strong><em>nunquam</em></strong></span> <span class='ocrx_word' id='word_1_376' title='bbox 3822 985 3981 1049; x_wconf 89' lang='lat' dir='ltr'><strong><em>enim</em></strong></span> 
     </span>
     <span class='ocr_line' id='line_1_54' title="bbox 2464 1087 3985 1172; baseline 0.003 -21"><span class='ocrx_word' id='word_1_377' title='bbox 2464 1087 2628 1153; x_wconf 90' lang='lat' dir='ltr'><strong><em>Deus</em></strong></span> <span class='ocrx_word' id='word_1_378' title='bbox 2650 1092 2853 1171; x_wconf 87' lang='lat' dir='ltr'><strong><em>potest</em></strong></span> <span class='ocrx_word' id='word_1_379' title='bbox 2874 1090 3079 1154; x_wconf 85' lang='lat' dir='ltr'><strong><em>facere</em></strong></span> <span class='ocrx_word' id='word_1_380' title='bbox 3102 1092 3217 1165; x_wconf 87' lang='lat' dir='ltr'><strong><em>tot,</em></strong></span> <span class='ocrx_word' id='word_1_381' title='bbox 3251 1091 3410 1172; x_wconf 92' lang='lat' dir='ltr'><strong><em>quin</em></strong></span> <span class='ocrx_word' id='word_1_382' title='bbox 3442 1091 3636 1154; x_wconf 89' lang='lat' dir='ltr'><strong><em>etiam</em></strong></span> <span class='ocrx_word' id='word_1_383' title='bbox 3656 1092 3985 1155; x_wconf 86' lang='lat' dir='ltr'><strong><em>substantia</em></strong></span> 
     </span>
     <span class='ocr_line' id='line_1_55' title="bbox 2465 1195 3979 1280; baseline 0.003 -20"><span class='ocrx_word' id='word_1_384' title='bbox 2465 1195 2661 1278; x_wconf 89' lang='lat' dir='ltr'><strong><em>possit</em></strong></span> <span class='ocrx_word' id='word_1_385' title='bbox 2686 1214 2820 1261; x_wconf 89' lang='lat' dir='ltr'><strong><em>esse</em></strong></span> <span class='ocrx_word' id='word_1_386' title='bbox 2857 1196 2928 1260; x_wconf 91' lang='lat' dir='ltr'><strong><em>in</em></strong></span> <span class='ocrx_word' id='word_1_387' title='bbox 2962 1200 3095 1277; x_wconf 90' lang='lat' dir='ltr'><strong><em>tot,</em></strong></span> <span class='ocrx_word' id='word_1_388' title='bbox 3126 1199 3484 1262; x_wconf 92' lang='lat' dir='ltr'><strong><em>secundum</em></strong></span> <span class='ocrx_word' id='word_1_389' title='bbox 3505 1199 3676 1280; x_wconf 87' lang='lat' dir='ltr'><strong><em>quod</em></strong></span> <span class='ocrx_word' id='word_1_390' title='bbox 3717 1198 3936 1263; x_wconf 85' lang='lat' dir='ltr'><strong><em>dicitur</em></strong></span> <span class='ocrx_word' id='word_1_391' title='bbox 3965 1222 3979 1265; x_wconf 90' lang='lat'>:</span> 
     </span>
     <span class='ocr_line' id='line_1_56' title="bbox 2470 1301 3584 1383; baseline 0 -15"><span class='ocrx_word' id='word_1_392' title='bbox 2470 1301 2544 1368; x_wconf 81' lang='lat' dir='ltr'><strong><em>Si</em></strong></span> <span class='ocrx_word' id='word_1_393' title='bbox 2567 1303 2789 1368; x_wconf 80' lang='lat' dir='ltr'><strong><em>coelum</em></strong></span> <span class='ocrx_word' id='word_1_394' title='bbox 2813 1309 2876 1370; x_wconf 85' lang='lat' dir='ltr'><strong><em>et</em></strong></span> <span class='ocrx_word' id='word_1_395' title='bbox 2900 1304 3042 1370; x_wconf 78' lang='lat' dir='ltr'><strong><em>coett‘</em></strong></span> <span class='ocrx_word' id='word_1_396' title='bbox 3071 1304 3361 1371; x_wconf 84' lang='lat' dir='ltr'><strong><em>coelorum</em></strong></span> <span class='ocrx_word' id='word_1_397' title='bbox 3385 1306 3434 1383; x_wconf 86' lang='lat'><strong><em>²,</em></strong></span> <span class='ocrx_word' id='word_1_398' title='bbox 3463 1309 3584 1369; x_wconf 87' lang='lat' dir='ltr'><strong><em>etc.</em></strong></span> 
     </span>
    </p>

    <p class='ocr_par' dir='ltr' id='par_1_15' title="bbox 2467 1409 3989 1923">
     <span class='ocr_line' id='line_1_57' title="bbox 2547 1409 3989 1495; baseline 0.001 -22"><span class='ocrx_word' id='word_1_399' title='bbox 2547 1409 2706 1474; x_wconf 89' lang='lat' dir='ltr'><strong><em>Item</em></strong></span> <span class='ocrx_word' id='word_1_400' title='bbox 2750 1411 2930 1474; x_wconf 91' lang='lat' dir='ltr'><strong><em>omni</em></strong></span> <span class='ocrx_word' id='word_1_401' title='bbox 2973 1410 3154 1476; x_wconf 85' lang='lat' dir='ltr'><strong><em>finito</em></strong></span> <span class='ocrx_word' id='word_1_402' title='bbox 3198 1416 3402 1494; x_wconf 88' lang='lat' dir='ltr'><strong><em>potest</em></strong></span> <span class='ocrx_word' id='word_1_403' title='bbox 3462 1412 3700 1495; x_wconf 87' lang='lat' dir='ltr'><strong><em>aliquid</em></strong></span> <span class='ocrx_word' id='word_1_404' title='bbox 3738 1411 3989 1492; x_wconf 80' lang='lat' dir='ltr'><strong><em>cogitari</em></strong></span> 
     </span>
     <span class='ocr_line' id='line_1_58' title="bbox 2469 1519 3989 1604; baseline 0.001 -23"><span class='ocrx_word' id='word_1_405' title='bbox 2469 1521 2708 1600; x_wconf 86' lang='lat' dir='ltr'><strong><em>majus,</em></strong></span> <span class='ocrx_word' id='word_1_406' title='bbox 2739 1519 2973 1583; x_wconf 87' lang='lat' dir='ltr'><strong><em>scilicet</em></strong></span> <span class='ocrx_word' id='word_1_407' title='bbox 2999 1520 3330 1584; x_wconf 85' lang='lat' dir='ltr'><strong><em>infinitum</em></strong></span> <span class='ocrx_word' id='word_1_408' title='bbox 3354 1521 3568 1604; x_wconf 86' lang='lat' dir='ltr'><strong><em>ipsum</em></strong></span> <span class='ocrx_word' id='word_1_409' title='bbox 3603 1542 3618 1584; x_wconf 77' lang='lat' dir='ltr'>z</span> <span class='ocrx_word' id='word_1_410' title='bbox 3651 1520 3760 1584; x_wconf 85' lang='lat' dir='ltr'><strong><em>sed</em></strong></span> <span class='ocrx_word' id='word_1_411' title='bbox 3786 1520 3989 1583; x_wconf 88' lang='lat' dir='ltr'><strong><em>divina</em></strong></span> 
     </span>
     <span class='ocr_line' id='line_1_59' title="bbox 2467 1626 3983 1709; baseline 0 -20"><span class='ocrx_word' id='word_1_412' title='bbox 2467 1626 2739 1690; x_wconf 86' lang='lat' dir='ltr'><strong><em>essentia</em></strong></span> <span class='ocrx_word' id='word_1_413' title='bbox 2780 1631 2877 1690; x_wconf 84' lang='lat' dir='ltr'><strong><em>est</em></strong></span> <span class='ocrx_word' id='word_1_414' title='bbox 2909 1626 3000 1691; x_wconf 91' lang='lat' dir='ltr'><strong><em>ita</em></strong></span> <span class='ocrx_word' id='word_1_415' title='bbox 3034 1629 3202 1690; x_wconf 88' lang='lat' dir='ltr'><strong><em>bona</em></strong></span> <span class='ocrx_word' id='word_1_416' title='bbox 3232 1631 3297 1692; x_wconf 87' lang='lat' dir='ltr'><strong><em>et</em></strong></span> <span class='ocrx_word' id='word_1_417' title='bbox 3322 1645 3566 1708; x_wconf 79' lang='lat' dir='ltr'><strong><em>mag-na</em></strong></span> <span class='ocrx_word' id='word_1_418' title='bbox 3587 1675 3604 1704; x_wconf 87' lang='lat'><strong><em>,</em></strong></span> <span class='ocrx_word' id='word_1_419' title='bbox 3641 1626 3808 1709; x_wconf 90' lang='lat' dir='ltr'><strong><em>quod</em></strong></span> <span class='ocrx_word' id='word_1_420' title='bbox 3834 1626 3983 1690; x_wconf 90' lang='lat' dir='ltr'><strong><em>nihil</em></strong></span> 
     </span>
     <span class='ocr_line' id='line_1_60' title="bbox 2471 1724 3983 1818; baseline 0 -21"><span class='ocrx_word' id='word_1_421' title='bbox 2471 1736 2680 1816; x_wconf 84' lang='lat' dir='ltr'><strong><em>majus</em></strong></span> <span class='ocrx_word' id='word_1_422' title='bbox 2716 1724 2841 1798; x_wconf 84' lang='lat' dir='ltr'><strong><em>‘nec</em></strong></span> <span class='ocrx_word' id='word_1_423' title='bbox 2873 1735 3102 1801; x_wconf 90' lang='lat' dir='ltr'><strong><em>melius</em></strong></span> <span class='ocrx_word' id='word_1_424' title='bbox 3138 1736 3407 1817; x_wconf 82' lang='lat' dir='ltr'><strong><em>cogitari</em></strong></span> <span class='ocrx_word' id='word_1_425' title='bbox 3449 1739 3690 1818; x_wconf 86' lang='lat' dir='ltr'><strong><em>potest,</em></strong></span> <span class='ocrx_word' id='word_1_426' title='bbox 3720 1734 3983 1817; x_wconf 88' lang='lat' dir='ltr'><strong><em>alioquin</em></strong></span> 
     </span>
     <span class='ocr_line' id='line_1_61' title="bbox 2469 1840 3365 1923; baseline -0.002 -17"><span class='ocrx_word' id='word_1_427' title='bbox 2469 1860 2600 1906; x_wconf 90' lang='lat' dir='ltr'><strong><em>non</em></strong></span> <span class='ocrx_word' id='word_1_428' title='bbox 2631 1845 2790 1906; x_wconf 89' lang='lat' dir='ltr'><strong><em>esset</em></strong></span> <span class='ocrx_word' id='word_1_429' title='bbox 2811 1840 2976 1906; x_wconf 91' lang='lat' dir='ltr'><strong><em>Deus</em></strong></span> <span class='ocrx_word' id='word_1_430' title='bbox 3007 1858 3225 1923; x_wconf 80' lang='lat' dir='ltr'><strong><em>:ergo,</em></strong></span> <span class='ocrx_word' id='word_1_431' title='bbox 3246 1845 3365 1906; x_wconf 90' lang='lat' dir='ltr'><strong><em>etc.</em></strong></span> 
     </span>
    </p>

    <p class='ocr_par' dir='ltr' id='par_1_16' title="bbox 2470 1947 3998 2659">
     <span class='ocr_line' id='line_1_62' title="bbox 2552 1947 3985 2014; baseline -0.001 -2"><span class='ocrx_word' id='word_1_432' title='bbox 2552 1949 2709 2014; x_wconf 88' lang='lat' dir='ltr'><strong><em>Item</em></strong></span> <span class='ocrx_word' id='word_1_433' title='bbox 2730 1966 2921 2014; x_wconf 89' lang='lat' dir='ltr'><strong><em>omne</em></strong></span> <span class='ocrx_word' id='word_1_434' title='bbox 2940 1948 3197 2014; x_wconf 85' lang='lat' dir='ltr'><strong><em>finitum</em></strong></span> <span class='ocrx_word' id='word_1_435' title='bbox 3221 1949 3466 2013; x_wconf 90' lang='lat' dir='ltr'><strong><em>bonum</em></strong></span> <span class='ocrx_word' id='word_1_436' title='bbox 3487 1947 3720 2014; x_wconf 90' lang='lat' dir='ltr'><strong><em>melius</em></strong></span> <span class='ocrx_word' id='word_1_437' title='bbox 3736 1953 3826 2012; x_wconf 87' lang='lat' dir='ltr'><strong><em>est</em></strong></span> <span class='ocrx_word' id='word_1_438' title='bbox 3848 1964 3985 2013; x_wconf 88' lang='lat' dir='ltr'><strong><em>cum</em></strong></span> 
     </span>
     <span class='ocr_line' id='line_1_63' title="bbox 2471 2053 3993 2140; baseline -0.003 -19"><span class='ocrx_word' id='word_1_439' title='bbox 2471 2057 2595 2122; x_wconf 91' lang='lat' dir='ltr'><strong><em>alio</em></strong></span> <span class='ocrx_word' id='word_1_440' title='bbox 2640 2056 2843 2136; x_wconf 87' lang='lat' dir='ltr'><strong><em>bone,</em></strong></span> <span class='ocrx_word' id='word_1_441' title='bbox 2874 2075 3071 2140; x_wconf 90' lang='lat' dir='ltr'><strong><em>quam</em></strong></span> <span class='ocrx_word' id='word_1_442' title='bbox 3098 2072 3212 2139; x_wconf 90' lang='lat' dir='ltr'><strong><em>per</em></strong></span> <span class='ocrx_word' id='word_1_443' title='bbox 3249 2075 3317 2121; x_wconf 91' lang='lat' dir='ltr'><strong><em>se</em></strong></span> <span class='ocrx_word' id='word_1_444' title='bbox 3361 2060 3616 2120; x_wconf 88' lang='lat' dir='ltr'><strong><em>tantum</em></strong></span> <span class='ocrx_word' id='word_1_445' title='bbox 3638 2104 3655 2135; x_wconf 95' lang='lat'><strong><em>,</em></strong></span> <span class='ocrx_word' id='word_1_446' title='bbox 3686 2055 3833 2137; x_wconf 88' lang='lat' dir='ltr'><strong><em>quia</em></strong></span> <span class='ocrx_word' id='word_1_447' title='bbox 3857 2053 3993 2118; x_wconf 83' lang='lat' dir='ltr'><strong><em>tini-</em></strong></span> 
     </span>
     <span class='ocr_line' id='line_1_64' title="bbox 2470 2159 3994 2246; baseline -0.007 -15"><span class='ocrx_word' id='word_1_448' title='bbox 2470 2169 2615 2231; x_wconf 87' lang='lat' dir='ltr'><strong><em>tum</em></strong></span> <span class='ocrx_word' id='word_1_449' title='bbox 2641 2164 2926 2229; x_wconf 88' lang='lat' dir='ltr'><strong><em>additum</em></strong></span> <span class='ocrx_word' id='word_1_450' title='bbox 2954 2164 3136 2229; x_wconf 78' lang='lat' dir='ltr'><strong><em>finito</em></strong></span> <span class='ocrx_word' id='word_1_451' title='bbox 3168 2163 3317 2228; x_wconf 84' lang='lat' dir='ltr'><strong><em>facit</em></strong></span> <span class='ocrx_word' id='word_1_452' title='bbox 3350 2166 3560 2246; x_wconf 89' lang='lat' dir='ltr'><strong><em>majus</em></strong></span> <span class='ocrx_word' id='word_1_453' title='bbox 3592 2181 3612 2224; x_wconf 75' lang='lat' dir='ltr'><strong><em>t</em></strong></span> <span class='ocrx_word' id='word_1_454' title='bbox 3643 2179 3798 2243; x_wconf 83' lang='lat' dir='ltr'><strong><em>ergo</em></strong></span> <span class='ocrx_word' id='word_1_455' title='bbox 3823 2160 3872 2224; x_wconf 88' lang='lat' dir='ltr'><strong><em>si</em></strong></span> <span class='ocrx_word' id='word_1_456' title='bbox 3906 2159 3994 2223; x_wconf 87' lang='lat' dir='ltr'><strong><em>di-</em></strong></span> 
     </span>
     <span class='ocr_line' id='line_1_65' title="bbox 2473 2270 3993 2355; baseline -0.003 -17"><span class='ocrx_word' id='word_1_457' title='bbox 2473 2274 2628 2338; x_wconf 89' lang='lat' dir='ltr'><strong><em>vina</em></strong></span> <span class='ocrx_word' id='word_1_458' title='bbox 2651 2274 2921 2338; x_wconf 85' lang='lat' dir='ltr'><strong><em>essentia</em></strong></span> <span class='ocrx_word' id='word_1_459' title='bbox 2954 2276 3051 2337; x_wconf 69' lang='lat' dir='ltr'><strong><em>est</em></strong></span> <span class='ocrx_word' id='word_1_460' title='bbox 3084 2272 3265 2349; x_wconf 80' lang='lat' dir='ltr'><strong><em>finita</em></strong></span> <span class='ocrx_word' id='word_1_461' title='bbox 3286 2322 3304 2352; x_wconf 95' lang='lat'><strong><em>,</em></strong></span> <span class='ocrx_word' id='word_1_462' title='bbox 3337 2274 3549 2355; x_wconf 84' lang='lat' dir='ltr'><strong><em>majus</em></strong></span> <span class='ocrx_word' id='word_1_463' title='bbox 3597 2270 3832 2353; x_wconf 88' lang='lat' dir='ltr'><strong><em>aliquid</em></strong></span> <span class='ocrx_word' id='word_1_464' title='bbox 3856 2284 3993 2333; x_wconf 90' lang='lat' dir='ltr'><strong><em>cum</em></strong></span> 
     </span>
     <span class='ocr_line' id='line_1_66' title="bbox 2475 2378 3997 2463; baseline -0.003 -20"><span class='ocrx_word' id='word_1_465' title='bbox 2475 2379 2601 2443; x_wconf 86' lang='lat' dir='ltr'><strong><em>alio</em></strong></span> <span class='ocrx_word' id='word_1_466' title='bbox 2617 2379 2758 2459; x_wconf 87' lang='lat' dir='ltr'><strong><em>erit,</em></strong></span> <span class='ocrx_word' id='word_1_467' title='bbox 2788 2396 2984 2462; x_wconf 88' lang='lat' dir='ltr'><strong><em>quam</em></strong></span> <span class='ocrx_word' id='word_1_468' title='bbox 3011 2396 3124 2463; x_wconf 87' lang='lat' dir='ltr'><strong><em>per</em></strong></span> <span class='ocrx_word' id='word_1_469' title='bbox 3152 2397 3220 2444; x_wconf 84' lang='lat' dir='ltr'><strong><em>se</em></strong></span> <span class='ocrx_word' id='word_1_470' title='bbox 3245 2383 3495 2443; x_wconf 88' lang='lat' dir='ltr'><strong><em>tantum</em></strong></span> <span class='ocrx_word' id='word_1_471' title='bbox 3526 2396 3543 2442; x_wconf 72' lang='grc' dir='ltr'>ε</span> <span class='ocrx_word' id='word_1_472' title='bbox 3572 2394 3736 2459; x_wconf 84' lang='lat' dir='ltr'><strong><em>ergo</em></strong></span> <span class='ocrx_word' id='word_1_473' title='bbox 3764 2394 3888 2440; x_wconf 91' lang='lat' dir='ltr'><strong><em>non</em></strong></span> <span class='ocrx_word' id='word_1_474' title='bbox 3912 2378 3997 2439; x_wconf 88' lang='lat' dir='ltr'><strong><em>est</em></strong></span> 
     </span>
     <span class='ocr_line' id='line_1_67' title="bbox 2477 2484 3998 2571; baseline -0.002 -21"><span class='ocrx_word' id='word_1_475' title='bbox 2477 2486 2927 2568; x_wconf 82' lang='lat' dir='ltr'><strong><em>perfectissima</em></strong></span> <span class='ocrx_word' id='word_1_476' title='bbox 2954 2537 2970 2567; x_wconf 93' lang='lat'><strong><em>,</em></strong></span> <span class='ocrx_word' id='word_1_477' title='bbox 3016 2506 3134 2553; x_wconf 91' lang='lat' dir='ltr'><strong><em>nec</em></strong></span> <span class='ocrx_word' id='word_1_478' title='bbox 3178 2487 3422 2571; x_wconf 85' lang='lat' dir='ltr'><strong><em>optima</em></strong></span> <span class='ocrx_word' id='word_1_479' title='bbox 3465 2509 3481 2551; x_wconf 78' lang='lat' dir='ltr'><strong><em>z</em></strong></span> <span class='ocrx_word' id='word_1_480' title='bbox 3533 2486 3709 2569; x_wconf 91' lang='lat' dir='ltr'><strong><em>quod</em></strong></span> <span class='ocrx_word' id='word_1_481' title='bbox 3754 2484 3998 2549; x_wconf 86' lang='lat' dir='ltr'><strong><em>omnino</em></strong></span> 
     </span>
     <span class='ocr_line' id='line_1_68' title="bbox 2476 2593 3019 2659; baseline 0.002 -2"><span class='ocrx_word' id='word_1_482' title='bbox 2476 2593 2652 2658; x_wconf 78' lang='lat' dir='ltr'><strong><em>nefas</em></strong></span> <span class='ocrx_word' id='word_1_483' title='bbox 2677 2598 2771 2659; x_wconf 71' lang='lat' dir='ltr'><strong><em>est</em></strong></span> <span class='ocrx_word' id='word_1_484' title='bbox 2792 2594 3019 2659; x_wconf 80' lang='lat' dir='ltr'><strong><em>dicere.</em></strong></span> 
     </span>
    </p>
   </div>
   <div class='ocr_carea' id='block_1_13' title="bbox 2559 2700 4000 2783">
    <p class='ocr_par' dir='ltr' id='par_1_17' title="bbox 2559 2700 4000 2783">
     <span class='ocr_line' id='line_1_69' title="bbox 2559 2700 4000 2783; baseline -0.001 -19"><span class='ocrx_word' id='word_1_485' title='bbox 2559 2701 2716 2767; x_wconf 86' lang='lat' dir='ltr'><strong><em>Item</em></strong></span> <span class='ocrx_word' id='word_1_486' title='bbox 2742 2720 2958 2768; x_wconf 90' lang='lat' dir='ltr'><strong><em>omne·</em></strong></span> <span class='ocrx_word' id='word_1_487' title='bbox 2973 2705 3229 2768; x_wconf 81' lang='lat' dir='ltr'><strong><em>finitum</em></strong></span> <span class='ocrx_word' id='word_1_488' title='bbox 3271 2705 3515 2768; x_wconf 88' lang='lat' dir='ltr'><strong><em>honum</em></strong></span> <span class='ocrx_word' id='word_1_489' title='bbox 3552 2700 3868 2783; x_wconf 83' lang='lat' dir='ltr'><strong><em>contingit</em></strong></span> <span class='ocrx_word' id='word_1_490' title='bbox 3893 2700 4000 2765; x_wconf 86' lang='lat' dir='ltr'><strong><em>ali-</em></strong></span> 
     </span>
    </p>
   </div>
   <div class='ocr_carea' id='block_1_14' title="bbox 2432 2809 3996 2894">
    <p class='ocr_par' dir='ltr' id='par_1_18' title="bbox 2432 2809 3996 2894">
     <span class='ocr_line' id='line_1_70' title="bbox 2432 2809 3996 2894; baseline -0.001 -19"><span class='ocrx_word' id='word_1_491' title='bbox 2432 2866 2444 2875; x_wconf 87' lang='lat'><strong><em>.</em></strong></span> <span class='ocrx_word' id='word_1_492' title='bbox 2480 2809 2734 2892; x_wconf 88' lang='lat' dir='ltr'><strong><em>quando</em></strong></span> <span class='ocrx_word' id='word_1_493' title='bbox 2759 2813 3033 2893; x_wconf 81' lang='lat' dir='ltr'><strong><em>aequari,</em></strong></span> <span class='ocrx_word' id='word_1_494' title='bbox 3072 2817 3136 2876; x_wconf 89' lang='lat' dir='ltr'><strong><em>et</em></strong></span> <span class='ocrx_word' id='word_1_495' title='bbox 3171 2812 3349 2876; x_wconf 88' lang='lat' dir='ltr'><strong><em>reddi</em></strong></span> <span class='ocrx_word' id='word_1_496' title='bbox 3378 2828 3490 2894; x_wconf 89' lang='lat' dir='ltr'><strong><em>per</em></strong></span> <span class='ocrx_word' id='word_1_497' title='bbox 3518 2809 3996 2892; x_wconf 85' lang='lat' dir='ltr'><strong><em>duplicationem</em></strong></span> 
     </span>
    </p>
   </div>
   <div class='ocr_carea' id='block_1_15' title="bbox 2479 2916 4082 5148">
    <p class='ocr_par' dir='ltr' id='par_1_19' title="bbox 2479 2916 4007 4073">
     <span class='ocr_line' id='line_1_71' title="bbox 2479 2916 3999 3000; baseline -0.001 -20"><span class='ocrx_word' id='word_1_498' title='bbox 2479 2916 2663 2995; x_wconf 86' lang='lat' dir='ltr'><strong><em>finiti,</em></strong></span> <span class='ocrx_word' id='word_1_499' title='bbox 2693 2921 2769 2982; x_wconf 89' lang='lat' dir='ltr'><strong><em>ut</em></strong></span> <span class='ocrx_word' id='word_1_500' title='bbox 2797 2921 2967 3000; x_wconf 87' lang='lat' dir='ltr'><strong><em>patet</em></strong></span> <span class='ocrx_word' id='word_1_501' title='bbox 2992 2918 3061 2982; x_wconf 92' lang='lat' dir='ltr'><strong><em>in</em></strong></span> <span class='ocrx_word' id='word_1_502' title='bbox 3087 2918 3254 2983; x_wconf 87' lang='lat' dir='ltr'><strong><em>linea</em></strong></span> <span class='ocrx_word' id='word_1_503' title='bbox 3280 2940 3294 2982; x_wconf 75' lang='grc' dir='ltr'>ε</span> <span class='ocrx_word' id='word_1_504' title='bbox 3325 2922 3389 2981; x_wconf 90' lang='lat' dir='ltr'><strong><em>et</em></strong></span> <span class='ocrx_word' id='word_1_505' title='bbox 3420 2918 3545 2982; x_wconf 91' lang='lat' dir='ltr'><strong><em>hoc</em></strong></span> <span class='ocrx_word' id='word_1_506' title='bbox 3568 2917 3711 2981; x_wconf 87' lang='lat' dir='ltr'><strong><em>dico</em></strong></span> <span class='ocrx_word' id='word_1_507' title='bbox 3735 2964 3753 2994; x_wconf 94' lang='lat'><strong><em>,</em></strong></span> <span class='ocrx_word' id='word_1_508' title='bbox 3780 2916 3832 2979; x_wconf 90' lang='lat' dir='ltr'><strong><em>si</em></strong></span> <span class='ocrx_word' id='word_1_509' title='bbox 3855 2916 3999 2979; x_wconf 89' lang='lat' dir='ltr'><strong><em>illud</em></strong></span> 
     </span>
     <span class='ocr_line' id='line_1_72' title="bbox 2479 3025 4002 3110; baseline -0.001 -22"><span class='ocrx_word' id='word_1_510' title='bbox 2479 3025 2650 3108; x_wconf 86' lang='lat' dir='ltr'><strong><em>quod</em></strong></span> <span class='ocrx_word' id='word_1_511' title='bbox 2676 3026 2975 3108; x_wconf 79' lang='lat' dir='ltr'><strong><em>dupletur</em></strong></span> <span class='ocrx_word' id='word_1_512' title='bbox 2998 3027 3146 3091; x_wconf 79' lang='lat' dir='ltr'><strong><em>facit</em></strong></span> <span class='ocrx_word' id='word_1_513' title='bbox 3170 3030 3412 3110; x_wconf 82' lang='lat' dir='ltr'><strong><em>majus,</em></strong></span> <span class='ocrx_word' id='word_1_514' title='bbox 3442 3025 3565 3089; x_wconf 90' lang='lat' dir='ltr'><strong><em>boc</em></strong></span> <span class='ocrx_word' id='word_1_515' title='bbox 3594 3025 3735 3089; x_wconf 89' lang='lat' dir='ltr'><strong><em>dico</em></strong></span> <span class='ocrx_word' id='word_1_516' title='bbox 3758 3028 4002 3107; x_wconf 88' lang='lat' dir='ltr'><strong><em>propter</em></strong></span> 
     </span>
     <span class='ocr_line' id='line_1_73' title="bbox 2480 3132 4000 3215; baseline -0.003 -18"><span class='ocrx_word' id='word_1_517' title='bbox 2480 3137 2796 3215; x_wconf 88' lang='lat' dir='ltr'><strong><em>punctum</em></strong></span> <span class='ocrx_word' id='word_1_518' title='bbox 2829 3155 2844 3197; x_wconf 90' lang='lat'><strong>:</strong></span> <span class='ocrx_word' id='word_1_519' title='bbox 2875 3135 2930 3197; x_wconf 89' lang='lat' dir='ltr'><strong><em>si</em></strong></span> <span class='ocrx_word' id='word_1_520' title='bbox 2966 3152 3123 3215; x_wconf 84' lang='lat' dir='ltr'><strong><em>ergo</em></strong></span> <span class='ocrx_word' id='word_1_521' title='bbox 3164 3134 3382 3199; x_wconf 90' lang='lat' dir='ltr'><strong><em>divina</em></strong></span> <span class='ocrx_word' id='word_1_522' title='bbox 3416 3134 3689 3197; x_wconf 88' lang='lat' dir='ltr'><strong><em>essentia</em></strong></span> <span class='ocrx_word' id='word_1_523' title='bbox 3724 3137 3814 3197; x_wconf 69' lang='lat' dir='ltr'><strong><em>aet</em></strong></span> <span class='ocrx_word' id='word_1_524' title='bbox 3838 3132 4000 3195; x_wconf 85' lang='lat' dir='ltr'><strong><em>finita</em></strong></span> 
     </span>
     <span class='ocr_line' id='line_1_74' title="bbox 2481 3239 3999 3316; baseline -0.001 -12"><span class='ocrx_word' id='word_1_525' title='bbox 2481 3240 2831 3304; x_wconf 88' lang='lat' dir='ltr'><strong><em>secundum</em></strong></span> <span class='ocrx_word' id='word_1_526' title='bbox 2857 3241 3250 3305; x_wconf 85' lang='lat' dir='ltr'><strong><em>nobilitatem</em></strong></span> <span class='ocrx_word' id='word_1_527' title='bbox 3289 3244 3353 3305; x_wconf 89' lang='lat' dir='ltr'><strong><em>et</em></strong></span> <span class='ocrx_word' id='word_1_528' title='bbox 3396 3240 3747 3304; x_wconf 88' lang='lat' dir='ltr'><strong><em>bonitatem</em></strong></span> <span class='ocrx_word' id='word_1_529' title='bbox 3770 3286 3786 3316; x_wconf 94' lang='lat'>‚</span> <span class='ocrx_word' id='word_1_530' title='bbox 3815 3239 3868 3302; x_wconf 90' lang='lat' dir='ltr'><strong><em>si</em></strong></span> <span class='ocrx_word' id='word_1_531' title='bbox 3890 3239 3999 3303; x_wconf 89' lang='lat' dir='ltr'><strong><em>du-</em></strong></span> 
     </span>
     <span class='ocr_line' id='line_1_75' title="bbox 2482 3345 4002 3431; baseline -0.003 -19"><span class='ocrx_word' id='word_1_532' title='bbox 2482 3349 2693 3431; x_wconf 88' lang='lat' dir='ltr'><strong><em>pletur</em></strong></span> <span class='ocrx_word' id='word_1_533' title='bbox 2742 3349 2988 3413; x_wconf 89' lang='lat' dir='ltr'><strong><em>bonitas</em></strong></span> <span class='ocrx_word' id='word_1_534' title='bbox 3028 3352 3339 3412; x_wconf 83' lang='lat' dir='ltr'><strong><em>creaturae</em></strong></span> <span class='ocrx_word' id='word_1_535' title='bbox 3394 3347 3793 3413; x_wconf 87' lang='lat' dir='ltr'><strong><em>ascendendo</em></strong></span> <span class='ocrx_word' id='word_1_536' title='bbox 3817 3395 3835 3428; x_wconf 87' lang='lat'><strong><em>,</em></strong></span> <span class='ocrx_word' id='word_1_537' title='bbox 3893 3345 4002 3409; x_wconf 79' lang='lat' dir='ltr'><strong><em>ali—</em></strong></span> 
     </span>
     <span class='ocr_line' id='line_1_76' title="bbox 2482 3449 4000 3537; baseline -0.003 -19"><span class='ocrx_word' id='word_1_538' title='bbox 2482 3454 2740 3537; x_wconf 88' lang='lat' dir='ltr'><strong><em>quando</em></strong></span> <span class='ocrx_word' id='word_1_539' title='bbox 2776 3455 3181 3537; x_wconf 85' lang='lat' dir='ltr'><strong><em>pervenietur</em></strong></span> <span class='ocrx_word' id='word_1_540' title='bbox 3221 3456 3299 3519; x_wconf 85' lang='lat' dir='ltr'><strong><em>ad</em></strong></span> <span class='ocrx_word' id='word_1_541' title='bbox 3328 3449 3678 3519; x_wconf 86' lang='lat' dir='ltr'><strong><em>bonitatem</em></strong></span> <span class='ocrx_word' id='word_1_542' title='bbox 3706 3453 4000 3535; x_wconf 66' lang='lat' dir='ltr'><strong><em>aequalem</em></strong></span> 
     </span>
     <span class='ocr_line' id='line_1_77' title="bbox 2485 3562 4006 3627; baseline -0.004 -1"><span class='ocrx_word' id='word_1_543' title='bbox 2485 3562 2723 3627; x_wconf 81' lang='lat' dir='ltr'><strong><em>divinae</em></strong></span> <span class='ocrx_word' id='word_1_544' title='bbox 2762 3562 3025 3627; x_wconf 88' lang='lat' dir='ltr'><strong><em>bonitati</em></strong></span> <span class='ocrx_word' id='word_1_545' title='bbox 3058 3584 3072 3626; x_wconf 90' lang='lat'>:</span> <span class='ocrx_word' id='word_1_546' title='bbox 3115 3562 3239 3626; x_wconf 89' lang='lat' dir='ltr'><strong><em>hoc</em></strong></span> <span class='ocrx_word' id='word_1_547' title='bbox 3282 3567 3498 3627; x_wconf 86' lang='lat' dir='ltr'><strong><em>autem</em></strong></span> <span class='ocrx_word' id='word_1_548' title='bbox 3539 3567 3634 3626; x_wconf 85' lang='lat' dir='ltr'><strong><em>est</em></strong></span> <span class='ocrx_word' id='word_1_549' title='bbox 3674 3562 3901 3626; x_wconf 78' lang='lat' dir='ltr'><strong><em>falsum</em></strong></span> <span class='ocrx_word' id='word_1_550' title='bbox 3950 3562 4006 3622; x_wconf 88' lang='lat' dir='ltr'><strong><em>et</em></strong></span> 
     </span>
     <span class='ocr_line' id='line_1_78' title="bbox 2487 3665 4007 3754; baseline -0.005 -21"><span class='ocrx_word' id='word_1_551' title='bbox 2487 3670 2893 3754; x_wconf 87' lang='lat' dir='ltr'><strong><em>impossibile,</em></strong></span> <span class='ocrx_word' id='word_1_552' title='bbox 2916 3669 3084 3751; x_wconf 90' lang='lat' dir='ltr'><strong><em>quod</em></strong></span> <span class='ocrx_word' id='word_1_553' title='bbox 3107 3673 3398 3732; x_wconf 89' lang='lat' dir='ltr'><strong><em>creatura</em></strong></span> <span class='ocrx_word' id='word_1_554' title='bbox 3426 3668 3508 3731; x_wconf 90' lang='lat' dir='ltr'><strong><em>sit</em></strong></span> <span class='ocrx_word' id='word_1_555' title='bbox 3532 3665 4007 3751; x_wconf 81' lang='lat' dir='ltr'><strong><em>proportionalis</em></strong></span> 
     </span>
     <span class='ocr_line' id='line_1_79' title="bbox 2489 3773 4002 3865; baseline -0.002 -25"><span class='ocrx_word' id='word_1_556' title='bbox 2489 3775 2799 3855; x_wconf 83' lang='lat' dir='ltr'><strong><em>Creatori3</em></strong></span> <span class='ocrx_word' id='word_1_557' title='bbox 2829 3781 2893 3839; x_wconf 88' lang='lat' dir='ltr'><strong><em>et</em></strong></span> <span class='ocrx_word' id='word_1_558' title='bbox 2922 3777 3046 3865; x_wconf 85' lang='lat' dir='ltr'><strong><em>hoc</em></strong></span> <span class='ocrx_word' id='word_1_559' title='bbox 3071 3773 3218 3839; x_wconf 81' lang='lat' dir='ltr'><strong><em>dicit</em></strong></span> <span class='ocrx_word' id='word_1_560' title='bbox 3245 3776 3652 3857; x_wconf 83' lang='lat' dir='ltr'><strong><em>Augustinus</em></strong></span> <span class='ocrx_word' id='word_1_561' title='bbox 3679 3775 3764 3840; x_wconf 87' lang='lat' dir='ltr'><strong><em>De</em></strong></span> <span class='ocrx_word' id='word_1_562' title='bbox 3800 3774 3851 3837; x_wconf 84' lang='grc' dir='ltr'><strong>Τ</strong></span> <span class='ocrx_word' id='word_1_563' title='bbox 3845 3773 4002 3838; x_wconf 82' lang='lat' dir='ltr'><strong><em>rini-</em></strong></span> 
     </span>
     <span class='ocr_line' id='line_1_80' title="bbox 2491 3881 4000 3966; baseline -0.006 -15"><span class='ocrx_word' id='word_1_564' title='bbox 2491 3890 2618 3953; x_wconf 80' lang='lat' dir='ltr'><strong><em>tate</em></strong></span> <span class='ocrx_word' id='word_1_565' title='bbox 2637 3883 2660 3920; x_wconf 69' lang='lat'><strong>³</strong></span> <span class='ocrx_word' id='word_1_566' title='bbox 2677 3907 2702 3950; x_wconf 92' lang='lat'><strong><em>.·</em></strong></span> <span class='ocrx_word' id='word_1_567' title='bbox 2727 3902 2883 3966; x_wconf 77' lang='lat' dir='ltr'><strong><em>ergo</em></strong></span> <span class='ocrx_word' id='word_1_568' title='bbox 2910 3889 2973 3948; x_wconf 89' lang='lat' dir='ltr'><strong><em>et</em></strong></span> <span class='ocrx_word' id='word_1_569' title='bbox 2997 3884 3155 3949; x_wconf 87' lang='lat' dir='ltr'><strong><em>illud</em></strong></span> <span class='ocrx_word' id='word_1_570' title='bbox 3183 3901 3265 3947; x_wconf 86' lang='lat' dir='ltr'><strong><em>ex</em></strong></span> <span class='ocrx_word' id='word_1_571' title='bbox 3292 3901 3422 3966; x_wconf 92' lang='lat' dir='ltr'><strong><em>quo</em></strong></span> <span class='ocrx_word' id='word_1_572' title='bbox 3447 3884 3760 3965; x_wconf 87' lang='lat' dir='ltr'><strong><em>sequitur,</em></strong></span> <span class='ocrx_word' id='word_1_573' title='bbox 3783 3881 4000 3945; x_wconf 87' lang='lat' dir='ltr'><strong><em>scilicet</em></strong></span> 
     </span>
     <span class='ocr_line' id='line_1_81' title="bbox 2490 3990 3532 4073; baseline 0 -18"><span class='ocrx_word' id='word_1_574' title='bbox 2490 3991 2659 4073; x_wconf 92' lang='lat' dir='ltr'><strong><em>quod</em></strong></span> <span class='ocrx_word' id='word_1_575' title='bbox 2683 3991 2905 4055; x_wconf 90' lang='lat' dir='ltr'><strong><em>divina</em></strong></span> <span class='ocrx_word' id='word_1_576' title='bbox 2930 3991 3198 4055; x_wconf 83' lang='lat' dir='ltr'><strong><em>essentia</em></strong></span> <span class='ocrx_word' id='word_1_577' title='bbox 3226 3990 3307 4054; x_wconf 89' lang='lat' dir='ltr'><strong><em>sit</em></strong></span> <span class='ocrx_word' id='word_1_578' title='bbox 3333 3990 3532 4055; x_wconf 82' lang='lat' dir='ltr'><strong><em>finita.</em></strong></span> 
     </span>
    </p>

    <p class='ocr_par' dir='ltr' id='par_1_20' title="bbox 2492 4095 4082 4807">
     <span class='ocr_line' id='line_1_82' title="bbox 2571 4095 4082 4174; baseline -0.006 -10"><span class='ocrx_word' id='word_1_579' title='bbox 2571 4095 2693 4164; x_wconf 89' lang='lat' dir='ltr'><strong><em>Sed</em></strong></span> <span class='ocrx_word' id='word_1_580' title='bbox 2728 4102 2950 4161; x_wconf 85' lang='lat' dir='ltr'><strong><em>contra</em></strong></span> <span class='ocrx_word' id='word_1_581' title='bbox 2978 4119 2993 4161; x_wconf 91' lang='lat'>:</span> <span class='ocrx_word' id='word_1_582' title='bbox 3036 4103 3096 4161; x_wconf 72' lang='lat' dir='ltr'><strong><em>I.</em></strong></span> <span class='ocrx_word' id='word_1_583' title='bbox 3128 4097 3411 4161; x_wconf 88' lang='lat' dir='ltr'><strong><em>Finitum</em></strong></span> <span class='ocrx_word' id='word_1_584' title='bbox 3452 4100 3516 4161; x_wconf 92' lang='lat' dir='ltr'><strong><em>et</em></strong></span> <span class='ocrx_word' id='word_1_585' title='bbox 3552 4097 3875 4160; x_wconf 80' lang='lat' dir='ltr'><strong><em>infinitum</em></strong></span> <span class='ocrx_word' id='word_1_586' title='bbox 3900 4142 3917 4174; x_wconf 94' lang='lat'><strong><em>,</em></strong></span> <span class='ocrx_word' id='word_1_587' title='bbox 3946 4097 4011 4157; x_wconf 87' lang='lat' dir='ltr'><strong><em>ut</em></strong></span> <span class='ocrx_word' id='word_1_588' title='bbox 4036 4101 4082 4147; x_wconf 67' lang='lat' dir='ltr'><strong><em>Ad</em></strong></span> 
     </span>
     <span class='ocr_line' id='line_1_83' title="bbox 2492 4205 4011 4291; baseline -0.004 -18"><span class='ocrx_word' id='word_1_589' title='bbox 2492 4209 2640 4274; x_wconf 89' lang='lat' dir='ltr'><strong><em>dicit</em></strong></span> <span class='ocrx_word' id='word_1_590' title='bbox 2671 4205 3095 4290; x_wconf 85' lang='lat' dir='ltr'><strong><em>Philosophus</em></strong></span> <span class='ocrx_word' id='word_1_591' title='bbox 3122 4208 3167 4288; x_wconf 70' lang='lat'><strong><em>¹⁹,</em></strong></span> <span class='ocrx_word' id='word_1_592' title='bbox 3198 4211 3350 4272; x_wconf 91' lang='lat' dir='ltr'><strong><em>sunt</em></strong></span> <span class='ocrx_word' id='word_1_593' title='bbox 3388 4208 3665 4291; x_wconf 85' lang='lat' dir='ltr'><strong><em>propriae</em></strong></span> <span class='ocrx_word' id='word_1_594' title='bbox 3710 4207 4011 4290; x_wconf 87' lang='lat' dir='ltr'><strong><em>passiones</em></strong></span> 
     </span>
     <span class='ocr_line' id='line_1_84' title="bbox 2494 4313 4006 4400; baseline -0.005 -19"><span class='ocrx_word' id='word_1_595' title='bbox 2494 4318 2693 4400; x_wconf 89' lang='lat' dir='ltr'><strong><em>ipsius</em></strong></span> <span class='ocrx_word' id='word_1_596' title='bbox 2716 4317 3086 4399; x_wconf 83' lang='lat' dir='ltr'><strong><em>quantitatis</em></strong></span> <span class='ocrx_word' id='word_1_597' title='bbox 3116 4338 3131 4380; x_wconf 77' lang='lat' dir='ltr'><em>z</em></span> <span class='ocrx_word' id='word_1_598' title='bbox 3162 4316 3273 4379; x_wconf 89' lang='lat' dir='ltr'><strong><em>sed</em></strong></span> <span class='ocrx_word' id='word_1_599' title='bbox 3299 4317 3588 4396; x_wconf 87' lang='lat' dir='ltr'><strong><em>essentia,</em></strong></span> <span class='ocrx_word' id='word_1_600' title='bbox 3621 4320 3697 4381; x_wconf 94' lang='lat' dir='ltr'><strong><em>ut</em></strong></span> <span class='ocrx_word' id='word_1_601' title='bbox 3721 4313 4006 4390; x_wconf 88' lang='lat' dir='ltr'><strong><em>essentia,</em></strong></span> 
     </span>
     <span class='ocr_line' id='line_1_85' title="bbox 2494 4420 4013 4505; baseline -0.004 -17"><span class='ocrx_word' id='word_1_602' title='bbox 2494 4442 2626 4489; x_wconf 91' lang='lat' dir='ltr'><strong><em>non</em></strong></span> <span class='ocrx_word' id='word_1_603' title='bbox 2659 4424 2851 4488; x_wconf 89' lang='lat' dir='ltr'><strong><em>habet</em></strong></span> <span class='ocrx_word' id='word_1_604' title='bbox 2885 4423 3304 4505; x_wconf 79' lang='lat' dir='ltr'><strong><em>quantitatem</em></strong></span> <span class='ocrx_word' id='word_1_605' title='bbox 3337 4446 3353 4487; x_wconf 74' lang='grc' dir='ltr'>ε</span> <span class='ocrx_word' id='word_1_606' title='bbox 3402 4440 3560 4505; x_wconf 83' lang='lat' dir='ltr'><strong><em>ergo</em></strong></span> <span class='ocrx_word' id='word_1_607' title='bbox 3587 4424 3641 4486; x_wconf 91' lang='lat' dir='ltr'><strong><em>si</em></strong></span> <span class='ocrx_word' id='word_1_608' title='bbox 3677 4420 4013 4488; x_wconf 89' lang='lat' dir='ltr'><strong><em>considera·</em></strong></span> 
     </span>
     <span class='ocr_line' id='line_1_86' title="bbox 2495 4530 4011 4612; baseline -0.005 -16"><span class='ocrx_word' id='word_1_609' title='bbox 2495 4537 2603 4596; x_wconf 87' lang='lat' dir='ltr'><strong><em>tur</em></strong></span> <span class='ocrx_word' id='word_1_610' title='bbox 2628 4531 2796 4595; x_wconf 92' lang='lat' dir='ltr'><strong><em>utin</em></strong></span> <span class='ocrx_word' id='word_1_611' title='bbox 2821 4530 3238 4595; x_wconf 86' lang='lat' dir='ltr'><strong><em>abstractione</em></strong></span> <span class='ocrx_word' id='word_1_612' title='bbox 3264 4549 3304 4593; x_wconf 90' lang='lat' dir='ltr'><strong><em>a</em></strong></span> <span class='ocrx_word' id='word_1_613' title='bbox 3332 4531 3683 4612; x_wconf 83' lang='lat' dir='ltr'><strong><em>quantitate</em></strong></span> <span class='ocrx_word' id='word_1_614' title='bbox 3714 4535 3787 4593; x_wconf 91' lang='lat' dir='ltr'><strong><em>ut</em></strong></span> <span class='ocrx_word' id='word_1_615' title='bbox 3811 4544 4011 4593; x_wconf 88' lang='lat' dir='ltr'><strong><em>essen-</em></strong></span> 
     </span>
     <span class='ocr_line' id='line_1_87' title="bbox 2496 4624 4011 4717; baseline -0.003 -16"><span class='ocrx_word' id='word_1_616' title='bbox 2496 4639 2613 4717; x_wconf 84' lang='lat' dir='ltr'><strong><em>tia,</em></strong></span> <span class='ocrx_word' id='word_1_617' title='bbox 2642 4637 2861 4702; x_wconf 87' lang='lat' dir='ltr'><strong><em>divina</em></strong></span> <span class='ocrx_word' id='word_1_618' title='bbox 2890 4637 3157 4701; x_wconf 83' lang='lat' dir='ltr'><strong><em>essentia</em></strong></span> <span class='ocrx_word' id='word_1_619' title='bbox 3192 4655 3310 4702; x_wconf 88' lang='lat' dir='ltr'><strong><em>nec</em></strong></span> <span class='ocrx_word' id='word_1_620' title='bbox 3342 4642 3436 4702; x_wconf 89' lang='lat' dir='ltr'><strong><em>est</em></strong></span> <span class='ocrx_word' id='word_1_621' title='bbox 3467 4624 3688 4715; x_wconf 71' lang='lat' dir='ltr'><strong><em>finita,</em></strong></span> <span class='ocrx_word' id='word_1_622' title='bbox 3719 4654 3835 4700; x_wconf 89' lang='lat' dir='ltr'><strong><em>nec</em></strong></span> <span class='ocrx_word' id='word_1_623' title='bbox 3877 4633 4011 4697; x_wconf 83' lang='lat' dir='ltr'><strong><em>infl-</em></strong></span> 
     </span>
     <span class='ocr_line' id='line_1_88' title="bbox 2496 4744 2651 4807; baseline 0.006 -1"><span class='ocrx_word' id='word_1_624' title='bbox 2496 4744 2651 4807; x_wconf 87' lang='lat' dir='ltr'><strong><em>nita.</em></strong></span> 
     </span>
    </p>

    <p class='ocr_par' dir='ltr' id='par_1_21' title="bbox 2496 4849 4007 5148">
     <span class='ocr_line' id='line_1_89' title="bbox 2578 4849 4005 4933; baseline -0.005 -20"><span class='ocrx_word' id='word_1_625' title='bbox 2578 4856 2639 4914; x_wconf 73' lang='lat'><strong><em>2.</em></strong></span> <span class='ocrx_word' id='word_1_626' title='bbox 2669 4849 2827 4913; x_wconf 88' lang='lat' dir='ltr'><strong><em>ltem</em></strong></span> <span class='ocrx_word' id='word_1_627' title='bbox 2852 4850 3065 4914; x_wconf 90' lang='lat' dir='ltr'><strong><em>omnis</em></strong></span> <span class='ocrx_word' id='word_1_628' title='bbox 3089 4851 3369 4932; x_wconf 85' lang='lat' dir='ltr'><strong><em>potentia</em></strong></span> <span class='ocrx_word' id='word_1_629' title='bbox 3400 4867 3553 4933; x_wconf 80' lang='lat' dir='ltr'><strong><em>quae</em></strong></span> <span class='ocrx_word' id='word_1_630' title='bbox 3590 4853 3793 4933; x_wconf 87' lang='lat' dir='ltr'><strong><em>potest</em></strong></span> <span class='ocrx_word' id='word_1_631' title='bbox 3818 4861 4005 4911; x_wconf 88' lang='lat' dir='ltr'><strong><em>unum</em></strong></span> 
     </span>
     <span class='ocr_line' id='line_1_90' title="bbox 2497 4953 4003 5041; baseline -0.006 -18"><span class='ocrx_word' id='word_1_632' title='bbox 2497 4959 2728 5038; x_wconf 88' lang='lat' dir='ltr'><strong><em>solum,</em></strong></span> <span class='ocrx_word' id='word_1_633' title='bbox 2758 4959 2846 5021; x_wconf 91' lang='lat' dir='ltr'><strong><em>ita</em></strong></span> <span class='ocrx_word' id='word_1_634' title='bbox 2868 4958 3041 5041; x_wconf 90' lang='lat' dir='ltr'><strong><em>quod</em></strong></span> <span class='ocrx_word' id='word_1_635' title='bbox 3062 4975 3194 5021; x_wconf 89' lang='lat' dir='ltr'><strong><em>uon</em></strong></span> <span class='ocrx_word' id='word_1_636' title='bbox 3219 4957 3417 5033; x_wconf 89' lang='lat' dir='ltr'><strong><em>aliud,</em></strong></span> <span class='ocrx_word' id='word_1_637' title='bbox 3446 4963 3542 5022; x_wconf 84' lang='lat' dir='ltr'><strong><em>est</em></strong></span> <span class='ocrx_word' id='word_1_638' title='bbox 3570 4955 3844 5040; x_wconf 76' lang='lat' dir='ltr'><strong><em>potentia</em></strong></span> <span class='ocrx_word' id='word_1_639' title='bbox 3871 4953 4003 5016; x_wconf 80' lang='lat' dir='ltr'><strong><em>fini·-</em></strong></span> 
     </span>
     <span class='ocr_line' id='line_1_91' title="bbox 2496 5061 4007 5148; baseline -0.007 -17"><span class='ocrx_word' id='word_1_640' title='bbox 2496 5071 2563 5130; x_wconf 87' lang='lat' dir='ltr'><strong><em>ta</em></strong></span> <span class='ocrx_word' id='word_1_641' title='bbox 2593 5090 2609 5131; x_wconf 88' lang='lat'>:</span> <span class='ocrx_word' id='word_1_642' title='bbox 2640 5083 2800 5147; x_wconf 81' lang='lat' dir='ltr'><strong><em>ergo</em></strong></span> <span class='ocrx_word' id='word_1_643' title='bbox 2821 5065 2960 5148; x_wconf 87' lang='lat' dir='ltr'><strong><em>pari</em></strong></span> <span class='ocrx_word' id='word_1_644' title='bbox 2978 5065 3225 5129; x_wconf 89' lang='lat' dir='ltr'><strong><em>ratione</em></strong></span> <span class='ocrx_word' id='word_1_645' title='bbox 3246 5064 3455 5128; x_wconf 88' lang='lat' dir='ltr'><strong><em>omnis</em></strong></span> <span class='ocrx_word' id='word_1_646' title='bbox 3481 5064 3750 5127; x_wconf 87' lang='lat' dir='ltr'><strong><em>essentia</em></strong></span> <span class='ocrx_word' id='word_1_647' title='bbox 3765 5077 3904 5145; x_wconf 80' lang='lat' dir='ltr'><strong><em>quae</em></strong></span> <span class='ocrx_word' id='word_1_648' title='bbox 3925 5061 4007 5122; x_wconf 73' lang='lat' dir='ltr'><strong><em>oet</em></strong></span> 
     </span>
    </p>
   </div>
   <div class='ocr_carea' id='block_1_16' title="bbox 2497 5259 4001 5460">
    <p class='ocr_par' dir='ltr' id='par_1_22' title="bbox 2497 5259 4001 5460">
     <span class='ocr_line' id='line_1_92' title="bbox 2498 5259 4001 5329; baseline -0.006 -14"><span class='ocrx_word' id='word_1_649' title='bbox 2498 5263 2749 5329; x_wconf 88' lang='lat' dir='ltr'><strong><em>superiori</em></strong></span> <span class='ocrx_word' id='word_1_650' title='bbox 2767 5266 2947 5328; x_wconf 68' lang='lat' dir='ltr'><strong><em>quaest.</em></strong></span> <span class='ocrx_word' id='word_1_651' title='bbox 2972 5261 3127 5313; x_wconf 88' lang='lat' dir='ltr'><strong><em>citati.</em></strong></span> <span class='ocrx_word' id='word_1_652' title='bbox 3149 5287 3211 5298; x_wconf 91' lang='lat'><strong>—</strong></span> <span class='ocrx_word' id='word_1_653' title='bbox 3236 5262 3254 5291; x_wconf 85' lang='lat'>²</span> <span class='ocrx_word' id='word_1_654' title='bbox 3278 5262 3317 5312; x_wconf 86' lang='lat' dir='ltr'><strong><em>ll</em></strong></span> <span class='ocrx_word' id='word_1_655' title='bbox 3346 5260 3594 5327; x_wconf 64' lang='lat' dir='ltr'><strong><em>Par-clip„</em></strong></span> <span class='ocrx_word' id='word_1_656' title='bbox 3620 5273 3679 5325; x_wconf 84' lang='lat'><strong><em>11,</em></strong></span> <span class='ocrx_word' id='word_1_657' title='bbox 3700 5263 3747 5312; x_wconf 83' lang='grc'><strong><em>6.</em></strong></span> <span class='ocrx_word' id='word_1_658' title='bbox 3765 5285 3819 5296; x_wconf 90' lang='lat'><em>-</em></span> <span class='ocrx_word' id='word_1_659' title='bbox 3836 5259 4001 5319; x_wconf 78' lang='lat' dir='ltr'><strong><em>³Aug·‚</em></strong></span> 
     </span>
     <span class='ocr_line' id='line_1_93' title="bbox 2497 5328 3999 5460; baseline -0.007 -73"><span class='ocrx_word' id='word_1_660' title='bbox 2497 5335 2745 5460; x_wconf 44' lang='lat' dir='ltr'><strong><em>ggnz&#39;riing,</em></strong></span> <span class='ocrx_word' id='word_1_661' title='bbox 2771 5335 2862 5385; x_wconf 80' lang='lat' dir='ltr'><strong><em>lib.</em></strong></span> <span class='ocrx_word' id='word_1_662' title='bbox 2888 5336 3026 5402; x_wconf 82' lang='lat' dir='ltr'><strong><em>vlu,</em></strong></span> <span class='ocrx_word' id='word_1_663' title='bbox 3054 5350 3099 5384; x_wconf 90' lang='lat' dir='ltr'><strong><em>c.</em></strong></span> <span class='ocrx_word' id='word_1_664' title='bbox 3120 5347 3180 5398; x_wconf 82' lang='lat'><strong><em>11,</em></strong></span> <span class='ocrx_word' id='word_1_665' title='bbox 3195 5347 3259 5385; x_wconf 69' lang='grc' dir='ltr'><strong><em>ιιι.</em></strong></span> <span class='ocrx_word' id='word_1_666' title='bbox 3282 5335 3439 5383; x_wconf 74' lang='lat'><strong><em>3.-⁶</em></strong></span> <span class='ocrx_word' id='word_1_667' title='bbox 3459 5334 3632 5396; x_wconf 70' lang='lat' dir='ltr'><strong><em>Arist.³</em></strong></span> <span class='ocrx_word' id='word_1_668' title='bbox 3658 5332 3842 5400; x_wconf 62' lang='lat' dir='ltr'><strong><em>Phys-ic.</em></strong></span> <span class='ocrx_word' id='word_1_669' title='bbox 3869 5328 3947 5379; x_wconf 86' lang='lat' dir='ltr'><strong><em>lib.</em></strong></span> <span class='ocrx_word' id='word_1_670' title='bbox 3965 5328 3999 5390; x_wconf 84' lang='lat'><strong><em>1,</em></strong></span> 
     </span>
    </p>
   </div>
  </div>
 </body>
</html>
