4125 6225
439 3120 640 3177 Improb-

686 394 803 456 580

679 526 783 590 vel
820 524 1055 589 animae
1075 570 1093 602 ,
1131 520 1298 586 sicut
1335 538 1454 584 nec
1485 518 1565 583 ad
1605 523 1852 584 motum
1880 521 2222 604 cujuslibet

679 630 1085 697 elementaris
1125 633 1396 694 naturae.
1428 625 1558 691 Nec
1593 628 1799 691 obstat
1828 628 2018 708 illud,
2046 628 2218 711 quod

677 757 945 805 movens
967 737 1150 804 debet
1176 754 1311 800 esse
1338 735 1511 800 aliud
1529 755 1569 799 a
1594 736 1818 799 mobili
1844 758 1859 800 ε
1881 735 2036 819 quia
2056 736 2222 799 sicut

675 846 917 913 animal
954 845 1305 911 secundum
1335 842 1514 908 aliud
1537 844 1638 907 sui
1666 848 1761 909 est
1785 862 2051 908 movens
2071 891 2087 919 ,
2118 861 2220 907 se-

675 954 962 1018 cundum
984 951 1227 1035 aliquid
1256 950 1358 1014 sui
1386 953 1482 1014 est
1505 949 1759 1027 mobile,
1789 953 1853 1014 et
1874 954 2093 1014 tamen
2120 954 2221 1013 to-

674 1064 815 1125 tum
857 1066 953 1125 est
996 1077 1263 1124 movens
1309 1060 1373 1122 et
1408 1057 1681 1136 mobile;
1709 1057 1802 1121 sic
1836 1061 1899 1121 et
1941 1057 2011 1120 in
2057 1057 2214 1121 coelo

669 1167 1161 1250 intelligendum
1185 1168 1282 1230 est
1295 1213 1313 1243 ,
1356 1164 1529 1248 quod
1555 1168 1653 1229 est
1677 1163 1914 1228 mobile
1943 1182 2056 1246 per
2097 1182 2214 1228 na-

669 1278 887 1339 turam
928 1273 1301 1357 quantitatis
1328 1276 1393 1336 et
1415 1272 1649 1353 figurae
1671 1319 1689 1347 ,
1721 1275 1785 1335 et
1811 1288 2079 1335 movens
2105 1289 2219 1353 per

669 1387 968 1447 naturam
1000 1382 1165 1446 lucis
1182 1381 1431 1446 activae.
1463 1378 1516 1443 N
1520 1397 1593 1444 ec
1619 1380 1826 1444 obstat
1842 1379 2021 1459 illud,
2044 1379 2218 1461 quod

669 1490 904 1555 recedit
941 1489 1022 1553 ab
1070 1489 1294 1553 eodem
1335 1488 1473 1552 loco
1516 1486 1596 1552 ad
1638 1505 1835 1570 quem
1871 1490 2212 1550 movetur:

671 1596 907 1661 coelum
941 1596 1114 1661 enim
1159 1595 1417 1679 proprie
1462 1612 1595 1658 non
1633 1593 1828 1657 habet
1863 1593 2112 1657 moveri
2138 1592 2218 1656 ad

671 1703 887 1767 locum
911 1751 930 1782 ,
959 1703 1070 1768 sed
1113 1702 1328 1784 potius
1377 1700 1544 1764 circa
1587 1699 1801 1764 locum
1845 1719 1862 1762 ε
1907 1718 2028 1764 nec
2071 1718 2219 1782 pars

670 1832 820 1898 quae
847 1820 943 1879 est
967 1814 1041 1877 in
1065 1813 1310 1878 oriente
1328 1860 1344 1890 ,
1376 1816 1676 1877 movetur
1704 1811 1785 1876 ad
1829 1811 2218 1876 occidentem

671 1922 825 2005 quia
857 1922 1041 1986 illum
1084 1921 1286 1984 situm
1309 1919 1598 1984 intendat
1623 1918 2038 1983 determinate
2058 1966 2078 1997 ,
2108 1918 2219 1982 sed

670 2032 826 2115 quia
874 2030 1150 2096 intendit
1195 2030 1438 2094 moveri
1475 2029 1940 2108 orbiculariter,
1981 2030 2095 2112 qui
2126 2032 2221 2093 est

670 2146 886 2205 motus
898 2141 1260 2222 competens
1276 2155 1413 2202 suae
1438 2141 1711 2202 naturae.
1735 2136 1915 2202 Unde
1939 2137 2103 2201 sicut
2124 2137 2220 2200 di-

672 2247 837 2312 citur
879 2248 950 2310 in
987 2246 1171 2310 radio
1195 2294 1213 2324 ,
1243 2244 1416 2327 quod
1457 2243 1741 2326 procedit
1779 2248 1842 2308 et
1887 2244 2220 2308 retrocedit

669 2372 785 2437 per
816 2355 1126 2419 virtutem
1165 2371 1351 2418 suam
1369 2402 1388 2433 ,
1424 2371 1575 2418 cum
1602 2353 1676 2415 flt
1710 2352 1789 2436 (a)
1825 2351 2221 2434 repercussio

672 2461 753 2526 ad
803 2460 1061 2544 aliquod
1107 2479 1340 2544 corpus
1393 2459 1838 2543 splendidum3
1883 2460 1974 2522 sic
2018 2462 2114 2523 est
2152 2460 2220 2522 in

673 2569 995 2652 proposito
1031 2592 1046 2633 ε
1078 2575 1143 2634 et
1170 2589 1285 2653 per
1320 2571 1444 2634 hoc
1480 2569 1865 2652 respondent
1889 2567 1970 2632 ad
1996 2584 2221 2631 omnes

677 2675 1087 2757 objectiones.
1131 2675 1396 2740 Difficile
1439 2680 1657 2739 tamen
1699 2678 1793 2740 est
1814 2722 1831 2754 ,
1863 2674 2221 2739 secundum

677 2782 845 2847 hanc
874 2782 1274 2864 positionem,
1305 2783 1616 2846 sustinere
1635 2780 1959 2865 quomodo
1985 2780 2219 2845 coelum

680 2896 1023 2955 moveatur
1064 2911 1104 2955 a
1150 2892 1411 2974 propria
1450 2892 1677 2971 forma,
1710 2895 1774 2954 et
1812 2890 2091 2954 naturali
2109 2939 2127 2970 ,
2160 2894 2223 2954 et

684 2996 792 3061 illa
815 3000 1227 3081 permanente
1253 2998 1538 3081 quiescat
1566 3002 1800 3082 praeter
1824 2997 2217 3062 violentiam.

686 3102 947 3169 Difficile
990 3108 1085 3169 est
1107 3104 1300 3170 etiam
1325 3105 1702 3188 intelligere,
1732 3105 2053 3190 quomodo
2088 3125 2223 3170 non

554 3225 559 3230 ·
686 3215 1020 3278 moveatur
1040 3216 1300 3297 propter
1332 3212 1659 3297 propriam
1683 3212 2130 3294 indigentiam,
2168 3214 2223 3278 si

684 3322 1002 3404 appetitus
1040 3321 1147 3386 ille
1176 3325 1274 3385 est
1311 3321 1518 3386 forma
1554 3320 1896 3385 intrinseca
1928 3342 1943 3385 ;
1987 3326 2051 3386 et
2078 3321 2222 3386 ideo

674 3426 780 3493 isti
827 3428 1300 3510 compelluntur
1347 3429 1427 3493 ad
1464 3427 1591 3493 hoc
1632 3427 1840 3492 redire
1860 3476 1878 3507 ,
1911 3431 1986 3492 ut
2011 3428 2223 3493 dicant

677 3537 851 3620 quod
871 3538 953 3602 ad
975 3540 1226 3601 motum
1250 3534 1394 3601 coeli
1422 3554 1553 3600 non
1583 3515 2052 3601 sufficit'virtus
2073 3554 2221 3619 pro·
2254 3605 2263 3614 ,

682 3644 843 3726 priae
869 3644 1117 3721 formae,
1138 3641 1248 3708 sed
1273 3642 1465 3706 simul
1492 3661 1642 3707 cum
1663 3662 1741 3708 ea
1758 3643 2110 3726 requiritur
2128 3644 2225 3710 in·

682 3752 902 3817 fluxus
948 3753 1192 3818 divinae
1241 3752 1563 3836 potentiae,
1618 3752 1971 3817 secundum
2028 3771 2222 3836 quem

683 3857 916 3923 coelum
944 3859 1138 3924 habet
1167 3859 1434 3937 moveri,
1462 3864 1525 3923 et
1552 3859 1896 3942 quiescere.
1921 3860 2043 3925 Sed
2069 3865 2226 3929 tunc

683 3969 971 4030 remanet
1025 3965 1341 4048 quaestio,
1398 3966 1555 4048 quid
1603 3966 1685 4031 sit
1733 3966 1840 4030 ille
1888 3966 2175 4032 influxus
2202 4017 2221 4045 ,

684 4075 906 4136 utrum
937 4070 1105 4137 dicat
1120 4072 1274 4154 quid
1301 4078 1588 4136 creatum
1612 4073 1716 4140 vel
1744 4073 2132 4153 increatum;
2163 4080 2227 4138 et

684 4179 821 4244 sive
855 4181 975 4245 hoc
1005 4180 1193 4259 dicat,
1223 4180 1359 4244 sive
1398 4179 1578 4261 illud,
1611 4199 1742 4245 non
1776 4185 1871 4246 est
1906 4181 2087 4246 facile
2111 4201 2229 4247 ex-

685 4285 922 4370 plicare
970 4305 1169 4369 quare
1210 4285 1379 4351 Deus
1413 4286 1601 4350 illum
1651 4291 1903 4353 motum
1938 4296 2229 4356 exerceat

686 4392 823 4458 sine
834 4392 1193 4457 ministerio
1223 4392 1574 4475 spiritualis
1599 4398 1934 4475 creaturae,
1957 4413 2108 4459 cum
2136 4395 2230 4460 illi

686 4498 767 4562 sit
791 4503 980 4565 natus
1006 4500 1374 4565 convenire.
1423 4499 1479 4567 N
1481 4518 1553 4565 ec
1572 4505 1789 4567 tamen
1818 4502 1896 4567 de
1917 4503 2087 4567 facili
2113 4521 2231 4586 po-

689 4607 813 4668 test
845 4605 969 4670 hoc
1010 4606 1400 4689 improbari,
1431 4607 1486 4670 si
1520 4608 1666 4690 quis
1691 4608 1815 4673 hoc
1840 4608 2028 4688 dicat,
2057 4610 2232 4692 quod

687 4708 1005 4773 defectum
1068 4710 1254 4802 istius
1317 4713 1625 4775 creaturae
1674 4711 2019 4795 corporalis
2078 4712 2233 4777 velit

687 4813 854 4881 Deus
875 4835 990 4900 per
1017 4816 1431 4901 semetipsum
1475 4818 1770 4901 supplere
1785 4868 1803 4900 ,
1846 4825 1920 4885 ut
1945 4822 2234 4896 ostendat

694 4940 764 4986 se
800 4941 942 4987 esse
981 4922 1185 4988 Deum
1230 4924 1373 4989 coeli
1403 4927 1467 4988 et
1509 4929 1698 4991 terrae
1725 4973 1743 5004 ,
1774 4925 1958 4991 etita
1982 4927 2232 4993 dicatur

690 5029 924 5096 coelum
948 5033 1197 5098 moveri
1231 5032 1494 5116 propria
1523 5033 1798 5115 virtute3
1824 5035 1997 5116 quod
2019 5036 2074 5099 si
2110 5037 2234 5100 ali-

692 5140 849 5222 quid
874 5139 1036 5205 desit
1057 5141 1175 5206 sibi
1199 5141 1279 5206 ad
1299 5142 1599 5207 movendi
1617 5142 2063 5224 sufficentiam,
2089 5163 2235 5229 sup-

760 5281 850 5334 ¹s.
879 5282 1081 5345 whom„
1109 5283 1305 5346 Quolib.
1328 5285 1452 5348 vu,
1480 5298 1536 5350 q.
1563 5296 1603 5334 11
1655 5283 1715 5334 de
1743 5284 1893 5349 nalo,
1921 5298 2105 5354 q.xv1,
2136 5292 2232 5339 art.

759 5370 828 5436 (a)
862 5370 986 5422 σαι.
1004 5373 1127 5423 edit.
1155 5374 1238 5424 sit.

1808 384 2431 452 SENTENTIARUM
2466 384 2613 450 LIB.
2661 386 2739 451 ΙΙ.

2327 521 2577 603 pleatur
2612 521 2693 584 ab
2736 520 2872 602 ipsa
2905 518 3143 585 virtute
3168 517 3386 582 divina
3401 563 3420 593 ,
3459 520 3524 580 et
3544 514 3641 579 sic
3671 512 3873 576 sush‘-

2327 629 2537 693 nendo
2556 629 2722 693 hanc
2745 628 3145 711 positionem,
3165 623 3492 708 responsio
3515 623 3598 687 ad
3624 622 3871 703 objecta
3898 635 4041 692 ephsi

2326 738 2478 801 satis
2511 741 2606 805 est
2634 737 2841 819 plena.
2872 736 3013 801 Alia
3052 754 3207 800 vero
3239 733 3469 816 positio
3498 736 3597 797 est
3626 735 3674 808 ²,
3705 730 3877 812 quod

2327 842 2492 907 Deus
2528 848 2746 907 movet
2785 842 3103 907 mediante
3146 839 3568 921 intelligentia
3616 842 3837 901 creata
3857 884 3873 914 ,

2325 948 2460 1012 sive
2504 950 2823 1014 mediante
2867 949 3097 1032 angelo
3146 971 3163 1012 :
3212 951 3278 1013 et
3306 948 3429 1011 hoc
3475 944 3880 1027 competebat

2324 1048 2567 1134 ordini,
2600 1073 2795 1138 quem
2842 1056 3004 1121 Deus
3043 1055 3367 1120 constituit
3412 1053 3729 1119 universo
3755 1100 3775 1130 ,
3804 1051 3878 1115 de

2324 1184 2457 1247 quo
2487 1165 2641 1231 dicit
2662 1168 3088 1250 Augustinus,
3117 1184 3311 1251 super
3338 1167 3632 1232 Genesim
3656 1163 3754 1230 ad
3770 1162 3875 1229 lit-

2325 1277 2527 1340 teram
2553 1281 2600 1342 ¹.
2647 1275 2817 1357 quod
2846 1274 3009 1339 Deus
3048 1274 3139 1338 sic
3166 1273 3483 1338 mundum
3512 1271 3875 1348 ordinavit,

2325 1383 2401 1444 ut
2426 1381 2726 1464 spiritum
2746 1382 3099 1464 praeficeret
3122 1382 3301 1444 omni
3319 1379 3571 1462 corpori
3595 1402 3609 1440 ε
3645 1383 3713 1442 et
3737 1377 3875 1440 ideo

2324 1489 2490 1553 sicut
2519 1508 2885 1572 congruum
2907 1495 3001 1554 est
3025 1491 3289 1571 angelos
3315 1489 3607 1571 deputari
3631 1489 3719 1552 ad
3746 1486 3874 1549 mi-

2323 1596 2661 1661 nisterium
2704 1599 3079 1677 hominum,
3134 1598 3225 1662 sic
3267 1598 3460 1662 etiam
3503 1613 3876 1676 congruum

2325 1709 2419 1769 est
2441 1705 2610 1788 ipsos
2637 1706 2928 1789 deputari
2954 1707 3034 1771 ad
3056 1712 3304 1771 motum
3334 1709 3397 1769 et
3425 1706 3729 1786 regimen
3753 1722 3879 1767 coe-

2324 1812 2559 1893 lorum,
2600 1832 2748 1878 cum
2776 1814 2843 1877 in
2860 1814 2982 1878 hoc
3008 1815 3200 1879 etiam
3227 1812 3589 1877 ministrent
3621 1810 3878 1876 homini

2324 1917 2589 1997 viatori,
2620 1925 2684 1984 et
2718 1920 2955 1985 divinae
2979 1921 3387 1985 subserviant
3411 1921 3729 2001 majestati
3770 1941 3784 1981 :
3816 1922 3877 1981 et

2326 2025 2445 2089 hoc
2456 2026 2709 2091 videtur
2720 2028 3127 2110 Augustinus
3134 2028 3446 2092 sentirein
3455 2026 3540 2090 Ill
3559 2026 3637 2092 de
3648 2027 3874 2093 Libero

2325 2133 3874 2218 Arbitri0,loquensdeangelicanatura,dequadi·

2327 2246 2412 2310 cit
2437 2246 2482 2325 ³,
2515 2247 2686 2329 quod
2703 2266 2835 2313 non
2853 2265 2973 2310 sua
2989 2249 3315 2329 majestate
3330 2247 3610 2311 continet
3626 2246 3867 2320 omnia,

2326 2353 2435 2417 sed
2474 2354 2846 2419 inhaerendo
2891 2354 2985 2418 illi
3011 2354 3347 2435 majestati,
3386 2357 3451 2417 et
3484 2356 3626 2436 ejus
3650 2353 3869 2434 impe-
3961 2346 3977 2366 ⁸

2326 2462 2439 2526 riis
2480 2463 2885 2528 devotissime
2929 2462 3424 2545 obtemperando
3451 2509 3470 2540 ,
3515 2480 3554 2525 a
3595 2478 3729 2543 quo
3750 2509 3768 2539 ,
3811 2463 3870 2522 et

2326 2586 2440 2652 per
2474 2588 2669 2652 quem
2691 2620 2709 2650 ,
2752 2575 2814 2635 et
2857 2571 2927 2634 iu
2971 2590 3102 2653 quo
3130 2570 3292 2634 facta
3318 2573 3471 2633 sunt
3496 2569 3719 2632 omnia
3754 2591 3769 2631 ι
3802 2571 3863 2630 et

2326 2675 2468 2740 haec
2497 2678 2725 2759 positio
2758 2679 3215 2760 magistrorum
3240 2681 3334 2741 est
3359 2681 3492 2740 tam
3520 2677 3591 2738 in
3618 2674 3868 2739 theolo-

2327 2782 2458 2862 gia,
2489 2801 2687 2864 quam
2714 2785 2783 2848 in
2815 2784 3235 2867 philosophia,
3268 2781 3421 2865 quia
3452 2799 3717 2846 concors
3743 2781 3867 2863 pie-

2326 2892 2463 2970 tati,
2494 2892 2662 2972 fidei,
2693 2897 2756 2956 et
2781 2893 3013 2956 rationi
3037 2891 3395 2974 plurimum
3424 2908 3560 2954 esse
3586 2889 3863 2953 videtur·

2330 2997 2395 3061 Si
2421 2998 2625 3080 igitur
2645 2999 2811 3062 hanc
2828 2999 3210 3080 positionem
3224 2997 3538 3060 sustinere
3556 2995 3864 3073 velimus,

2330 3106 2408 3172 de
2433 3106 2599 3171 facili
2623 3109 2827 3189 potest
2852 3106 2935 3171 ad
2964 3105 3213 3188 objecta
3233 3105 3299 3167 in
3328 3104 3722 3170 contrarium
3747 3121 3869 3168 res·

2330 3213 2617 3295 ponderi.
3361 3207 3367 3214 '
3550 3247 3559 3258 ·

2411 3323 2471 3385 1.
2502 3322 2603 3385 Ad
2646 3321 2804 3387 illud
2864 3321 3037 3404 quod
3080 3319 3288 3403 primo
3335 3319 3654 3403 objicitur,
3695 3317 3867 3401 quod

2330 3432 2544 3492 motus
2563 3428 2669 3493 ille
2691 3429 2997 3493 naturalis
3013 3433 3136 3507 est3
3170 3429 3508 3493 dicendum
3536 3428 3708 3511 quod
3735 3446 3866 3492 mo-

2327 3539 2436 3600 tus
2461 3536 2566 3600 ille
2605 3555 2719 3619 per
2742 3536 3280 3618 comparationem
3309 3535 3390 3600 ad
3419 3535 3703 3617 primum
3727 3553 3865 3598 mo-

2330 3643 2456 3708 bile
2498 3644 2807 3707 naturalis
2836 3661 2972 3707 esse
3002 3643 3262 3720 dicitur,
3298 3644 3452 3726 quia
3478 3647 3707 3706 natura
3727 3645 3867 3725 ejus

2332 3756 2394 3816 et
2434 3754 2650 3834 figura
2677 3750 2771 3816 illi
2811 3753 3013 3816 motui
3059 3752 3397 3817 concordat
3406 3769 3427 3832 3
3467 3769 3586 3815 nec
3620 3754 3865 3833 oportet

2333 3859 2504 3942 quod
2529 3877 2721 3925 omne
2734 3907 2753 3938 ,
2780 3859 2954 3942 quod
2980 3841 3081 3923 'est
3103 3858 3392 3922 naturale
3410 3906 3428 3937 ,
3463 3856 3544 3921 sit
3567 3876 3608 3921 a
3632 3857 3869 3939 princi-

2333 3968 2440 4050 pio
2466 3968 2806 4031 intrinseco
2830 3968 2992 4031 sicut
3016 3985 3056 4031 a
3088 3971 3220 4030 tota
3253 3984 3443 4029 causa
3460 4014 3478 4045 ,
3505 3965 3615 4030 sed
3640 3965 3869 4030 sufficit

2335 4077 2508 4158 quod
2533 4076 2740 4141 virtus
2760 4074 3100 4139 intrinseca
3122 4076 3496 4155 cooperetur
3527 4071 3750 4137 virtuti
3772 4089 3868 4136 ac-

2336 4184 2510 4248 tivae.
3134 4223 3139 4230 -

2416 4295 2477 4355 2.
2503 4291 2602 4356 Ad
2626 4289 2784 4355 illud
2804 4289 2977 4373 quod
3002 4289 3303 4371 objicitur
3319 4287 3398 4352 de
3418 4287 3607 4368 gravi
3632 4291 3696 4351 et
3722 4286 3868 4364 levi,

2338 4397 2680 4463 dicendum
2707 4398 2878 4481 quod
2904 4397 2980 4461 ad
3007 4400 3257 4461 motum
3286 4394 3504 4476 gravis
3528 4411 3664 4458 non
3688 4393 3873 4458 suffl-

2338 4504 2423 4568 cit
2451 4504 2844 4569 solummodo
2872 4504 3157 4586 gravitas
3178 4552 3197 4583 ,
3229 4503 3364 4568 sive
3410 4502 3683 4585 qualitas
3721 4519 3874 4585 pro-

2339 4612 2479 4695 pria
2512 4630 2529 4674 ε
2561 4613 2692 4675 imo
2718 4610 3043 4676 concurrit
3068 4610 3275 4676 virtus
3311 4609 3431 4674 loci
3470 4608 3871 4688 attrahentis,

2340 4723 2405 4783 et
2442 4719 2646 4786 virtus
2675 4719 2799 4784 loci
2840 4717 3238 4801 expellentis,
3270 4720 3333 4782 et
3357 4717 3569 4781 virtus
3594 4715 3875 4799 corporis

2342 4825 2549 4909 quinti
2573 4831 2807 4911 praeter
2831 4826 2942 4890 illa
2977 4826 3106 4891 duo
3148 4825 3492 4902 moventia,
3521 4841 3671 4907 quae
3703 4823 3877 4906 ponit

2342 4929 2787 5017 Philosophus,
2808 4932 3043 4997 scilicet
3063 4950 3291 5025 grave,
3317 4936 3380 4996 et
3405 4932 3569 5011 leve,
3593 4934 3659 4995 et
3674 4948 3877 4994 remo-

2342 5057 2501 5105 vens
2528 5042 2908 5124 prohibens;
2938 5047 3002 5107 et
3026 5042 3179 5124 quia
3201 5041 3341 5105 haec
3371 5040 3453 5104 ad
3475 5043 3727 5103 motum
3744 5036 3876 5101 coeli

2344 5163 2474 5209 non
2558 5153 2826 5229 possunt
2905 5165 3283 5212 concurrere
3309 5196 3325 5226 ,
3383 5151 3629 5230 oportet
3702 5142 3870 5227 quod

2349 5312 2393 5371 1,
2409 5307 2474 5358 ad
2491 5310 2668 5359 ¹4.-¹
2684 5313 2916 5375 August„
2939 5309 3001 5359 de
3017 5308 3118 5360 div.
3137 5311 3320 5372 Quoest.
3340 5307 3607 5370 LXXXIII,
3624 5321 3676 5372 q.
3699 5316 3874 5358 [111¹.

2346 5405 2412 5418 -
2428 5381 2637 5446 ⁸1d.,de
2656 5381 2764 5434 Lib.
2794 5380 2987 5444 Arbt't„
3014 5382 3100 5434 lib.
3127 5381 3193 5432 ΙΙΙ
3209 5417 3227 5444 ,
3256 5395 3303 5430 c.
3322 5392 3397 5443 11,
3427 5393 3481 5430 n.
3505 5381 3585 5431 33.
