4125 6225
1073 364 1284 449 {DIS'L
1326 365 1461 433 vll.
1508 364 1739 432 PART.
1784 366 1834 431 1.
1878 365 2061 431 ΛΒΤ.
2106 365 2156 431 Ῑ.
2196 367 2498 446 QUAEST.
2543 370 2593 435 I.
3331 372 3449 434 395

260 501 416 585 quia
448 499 503 566 si
539 498 735 564 homo
773 505 1089 584 peccasset
1123 500 1385 585 propria
1426 501 1757 566 voluntate
1775 549 1793 580 ,

262 609 401 674 sine
454 609 871 691 suggestione
893 657 911 686 ‚
968 609 1074 675 vel
1123 608 1609 692 particulariter,
1661 627 1794 674 11011

261 718 448 783 video
462 716 784 800 quomodo
800 735 930 781 non
948 720 1157 800 posset
1174 734 1550 800 recuperare
1561 716 1798 780 bonam

79 817 145 862 '¹2·
219 849 231 863 ·
262 813 694 901 voluntatem,
720 824 991 890 Domino
1016 824 1405 889 restituente.
1430 823 1558 887 Alii
1577 840 1796 906 sump-

261 939 487 1000 serunt
510 935 823 999 rationem
847 953 961 1018 per
993 934 1532 1017 comparationem
1558 933 1637 998 ad
1665 935 1799 996 sta-

262 1044 407 1106 tum
433 1041 787 1125 peccantia,
823 1042 976 1124 quia
1010 1047 1266 1124 tempus
1295 1041 1535 1120 meriti,
1579 1044 1642 1104 et
1666 1042 1794 1104 sta·

264 1154 370 1214 tus
412 1150 732 1229 merendi,
778 1155 914 1215 erat
952 1150 1104 1233 ipsis
1144 1151 1453 1233 praeflxus
1490 1164 1695 1229 usque
1720 1146 1799 1210 ad

262 1258 542 1340 primam
562 1257 798 1322 bonam
819 1256 1251 1339 operationem
1270 1304 1289 1333 ,
1308 1255 1416 1320 vel
1438 1253 1672 1319 malam
1690 1275 1707 1332 3
1740 1257 1804 1317 01

261 1366 403 1431 ideo
430 1365 828 1434 sicuthomo
865 1367 1205 1446 postquam
1233 1367 1488 1445 tempus
1515 1360 1803 1426 merendi

262 1473 649 1556 pertransiit,
680 1474 1279 1554 quantumcumque
1305 1469 1661 1553 peccaverit
1689 1486 1800 1551 pa-

262 1598 435 1660 rum,
454 1579 614 1644 dum
639 1583 854 1643 tamen
882 1578 1254 1656 mortaliter,
1272 1581 1336 1640 et
1352 1576 1802 1659 qualitercum-

262 1704 387 1768 que
420 1685 809 1768 peccaverit,
838 1685 1012 1749 ultra
1032 1702 1165 1749 non
1190 1686 1394 1766 potest
1420 1684 1658 1746 bonam
1683 1701 1801 1748 vo-

260 1791 506 1858 luntate
532 1793 964 1875 reacquirere3
995 1797 1058 1857 01
1084 1792 1177 1856 510
1195 1791 1273 1855 de
1300 1791 1546 1872 angelis
1568 1790 1802 1855 intelli-

260 1899 551 1980 gendum
597 1903 711 1964 est.
757 1898 836 1963 Et
882 1899 1005 1962 hoc
1052 1898 1240 1963 modo
1280 1898 1636 1979 assignavit
1681 1897 1803 1962 Da-

260 2025 600 2072 mascenus
641 2010 684 2083 ¹,
726 2025 875 2070 cum
913 2006 1072 2069 dixit
1110 2028 1125 2069 ε
1178 2030 1210 2067 α
1247 2004 1380 2069 Hoc
1425 2009 1520 2069 est
1556 2006 1804 2087 angelis

259 2133 479 2194 casus,
510 2114 685 2196 quod
712 2112 1083 2177 hominibus
1108 2131 1302 2177 mors.
1339 2134 1372 2173 11
1406 2112 1483 2176 Ε1
1510 2112 1801 2178 51111111101·

259 2221 666 2304 Augustinus
678 2223 720 2300 ⁸,
738 2220 815 2287 de
830 2220 990 2288 Fide
1004 2220 1095 2287 ad
1111 2221 1244 2288 Pet.
1255 2269 1271 2300 ,
1291 2238 1440 2284 cum
1452 2220 1612 2284 dixit
1631 2244 1645 2285 ε
1661 2220 1804 2285 «Sic

258 2328 503 2394 creavit
529 2327 696 2392 Deus
722 2327 986 2410 angelos
1009 2375 1026 2403 ,
1052 2331 1126 2392 ut
1152 2327 1265 2408 qui
1292 2327 1552 2402 vellent,
1583 2344 1802 2410 perpe-

258 2439 373 2499 tuo
392 2435 548 2499 boni
567 2438 809 2513 efflent3
833 2435 1027 2518 etqui
1052 2434 1311 2511 nollent,
1340 2452 1677 2517 nunquam
1695 2453 1805 2499 eos

258 2542 482 2607 divina
518 2541 952 2607 misericordia
989 2544 1331 2623 repararet.
1361 2562 1391 2599 n
1432 2539 1525 2604 Ita
1551 2545 1615 2605 et
1649 2545 1807 2605 tem-

259 2669 385 2732 pus
411 2650 623 2714 meriti
639 2699 656 2726 ,
689 2652 754 2712 et
774 2653 1015 2713 statum
1038 2647 1315 2729 praeflxit
1341 2666 1549 2730 usque
1569 2650 1650 2713 ad
1673 2650 1807 2732 pri-

258 2774 449 2821 mum
485 2755 874 2820 conflictum.
924 2754 1004 2820 Et
1047 2754 1214 2819 hanc
1258 2754 1573 2819 rationem
1617 2757 1804 2821 credo

262 2864 615 2946 propriam,
639 2867 701 2926 et
715 2860 1156 2926 necessariam.
1186 2860 1265 2924 Et
1282 2863 1404 2925 hoc
1422 2867 1593 2944 patet
1614 2885 1628 2925 ε
1652 2862 1806 2944 quia

262 2970 321 3034 si
339 2970 557 3053 aliqua
584 2970 789 3053 passio
814 2970 982 3034 inest
1003 2969 1323 3050 aliquibus
1345 2969 1676 3051 subjectis,
1703 2970 1805 3033 in-

257 3082 355 3142 est
382 3077 473 3142 eis
498 3077 853 3141 secundum
881 3073 1138 3157 aliquod
1164 3092 1507 3139 commune
1536 3092 1552 3137 :
1582 3075 1802 3140 diabo-

257 3185 366 3248 lus
394 3188 613 3249 autem
637 3202 769 3248 non
802 3186 1013 3267 potest
1037 3183 1435 3248 voluntatem
1464 3202 1806 3267 recupera-

257 3312 333 3356 re
350 3342 367 3370 ,
404 3293 495 3357 ita
518 3295 612 3358 est
639 3294 1025 3371 obstinatus;
1057 3298 1123 3356 et
1148 3293 1442 3357 similiter
1481 3292 1513 3357 J
1523 3293 1677 3357 udas
1697 3341 1715 3371 ,
1744 3297 1808 3359 et

258 3401 428 3464 alius
484 3401 681 3464 homo
733 3403 1023 3482 peccator
1081 3398 1422 3463 damnatus
1464 3400 1507 3464 ³.
1558 3399 1810 3464 Constat

261 3507 437 3591 quod
475 3507 597 3573 hoc
622 3525 757 3572 0550
798 3525 930 3571 11011
977 3510 1181 3590 potest
1226 3511 1469 3572 ratione
1514 3512 1766 3573 naturae
1786 3558 1804 3589 ,

256 3635 378 3680 1100
421 3615 667 3680 ratione
720 3615 894 3679 modi
946 3616 1246 3697 peccandi
1264 3664 1282 3695 ,
1332 3617 1486 3698 quia
1539 3635 1673 3681 non
1715 3623 1809 3682 est

256 3741 601 3789 commune
628 3745 644 3787 ε
675 3722 730 3786 51
750 3740 908 3803 ergo
935 3740 1067 3785 non
1094 3722 1422 3787 invenitur
1446 3725 1806 3789 communi-

258 3838 358 3896 tas
383 3831 616 3895 nisiex
643 3834 821 3913 parte
847 3833 1078 3905 statuS,
1111 3829 1263 3911 quia
1289 3834 1557 3911 uterque
1578 3836 1671 3893 est
1695 3848 1808 3893 ex-

260 3944 360 4004 tra
387 3942 629 4002 statum
660 3936 905 4016 meriti,
934 3935 1343 4000 manifestum
1370 3941 1464 3999 est
1490 3937 1662 4019 quod
1691 3939 1811 4003 ista

260 4052 359 4113 est
382 4048 545 4111 ratio
574 4045 899 4129 potissima
935 4050 997 4108 et
1024 4044 1396 4113 necessaria.
1430 4044 1506 4108 Et
1529 4046 1652 4109 hoc
1679 4047 1810 4111 cla-

259 4156 400 4219 rius
426 4157 598 4236 patet
622 4154 690 4216 in
716 4154 971 4234 peccato
1010 4151 1320 4231 hominiS,
1352 4152 1408 4213 si
1435 4151 1806 4233 diligentius

263 4261 720 4326 consideretur.
751 4257 915 4323 Nam
951 4264 1282 4341 peccatum
1307 4256 1491 4322 Judae
1531 4257 1601 4321 in
1628 4260 1807 4342 prin-

263 4369 429 4451 cipio
443 4385 576 4432 non
594 4367 856 4431 abstulit
868 4366 1343 4449 possibilitatem
1359 4366 1436 4429 ad
1449 4367 1769 4449 justitiam
1788 4392 1804 4448 ;

265 4477 571 4540 ettamen
589 4474 726 4537 sine
751 4472 1092 4549 additione,
1120 4476 1184 4535 et
1210 4472 1348 4536 sine
1366 4472 1806 4556 innovatione,

264 4581 402 4647 solo
433 4586 720 4664 tempore
745 4579 1032 4643 merendi
1058 4583 1453 4658 transeunte,
1486 4580 1689 4645 factus
1715 4587 1813 4645 051

265 4687 680 4772 impossibilis
737 4686 819 4751 ad
874 4686 1110 4749 bonam
1160 4685 1579 4750 voluntatem.
1644 4688 1814 4755 Deus

264 4793 443 4859 enim
469 4791 751 4856 decrevit
776 4789 1005 4854 offerre
1035 4787 1313 4870 gratiam
1336 4836 1353 4865 ,
1400 4791 1690 4871 quandiu
1718 4798 1814 4858 est

267 4904 528 4982 tempus
552 4897 837 4963 merendi
866 4919 882 4960 :
913 4914 1042 4978 quo
1073 4900 1469 4977 transeunte,
1502 4917 1652 4962 cum
1679 4919 1811 4965 non

270 5008 460 5072 faciat
488 5011 711 5070 contra
741 5002 1246 5086 dispositionem,
1278 5020 1411 5066 non
1438 5004 1623 5067 offert
1659 5023 1809 5086 gra-

338 5133 634 5193 ¹Damasc.,
659 5129 722 5179 de
747 5127 873 5179 Fide
894 5124 1113 5190 orthod„
1140 5124 1229 5175 lib.
1261 5127 1299 5177 11
1319 5163 1337 5190 ,
1365 5141 1409 5177 0.
1432 5139 1485 5178 1v
1511 5129 1567 5179 in
1588 5130 1689 5181 fine
1706 5168 1724 5196 ,
1761 5137 1814 5184 et

263 5216 416 5256 xvm.
433 5231 501 5242 —
519 5204 542 5238 ¹
559 5204 670 5252 lmo
698 5201 954 5265 Fulgent„
978 5198 1038 5247 de
1058 5196 1184 5247 Fide
1206 5198 1274 5247 ad
1298 5200 1454 5264 Petra,
1483 5216 1529 5251 c.
1550 5214 1630 5266 111,
1655 5218 1709 5253 n.
1731 5206 1810 5269 32,

265 5276 439 5340 quoad
480 5287 711 5326 sensum.
741 5298 804 5309 --
840 5270 865 5305 ⁸
890 5273 1039 5322 Hunc
1077 5268 1281 5319 dicendi
1328 5272 1540 5322 modum
1586 5276 1814 5338 sequitur

268 5349 434 5413 Scot„
461 5361 517 5412 q.
550 5358 602 5410 1,
622 5345 740 5396 dist.
760 5354 867 5408 vn,
896 5342 1004 5393 ibt:
1032 5341 1105 5392 De
1123 5354 1219 5391 sec.
1235 5367 1298 5381 -·
1315 5342 1336 5378 δ
1355 5344 1446 5395 Vel
1470 5348 1668 5413 auctor,
1696 5348 1812 5412 qui-

1905 502 2063 566 tiam
2091 521 2240 585 quae
2266 506 2620 586 praeveniat
2654 507 3057 571 voluntatem
3077 554 3095 586 ,
3130 509 3193 570 et
3218 506 3451 569 formet

1906 610 1986 674 ad
2034 611 2413 692 potentiam;
2470 616 2533 677 et
2573 613 2663 677 ita
2706 611 2995 678 remanet
3039 612 3335 678 voluntas
3380 610 3449 675 in

1907 717 2376 801 impoenitentia
2409 721 2818 804 sempiterna,
2850 721 3017 785 etita
3036 721 3106 784 in
3124 720 3203 804 (a)
3238 719 3446 800 culpa.

1909 825 1987 891 Et
2011 827 2066 890 si
2090 830 2165 890 tu
2189 828 2456 909 objicias
2471 830 2644 913 quod
2667 878 2685 908 ,
2717 848 2872 894 cum
2899 829 3063 894 Deus
3087 828 3453 912 praeviderit

1909 934 2082 1016 quod
2097 934 2386 999 diabolus
2401 936 2704 1019 lapsurus
2723 937 2878 1017 erat,
2894 938 3034 1002 sive
3052 941 3448 1020 peccatum,

1910 1059 2108 1124 quare
2138 1044 2418 1126 praefixit
2443 1045 2503 1108 ei
2539 1045 2629 1109 ita
2671 1047 2995 1110 modicum
3038 1050 3289 1128 tempus
3316 1063 3455 1109 me-

1910 1148 2126 1225 rendi,
2176 1153 2252 1214 ut
2295 1168 2426 1214 non
2470 1151 2734 1216 haberet
2781 1153 3062 1234 spatium
3103 1151 3447 1216 redeundi?

1910 1255 2266 1320 notandum
2292 1257 2371 1321 ad
2393 1256 2537 1333 hoc,
2558 1259 2730 1341 quod
2755 1258 2826 1321 in
2843 1258 3205 1323 conditione
3226 1276 3444 1323 rerum

1911 1379 2043 1424 non
2067 1361 2414 1426 attenditur
2437 1364 2600 1427 ratio
2624 1364 3070 1429 misericordiae
3098 1368 3162 1428 et
3180 1364 3450 1447 justitiae

1911 1467 2361 1551 principaliter,
2402 1471 2508 1533 sed
2550 1470 2896 1553 sapientiae.
2943 1471 3233 1536 Decrevit
3273 1471 3446 1535 enim

1911 1575 2134 1640 divina
2155 1575 2465 1658 sapientia
2485 1576 2556 1639 111
2574 1577 2876 1640 universo
2901 1578 3105 1642 facere
3130 1578 3446 1660 duplicem

1913 1687 2271 1747 creaturam
2311 1684 2683 1747 rationalem
2703 1732 2721 1764 ,
2771 1685 2853 1749 ad
2906 1686 3029 1750 hoc
3068 1686 3240 1769 quod
3288 1689 3450 1749 esset

1913 1791 2293 1856 universum
2325 1794 2713 1876 completum
2743 1816 2758 1858 ε
2792 1812 2992 1857 unam
3022 1794 3273 1877 corpori
3301 1793 3451 1858 uni·

1911 1902 2075 1978 tam,
2110 1906 2185 1964 ut
2209 1901 2491 1988 animam
2518 1902 2929 1980 rationalem3
2968 1902 3161 1965 aliam
3193 1901 3455 1965 absolu-

1912 2010 2044 2071 tam
2067 2013 2130 2071 et
2152 2008 2567 2090 spiritualem,
2587 2014 2662 2073 ut
2685 2008 3017 2090 angelum.
3051 2007 3128 2072 Et
3147 2006 3454 2090 quoniam

1913 2115 2266 2179 substantia
2290 2117 2558 2180 omnino
2583 2116 2929 2197 spiritualis
2946 2114 3213 2180 omnino
3235 2118 3332 2178 est
3357 2115 3458 2178 in-

1913 2222 2344 2304 corruptibilis
2398 2226 2463 2287 et
2519 2222 3004 2303 ingenerabilis;
3060 2240 3193 2285 non
3250 2223 3458 2303 potuit

1914 2347 2089 2394 unus
2122 2329 2392 2410 angelus
2432 2347 2516 2393 ex
2555 2329 2683 2394 alio
2727 2329 2990 2413 produci
3027 2350 3043 2392 ε
3091 2329 3233 2393 11100
3264 2328 3459 2393 51111111

1913 2434 2203 2516 producti
2233 2437 2386 2498 sunt
2414 2453 2431 2498 :
2461 2437 2526 2498 et
2550 2434 2715 2499 sicut
2739 2434 2930 2499 simul
2960 2438 3112 2498 sunt
3133 2433 3452 2516 producti,

1914 2541 2003 2604 ita
2019 2541 2213 2605 etiam
2232 2542 2426 2606 simul
2450 2541 2875 2623 glorificandi,
2905 2542 3041 2606 sive
3065 2540 3352 2623 dispositi
3375 2540 3458 2603 ad

1914 2648 2107 2713 simul
2144 2647 2508 2730 glorificari.
2553 2648 2632 2712 Et
2676 2650 2830 2730 quia
2869 2652 3022 2713 sunt
3064 2647 3454 2731 spirituales,

1915 2757 1978 2818 et
2031 2755 2458 2837 incorporales
2475 2804 2493 2835 ,
2556 2758 2618 2819 et
2662 2755 3180 2838 incorruptibiles
3199 2805 3214 2830 ,
3279 2753 3458 2817 nullo

1916 2862 2106 2926 modo
2133 2862 2436 2926 habentes
2460 2861 2953 2939 retardativum,
2985 2861 3136 2925 hinc
3164 2858 3458 2942 estquod

1915 2968 2152 3062 1111000
2178 2968 2402 3050 gloriae
2434 2971 2584 3034 sunt
2609 2968 2885 3047 conditi,
2926 2967 3162 3032 scilicet
3199 2967 3268 3029 111
3313 2983 3458 3029 0111-

1914 3094 2114 3159 pyreo
2150 3094 2168 3140 :
2206 3076 2381 3141 etita
2408 3076 2487 3141 de
2516 3076 2811 3158 proximo
2837 3075 2917 3139 ad
2945 3075 3219 3157 gloriam
3248 3075 3451 3156 dispo-

1917 3185 2051 3264 siti,
2082 3188 2146 3248 et
2171 3185 2420 3249 ratione
2441 3189 2723 3262 naturae,
2756 3187 2818 3248 et
2834 3183 2954 3248 loci
2984 3202 3001 3246 t
3032 3188 3095 3247 01
3125 3184 3269 3250 ideo
3292 3191 3459 3251 tem-

1917 3311 2038 3375 pus
2069 3293 2283 3356 meriti
2315 3297 2410 3357 est
2436 3292 2527 3357 eis
2555 3294 2646 3355 ita
2668 3292 2864 3357 breve
2890 3294 3236 3376 praeflxum
3252 3343 3271 3375 ,
3295 3296 3463 3362 sicut

1917 3401 2125 3482 potuit
2144 3419 2162 3465 ε
2180 3405 2244 3463 01
2260 3401 2403 3465 ideo
2422 3418 2628 3483 usque
2645 3399 2722 3463 ad
2737 3400 3014 3482 primam
3028 3402 3454 3484 aversionem,

1919 3514 1982 3573 et
2058 3511 2546 3574 conversionem
2620 3508 3126 3573 deliberativam.
3202 3509 3461 3575 Homini

1917 3634 2104 3694 vero,
2143 3616 2296 3697 quia
2333 3615 2626 3679 conditus
2661 3618 2757 3678 est
2792 3614 2859 3677 in
2902 3633 3165 3696 corpore
3200 3616 3461 3681 animali

1918 3724 1998 3787 ad
2031 3724 2489 3807 procreandam
2537 3723 2783 3805 prolem
2813 3722 2892 3786 ad
2944 3722 3191 3786 cultum
3221 3722 3360 3803 Dei,
3400 3727 3463 3788 et

1920 3831 2011 3894 ita
2032 3830 2103 3893 in
2136 3830 2544 3913 dispositione
2575 3829 2900 3893 remotiori
2929 3848 2969 3892 a
2999 3829 3240 3910 gloria,
3277 3830 3466 3894 datus

1920 3943 2014 4003 est
2038 3938 2213 4002 locus
2247 3937 2485 4001 distans
2520 3937 2602 4001 ad
2632 3936 3014 4000 merendum
3037 3956 3076 4000 a
3112 3937 3213 4000 sui
3242 3938 3462 4001 condi-

1920 4047 2122 4120 tione,
2155 4044 2395 4109 scilicet
2433 4044 2763 4128 paradisus
2805 4042 3156 4120 terrestris3
3192 4047 3255 4106 et
3290 4060 3460 4126 prae-

1920 4156 2091 4218 fixus
2117 4157 2212 4217 est
2228 4153 2287 4217 ei
2313 4154 2630 4217 terminus
2651 4152 3000 4217 diuturnus
3024 4154 3284 4234 propter
3308 4151 3456 4215 offl-

1921 4262 2095 4326 cium
2122 4259 2492 4344 procreandi
2526 4260 2770 4343 prolem
2803 4264 2904 4324 :et
2922 4262 3276 4342 propterea,
3309 4275 3459 4320 cum

1923 4367 2205 4451 peccavit
2218 4367 2510 4449 angelus,
2530 4368 2742 4430 statim
2763 4366 2946 4431 desiit
2958 4365 3033 4447 (b)
3051 4369 3304 4446 tempus
3324 4382 3462 4428 me-

1922 4476 2025 4539 riti
2042 4480 2357 4539 statutum
2373 4497 2391 4554 3
2409 4475 2605 4539 homo
2625 4493 2780 4540 vero
2799 4491 2963 4538 non:
2985 4477 3045 4536 et
3063 4471 3205 4536 ideo
3224 4472 3340 4536 iste
3358 4489 3465 4553 po-

1922 4585 2047 4649 tuit
2076 4584 2432 4663 rectificari,
2452 4583 2559 4647 ille
2579 4601 2734 4650 vero
2761 4600 2914 4645 non.
2947 4580 3025 4644 Et
3037 4579 3159 4643 hoc
3177 4579 3464 4661 estquod

1924 4691 2075 4756 dicit
2127 4689 2535 4772 Augustinus
2590 4690 2636 4767 ⁸,
2684 4688 2764 4755 de
2807 4685 3216 4753 mirabilibus
3265 4701 3467 4750 sacroe

1926 4799 2283 4879 Scripturoe
2311 4819 2333 4859 :
2370 4823 2395 4855 α
2438 4797 2729 4878 Angelus
2766 4797 2844 4860 de
2876 4791 3332 4857 sublimissimo
3362 4791 3466 4854 sui

1923 4906 2169 4970 ordinis
2189 4908 2358 4968 statu
2389 4905 2639 4983 cecidit3
2672 4903 2813 4967 ideo
2842 4918 3182 4981 resurgere
3201 4918 3330 4964 non
3355 4916 3463 4980 po-

1924 5016 2068 5077 tuit.
2091 5036 2120 5072 »
2150 5012 2328 5077 Patet
2356 5012 2558 5094 igitur
2573 5009 2744 5093 quod
2772 5008 3069 5074 voluntas
3096 5004 3310 5087 angeli
3333 5022 3464 5068 non

1925 5180 2144 5231 cumque
2181 5165 2265 5216 ille
2300 5165 2385 5227 sit,
2410 5164 2502 5215 lib.
2524 5163 2584 5214 de
2620 5160 2806 5212 Min-ab.
2834 5158 2888 5209 S.
2914 5159 3125 5223 Script„
3153 5152 3288 5208 inter
3308 5168 3468 5220 opera

1925 5241 1978 5292 S.
2000 5240 2237 5302 August„
2267 5236 2501 5301 Append.
2530 5240 2569 5286 t.
2593 5236 2679 5285 111.

1992 5346 2057 5409 (α)
2087 5344 2171 5395 ΑΙ.
2199 5343 2334 5394 deest
2361 5339 2688 5407 in.—(b).11.
2718 5337 2907 5390 exit.—
2933 5336 2995 5403 (0)
3021 5334 3108 5388 Αἰ.
3127 5332 3319 5386 statuti.
