4125 6225
631 381 711 442 ιι
1354 404 1359 410 ·
1762 363 2391 438 snmmlanuu
2435 365 2585 434 Lm.
2634 362 2686 433 ι.
2737 463 2746 472 .

628 532 765 580 esse
805 514 1152 590 rationem3
1202 512 1522 592 quantum
1558 523 1720 575 vero
1758 507 1841 572 ad
1878 507 2172 572 ordinem

628 623 935 705 temporis
951 669 971 702 ‚
1014 619 1233 684 varias
1258 617 1606 683 hominum
1644 616 1929 683 rationes
1956 615 2031 680 in
2064 615 2176 680 illa
2287 671 2292 682 .

631 728 991 793 sinceritate
1013 727 1257 794 vivere.
1285 747 1318 786 n

711 839 742 897 1
756 882 771 898 .
800 833 898 898 Ex
917 833 1040 899 hoc
1065 837 1242 918 patet
1261 831 1493 899 solutio
1516 832 1693 897 illius
1717 832 1899 898 verbi
1918 831 2177 914 Augus-

628 941 750 1005 tini
799 961 817 1005 z
858 942 1011 1024 quia
1052 941 1461 1024 Augush'nus
1487 939 1640 1005 dicit
1673 939 1847 1023 quod
1877 937 2178 1022 quamvis

626 1049 1040 1130 universalis,
1071 1054 1148 1114 ut
1171 1048 1540 1115 universale
1566 1050 1692 1129 est,
1723 1065 1860 1112 uua
1885 1047 1969 1111 sit
1994 1047 2173 1128 idea;

628 1158 845 1221 tamen
865 1156 1328 1240 singularium,
1346 1159 1421 1221 ut
1442 1155 1800 1239 singularia
1815 1204 1833 1235 ‚
1863 1159 2017 1220 sunt
2036 1154 2179 1239 plu-

577 1323 581 1327 .
626 1282 753 1329 res.
770 1261 949 1330 Unde
982 1264 1222 1330 ibidem
1248 1264 1423 1341 dicit,
1443 1263 1615 1347 quod
1643 1263 1697 1327 si
1725 1263 1872 1347 quis
1893 1262 2052 1328 velit
2077 1261 2178 1326 fa-

629 1389 772 1436 cere
800 1372 1121 1454 angulum
1138 1419 1159 1452 ‚
1188 1373 1423 1436 sufficit
1449 1371 1685 1436 habere
1712 1370 1943 1453 anguli
1981 1369 2178 1435 ratio-

520 1505 527 1514 ’
612 1496 827 1570 ¹nem3
859 1479 1083 1563 siquis
1121 1483 1343 1544 autem
1368 1480 1527 1546 velit
1559 1480 1829 1563 pingere
1855 1477 2181 1562 quadran-

629 1586 862 1669 gulum
879 1635 898 1666 ,
944 1604 1200 1651 necesse
1239 1590 1335 1651 est
1381 1585 1554 1670 quod
1600 1588 1914 1652 rationem
1947 1586 2184 1652 habeat

631 1696 908 1775 quatuor
933 1694 1352 1776 angulorum.

715 1805 782 1865 Ξ.
810 1801 909 1865 Ad
936 1801 1097 1866 illud
1129 1818 1288 1884 ergo
1312 1803 1485 1885 quod
1505 1801 1805 1885 objicitur
1823 1801 1998 1885 quod
2022 1800 2183 1866 arti-

630 1907 737 1972 fex
764 1910 1013 1972 creatus
1030 1909 1331 1991 producit
1356 1909 1560 1974 multa
1581 1927 1697 1993 per
1721 1927 1922 1974 unam
1942 1909 2177 1989 ideam,

632 2014 977 2080 dicendum
1013 2016 1188 2098 quod
1209 2014 1334 2081 hoc
1370 2015 1519 2080 facit
1543 2033 1658 2099 per
1693 2016 2182 2099 applicationem

634 2121 837 2206 ipsius
877 2122 960 2187 ad
994 2122 1283 2188 diversas
1321 2124 1665 2188 materias:
1695 2124 1870 2188 unde
1905 2124 1957 2188 si
1987 2124 2186 2189 habet

634 2228 843 2293 solum
877 2228 1089 2293 ideam
1129 2247 1332 2294 unam
1351 2276 1370 2310 ‚
1399 2230 1788 2314 impossihile
1815 2234 1911 2296 est
1946 2229 2186 2295 intelli-

636 2354 791 2418 gere
813 2336 988 2418 quod
1022 2338 1380 2403 secundum
1418 2337 1593 2402 illam
1621 2336 1893 2421 simplici
1923 2341 2185 2422 aspectu

637 2446 982 2525 cognoscat
1011 2442 1285 2510 diversa.
1336 2445 1501 2511 Deus
1527 2449 1747 2510 autem
1774 2445 2049 2529 simplici
2076 2463 2186 2511 as—

636 2554 826 2634 pectu
866 2552 1196 2633 cognoscit
1234 2552 1594 2633 singularia
1637 2556 1717 2618 ut
1758 2552 2050 2635 diversa,
2095 2553 2187 2619 ita

637 2657 811 2741 qnod
829 2657 1185 2722 secundum
1199 2662 1408 2724 totum
1435 2663 1499 2724 et
1521 2660 1874 2726 secundum
1895 2660 2189 2744 proprias

638 2764 1035 2830 differentias
1057 2769 1122 2830 et
1145 2766 1605 2850 proprietates,
1632 2766 1777 2833 ideo
1799 2785 1934 2833 non
1959 2770 2058 2833 est.
2092 2767 2189 2833 ei-

639 2872 818 2937 mile.

721 2985 759 3045 3
786 2985 850 3047 et
871 2988 934 3047 4.
963 2983 1063 3048 Ad
1088 2982 1248 3047 illud
1285 2982 1458 3065 quod
1483 2902 1782 3066 objicitur
1806 2984 1885 3050 de
1922 3000 2187 3066 compo-

641 3088 870 3157 sitione
895 3095 960 3157 et
982 3092 1308 3176 prioritate
1324 3141 1342 3170 ‚
1363 3091 1712 3158 dicendum
1739 3093 1911 3178 quod
1938 3111 2057 3159 nec
2083 3111 2191 3159 se-

644 3197 932 3261 cundum
948 3215 1109 3277 rem,
1137 3216 1257 3261 nec
1283 3197 1635 3263 secuudum
1661 3199 1974 3263 rationem
1998 3217 2190 3281 opor-

645 3305 775 3380 tet,
813 3303 983 3386 quod
1025 3301 1167 3369 idea
1203 3302 1438 3369 haheat
1479 3300 1670 3369 ideati
1708 3306 1928 3388 propri
1938 3309 2188 3370 etates.

646 3428 798 3474 nam
827 3409 919 3474 rei
942 3410 1285 3493 corporalis
1309 3415 1404 3475 est
1428 3410 1774 3476 similitudo
1801 3413 2192 3495 spiritualiS,

646 3523 710 3583 et
734 3517 1066 3600 compositi
1099 3521 1195 3583 est
1234 3518 1590 3584 similitudo
1633 3519 1909 3602 simplex
1931 3566 1950 3600 ‚
2001 3521 2197 3587 etiam

647 3626 717 3690 in
736 3625 1042 3690 creaturis
1070 3646 1087 3689 ι
1118 3625 1264 3690 idco
1278 3644 1410 3689 non
1439 3628 1689 3708 oportet
1703 3627 1873 3708 quod
1896 3645 2032 3692 una
2052 3627 2196 3693 idea

646 3733 727 3799 sit
756 3731 1106 3816 simplicior
1141 3732 1247 3798 vel
1295 3733 1495 3815 prior.
1534 3731 1897 3798 Similitudo
1937 3738 2153 3799 tamen
2172 3782 2190 3813 ‚

650 3840 1010 3905 secundum
1030 3840 1347 3905 rationem
1372 3839 1773 3922 intelligendi
1792 3888 1813 3921 ‚
1833 3840 2025 3907 habet
2047 3859 2195 3926 pro-

646 3949 983 4032 prietatem
1025 3948 1219 4014 ideati
1264 3948 1619 4013 secundum
1658 3948 2129 4013 distinctionem
2172 3970 2190 4015 ι

645 4061 792 4120 tum
844 4059 1105 4139 propter
1156 4055 1640 4121 correlationem
1669 4104 1689 4136 ,
1742 4056 1896 4139 quia
1942 4059 2196 4140 oportet

645 4163 819 4247 quod
833 4212 851 4244 ,
880 4182 1012 4229 uno
1036 4162 1459 4230 relativorum
1477 4161 1899 4246 multiplicato
1915 4213 1935 4245 ,
1966 4164 2191 4229 multi-

644 4272 914 4356 plicetur
946 4277 1011 4338 et
1034 4272 1389 4355 reliquum,
1437 4271 1659 4336 saltem
1686 4272 2041 4337 seeundum
2078 4291 2187 4337 ra-

644 4380 909 4459 tionem,
937 4379 1050 4445 ubi
1077 4383 1174 4444 est
1200 4379 1419 4445 relatio
1446 4378 1802 4443 secundum
1827 4379 2140 4444 rationem
2161 4402 2181 4459 ;

645 4494 790 4558 tum
815 4492 1010 4556 etiam
1044 4490 1199 4574 quia
1219 4490 1570 4555 similitudo
1606 4489 1717 4554 illa
1739 4493 1836 4554 est
1859 4491 2022 4555 ratio
2062 4509 2185 4556 ex-

646 4594 965 4678 primendi
994 4596 1058 4658 et
1084 4591 1515 4675 distinguendi
1545 4610 1562 4655 ι
1608 4595 1673 4656 et
1716 4592 1859 4657 ideo
1894 4593 2194 4675 quamvis

645 4702 992 4785 recipiatur
1014 4699 1367 4784 proprietas
1389 4698 1830 4780 distinctionis,
1851 4716 1986 4765 non
2006 4718 2194 4785 opor-

643 4813 738 4876 tet
759 4814 977 4874 tamen
1001 4807 1081 4873 de
1107 4806 1265 4871 aliis.

717 4970 836 5037 *Cfi
866 4968 1123 5035 Richard„
1158 4970 1178 5021 1
1223 4968 1382 5021 Seni..
1427 4968 1547 5021 dist.
1574 4981 1770 5035 xxxvl,
1809 4974 1906 5023 art.
1934 4975 1998 5038 2,
2038 4987 2090 5039 q.
2119 4985 2187 5039 νς

648 5042 826 5108 Steph.
858 5043 1068 5106 Bruler„
1099 5043 1119 5093 1
1148 5042 1309 5102 sent„
1337 5040 1452 5093 dist.
1476 5051 1646 5107 xxxv,
1676 5054 1727 5106 q.
1752 5052 1802 5093 v.
1820 5067 1886 5081 -—·
1909 5043 2103 5109 ’Aug.,
2131 5044 2194 5095 de

650 5114 803 5165 Civit.
831 5116 958 5180 Dei,
978 5116 1069 5167 lib.
1092 5115 1191 5179 XI,
1219 5128 1267 5165 c.
1285 5126 1342 5178 x,
1368 5128 1426 5163 n.
1445 5116 1495 5165 3.
1515 5113 1614 5150 —⁸
1631 5114 1867 5178 August„
1892 5113 1952 5166 dc
1983 5115 2187 5180 Triuia,

647 5185 738 5237 lib.
758 5186 863 5253 vl,
887 5200 1022 5253 c.x,
1051 5198 1109 5239 n.
1131 5185 1496 5251 11.—⁸Aug.,
1522 5184 1914 5252 deciviam,
1946 5186 2187 5255 lih.xu‚

649 5270 697 5309 c.
718 5267 867 5310 xvm.

2823 609 3184 692 QUAESTIO
3216 609 3293 677 V.

2284 770 2382 830 An
2403 770 2541 829 Ideae
2565 771 2629 827 in
2648 771 2755 828 Deo
2793 771 2908 827 sint
2933 770 3137 840 finitor,
3161 767 3249 825 vel
3280 768 3514 838 infinita}
3539 780 3750 824 munero
3778 766 3819 821 ¹.

2365 935 2595 1001 Utrum
2636 935 2711 1001 in
2755 933 2882 1000 Deo
2930 933 3012 998 sit
3061 948 3301 1016 ponere
3348 931 3821 997 multitudinem
3853 933 4083 1013 &und-m·

2285 1047 2579 1114 idearum
2605 1048 2966 1114 secundum
3004 1061 3357 1110 numerum
3397 1043 3654 1108 finitum
3671 1091 3689 1123 ,
3717 1042 3821 1107 vel

2285 1156 2614 1221 infinitum
2636 1178 2654 1235 3
2682 1159 2746 1221 et
2768 1155 2942 1239 quod
2969 1153 3324 1219 secundum
3352 1169 3698 1218 numerum
3728 1150 3822 1215 in-

2286 1263 2574 1344 finitum,
2617 1264 2892 1330 videtur.
2936 1261 3344 1346 Augustinus
3364 1309 3384 1341 ,
3417 1257 3499 1324 Xl
3535 1258 3613 1325 de
3655 1258 3823 1325 Civi-

2288 1381 2423 1444 tate
2463 1376 2582 1443 Dei
2616 1378 2639 1412 ²
2665 1396 2691 1438 .-
2727 1399 2760 1438 α
2791 1374 2926 1441 Una
2949 1377 3044 1439 est
3081 1372 3425 1457 sapientia,
3460 1370 3529 1436 in
3550 1389 3678 1453 qua
3716 1369 3825 1435 in·-

2234 1542 2238 1546 .
2288 1481 2456 1547 finiti
2482 1484 2634 1546 sunt
2652 1480 2940 1546 thesauri
2964 1477 3261 1546 omnium
3285 1495 3509 1544 rerum
3531 1474 3830 1557 intelligi·

2289 1588 2542 1654 hilium.
2577 1609 2611 1649 n

2373 1694 2532 1761 Item
2578 1693 3018 1776 Augustinus,
3062 1691 3145 1759 VI
3200 1691 3281 1759 de
3328 1690 3650 1759 Trinitate
3663 1737 3682 1771 ‚
3725 1688 3829 1754 di-

2292 1804 2380 1870 cit
2390 1806 2436 1883 ⁸,
2460 1804 2633 1888 quod
2664 1827 2696 1865 α
2720 1802 2921 1868 Filius
2950 1804 3046 1867 est
3066 1818 3172 1865 ars
3191 1801 3380 1884 plena
3405 1799 3699 1865 omnium
3721 1815 3834 1863 re·

2290 1912 2542 1977 tionum
2570 1910 2931 1978 viventium
2970 1929 2988 1975 ε
3031 1929 3066 1969 ι
3108 1907 3217 1973 sed
3255 1911 3499 1972 constat
3530 1906 3702 1990 quod
3727 1921 3833 1969 ars

2290 2019 2400 2083 illa
2429 2023 2523 2084 est
2549 2018 2802 2083 infinita
2832 2039 2850 2083 ι
2875 2034 3034 2099 ergo
3056 2033 3190 2080 non
3217 2016 3520 2099 impletur
3541 2013 3665 2078 nisi
3687 2012 3835 2077 infl-

2291 2126 2442 2192 nitis
2472 2147 2489 2190 ι
2525 2144 2684 2209 ergo
2709 2127 2860 2190 sunt
2883 2124 2973 2188 ihi
3001 2122 3269 2188 infinitas
3294 2121 3592 2187 rationes·

2375 2232 2535 2298 Item
2575 2233 2822 2298 ratione
2856 2231 3131 2310 videtur,
3178 2229 3333 2312 quia
3378 2231 3626 2294 constat
3658 2226 3834 2311 quod

2293 2339 2462 2406 Deus
2480 2339 2809 2423 cognoscit
2831 2356 3056 2404 omnes
3072 2336 3313 2419 species
3337 2335 3593 2401 numeri
3622 2354 3640 2401 z
3669 2352 3833 2417 ergo

2294 2463 2519 2514 omnes
2543 2447 2783 2512 habent
2807 2445 3020 2511 ideas
3001 2463 3073 2510 ιιι
3097 2444 3273 2509 Deo:
3307 2443 3419 2509 sed
3441 2442 3680 2528 species
3703 2460 3837 2509 nu·-

2295 2555 2458 2621 meri
2483 2558 2636 2620 sunt
2661 2552 2979 2618 infinitae.
3009 2567 3209 2633 ergo,
3239 2554 3359 2616 etc.

2377 2662 2446 2728 Si
2468 2661 2639 2727 dicas
2663 2659 2837 2744 quod
2861 2662 3014 2724 sunt
3038 2655 3311 2722 infinitae
3348 2655 3588 2740 species
3619 2657 3835 2741 quoad

2295 2785 2449 2850 nos,
2477 2787 2610 2833 non
2635 2765 2992 2832 secundum
3029 2782 3206 2845 rem;
3237 2766 3514 2829 contra.
3557 2768 3840 2846 ponatur

2297 2875 2471 2962 quod
2496 2892 2718 2941 omnes
2755 2874 2994 2959 species
3016 2872 3277 2938 numeri
3302 2872 3429 2936 sint
3463 2872 3534 2936 in
3560 2889 3631 2936 re
3661 2892 3678 2936 ε
3708 2870 3836 2935 hoe

2297 2984 2505 3069 posito
2524 3031 2543 3063 ‚
2573 2983 2654 3048 de
2684 2981 3052 3047 necessitate
3077 2978 3366 3063 sequitur
3389 2978 3561 3061 quod
3585 2978 3841 3044 infinita

2298 3091 2668 3175 simpliciter
2693 3093 2842 3156 actu
2865 3089 2992 3154 sint
3022 3111 3037 3155 z
3068 3105 3227 3170 ergo
3270 3087 3325 3152 si
3368 3085 3663 3152 omnium
3688 3105 3841 3171 spe-

2299 3201 2546 3265 cierum
2571 3199 2832 3264 numeri
2851 3198 3034 3264 sunt
3016 3216 3087 3261 ιιι
3109 3196 3236 3263 Deo
3255 3196 3453 3278 idcae,
3480 3199 3544 3262 et
3562 3199 3714 3262 sunt
3733 3196 3845 3261 in·-

2299 3306 2499 3371 flnitae
2524 3310 2703 3385 actu,
2731 3309 2938 3390 patet,
2970 3310 3091 3389 etc.

2383 3414 2582 3495 Item,
2609 3413 2777 3480 Deus
2801 3417 3007 3496 potest
3028 3412 3278 3478 infinita
3304 3356 3700 3497 producere:
3727 3411 3843 3478 sed

2301 3518 2464 3585 nihil
2484 3523 2688 3603 potest
2711 3520 3081 3604 producere,
3110 3522 3299 3602 cujus
3321 3537 3455 3584 non
3480 3518 3709 3583 habeat
3730 3536 3844 3583 co·-

2302 3626 2661 3709 gnitionem
2688 3631 2751 3692 et
2773 3628 3017 3693 ideam:
3034 3646 3192 3710 ergo
3210 3627 3402 3692 habet
3424 3627 3596 3692 ideas
3620 3626 3845 3691 influi-

2301 3738 2520 3798 torum
2550 3753 2569 3799 ε
2599 3734 2711 3800 sed
2736 3735 3023 3818 plurium
3043 3738 3196 3800 sunt
3219 3734 3380 3800 ideae
3404 3733 3620 3818 plures
3640 3751 3659 3798 τ
3679 3750 3843 3816 ergo

2301 3839 2702 3907 infinitorum
2723 3847 2872 3908 sunt
2889 3842 3186 3907 infinitae.

2386 3948 2546 4015 Item
2560 3999 2579 4031 ,
2616 3951 2917 4016 omnihus
2954 3951 3151 4015 finitis
3187 3951 3452 4035 possunt
3489 3946 3843 4031 excogitari

2303 4057 2511 4140 plura,
2538 4058 2693 4141 quia
2714 4057 2892 4123 omni
2917 4058 3099 4123 finito
3123 4060 3328 4141 potest
3347 4056 3698 4140 excogitari
3720 4055 3844 4121 ali-

2304 4165 2461 4248 quid
2486 4168 2696 4248 majus
2724 4189 2740 4232 t
2772 4166 2881 4230 sed
2907 4184 3027 4230 nec
3055 4164 3249 4246 Deus,
3278 4183 3398 4230 nec
3420 4164 3615 4230 homo
3644 4164 3845 4228 habet

2301 4270 2489 4355 plura
2514 4270 2793 4353 cogitare
2818 4271 2919 4336 his
2947 4289 3096 4355 quae
3123 4269 3290 4336 Deus
3312 4271 3657 4353 cognoscit,
3686 4270 3845 4355 quia

2299 4383 2459 4444 tunc
2475 4377 2587 4444 Dei
2607 4378 2870 4444 scientia
2884 4396 3018 4443 non
3038 4382 3199 4443 esset
3213 4396 3469 4444 summa
3484 4394 3504 4444 t
3530 4383 3594 4444 et
3612 4379 3668 4444 si
3686 4378 3838 4460 hoc,

2303 4505 2453 4552 cum
2479 4490 2819 4569 cognoscat
2844 4506 2960 4571 per
2979 4486 3187 4564 ideas,
3214 4490 3423 4569 patet,
3449 4489 3569 4552 etc.

2383 4592 2661 4660 Contra.
2695 4601 2753 4658 1.
2782 4613 2898 4678 per
2940 4594 3418 4676 Augustinum‚
3450 4593 3530 4661 de
3561 4594 3842 4662 civitate
3870 4606 3992 4655 Λιιο
3968 4614 4062 4662 opp.

2303 4703 2426 4769 Dei
2442 4707 2518 4768 ⁸:
2557 4724 2592 4764 α
2631 4700 2952 4785 Quidquid
2990 4702 3210 4779 scitur,
3251 4700 3507 4765 scientis
3545 4716 3840 4784 compre-

2301 4809 2480 4875 sione
2518 4809 2802 4874 finitur·
2839 4829 2872 4870 n
2916 4808 3028 4874 sed
3067 4810 3309 4872 constat
3349 4807 3522 4891 quod
3559 4807 3842 4872 rationes

2303 4915 2726 4999 cognoscendi
2759 4915 3088 4980 sciuntur:
3140 4932 3298 4996 ergo
3333 4914 3696 4980 finiuntur:
3726 4914 3837 4980 sed

2305 5038 2734 5109 quaecumque
2764 5022 3115 5102 finiuntur,
3143 5023 3295 5087 sunt
3318 5019 3571 5087 infinita
3600 5043 3618 5088 ε
3648 5039 3835 5104 ergo,

2304 5136 2425 5197 etc.

2380 5243 2445 5305 2.
2468 5237 2649 5318 Item,
2678 5237 3023 5303 multitudo
3040 5237 3332 5303 idearum
3358 5238 3455 5302 est
3478 5237 3836 5304 secundum

2302 5345 2779 5413 multitudinem
2795 5345 3151 5411 idcatorum
3175 5364 3192 5409 ι
3217 5343 3328 5409 sed
3351 5346 3596 5412 constat
3613 5344 3834 5413 omnia
