4125 6225
840 456 956 516 148

834 592 1119 652 extrema
1142 587 1212 650 in
1237 586 1560 650 infinitum
1584 586 1898 662 distantia,
1929 590 2025 651 est
2064 587 2314 650 infinita
2350 607 2365 648 :

833 693 939 757 sed
967 694 1245 776 potentia
1279 692 1495 757 divina
1534 697 1630 757 est
1664 693 2075 776 hujusmodi,
2106 692 2259 775 quia
2301 691 2377 757 de

833 801 1036 865 nihilo
1072 800 1311 883 aliquid
1337 801 1513 877 facit,
1542 805 1605 864 et
1637 801 1803 865 inter
1842 800 2083 884 aliquid
2121 805 2185 866 θῖ
2218 799 2376 864 nihil

833 911 931 972 est
955 906 1207 972 infinita
1236 907 1529 972 distantia
1561 930 1576 971 ι
1607 926 1787 989 ergo,
1818 911 1937 971 etc.

914 1014 1095 1095 Item,
1134 1016 1344 1080 omnis
1369 1015 1648 1098 potentia
1674 1033 1822 1098 quae
1849 1015 2113 1080 omnino
2135 1013 2380 1079 indiffe-

831 1141 981 1188 rens
1016 1128 1110 1188 θεῖ
1134 1124 1215 1187 ab
1240 1123 1531 1207 essentia,
1563 1126 1658 1187 est
1693 1123 1946 1187 infinita
1977 1144 1992 1186 :
2023 1122 2131 1186 sed
2158 1122 2379 1186 divina

834 1230 1114 1312 potentia
1140 1234 1235 1294 est
1256 1228 1629 1312 hujusmodi
1661 1251 1675 1292 t
1709 1247 1898 1311 ergo,
1929 1233 2048 1293 etc.
2083 1227 2378 1295 Probatio

742 1423 766 1437 ·
835 1337 1064 1420 primae
1122 1359 1137 1401 :
1194 1335 1739 1419 Quandocumque
1787 1336 2001 1419 aliqua
2052 1337 2182 1400 duo
2229 1339 2380 1400 sunt

834 1447 1098 1511 omnino
1134 1445 1499 1510 indistantia
1520 1493 1539 1524 ,
1585 1444 1973 1528 ubicumque
2007 1448 2102 1508 est
2128 1462 2336 1508 unum
2355 1491 2374 1522 ,

832 1554 922 1618 ibi
945 1558 1008 1617 et
1027 1553 1350 1635 reliquum
1378 1575 1393 1615 ε
1427 1569 1584 1633 ergo
1611 1551 1664 1613 si
1692 1552 1970 1633 potentia
1994 1555 2090 1615 θεῖ
2112 1552 2377 1616 omnino

832 1660 1203 1724 indifferens
1238 1660 1319 1723 ab
1364 1658 1665 1737 essentia,
1708 1658 2106 1741 ubicumque
2144 1663 2239 1722 est
2263 1677 2378 1742 po—

833 1767 1034 1831 tentia
1054 1814 1076 1845 ,
1111 1770 1174 1830 et
1201 1766 1468 1830 essentia
1500 1788 1514 1829 :
1549 1765 1657 1829 sed
1683 1765 1799 1828 ubi
1827 1769 1920 1828 est
1946 1766 2217 1830 essentia
2239 1814 2255 1844 ‚
2288 1767 2378 1831 ibi

834 1877 930 1938 est
959 1877 1251 1938 centrum
1278 1872 1576 1955 potentiae
1614 1890 1632 1934 ε
1669 1890 1824 1953 ergo
1850 1872 2242 1956 ubicumque
2269 1892 2377 1956 po·

833 1983 953 2044 test
997 1981 1276 2064 potentia
1320 1980 1463 2044 talis
1485 2029 1502 2058 ‚
1554 1983 1756 2062 potest
1799 1979 1868 2043 in
1912 1984 2128 2045 centro
2169 2004 2184 2045 :
2221 2000 2377 2063 ergo

771 2072 784 2080 ⁶
834 2106 983 2152 cum
1012 2088 1191 2152 nulla
1230 2087 1513 2170 potentia
1551 2086 1857 2150 limitetur
1887 2087 1958 2150 in
1984 2092 2200 2152 centro
2223 2107 2374 2166 suo,

829 2196 943 2260 sed
968 2196 1246 2279 amplius
1273 2195 1493 2277 possit,
1523 2197 1636 2258 aut
1662 2193 1883 2258 divina
1910 2196 2192 2277 potentia
2218 2195 2379 2259 nihil

831 2306 1073 2383 potest,
1106 2305 1217 2365 aut
1253 2305 1460 2384 potest
1498 2305 1816 2383 quantum
1855 2302 1999 2367 vult
2015 2325 2045 2366 ς
2079 2308 2143 2366 θῖ
2180 2302 2271 2367 sic
2310 2303 2380 2367 in

830 2408 1156 2473 infinitum
1188 2427 1207 2471 :
1235 2426 1414 2489 ergo,
1437 2412 1755 2491 quantum
1775 2412 1869 2497 est
1887 2408 1964 2473 de
1981 2426 2073 2489 se,
2103 2409 2383 2491 potentia

835 2515 946 2579 illa
972 2520 1176 2598 potest
1197 2516 1268 2579 in
1291 2514 1618 2579 infinitum
1641 2515 1890 2597 operari
1917 2534 1934 2577 :
1964 2515 2073 2579 sed
2095 2516 2378 2598 potentIa

833 2624 942 2688 illa
967 2626 1230 2691 omnino
1259 2629 1355 2690 est
1380 2624 1749 2689 indifferens
1774 2629 1837 2689 et
1862 2623 2136 2707 simplex
2174 2646 2191 2689 :
2223 2642 2380 2706 ergo

832 2733 1003 2797 idem
1028 2738 1122 2798 est
1146 2734 1236 2797 ihi
1260 2734 1487 2814 latum,
1511 2737 1576 2798 et
1601 2733 1964 2799 intensum:
1994 2752 2152 2817 ergo
2178 2734 2233 2797 si
2258 2752 2380 2797 ex-

831 2840 1074 2905 tensive
1098 2844 1193 2903 est
1215 2840 1465 2905 infinita
1485 2888 1505 2919 ,
1537 2845 1602 2904 et
1640 2840 1953 2906 intensive
1985 2862 2002 2904 :
2041 2857 2200 2923 ergo
2237 2858 2381 2904 om-

831 2947 989 3012 nino
1009 2951 1105 3011 θεῖ
1124 2947 1400 3011 infinita.
1432 2946 1511 3011 Et
1535 2948 1658 3011 hoc
1683 2948 1971 3030 estquod
1993 2947 2148 3013 dicit
2172 2945 2381 3013 Philo-

831 3054 1072 3138 sophus
1115 3055 1184 3119 in
1226 3055 1389 3121 libro
1432 3054 1513 3121 dc
1557 3055 1784 3123 causis
1832 3062 1852 3097 ¹
1869 3104 1890 3138 ,
1932 3056 2105 3139 quod
2140 3055 2375 3139 virtuS,

833 3168 1071 3245 quanto
1098 3164 1307 3247 magis
1341 3163 1562 3245 unita,
1603 3166 1782 3230 tanto
1825 3163 2037 3246 magis
2061 3164 2312 3229 infinita
2357 3184 2377 3229 :

832 3288 983 3335 cum
1009 3289 1167 3355 ergo
1207 3272 1425 3337 divina
1465 3271 1747 3355 potentia
1786 3271 1867 3336 sit
1908 3272 2339 3337 infinitissima
2355 3320 2375 3354 ,

832 3379 986 3461 quia
1009 3383 1105 3443 est
1121 3380 1386 3444 omnino
1413 3379 1584 3443 idem
1610 3396 1761 3443 cum
1790 3397 1909 3443 sua
1931 3379 2206 3462 origine,
2237 3381 2382 3445 ubi-

833 3504 960 3569 que
1003 3490 1209 3569 potest
1243 3491 1557 3569 tanquam
1594 3487 1665 3551 in
1700 3505 1821 3551 sua
1859 3487 2113 3568 origine
2157 3503 2177 3552 :
2220 3506 2379 3571 ergo

834 3611 1171 3678 nunquam
1194 3595 1441 3662 invenit
1471 3613 1604 3659 non
1627 3611 1832 3678 posse.

725 3755 752 3786 ο
784 3765 807 3777 ,
917 3701 1180 3768 Contra:
1211 3704 1271 3767 1.
1316 3701 1516 3768 Omne
1547 3702 1702 3767 illud
1727 3706 1823 3767 θεῖ
1847 3701 2127 3780 finitum,
2154 3702 2225 3768 in
2251 3721 2380 3786 quo

836 3815 931 3876 θεῖ
942 3813 1219 3896 reperire
1234 3816 1472 3878 statum
1493 3835 1508 3877 :
1532 3812 1641 3877 sed
1657 3812 1726 3876 in
1749 3811 1967 3877 divina
1983 3814 2265 3896 potentia
2287 3817 2383 3878 est

835 3920 1114 4003 reperire
1153 3925 1388 3986 statum
1404 3969 1424 4000 ,
1459 3921 1616 4004 quia
1650 3923 1745 3985 θεῖ
1777 3920 2106 4002 assignare
2141 3921 2383 4004 aliquid

834 4028 1007 4110 quod
1037 4018 1402 4112 non‘potest
1438 4029 1623 4112 (sicut
1653 4046 1848 4111 supra
1872 4032 2198 4092 ostensum
2237 4028 2379 4113 est),

839 4139 915 4199 ut
936 4138 1117 4201 actus
1129 4133 1512 4219 corporales»,
1540 4140 1605 4202 θῖ
1630 4139 1809 4201 actus
1826 4135 2175 4201 deformes:
2198 4154 2379 4220 ergo,

838 4247 960 4309 etc.

919 4355 981 4416 2.
1007 4349 1189 4432 Item,
1217 4351 1392 4435 quod
1420 4352 1746 4417 exceditur
1767 4350 1848 4416 ab
1866 4350 2105 4434 aliquo,
2132 4357 2228 4416 est
2245 4352 2387 4416 fini-

838 4459 1001 4535 tum,
1029 4457 1183 4541 quia
1220 4445 1552 4522 infinitum
1585 4457 1765 4521 nullo
1792 4458 1984 4522 modo
2018 4457 2383 4522 exceditur:

838 4565 950 4629 sed
976 4565 1238 4630 scientia
1265 4565 1513 4630 excedit
1527 4564 1876 4647 potentiam
1894 4569 2186 4647 respectu
2205 4564 2385 4628 scibi-

835 4670 1000 4736 lium
1011 4695 1030 4751 ;
1071 4672 1357 4756 plurium
1385 4673 1560 4737 enim
1591 4676 1689 4737 est
1713 4673 1973 4738 scientia
1986 4719 2005 4751 ‚
2036 4691 2233 4755 quam
2262 4690 2384 4756 po-

834 4779 1070 4859 tentia:
1101 4780 1221 4845 scit
1240 4780 1417 4846 enim
1441 4780 1634 4863 mala,
1662 4785 1726 4845 et
1755 4799 1889 4845 non
1918 4785 2161 4863 potest:
2198 4797 2380 4862 ergO,

834 4891 953 4953 etc.

917 5001 977 5061 3.
1011 4995 1192 5079 Item,
1215 4996 1509 5064 videmus
1534 4995 1602 5061 in
1620 4995 1920 5080 potentiis
1939 4994 2189 5073 creatis,
2208 4995 2383 5078 quod

836 5104 1118 5169 infinitas
1134 5108 1229 5170 est
1249 5123 1288 5169 a
1304 5104 1592 5185 materia,
1614 5104 1724 5169 sed
1735 5103 1949 5167 finitas
1967 5108 2060 5168 θεῖ
2080 5123 2121 5167 a
2137 5103 2377 5167 forma:

839 5229 998 5297 ergo
1032 5231 1182 5279 cum
1223 5212 1506 5298 potentia
1548 5211 1660 5277 Dei
1698 5211 1780 5275 sit
1815 5211 2082 5277 omnino
2135 5211 2343 5276 forma
2356 5256 2378 5288 ,

906 5376 929 5412 ¹
945 5376 1138 5427 Auctor
1160 5375 1253 5427 lib.
1280 5375 1344 5425 de
1369 5376 1569 5437 Caum,
1593 5377 1847 5439 prop.18.
1865 5400 1920 5411 -
1937 5374 1962 5409 ²
1976 5372 2157 5438 Arist„
2178 5374 2378 5439 Physic.

840 5443 933 5499 lib.
955 5450 1054 5513 ιιι,
1083 5454 1223 5501 cont.
1241 5452 1323 5501 49.

1972 449 2600 516 SENTENTIARUM
2637 450 2786 515 LlB.
2832 451 2882 515 1.

2484 586 2619 649 sive
2640 585 2947 664 formalia,
2976 585 3136 648 nihil
3165 585 3427 650 omnino
3452 585 3684 649 habens
3702 591 3970 657 ,materia-

2483 692 2706 769 litatis,
2744 712 2902 775 ergo
2944 692 3312 776 simpliciter
3350 698 3446 759 cst
3480 693 3686 773 finita,
3727 699 3784 759 et
3819 699 3972 763 nullo

2486 800 2674 864 modo
2702 800 2973 864 infinita.

2565 912 2626 971 4.
2671 906 2851 986 item,
2883 907 3050 971 inter
3084 908 3562 973 contradictorie
3602 910 3866 991 opposita
3897 916 3977 975 θεῖ

2485 1014 2777 1078 distantia
2796 1015 3044 1079 infinita
3061 1022 3084 1056 ²
3103 1037 3118 1080 ε
3146 1015 3255 1080 sed
3274 1019 3578 1081 creaturae
3597 1016 3788 1080 virtus
3801 1037 3979 1082 unum

2484 1122 2728 1187 reducit
2753 1123 2833 1187 ad
2869 1123 3162 1203 alterum,
3199 1129 3273 1188 ut
3306 1142 3439 1188 non
3476 1130 3820 1188 currentem
3854 1124 3981 1189 facit

2484 1248 2762 1311 currere,
2793 1235 3092 1297 ettamen
3117 1236 3211 1297 est
3234 1233 3454 1296 finita:
3485 1249 3661 1313 ergO.

2564 1343 2625 1402 ὃ.
2645 1339 2825 1420 Item,
2846 1339 3032 1405 video
3051 1342 3222 1424 quod
3239 1343 3455 1407 anima
3470 1342 3659 1405 habet
3676 1342 3983 1425 potentiam

2484 1446 2747 1511 omnino
2780 1447 3244 1513 indifferentem
3280 1450 3360 1513 ab
3403 1448 3691 1527 essentia,
3718 1448 3868 1512 sicut
3888 1467 3985 1531 po-

2484 1553 2749 1617 tentiam
2788 1554 2867 1636 (a)
2913 1555 3279 1620 vivificandi
3310 1574 3568 1638 corpus3
3616 1555 3796 1618 habet
3821 1556 3987 1618 etiam

2484 1661 2831 1741 potentiam
2859 1661 2938 1726 ad
2970 1668 3185 1726 actum
3218 1662 3567 1741 infinitum,
3612 1663 3768 1726 sicut
3794 1663 3867 1725 ad
3886 1662 3990 1726 du-

2484 1768 2761 1832 randum
2813 1769 2946 1832 sive
2993 1769 3495 1857 permanendum
3540 1770 3611 1832 in
3657 1768 3987 1848 infinitum3

2484 1869 2677 1934 habet
2709 1871 3055 1954 potentiam
3097 1873 3514 1937 nihilominus
3548 1872 3632 1936 ad
3667 1875 3836 1935 actus
3859 1872 3988 1934 infi-

2484 1978 2674 2057 ιιίῖοε,
2704 1983 2767 2043 θῖ
2796 1985 3012 2044 tamen
3039 1980 3177 2063 ipsa
3206 1979 3484 2063 potentia
3510 1984 3605 2043 est
3626 1978 3803 2042 finita
3820 1978 3882 2041 in
3901 1996 3990 2041 se:

2484 2103 2643 2166 ergo
2663 2085 2917 2151 videtur
2938 2088 3075 2170 pari
3106 2088 3348 2152 ratione
3375 2088 3453 2152 de
3480 2086 3698 2151 divina
3721 2084 3993 2168 potentia,

2487 2212 2636 2257 cum
2670 2195 2886 2258 anima
2906 2195 2986 2258 sit
3006 2212 3302 2277 expressa
3331 2195 3546 2276 imago
3566 2193 3698 2257 Dei.
3728 2191 3893 2257 Unde
3912 2192 3996 2255 vi-

2487 2301 2718 2366 dentur
2743 2303 3017 2367 rationes
3042 2302 3359 2385 praedictae
3390 2302 3551 2367 nihil
3576 2301 3808 2370 valere.

3048 2542 3505 2611 CONCLUSIO.
3568 2531 3579 2545 ’

2515 2705 2766 2761 Potentia
2788 2703 2992 2762 divina
3020 2710 3097 2763 est
3121 2708 3351 2780 infinita
3377 2709 3439 2762 in
3468 2708 3700 2775 virtute,
3732 2708 3793 2761 in
3813 2708 3932 2762 actu
3959 2709 4004 2760 et

3105 2801 3168 2853 in
3194 2797 3407 2854 habitu.

2570 2946 2755 3031 Resp.
2771 2948 2853 3014 ad
2877 2949 3152 3032 Argum.
3177 2949 3525 3015 Dicendum
3546 2950 3722 3033 quod
3746 2948 4008 3013 divinam

2484 3054 2831 3136 potentiam
2866 3059 2960 3121 θεῖ
2995 3074 3233 3139 ponere
3269 3058 3532 3123 omnino
3567 3057 3641 3122 in
3674 3060 3818 3122 actu
3855 3058 3913 3119 et
3947 3053 4007 3116 in

2486 3161 2711 3227 habitu
2746 3164 3086 3246 infinitam,
3118 3167 3281 3230 sicut
3310 3166 3654 3248 probatum
3678 3169 3775 3229 est
3799 3180 3907 3246 per
3925 3161 4009 3225 ef-

2486 3267 2725 3333 fectum
2773 3289 2815 3334 a
2864 3273 3226 3353 posteriori,
3282 3273 3435 3355 quia
3488 3271 3683 3337 habet
3736 3269 4011 3334 effectum

2484 3374 2814 3441 infinitum
2831 3377 3186 3457 duratione,
3209 3383 3273 3443 et
3298 3379 3583 3443 infinitos
3612 3376 4009 3462 appositione,

2485 3483 2566 3547 ad
2596 3501 2758 3566 quos
2800 3491 3207 3569 comparatur
3244 3491 3318 3550 ut
3362 3491 3541 3551 actus
3575 3503 3818 3570 purus,
3865 3489 3925 3548 et
3952 3485 4016 3546 ut

2486 3595 2619 3656 tota
2664 3609 2856 3657 causa
2886 3597 2952 3658 et
2987 3593 3151 3658 ratio
3178 3592 3421 3658 hahens
3460 3594 3530 3657 in
3570 3613 3639 3659 se
3679 3595 3932 3678 plenam
3962 3594 4018 3655 θῖ

2488 3701 2827 3783 perfectam
2843 3701 3268 3766 actualitatem
3288 3704 3579 3785 respectu
3597 3701 4012 3765 infinitorum:

2490 3810 2555 3871 et
2592 3826 2845 3872 necesse
2872 3812 2987 3886 θεῖ,
3014 3827 3163 3873 cum
3192 3808 3424 3873 habeat
3449 3813 3659 3873 totum
3689 3808 3865 3892 quod
3901 3825 4023 3871 un-

2490 3933 2686 3998 quam
2715 3915 3016 3981 habitura
3032 3919 3149 3997 est,
3171 3921 3233 3980 et
3257 3934 3340 3980 ex
3362 3935 3429 3980 εθ
3451 3916 3682 3980 habeat
3704 3916 3871 3999 quod
3901 3915 4022 3997 ipsa

2490 4023 2747 4088 infinita
2790 4024 2893 4088 sit.
2940 4024 3085 4088 Alia
3135 4024 3381 4088 ratione
3422 4023 3779 4088 ostenditur
3827 4023 3943 4086 hoc
3989 4039 4025 4082 a

2493 4132 2711 4215 priori.
2738 4128 3001 4214 Propter
3030 4150 3353 4196 summam
3380 4132 3552 4195 enim
3584 4130 4025 4195 indivisionem

2491 4239 2750 4304 virtutis
2783 4257 2935 4303 cum
2970 4239 3273 4320 essentia,
3318 4244 3382 4305 et
3416 4244 3675 4323 propter
3712 4254 4027 4304 summam

2493 4346 2806 4412 unitatem
2834 4346 3033 4429 ipsius
3065 4346 3342 4426 virtutis,
3376 4347 3770 4429 ubicumque
3811 4348 4025 4428 potest,

2494 4457 2629 4517 tota
2661 4458 2893 4537 potest;
2928 4456 2992 4517 et
3021 4456 3273 4517 tantum
3300 4454 3370 4517 in
3396 4459 3761 4519 extremum
3789 4449 4024 4522 mundi,

2495 4567 2812 4646 quantum
2851 4562 2919 4626 in
2959 4561 3206 4640 medio;
3251 4565 3315 4626 et
3352 4566 3602 4627 tantum
3638 4563 3711 4626 in
3751 4577 4026 4635 summe,

2492 4674 2811 4753 quantum
2847 4670 2917 4733 in
2944 4669 3132 4750 latuS,
3164 4674 3229 4734 et
3248 4672 3423 4735 omni
3459 4671 3647 4735 modo
3681 4669 4026 4734 infinitatis,

2494 4771 2549 4838 N
2553 4793 2625 4838 ec
2663 4778 2757 4838 θεῖ
2788 4773 3132 4838 consimilis
3169 4774 3329 4838 ratio
3369 4774 3437 4837 in
3475 4774 3693 4857 aliqua
3724 4778 4026 4849 creatura,

2492 4900 2612 4946 nec
2646 4885 2963 4965 quantum
3004 4881 3085 4945 ad
3125 4880 3559 4946 causalitatem
3595 4882 3893 4960 effectus,
3923 4895 4029 4941 nec

2491 4993 2810 5071 quantum
2831 4988 2912 5052 ad
2939 4988 3271 5052 unitatem.
3293 4984 3347 5051 N
3350 5005 3436 5051 on
3456 4992 3779 5071 quantum
3800 4986 3881 5051 ad
3898 5003 4031 5048 cau·

2491 5100 2802 5165 salitatem
2820 5099 3101 5181 effectuS,
3123 5099 3275 5182 quia
3296 5100 3475 5163 nulla
3498 5099 3709 5164 virtus
3728 5101 4028 5162 creaturae

2490 5217 2780 5297 respectu
2809 5212 3159 5278 durationis
3189 5210 3460 5275 infinitae
3487 5214 3582 5275 est
3609 5228 3775 5293 pure
3810 5208 4025 5280 activa,

2489 5320 2625 5387 imo
2679 5339 2931 5386 necesse
2985 5323 3082 5384 est
3126 5336 3242 5404 per
3296 5317 3581 5385 divinam
3628 5301 4030 5380 influentiam

2554 5447 2625 5513 (a)
2655 5447 2775 5500 Goet.
2801 5445 2925 5499 edit.
2954 5444 3204 5510 potentia.
