4125 6225
540 691 549 701 ·
576 630 705 674 ientia

538 704 583 764 ¹¹.²
604 706 687 750 ang

529 1001 646 1031 nnnnn

560 1056 627 1098 An
651 1058 726 1100 ali-

760 516 878 578 308

1362 1434 1559 1511 PARS
1603 1436 1654 1512 1.

1058 1610 1287 1666 QUALES
1312 1612 1525 1658 cumn
1552 1614 1686 1659 sm‘r
1710 1614 1954 1665 ANGELI.

1136 1789 1546 1859 EXPOSITIO
1585 1793 1912 1861 TEXTUS.

1160 1944 1293 1995 Ecce
1319 1949 1582 1996 ostensum
1605 1949 1683 1998 est
1697 1982 1715 2009 ,
1744 1950 1842 1999 etc.

811 2070 1018 2155 Supra
1046 2071 1181 2153 egit
1218 2072 1518 2155 Magister
1553 2077 1808 2158 quando
1842 2080 1906 2141 et
1938 2079 2049 2143 ubi
2079 2083 2273 2146 creati

730 2179 859 2242 sint
875 2179 1088 2260 angeli
1108 2202 1127 2258 ·,
1150 2180 1218 2243 in
1245 2185 1425 2263 parte
1442 2183 1563 2246 ista
1584 2185 1856 2249 ostendit
1880 2187 2100 2269 quales
2123 2189 2269 2252 facti

730 2286 879 2350 sint.
921 2286 998 2350 Et
1038 2288 1344 2370 quoniam
1375 2290 1641 2371 qualitas
1675 2293 1889 2374 angeli
1926 2298 2130 2376 potest
2165 2300 2266 2360 at-

730 2393 902 2457 tendi
942 2398 1054 2458 aut
1094 2400 1407 2477 quantum
1435 2396 1515 2460 ad
1542 2399 1861 2463 naturales
1886 2400 2262 2483 habilitates,

728 2503 866 2567 sive
932 2503 1264 2586 qualitates
1325 2506 1730 2588 respicientes
1790 2506 2266 2590 dispositionem

726 2615 1005 2690 naturae,
1046 2616 1159 2676 aut
1190 2613 1526 2691 meritum,
1567 2618 1681 2678 aut
1720 2616 2091 2696 praemium;
2123 2616 2265 2682 ideo

531 2730 663 2777 ·v·=io.
726 2716 866 2781 haec
908 2736 1055 2800 pars
1084 2718 1276 2783 habet
1317 2724 1479 2784 tres:
1527 2721 1594 2784 in
1637 2721 1845 2803 prima
1887 2722 2265 2787 determinat

723 2825 801 2888 de
831 2826 1076 2907 primiS,
1107 2828 1340 2892 scilicet
1366 2829 1444 2892 de
1471 2829 1827 2908 attributis3
1864 2830 1934 2893 in
1960 2832 2259 2907 secunda,

722 2931 800 2995 de
827 2931 1149 2997 habitibus
1173 2935 1430 2999 malitiae
1465 2940 1528 3000 et
1553 2937 1871 3016 bonitatis,
1904 2937 1997 3000 ibi
2026 2959 2041 3001 :
2089 2938 2262 3003 Illud

721 3054 960 3121 quoque
972 3043 1466 3126 investiqatione
1484 3066 1505 3114 ;
1526 3043 1594 3106 in
1613 3044 1820 3122 tertia,
1840 3044 1916 3107 de
1936 3044 2262 3110 habitibus

602 3189 609 3194 -
718 3145 1127 3214 beatitudinis
1166 3157 1227 3216 et
1266 3152 1539 3217 miseriae
1554 3200 1571 3230 ,
1606 3152 1803 3230 infra,
1847 3153 2121 3217 distinct.
2152 3173 2255 3219 lv:

721 3255 871 3323 Post
892 3256 1022 3323 hoec
1061 3259 1416 3326 videndum
1446 3267 1666 3329 utrum
1695 3263 2011 3343 perfectis.
2044 3261 2258 3327 Prima

719 3378 864 3443 pass
899 3363 1090 3429 habet
1128 3371 1289 3431 tres:
1319 3368 1390 3431 in
1419 3369 1625 3452 prima
1652 3374 2006 3450 enumerat,
2036 3374 2101 3434 et
2128 3370 2260 3433 dis-

717 3467 958 3549 tinguit
1006 3470 1115 3536 illa
1163 3475 1496 3554 attributa;
1542 3474 1611 3538 in
1659 3476 1941 3540 secunda
1985 3476 2259 3541 ostendit

716 3593 847 3657 quo
893 3578 1082 3644 modo
1120 3581 1441 3665 recipiunt
1477 3584 1687 3666 magis
1727 3589 1790 3648 et
1836 3583 2085 3663 minus,
2129 3583 2251 3647 ibi:

717 3684 839 3750 Hic
867 3687 1408 3756 considerandum
1437 3698 1531 3758 est
1556 3698 1796 3768 utrum,
1818 3695 1936 3754 etc.
1970 3690 2045 3754 In
2075 3691 2258 3756 tertia

715 3793 988 3858 ostendit
1012 3795 1082 3858 in
1107 3796 1431 3879 aliquibus
1456 3781 1596 3862 aliis
1628 3799 2088 3882 aequalitatem,
2120 3798 2249 3862 ihi:

716 3900 799 3965 Et
822 3902 995 3969 sicut
1011 3905 1085 3969 in
1104 3905 1440 3986 praedictis
1466 3906 1680 3991 angeli
1703 3905 2106 3989 differebant,
2137 3913 2250 3972 etc.

1389 4096 1523 4142 mm.
1572 4095 1617 4140 1.

797 4207 1023 4271 Quatuor
1043 4209 1249 4275 quidem
1275 4211 1471 4277 angelis
1499 4211 1739 4263 videntur
1767 4225 1877 4262 esse
1906 4211 2166 4264 attributa.

796 4334 1062 4401 Contra:
1098 4335 1360 4402 Videtur
1383 4335 1506 4400 sibi
1533 4336 1960 4402 contradicere
1989 4339 2058 4401 in
2085 4357 2253 4402 enu-

715 4444 1105 4508 meratione:
1135 4449 1471 4508 enumerat
1496 4444 1668 4508 enim
1696 4464 1831 4525 seX,
1864 4446 2028 4509 sicut
2056 4449 2250 4528 patet,

716 4569 862 4634 quae
918 4557 1069 4615 sunt
1117 4553 1404 4616 essentiae
1459 4552 1579 4615 sim
1588 4552 1857 4634 plicitaS,
1907 4552 2256 4636 personalis

716 4661 1037 4741 discretio,
1065 4660 1374 4724 memoria
1395 4708 1413 4737 ‚
1451 4659 1900 4742 intelligentia,
1933 4660 2251 4743 voluntas,

716 4772 780 4831 et
802 4767 1077 4833 liberum
1103 4768 1463 4831 arbitrium.
1844 4759 1853 4769 ’

795 4875 953 4941 Item
992 4877 1246 4944 videtur
1286 4876 1407 4940 sibi
1443 4876 1867 4941 contradicere
1909 4877 1980 4941 in
2021 4877 2257 4960 repeti-

716 4982 931 5049 tione:
977 4983 1128 5048 dicit
1178 4983 1351 5047 enim
1396 4983 1466 5047 in
1510 4982 1797 5065 sequenti
1841 4983 2043 5065 capite
2083 4985 2253 5065 quod

719 5092 884 5156 circa
903 5091 1029 5156 tria
1053 5094 1150 5156 est
1177 5090 1617 5170 consideratio,
1646 5090 1883 5154 scilicet
1907 5092 2074 5156 circa
2097 5092 2253 5155 sub·

718 5187 1034 5278 stantiam,
1077 5199 1371 5279 formam,
1410 5202 1475 5262 et
1502 5200 1897 5280 potestatem.
1934 5195 2256 5275 Quaeritur

721 5324 877 5386 ergo
901 5306 978 5371 de
996 5308 1377 5372 sufficientia
1388 5307 1650 5370 illorum
1672 5310 1975 5388 quatuor:
2002 5307 2257 5371 videtur

722 5405 897 5469 enim
948 5407 1118 5488 quod
1162 5407 1367 5470 multo
1410 5405 1599 5488 plura
1645 5405 1913 5470 debeant
1952 5404 2251 5484 attribui,

723 5512 958 5576 scilicet
979 5514 1556 5596 incorruptibilitas,
1585 5512 2015 5598 spiritualitas,
2044 5517 2110 5576 et
2132 5511 2255 5576 hu-

1885 517 2505 588 SENTENTIARUM
2544 523 2694 590 LIB.
2738 525 2818 590 ΙΙ.

689 708 730 738 e,
756 671 908 716 cum
936 671 1069 740 quo
1096 649 1248 718 facti
1275 661 1460 720 erant
1477 704 1496 739 ,
1528 659 1592 720 et
1620 652 1942 722 habebant
1971 655 2266 747 aliquam
2291 656 2539 727 boniet
2566 659 2726 727 mali
2766 660 3067 730 notitiam
3093 713 3111 747 ,
3141 661 3586 753 intelligentes
3610 666 3773 757 quid
3800 690 3930 759 ap-

539 763 729 862 c'ss,„¹‡‡,¹{⁰
757 765 1109 856 petendum
1137 767 1241 834 vel
1268 768 1711 860 respuendum
1741 769 1873 838 illis
1903 771 2089 842 foret.

535 865 605 904 ’θ’
633 877 731 970 ⁰92¹]
845 880 1025 950 Solet
1069 882 1265 950 etiam
1309 885 1515 974 quaeri
1540 938 1557 969 ,
1588 893 1812 953 utrum
1841 887 2132 979 aliquam
2161 889 2279 958 Dei
2323 891 2430 981 v&
2475 891 2580 959 sui
2623 892 3041 962 dilectionem
3076 895 3363 963 invicem
3413 896 3796 966 habuerint.
3827 900 3928 969 Ad

754 997 932 1087 quod
960 997 1088 1065 dici
1114 1006 1358 1090 potest,
1401 1001 1581 1092 quod
1618 1003 1988 1071 naturalem
2035 1005 2451 1075 dilectionem
2488 1008 2852 1096 habebant,
2897 1019 2971 1078 ut
3000 1012 3419 1097 memoriam,
3459 1014 3870 1083 intellectum
3899 1069 3916 1099 ,

617 1131 664 1224 'a
696 1205 716 1215 -
753 1121 817 1180 et
844 1112 1209 1203 ingenium,
1239 1138 1373 1208 qua
1397 1116 1607 1186 Deum
1635 1126 1795 1188 etse
1821 1119 2242 1212 aliquatenus
2266 1123 2648 1214 diligebant,
2677 1150 2794 1218 per
2828 1151 3027 1219 quam
3058 1138 3278 1198 tamen
3306 1153 3442 1198 non
3469 1131 3914 1201 merebantur.

2384 1434 2691 1515 jusmodi,
2726 1454 2808 1499 ex
2836 1439 3011 1518 parte
3035 1436 3363 1513 essentiae3
3395 1455 3475 1500 ex
3500 1442 3676 1520 parte
3705 1446 3928 1523 poten-

2387 1541 2658 1619 tiarum,
2700 1542 3030 1606 irascibilis
3065 1548 3129 1606 et
3164 1544 3703 1626 concupiscibilis,
3748 1553 3812 1611 et
3841 1550 3933 1613 ita

2387 1650 2686 1731 competit
2712 1650 2802 1713 eis
2827 1651 3185 1731 ingenium,
3213 1650 3376 1714 sicut
3395 1653 3725 1717 memoria.

2464 1754 2624 1819 Item
2669 1755 2924 1821 videtur
2966 1758 3404 1840 superfluitaS,
3456 1759 3608 1841 quia
3650 1762 3931 1826 liberum

2382 1864 2722 1929 arbitrium
2739 1884 2869 1929 non
2890 1866 3275 1931 discernitur
3292 1885 3331 1928 a
3354 1867 3600 1931 ratione
3614 1874 3678 1932 et
3701 1870 3935 1934 volun·

2379 1975 2551 2036 tate:
2600 1992 2757 2055 ergo
2802 1992 2934 2043 non
2980 1974 3164 2037 debet
3203 1977 3434 2056 quarto
3482 1973 3622 2039 loco
3673 1993 3934 2040 connu-

2379 2081 2638 2145 merari.

2461 2188 2615 2252 Item
2649 2188 2908 2254 tertium
2952 2188 3362 2268 attributum,
3393 2190 3564 2271 quod
3601 2195 3697 2255 est
3736 2193 3932 2271 ratio,

2379 2301 2492 2359 aut
2517 2296 2829 2378 accipitur
2854 2314 2969 2380 pro
2999 2295 3320 2376 cognitiva
3347 2300 3600 2361 tantum
3618 2347 3634 2377 ,
3667 2304 3776 2362 aut
3807 2319 3938 2382 pro

2378 2402 2701 2482 cognitiva
2741 2407 2803 2467 et
2840 2403 3116 2467 motiva:
3157 2403 3212 2465 si
3257 2403 3464 2485 primo
3500 2405 3722 2482 modo,
3759 2423 3937 2486 ergo

2376 2505 2543 2568 male
2585 2506 2898 2569 dividitur
2936 2507 3005 2569 in
3047 2506 3534 2587 intelligentiam
3575 2514 3640 2571 et
3680 2508 3942 2571 volun-

2376 2615 2608 2690 tatem3
2660 2612 2715 2675 si
2764 2613 3040 2677 secundo
3091 2614 3278 2677 modo
3299 2663 3316 2691 ,
3371 2632 3529 2696 ergo
3586 2616 3946 2698 superfluit

2373 2717 2650 2783 liberum
2679 2721 3039 2784 arbitrium.

2453 2824 2639 2908 Resp.
2680 2825 3028 2901 Dicendum
3065 2828 3239 2909 quod
3278 2828 3397 2891 ista
3433 2828 3742 2893 attributa
3768 2836 3942 2895 sunt

2373 2933 2813 2997 convenientia
2855 2933 3086 3014 angelo
3131 2953 3243 3016 per
3287 2940 3586 2999 naturam
3631 2956 3829 3000 suam
3878 2944 3946 3002 et

2371 3040 2471 3103 sui
2499 3041 2905 3128 creationem,
2937 3046 3246 3126 tanquam
3269 3041 3667 3125 principalia,
3702 3062 3740 3107 a
3767 3046 3942 3127 qui-

2371 3148 2493 3213 bus
2537 3149 2662 3213 alia
2715 3150 2951 3213 habent
2994 3154 3231 3214 ortum.
3285 3149 3363 3213 Et
3407 3150 3688 3213 sumitur
3737 3153 3936 3214 suffi-

2368 3255 2600 3321 cientia
2635 3256 2758 3321 sic:
2794 3256 2868 3320 ln
2909 3258 3141 3339 angelo
3186 3261 3281 3321 est
3310 3257 3712 3322 considerare
3756 3277 3935 3337 esse,

2367 3367 2430 3428 et
2457 3383 2660 3446 posse,
2704 3365 2840 3429 sive
2874 3365 3314 3444 substantiam,
3351 3369 3414 3428 et
3447 3384 3823 3447 personam.
3859 3365 3940 3430 Et

2367 3470 2533 3534 circa
2578 3451 2996 3538 substantiam
3041 3474 3204 3538 duo:
3247 3472 3483 3537 scilicet
3528 3490 3652 3555 quo
3697 3480 3826 3552 est,
3871 3479 3938 3539 et

2367 3597 2560 3661 penes
2586 3579 2708 3643 hoc
2741 3584 2835 3644 est
2878 3582 3231 3645 substantia
3255 3585 3328 3664 ⁸et
3373 3580 3785 3663 simplicitas;
3829 3581 3937 3646 vel

2367 3683 2580 3765 ipsum
2617 3686 2790 3768 quod
2828 3693 2944 3767 est,
2980 3693 3040 3751 et
3067 3706 3261 3770 penes
3301 3688 3423 3751 hoc
3450 3691 3545 3751 est
3567 3690 3934 3770 personalis

2367 3789 2680 3856 discretio.
2704 3793 3007 3858 Similiter
3029 3795 3196 3859 circa
3216 3813 3396 3877 posse
3411 3799 3505 3859 est
3517 3796 3936 3861 considerare

2366 3897 2571 3980 ipsam
2593 3903 2943 3983 potentiam
2960 3951 2976 3979 ‚
2999 3907 3062 3967 et
3089 3922 3285 3986 penes
3317 3904 3440 3967 hoc
3475 3904 3766 3978 tertium,
3794 3906 3934 3969 sci-

2365 4004 2513 4070 licet
2539 4009 2702 4073 ratio
2732 4011 3107 4074 naturaliter
3131 4013 3344 4075 insita.
3367 4010 3476 4075 Est
3502 4012 3740 4074 iterum
3776 4030 3935 4076 oon·

2365 4113 2642 4179 siderare
2674 4116 3034 4182 facultatem
3077 4119 3374 4201 potentiae
3395 4167 3414 4196 ,
3462 4123 3523 4183 et
3563 4137 3766 4200 penes
3798 4119 3930 4184 hoc

2366 4225 2460 4285 est
2510 4228 2814 4305 quartum
2869 4226 3249 4291 attributum
3271 4275 3289 4306 ‚
3350 4226 3583 4290 scilicet
3631 4225 3932 4291 liberum

2365 4330 2721 4394 arbitrium.
2767 4330 2881 4397 Vel
2925 4332 3146 4397 aliter:
3191 4333 3479 4415 Angelus
3514 4332 3710 4396 habet
3749 4352 3936 4416 qua-

2365 4436 2733 4520 drupliciter
2774 4439 3186 4516 considerari,
3218 4441 3456 4504 scilicet
3489 4440 3561 4503 in
3599 4458 3700 4514 se,
3730 4447 3800 4504 et.
3829 4442 3938 4506 sic

2365 4543 2651 4607 essentiae
2682 4544 3085 4627 simplicitas3
3135 4546 3216 4611 ad
3256 4548 3531 4611 alterum
3574 4546 3932 4627 angelum,

2365 4654 2428 4714 et
2454 4651 2544 4714 sic
2582 4652 2925 4734 personalis
2968 4652 3287 4731 discretio;
3325 4653 3404 4716 ad
3449 4653 3674 4732 Deum,
3715 4662 3782 4716 et
3826 4655 3938 4719 sic

2366 4759 2698 4838 memoria,
2719 4759 3142 4840 intelligentia
3161 4765 3223 4824 et
3241 4762 3562 4840 voluntaS,
3580 4762 3649 4824 in
3672 4762 3938 4844 quibus

2364 4866 2650 4930 consistit
2675 4868 2836 4933 ratio
2862 4867 3196 4949 imaginis;
3229 4869 3297 4931 in
3325 4870 3804 4951 comparatione
3833 4871 3936 4937 ad

2364 4993 2441 5039 ea
2480 4993 2627 5058 quae
2669 4977 2954 5059 subjecta
2993 4981 3143 5040 sunt
3190 4994 3415 5041 eorum
3459 4976 3789 5059 regimini,
3859 4983 3939 5043 et

2365 5083 2455 5146 sic
2496 5084 2689 5149 habet
2727 5084 3000 5150 liberum
3043 5085 3405 5149 arbitrium.
3447 5083 3564 5149 Vel
3605 5085 3814 5163 aliter,
3859 5090 3942 5150 et

2365 5191 2574 5272 magis
2620 5193 2972 5256 secundum
3001 5192 3478 5256 consonantiam
3518 5191 3599 5255 ad
3639 5210 3710 5255 ea
3753 5209 3936 5272 quae

2365 5296 2666 5366 dicuntur
2689 5299 2755 5361 in
2780 5298 3010 5375 littera,
3040 5299 3191 5381 quia
3218 5298 3284 5362 in
3313 5298 3546 5379 angelo
3571 5302 3664 5361 est
3691 5301 3936 5361 consi-

2364 5403 2586 5468 derare
2611 5405 3053 5484 substantiam,
3098 5407 3394 5485 formam,
3424 5410 3487 5469 et
3513 5404 3884 5488 potentiam
3907 5427 3933 5471 :

2363 5512 2716 5578 substantia
2763 5521 2979 5579 autem
3029 5513 3412 5580 considerari
3451 5518 3652 5596 potaet
3683 5512 3935 5594 dupli-
