4125 6225
1478 415 1858 483 DISTINm'.
1901 415 2080 483 XLV.

150 543 206 608 ad
221 547 620 612 creaturam
639 597 663 629 ‚
701 553 786 616 et
823 554 1228 636 praescientia
1253 553 1334 618 ad
1359 553 1722 636 praescitum
1738 599 1755 631 ,

152 654 214 715 ita
234 654 392 719 velle
449 657 754 725 dicitur
810 663 898 726 ad
931 663 1199 726 volitum
1234 662 1383 726 :sed
1427 665 1522 725 est
1565 678 1763 743 supra

149 759 400 825 habitum
422 812 444 840 ,
485 766 679 831 dist.
725 788 956 849 xxxv,
992 770 1163 853 quod
1190 769 1297 833 illa
1327 769 1630 834 dicuntur
1658 786 1760 833 re-

150 866 342 932 lative:
373 888 570 953 ergo
609 879 694 938 et
727 877 938 941 velle.

207 975 379 1060 Raep.
413 979 858 1048 Dicendum
885 985 1058 1067 quod
1083 982 1383 1064 Magister
1408 979 1629 1061 accipit
1656 979 1762 1043 hic

151 1084 403 1166 relative,
437 1094 692 1171 prout
741 1091 1065 1155 relativus
1094 1090 1324 1154 modus
1354 1086 1603 1152 dicendi
1633 1087 1761 1149 dis-

155 1193 452 1274 tinguitur
514 1214 568 1260 3
622 1199 859 1263 modo
909 1197 1156 1264 dicendi
1205 1195 1560 1263 secundum
1606 1193 1762 1258 sub-

156 1302 427 1366 stantiam
445 1351 466 1379 ‚
500 1310 583 1369 et
635 1306 772 1370 hic
819 1309 918 1370 est
960 1304 1341 1388 personalia,
1368 1307 1433 1367 et
1468 1302 1557 1365 ita
1596 1301 1762 1365 acci-

92 1396 96 1401 *
156 1408 298 1490 pilur
341 1411 491 1477 hic.
556 1412 738 1497 Ipse
799 1416 1023 1477 autem
1072 1411 1289 1493 objicit
1332 1410 1410 1475 de
1458 1408 1762 1472 relatione

160 1524 426 1601 respectu
453 1526 860 1600 creamrae,
886 1538 1036 1604 quae
1061 1524 1156 1583 est
1178 1521 1494 1600 quantum
1516 1516 1596 1581 ad
1622 1534 1761 1580 mo-

164 1625 288 1690 dum
331 1627 806 1711 intelligendi
828 1676 845 1705 ,
890 1646 1010 1692 nec
1047 1625 1464 1707 distinguitur
1496 1643 1538 1688 a
1572 1624 1762 1688 modo

168 1733 390 1798 dicendi
441 1735 880 1809 secundum,
918 1733 1356 1797 substantiam.
1397 1731 1512 1795 Vel
1558 1735 1764 1813 potest

175 1841 302 1920 dici,
338 1842 530 1924 quod
567 1842 911 1923 Magister
943 1841 1228 1923 loquitur
1257 1840 1611 1917 secundum
1644 1856 1763 1919 ge-

179 1948 445 2012 neralem
471 1948 806 2013 nominis
826 1948 1241 2027 intellectum,
1268 1947 1423 2029 quia
1445 1946 1607 2041 velle
1629 1963 1762 2010 non

190 2060 266 2119 est
291 2060 572 2121 tantum
612 2060 928 2139 respectu
967 2055 1159 2119 creati
1175 2103 1193 2135 ,
1226 2058 1300 2118 ut
1333 2053 1632 2137 praescire
1650 2101 1667 2133 ‚
1699 2056 1763 2117 et

201 2182 428 2244 creare,
469 2165 594 2229 sed
631 2164 841 2228 etiam
872 2166 1161 2245 respectu
1187 2160 1319 2225 Dei.

873 2352 1011 2398 DUB.
1051 2350 1121 2395 11.

681 2473 824 2523 Deus
851 2470 948 2522 scit
974 2469 1169 2533 omnia,
1195 2469 1293 2519 etc.

286 2597 548 2664 Videtur
570 2597 750 2662 male
775 2595 1004 2674 dicere,
1032 2593 1184 2677 quia
1209 2590 1499 2656 similiter
1526 2591 1764 2657 divinae

217 2707 521 2772 voluntati
551 2706 847 2787 subjecta
875 2706 1026 2766 sunt
1065 2700 1313 2780 omnia,
1346 2699 1499 2781 quia
1528 2699 1761 2765 volun-

216 2814 324 2877 tati
349 2816 489 2895 ejus
513 2812 747 2876 nullus
773 2810 1007 2875 resistit
1034 2830 1049 2871 ε
1078 2806 1241 2889 ergo'
1263 2808 1431 2872 Deus
1448 2807 1594 2873 vult
1619 2824 1764 2871 om-

215 2920 321 2983 nia
350 2942 366 2984 :
395 2920 572 3002 quod
599 2937 735 2982 non
767 2915 1152 2981 conceditur.

291 3025 452 3090 Item
481 3042 612 3107 ego
643 3040 870 3107 quaero
901 3042 919 3084 ε
950 3038 1101 3086 cum
1128 3019 1347 3085 omnia
1372 3019 1611 3084 scibilia
1638 3021 1766 3083 sint

213 3135 498 3217 subjecta
528 3133 769 3198 divinae
796 3129 1113 3209 scientiae,
1145 3134 1209 3193 et
1234 3129 1553 3208 essentiae,
1585 3132 1648 3191 et
1677 3129 1766 3192 si-

213 3242 448 3306 militer
469 3241 702 3319 volita3
731 3256 932 3321 quare
953 3255 1086 3301 non
1107 3236 1381 3300 dicimus
1402 3235 1576 3318 quod
1597 3235 1764 3299 Deus

211 3350 486 3415 volendo
516 3368 622 3429 se,
659 3346 812 3412 velit
839 3345 963 3409 alia
980 3393 997 3422 ,
1031 3344 1198 3408 sicut
1229 3343 1486 3407 sciendo
1515 3361 1582 3407 se
1599 3390 1618 3423 ,
1649 3343 1767 3407 scit

209 3455 360 3521 alia.
387 3456 571 3535 Quod
595 3460 652 3519 si
678 3459 750 3519 tu
776 3452 1096 3532 concediS,
1123 3454 1280 3515 tunc
1303 3454 1534 3514 caetera
1560 3452 1767 3513 essent

213 3570 481 3630 aeter-na.
524 3563 592 3628 Si
638 3566 712 3628 tu
765 3562 935 3628 dicas
983 3560 1156 3644 quod
1198 3577 1331 3623 non
1378 3557 1482 3622 'est
1519 3557 1725 3622 simile
1744 3605 1763 3637 ,

214 3674 533 3755 quaeritur
560 3689 760 3755 quare
791 3687 926 3733 non
954 3690 969 3732 ε
997 3672 1060 3732 et
1089 3667 1341 3733 videtur
1366 3665 1539 3749 quod
1567 3665 1648 3728 sit
1675 3665 1765 3729 si-

216 3780 369 3846 mile
385 3830 405 3861 ‚
437 3781 592 3863 quia
635 3780 804 3843 sicut
843 3776 1080 3841 divinae
1120 3773 1400 3839 scientia}
1432 3777 1609 3837 actus
1635 3790 1766 3836 non

219 3890 577 3955 deflectitur
618 3890 803 3953 extra
846 3886 1047 3950 Deum
1065 3933 1083 3965 ,
1125 3888 1188 3949 et
1233 3884 1323 3946 ita
1363 3881 1619 3946 sciendo
1665 3899 1764 3963 se,

222 4001 340 4065 scit
364 4001 585 4066 omnia
600 4047 617 4077 ‚
648 4000 738 4063 ita
763 3997 929 4062 etde
956 3995 1283 4060 voluntate
1310 3992 1584 4056 videtur.

304 4106 488 4190 Resp.
548 4104 902 4170 Dicendum
961 4100 1131 4184 quod
1193 4099 1476 4181 subjecta
1532 4096 1770 4161 divinae

229 4215 506 4280 scientiae
535 4231 671 4278 non
699 4211 1024 4288 dicuntur,
1064 4206 1217 4290 quia
1249 4209 1401 4270 sunt
1433 4202 1733 4268 inferiora
1748 4251 1767 4284 ,

231 4322 336 4385 sed
376 4322 663 4403 subjecta
697 4317 1001 4383 dicuntur
1040 4315 1332 4397 respectu
1367 4328 1648 4394 quorum
1679 4313 1773 4373 est

240 4430 402 4490 actus
448 4427 685 4492 divinae
733 4421 1155 4504 cognitionis3
1211 4424 1275 4483 et
1319 4418 1461 4482 haec
1513 4416 1772 4500 quidem

242 4537 380 4595 sunt
405 4532 622 4597 omnia
651 4528 1142 4612 cognoscibilia:
1166 4529 1229 4589 et
1258 4525 1401 4590 ideo
1426 4523 1608 4587 novit
1631 4541 1774 4588 om-

245 4638 368 4702 nia:
388 4639 674 4702 similiter
687 4632 1295 4719 subjectavoluntati
1306 4631 1627 4708 dicuntur,
1648 4647 1775 4693 res-

250 4749 416 4824 pectu
432 4762 717 4829 quorum
739 4744 834 4807 est
856 4744 1037 4806 actus
1059 4739 1296 4804 divinae
1314 4736 1634 4802 volitionis
1651 4738 1766 4816 (a):

252 4854 306 4912 et
328 4850 459 4915 haec
506 4852 584 4931 (b)
631 4853 784 4915 sunt
809 4848 1031 4913 omnia
1061 4844 1344 4912 volibilia
1373 4865 1389 4907 ε
1433 4843 1574 4908 ideo
1603 4847 1775 4926 patet

250 4955 403 5024 illud.
449 4959 636 5039 Quod
681 4957 1030 5041 quaeritur,
1079 4959 1303 5019 utrum
1349 4952 1621 5017 volendo
1665 4971 1733 5016 se
1751 5001 1768 5032 ,

249 5067 380 5131 velit
402 5067 644 5146 omnia,
670 5064 1014 5130 dicendum
1044 5061 1218 5145 quod
1239 5058 1400 5126 velle
1423 5077 1556 5123 uno
1583 5059 1773 5123 modo

243 5172 374 5240 dicit
413 5173 981 5259 complacentiam3
1025 5171 1151 5235 alio
1193 5169 1381 5233 modo
1426 5167 1576 5232 dicit
1615 5187 1772 5232 cau-

236 5300 382 5348 sam.
407 5283 613 5350 Prout
638 5280 796 5346 dicit
818 5275 1360 5362 complacentiam,
1389 5274 1575 5339 credo
1603 5273 1774 5356 quod

236 5389 382 5458 bene
407 5397 621 5478 potest
651 5386 784 5453 dici
811 5386 981 5470 quod
1013 5383 1285 5452 volendo
1312 5402 1412 5463 se,
1443 5382 1597 5447 velit
1623 5397 1771 5447 om-

3296 418 3415 480 175

1877 553 2015 629 nia;
2056 551 2212 634 quia
2238 551 2456 615 omnia
2490 551 2737 634 placent
2761 551 2822 616 ei
2857 568 3004 634 quae
3033 552 3114 614 ab
3144 551 3311 633 ipso,
3352 558 3417 616 et

1871 659 1949 723 ad
1984 659 2198 741 ipsum
2232 662 2406 722 sunt.
2443 656 2639 721 Prout
2672 661 2886 722 tamen
2923 657 3075 722 dicit
3110 675 3413 740 progres-

1871 786 2019 831 sum
2061 768 2323 833 effectus
2365 767 2444 830 ab
2495 768 2663 850 ipso,
2716 768 3011 849 quamvis
3054 770 3234 830 actus
3282 784 3416 830 non

1872 876 2263 956 egrediatur,
2292 880 2510 939 tamen
2541 892 2645 938 res
2675 874 3097 955 egrediuntur
3129 895 3144 938 :
3176 878 3242 937 et
3271 873 3416 938 ideo

1871 981 2022 1045 dicit
2068 986 2426 1064 respectum
2471 982 2552 1046 ad
2598 985 2800 1045 extra.
2849 979 3026 1045 Unde
3075 982 3239 1045 sicut
3284 999 3417 1045 non

1872 1089 2259 1168 conceditur,
2297 1113 2327 1150 α
2356 1088 2671 1155 Possendo
2705 1108 2773 1154 se
2792 1137 2811 1170 ,
2856 1092 3059 1173 potest
3088 1088 3305 1153 omnia
3321 1136 3339 1168 ,
3375 1109 3406 1149 n

1872 1197 1966 1261 sic
1990 1199 2054 1261 et
2079 1197 2153 1262 in
2179 1197 2525 1280 proposito.

2497 1387 2635 1432 DUB.
2681 1386 2773 1433 111.

1872 1520 2039 1579 Quare
2054 1490 2176 1570 fecit
2201 1519 2338 1571 Deus
2365 1519 2554 1569 coelum
2581 1521 2633 1569 et
2650 1520 2875 1569 terram?
2902 1519 3319 1584 respondendum
3339 1523 3417 1570 est

2418 1594 2519 1658 illi,
2548 1593 2668 1659 quia
2692 1592 2871 1644 voluit.

1952 1736 2217 1801 Videtur
2239 1737 2409 1801 mala
2433 1737 2784 1819 responsio,
2809 1736 2962 1819 quia
2985 1742 3140 1801 tunc
3162 1738 3417 1803 videtur

1871 1842 2051 1907 facile
2102 1844 2321 1907 omnia
2373 1843 2794 1908 determinare
2851 1865 2866 1903 :
2918 1843 3173 1908 videtur
3221 1845 3416 1909 etiam

1872 1951 2045 2032 quod
2069 1951 2364 2016 voluntas
2385 1950 2494 2016 Dei
2517 1969 2649 2015 non
2670 1952 2903 2016 haheat
2925 1953 3264 2016 rationem.
3291 1951 3414 2018 Sed

1872 2062 2115 2133 contra,
2141 2077 2332 2141 super
2351 2057 2510 2123 illud
2536 2060 2616 2124 ad
2634 2057 2939 2142 Ephesios
2959 2066 2977 2100 ¹
3004 2078 3021 2122 :
3047 2058 3415 2125 Secundum

1872 2166 2215 2233 consilium
2245 2165 2594 2233 voluntatis
2624 2181 2759 2232 suae
2776 2187 2802 2247 ;
2834 2164 3052 2231 Glossa
3081 2188 3095 2231 ε
3120 2189 3151 2227 α
3180 2165 3416 2231 Volun-

1871 2276 1968 2337 tas
2005 2272 2118 2336 Dei
2160 2278 2257 2337 est
2292 2292 2376 2338 ex
2416 2274 2662 2339 ratione
2690 2295 2706 2339 ς
2734 2295 2766 2333 1>
2796 2292 2953 2356 ergo
2993 2280 3088 2339 est
3126 2292 3417 2357 quaerere

1870 2379 2210 2445 rationem.

1953 2485 2141 2569 Resp.
2164 2486 2510 2552 Dicendum
2527 2485 2700 2569 quod
2717 2487 3016 2552 voluntas
3033 2491 3248 2552 nostra
3264 2506 3414 2552 cum

1872 2593 2184 2659 excitetur
2207 2612 2245 2656 a
2267 2593 2484 2673 volit0,
2513 2612 2772 2658 causam
2796 2599 2859 2659 et
2882 2595 3197 2658 rationem
3230 2595 3310 2657 ab
3338 2612 3415 2659 eo

1871 2698 2099 2778 habet,
2143 2703 2207 2762 et
2244 2703 2563 2782 quantum
2603 2702 2683 2765 ad
2729 2720 2828 2781 se,
2872 2706 2935 2765 et
2973 2706 3294 2784 quantum
3333 2701 3415 2765 ad

1871 2807 2166 2884 volitum,
2193 2808 2473 2872 maxime
2499 2809 2755 2891 quando
2785 2809 2924 2898 vult
2948 2808 3211 2890 aliquid,
3239 2809 3411 2892 quod

1870 2922 1965 2980 est
2005 2920 2265 2999 propter
2303 2916 2500 2980 finem
2532 2941 2547 2981 :
2578 2916 2689 2981 sed
2728 2917 3024 2983 voluntas
3052 2915 3196 2998 Dei,
3229 2919 3416 2999 cujus

1871 3029 2050 3089 actus
2092 3028 2189 3089 est
2229 3024 2394 3106 ipse,
2429 3025 2713 3088 maxime
2751 3043 2900 3088 cum
2937 3023 3079 3089 vult
3120 3043 3221 3101 se,
3255 3024 3411 3106 quia

1871 3151 2003 3197 non
2026 3134 2340 3198 excitatur
2365 3133 2581 3217 aliqua
2604 3134 2849 3198 ratione
2875 3134 2997 3198 alia
3018 3152 3058 3197 a
3079 3152 3168 3212 se,
3194 3138 3410 3198 tamen

1872 3260 2132 3306 causam
2166 3244 2483 3324 quantum
2510 3241 2590 3306 ad
2634 3260 2703 3306 se
2739 3242 2974 3307 hahere
3014 3259 3148 3306 non
3185 3244 3410 3323 potest.

1871 3348 2153 3415 Volitum
2188 3352 2404 3414 autem
2436 3350 2779 3433 aliquando
2815 3349 3007 3413 habet
3035 3350 3228 3414 aliam
3267 3367 3415 3414 cau-

1871 3475 2010 3522 sam
2028 3504 2045 3534 ,
2093 3475 2289 3540 quam
2338 3457 2774 3536 voluntatem3
2819 3460 2885 3521 et
2924 3460 3081 3521 tunc
3123 3459 3413 3540 respectu

1872 3568 2015 3649 ejus
2057 3565 2248 3630 habet
2286 3565 2601 3630 rationem
2639 3567 2702 3629 et
2745 3581 3001 3629 causam
3017 3611 3033 3642 ‚
3071 3562 3412 3646 aliquando

1873 3675 2075 3739 solam
2107 3673 2503 3739 voluntatem
2524 3721 2541 3750 ‚
2571 3677 2645 3739 ut
2680 3671 2750 3736 in
2786 3671 3014 3736 mundi
3054 3672 3405 3750 creatione;

1874 3785 1938 3847 et
1973 3784 2131 3846 tunc
2169 3779 2465 3846 voluntas
2502 3778 2696 3844 habet
2735 3778 3049 3843 rationem
3067 3826 3086 3860 ,
3130 3780 3239 3844 sed
3277 3797 3411 3844 non

1874 3907 2156 3967 causam,
2182 3888 2334 3969 quia
2359 3904 2492 3952 non
2512 3890 2608 3951 est
2632 3886 3017 3952 irrationalis
3043 3907 3060 3950 ε
3088 3886 3260 3951 unde
3282 3904 3415 3951 non

1875 3995 2069 4060 habet
2096 3995 2410 4059 rationem
2434 3997 2743 4076 tanquam
2771 3992 3088 4058 diversam
3113 4011 3154 4057 a
3178 4011 3277 4070 se,
3307 3992 3415 4058 sed

1874 4102 2046 4168 idem
2073 4122 2167 4183 re,
2192 4107 2257 4167 et
2278 4102 2419 4168 ideo
2441 4101 2738 4166 voluntas
2757 4101 2868 4166 Dei
2894 4119 3028 4167 non
3052 4105 3417 4185 potestesse

1875 4210 2259 4275 irrationalis
2287 4227 2304 4273 ε
2336 4212 2399 4274 et
2439 4213 2695 4292 propter
2737 4209 2862 4273 hoc
2904 4209 2975 4271 in
3015 4208 3262 4273 actibus
3304 4209 3419 4290 qui

1875 4319 2151 4384 totaliter
2190 4320 2343 4383 sunt
2382 4317 2464 4380 ab
2501 4317 2671 4399 ipsa,
2713 4316 2946 4381 sufficit
2981 4317 3188 4400 ipsam
3220 4316 3414 4397 scire,

1877 4444 1998 4490 nec
2014 4428 2263 4509 oportet
2279 4424 2547 4489 ulterius
2563 4424 2755 4487 aliam
2767 4424 3079 4488 rationem
3093 4439 3414 4507 quaerere:

1878 4540 1942 4602 et
1966 4537 2057 4602 sic
2080 4538 2253 4620 patet
2276 4534 2458 4600 illud.

2508 4668 2646 4715 DUB.
2696 4666 2788 4714 IV.

2305 4763 2555 4816 Voluntas
2578 4775 2703 4827 ergo
2731 4759 2854 4824 Dei,
2884 4762 2985 4812 etc.

1957 4862 2224 4932 Videtur
2259 4863 2427 4927 male
2461 4861 2667 4926 dicere
2686 4907 2703 4937 ,
2734 4859 2889 4943 quia
2925 4862 3083 4923 tunc
3118 4875 3267 4921 cum
3300 4874 3413 4922 vo-

1879 4974 2090 5039 luntas
2118 4970 2230 5035 Dei
2267 4969 2349 5033 sit
2377 4986 2577 5049 agens
2616 4986 2732 5050 per
2759 4965 3207 5045 intentionem,
3235 4964 3413 5031 vide-

1877 5085 1987 5145 tur
2013 5078 2179 5161 quod
2208 5077 2369 5142 nihil
2393 5077 2505 5140 fiat
2529 5093 2683 5139 casu
2708 5078 2772 5138 et
2796 5075 3072 5138 fortuna.

1960 5185 2148 5269 Resp.
2186 5184 2532 5250 Dicendum
2564 5181 2735 5266 quod
2768 5181 2968 5258 DeuS,
3002 5179 3302 5263 quamvis
3337 5177 3418 5244 sit

1879 5321 2188 5448 aaffpw'’
2210 5333 2255 5387 1,
2281 5285 2483 5387 5.-(ά)
2501 5317 2642 5371 Edit.
2680 5317 2795 5369 Vm.
2819 5315 3101 5369 nonnanis.
3118 5340 3182 5352 -
3200 5313 3266 5379 (b)
3288 5315 3414 5366 uem

1983 5430 1997 5445 ο
2029 5406 2154 5444 non·
