4125 6225
1332 445 1528 513 msr.
1569 442 1676 511 xi.
1719 410 1908 510 aar.
1950 440 2000 505 1.
2044 441 2347 520 QnAEs'r.
2391 445 2471 510 11.

116 592 318 638 Fundam·
428 582 659 647 Contra
685 602 704 647 t
734 580 939 666 Super
956 581 1113 647 illud
1131 582 1152 619 ¹
1186 602 1203 646 ε
1234 581 1468 665 Anqeli
1496 596 1731 659 eorum,
1758 581 1874 643 etc.

346 689 565 754 Glossa
602 688 981 773 Hieronymi
1034 708 1051 754 ε
1107 712 1138 751 α
1188 687 1426 770 Magna
1466 687 1743 770 dignitas
1789 687 1884 749 est

346 799 704 865 animarum
723 845 742 877 ,
772 801 848 860 ut
872 814 1280 880 unaquaeque
1307 797 1390 860 ab
1420 800 1567 860 ortu
1594 793 1885 859 nativita-

347 905 431 969 tis
478 922 611 969 suae
658 905 886 969 habeat
929 904 1011 969 ad
1045 905 1147 969 sui
1194 903 1545 968 custodiam
1585 901 1885 983 angelum

347 1011 745 1093 deputatum.
793 1032 826 1071 n
882 1008 950 1075 Si
997 1029 1154 1090 ergo
1204 1008 1526 1092 deputatio
1574 1006 1883 1088 angelicae

349 1118 649 1183 custodiae
671 1118 941 1200 pertinet
962 1117 1042 1182 ad
1062 1117 1437 1198 dignitatem
1454 1116 1713 1193 animae,
1735 1132 1885 1178 cum

347 1222 565 1287 anima
606 1224 960 1289 secundum
1002 1226 1242 1288 statum
1282 1227 1532 1287 naturae
1578 1220 1885 1285 institutae

348 1328 606 1409 dignior
636 1332 824 1408 esset,
873 1347 1072 1412 quam
1109 1329 1463 1393 secundum
1502 1330 1737 1392 statum
1765 1345 1885 1390 na-

348 1439 515 1501 turae
561 1436 754 1520 lapsae
775 1486 793 1517 ,
837 1437 1093 1502 videtur
1135 1437 1306 1520 quod
1344 1438 1400 1500 si
1439 1455 1614 1500 nunc
1655 1436 1888 1499 habeat

349 1544 655 1625 angelum
673 1545 753 1610 ad
780 1545 881 1609 sui
907 1545 1258 1636 custodiam
1283 1547 1682 1628 deputatum,
1711 1543 1887 1627 quod

351 1652 555 1717 multo
586 1653 795 1734 magis
822 1649 998 1718 tunc.

434 1759 593 1824 Item
634 1761 896 1844 pronior
941 1765 1035 1825 est
1075 1760 1241 1825 Deus
1292 1760 1373 1825 ad
1417 1759 1848 1825 miserendum
1864 1806 1883 1838 ,

352 1884 541 1950 quam
569 1867 649 1932 ad
688 1868 1245 1933 condemnandum
1273 1887 1289 1931 :
1322 1885 1480 1949 ergo
1507 1868 1562 1930 si
1596 1867 1792 1931 homo
1818 1865 1890 1928 in

352 1979 523 2040 statu
548 1981 797 2042 naturae
833 1977 1141 2041 institutae
1166 1975 1396 2040 habuit
1418 1974 1727 2056 angelum
1748 1991 1888 2036 ma-

350 2082 491 2147 lum
515 2087 864 2149 tentantem
880 2134 898 2166 ‚
942 2103 1102 2167 ergo
1144 2085 1349 2150 multo
1378 2084 1606 2149 fortius
1641 2081 1892 2146 miseri-

353 2192 569 2257 cordia
595 2193 818 2260 divina
844 2193 1064 2259 debuit
1089 2193 1209 2256 sibi
1232 2192 1383 2256 dare
1414 2190 1721 2273 angelum
1745 2206 1892 2255 cus-

351 2300 723 2365 todientem.

433 2406 595 2472 Item
621 2407 836 2489 angeli
865 2405 1152 2490 deputati
1178 2410 1328 2471 sunt
1357 2407 1541 2472 nobis
1567 2407 1854 2472 custodes
1869 2453 1890 2485 ,

352 2518 429 2579 ut
481 2533 596 2597 per
646 2533 873 2579 eorum
927 2514 1358 2597 operationem
1408 2514 1813 2579 retrahamur
1854 2532 1894 2578 a

354 2621 565 2686 malo:
592 2622 702 2687 sed
728 2624 923 2687 homo
948 2622 1019 2685 in
1042 2626 1212 2687 statu
1234 2622 1615 2687 innocentiae
1641 2622 1894 2703 indige-

352 2728 465 2793 bat
481 2748 521 2794 a
537 2729 706 2795 malo
731 2728 992 2808 retrahi,
1011 2747 1162 2793 cum
1179 2733 1389 2812 posset
1408 2747 1670 2813 peccare
1695 2754 1711 2795 2
1734 2747 1894 2811 ergo

353 2836 620 2901 debebat
644 2838 726 2901 ab
751 2836 990 2919 angelo
1021 2836 1350 2901 custodiri.

437 2943 597 3009 ltem
636 2943 833 3008 bomo
874 2943 1080 3009 viator
1133 2941 1552 3008 committitur
1589 2942 1898 3024 angelicae

356 3050 678 3131 custodiae,
696 3053 774 3115 ut
787 3067 902 3134 per
929 3050 1481 3131 sustentationem,
1496 3052 1563 3114 et
1576 3048 1910 3114 auxilium·

357 3156 725 3240 angelicum
740 3205 758 3238 ‚
816 3160 881 3221 et
929 3175 1042 3239 per
1095 3157 1454 3222 subsidium
1509 3156 1898 3239 operationis

359 3267 531 3347 ejuS,
573 3264 770 3348 possit
811 3264 890 3328 de
914 3264 1085 3329 bono
1121 3264 1188 3327 in
1228 3265 1459 3330 melius
1502 3265 1840 3330 ascendere
1874 3287 1889 3330 :

359 3371 471 3436 sed
494 3371 690 3435 homo
726 3370 797 3433 in
831 3374 1001 3435 statu
1026 3371 1407 3436 innocentiae
1440 3371 1748 3453 proficere
1774 3390 1897 3455 po-

361 3481 525 3541 terat
563 3498 579 3540 :
615 3495 774 3559 ergo
806 3475 1059 3542 videtur
1098 3478 1271 3560 quod
1310 3478 1391 3542 ad
1438 3477 1639 3562 ipsius
1681 3481 1898 3544 custo-

362 3586 535 3651 diam
555 3585 830 3668 angelus
856 3585 1147 3670 deputari
1173 3585 1462 3651 debebat.

907 3850 1363 3919 CONCLUSIO.

366 4025 593 4082 Homini
614 4039 724 4081 non
746 4024 901 4081 modo
934 4026 998 4081 in
1036 4028 1186 4081 statu
1218 4025 1386 4098 lapsoe
1411 4027 1642 4091 natum,
1669 4024 1761 4082 sed
1782 4027 1902 4083 ins·-

440 4119 623 4174 tituta
672 4133 877 4190 quoque
923 4118 1271 4175 conveniebat
1324 4118 1575 4190 anqelica
1629 4118 1905 4188 custodia,

440 4212 566 4268 licet
590 4214 653 4267 in
675 4215 827 4268 statu
846 4214 951 4268 isto
978 4215 1150 4285 mayis
1178 4211 1470 4285 expediat,
1498 4228 1617 4269 cum
1642 4212 1906 4269 collucta-

441 4304 640 4358 tionem
664 4301 861 4357 habeat
896 4317 1005 4357 non
1040 4300 1295 4358 adversus
1336 4317 1550 4358 carnem
1585 4305 1638 4360 et
1676 4303 1903 4373 sanqui-

438 4408 578 4459 nem,
607 4392 699 4450 sed
713 4391 962 4449 adom
983 4391 1175 4449 mundi
1199 4395 1444 4449 rectores.

450 4561 635 4628 Resd.
670 4562 751 4627 ad
785 4562 946 4644 Arg.
986 4561 1336 4627 Dicendum
1377 4563 1547 4646 quod
1567 4609 1585 4640 ‚
1627 4563 1745 4626 etsi
1782 4579 1906 4626 an-

370 4670 557 4752 gelus
597 4669 938 4755 deputatus
985 4670 1067 4735 ad
1117 4669 1469 4735 custodiam
1510 4669 1796 4734 bominis
1835 4668 1907 4733 in

371 4778 594 4843 multis
619 4779 816 4862 prosit
842 4780 902 4843 ei
928 4781 992 4843 et
1026 4778 1397 4855 subveniat,
1429 4777 1786 4860 specialiter
1809 4779 1910 4839 ta-

371 4903 525 4950 men
551 4886 633 4952 ad
664 4887 788 4952 hoc
830 4886 1197 4969 deputatur,
1227 4889 1300 4950 ut
1326 4885 1408 4949 ab
1446 4883 1751 4953 invisibili
1789 4883 1910 4948 ad-

371 4994 659 5060 versario
697 4994 1008 5059 defendat.
1056 4991 1221 5069 Quia
1263 4993 1438 5057 enim
1487 4991 1681 5056 homo
1715 4998 1739 5032 ²
1778 5005 1935 5057 non

372 5101 557 5168 habet
570 5100 1073 5169 colluctationem
1090 5099 1398 5167 adversm
1410 5116 1667 5166 carnem
1688 5105 1748 5166 et
1764 5116 1915 5165 san-

374 5208 664 5291 quinem,
713 5207 826 5275 sed
879 5207 1192 5275 adversus
1238 5206 1470 5273 mundi
1504 5213 1767 5275 rectores
1781 5255 1800 5287 ,
1849 5212 1914 5274 et

376 5316 686 5383 adversus
704 5316 1085 5400 spiritualia
1104 5316 1409 5399 nequitia
1430 5318 1507 5382 in
1536 5315 1905 5395 ecolesma-³,

441 5441 462 5477 ²
474 5440 680 5506 Hattlz„
696 5453 847 5506 xvm,
866 5443 1040 5494 {th—²
1057 5442 1335 5508 Ephes.,vs,
1355 5443 1571 5506 12.-(α)
1589 5440 1817 5493 Audeat
1831 5454 1911 5491 se.

1989 578 2104 659 qui
2131 582 2281 645 sunt
2309 580 2523 646 hostes
2555 578 2903 647 invisibiles
2920 626 2938 657 ,
2972 577 3160 643 debet
3185 595 3300 662 per
3325 596 3523 661 oppo-

1990 684 2190 751 situm
2211 688 2448 753 habere
2467 688 2817 751 invisibiles
2838 687 2939 769 adj
2948 690 3164 751 utores
3190 686 3270 750 ad
3299 686 3402 751 sui
3425 686 3524 768 ip-

1992 793 2126 859 sius
2150 796 2601 861 defensionem.
2630 794 2709 859 Et
2733 795 2887 878 quia
2909 794 3312 860 adversarius
3333 792 3527 857 undi-
3557 784 3563 791 ’

1994 919 2120 983 que
2159 921 2277 967 nos
2319 903 2662 986 impugnat
2692 925 2707 967 ε
2737 921 2889 967 nam
2925 902 3240 966 rationem
3284 900 3529 965 seducit

1993 1028 2109 1092 per
2136 1011 2399 1075 astutias
2413 1060 2428 1088 ‚
2461 1012 2860 1076 voluntatem
2896 1011 3088 1074 allicit
3122 1027 3236 1092 per
3275 1008 3527 1074 blandi-

1993 1118 2116 1181 tias
2133 1166 2151 1197 ,
2180 1118 2452 1182 virtutes
2475 1118 2776 1201 opprimit
2802 1136 2916 1202 per
2944 1117 3318 1182 violentiam
3349 1117 3528 1181 :ideo

1993 1224 2203 1289 bonus
2217 1226 2487 1308 angelus
2506 1226 2862 1309 specialiter
2878 1225 2958 1290 ad
2976 1224 3099 1290 hoc
3112 1224 3296 1288 nobis
3312 1224 3525 1299 datur,

1993 1335 2070 1396 ut
2100 1332 2431 1398 hominem
2457 1333 2747 1397 defendat
2773 1333 2854 1395 ab
2881 1330 3288 1415 oppressione
3311 1332 3533 1394 contra

1994 1440 2398 1520 violentiam,
2438 1443 2513 1504 ut
2539 1440 2871 1505 hominem
2911 1438 3161 1503 erudiat
3195 1441 3260 1501 et
3291 1436 3528 1518 dirigat

1995 1551 2217 1611 contra
2243 1546 2583 1627 fallaciam,
2616 1550 2690 1611 ut
2712 1545 3044 1610 hominem
3070 1545 3446 1608 exhortetur
3469 1546 3533 1607 et

1994 1654 2255 1720 inducat
2294 1654 2372 1718 ad
2411 1653 2657 1717 bonum
2701 1656 2923 1717 contra
2960 1650 3322 1716 blanditias.
3370 1648 3533 1726 Quia

1995 1763 2199 1844 igitur
2225 1760 2625 1826 adversarius
2647 1764 2860 1823 noster
2891 1758 3178 1823 diabolus
3202 1759 3395 1821 etiam
3420 1755 3529 1821 ho·

1996 1872 2172 1934 mine
2195 1869 2486 1933 instituto
2518 1870 2655 1931 erat
2677 1866 2912 1949 ¹fortior
2951 1870 3016 1929 et
3042 1863 3331 1943 astutior,
3374 1864 3532 1928 etin

1997 1977 2318 2059 proposito
2346 1973 2605 2039 malitiae
2645 1972 3062 2055 pertinacior;
3103 1970 3247 2035 ideo
3270 1987 3535 2053 compe-

1995 2084 2168 2148 tebat
2195 2081 2442 2147 homini
2462 2079 2601 2146 dari
2627 2079 2985 2160 angelicam
3011 2077 3362 2142 custodiam
3385 2094 3535 2158 quae

1996 2189 2443 2273 comprimeret
2484 2191 2861 2272 potestatem
2899 2186 3364 2264 adversariam,
3405 2202 3536 2247 non

2000 2302 2212 2367 solum
2239 2298 2593 2365 secundum
2617 2300 2854 2362 statum
2882 2299 3133 2360 naturae
3159 2294 3353 2378 lapsae
3371 2341 3390 2373 ‚
3427 2291 3537 2356 sed

1999 2409 2192 2473 etiam
2241 2409 2546 2472 institutae
2561 2455 2579 2487 ‚
2629 2406 2775 2469 licet
2818 2404 3027 2486 magis
3070 2420 3279 2482 nunc,
3337 2418 3536 2484 quam

2000 2519 2157 2580 tunc
2190 2514 2506 2595 indigeret
2535 2535 2551 2578 ι
2583 2511 2757 2578 unde
2796 2509 3214 2575 concedendas
3246 2512 3398 2573 sunt
3423 2526 3535 2572 ra-

1998 2622 2205 2686 tiones
2228 2621 2309 2686 ad
2327 2621 2449 2684 hoc
2480 2619 2780 2683 inductae.

2081 2734 2143 2793 1.
2193 2728 2294 2793 Ad
2334 2727 2494 2792 illud
2536 2744 2690 2790 vero
2729 2724 2903 2808 quod
2951 2723 3248 2805 objicitur
3291 2722 3501 2806 primo
3516 2769 3533 2800 ,

2000 2836 2173 2920 qnod
2216 2834 2485 2916 angelus
2528 2832 2716 2897 datur
2763 2831 3009 2896 homini
3059 2831 3140 2896 ad
3185 2829 3537 2895 custodiam

2001 2945 2258 3028 propter
2274 2940 2660 3024 supplendos
2676 2939 2983 3017 defectus3
3005 2936 3346 3002 dicendum
3365 2936 3536 3019 quod

1999 3051 2110 3117 illa
2143 3068 2278 3115 non
2315 3052 2412 3114 est
2445 3050 2577 3112 tota
2619 3064 2810 3111 causa
2825 3094 2844 3127 ‚
2885 3045 3009 3109 nisi
3051 3044 3234 3127 large
3274 3047 3541 3110 vocetur

2003 3158 2316 3242 suppletio
2353 3156 2635 3221 defectus
2648 3203 2668 3235 ‚
2710 3155 2846 3221 sive
2872 3158 3191 3237 quantum
3215 3153 3296 3217 ad
3322 3152 3538 3218 defec-

2003 3271 2148 3333 tum
2169 3267 2286 3349 qui
2309 3266 2470 3328 inest
2488 3312 2507 3344 ‚
2530 3262 2667 3328 sive
2689 3262 2882 3327 etiam
2904 3265 3220 3345 quantum
3238 3261 3317 3325 ad
3336 3259 3544 3325 defec-

2001 3378 2147 3440 tum
2170 3373 2286 3456 qui
2315 3373 2519 3454 potest
2547 3369 2787 3447 inesse,
2817 3373 3051 3433 utnon
3078 3367 3233 3432 insit
3261 3388 3276 3432 ε
3304 3371 3367 3431 et
3398 3366 3544 3431 licet

2003 3481 2075 3546 in
2091 3480 2299 3566 primo
2326 3478 2592 3543 homine
2611 3494 2745 3541 non
2761 3480 2927 3541 esset
2947 3475 3229 3540 defectus
3248 3473 3540 3554 actualis,

2006 3591 2144 3654 erat
2184 3593 2402 3652 tamen
2436 3587 2508 3650 in
2548 3603 2626 3649 eo
2667 3582 3148 3649 defectibilitas:
3190 3583 3255 3646 et
3280 3580 3334 3643 si
3370 3598 3451 3645 ex
3478 3598 3546 3644 se

2007 3713 2141 3760 non
2167 3693 2429 3758 haberet
2473 3691 2789 3756 deiectum
2804 3740 2822 3771 ‚
2869 3690 2940 3753 in
2980 3689 3296 3753 desectum
3332 3692 3547 3751 tamen

2007 3800 2389 3886 praecipitari
2414 3801 2661 3883 poterat
2698 3816 2812 3880 per
2847 3815 3040 3861 suum
3080 3793 3541 3860 adversarium.

2091 3916 2152 3975 2.
2186 3909 2287 3974 Ad
2315 3906 2474 3976 illud
2511 3906 2684 3989 quod
2718 3905 3044 3988 objicitur,
3083 3902 3254 3986 quod
3277 3900 3550 3982 angelus

2009 4035 2145 4082 non
2169 4018 2511 4099 deputatur
2532 4013 2614 4078 ad
2636 4011 2990 4077 custodiam
3007 4010 3268 4077 alterius
3290 4007 3507 4089 angeli
3526 4028 3542 4088 ;

2012 4123 2354 4191 dicendum
2394 4119 2567 4203 quod
2584 4167 2603 4199 ‚
2648 4119 2766 4183 etsi
2808 4118 3080 4200 angelus
3127 4116 3326 4200 possit
3367 4114 3550 4179 alteri

2011 4231 2245 4313 angelo
2262 4227 2603 4312 praesidere
2621 4273 2640 4303 ‚
2663 4229 2879 4290 tamen
2897 4225 3148 4308 proprie
3166 4242 3299 4288 non
3321 4222 3552 4288 dicitur

2011 4339 2226 4424 ipsum
2251 4333 2566 4400 custodire
2590 4349 2781 4396 :nam
2814 4332 2920 4395 ille
2938 4331 3114 4396 solus
3143 4330 3390 4411 indiget
3412 4346 3552 4393 cus-

2011 4445 2208 4523 todia,
2228 4442 2342 4526 qui
2354 4444 2559 4524 potest
2578 4437 2973 4522 impugnari,
2990 4440 3057 4502 et
3068 4455 3181 4520 per
3196 4436 3551 4501 custodiam

2011 4570 2314 4637 superare
2336 4600 2354 4631 ,
2370 4549 2475 4617 vel
2489 4548 2729 4631 absque
2752 4545 3044 4611 custodia
3056 4563 3123 4609 se
3141 4544 3220 4629 (a)
3245 4544 3508 4627 perdere
3530 4563 3549 4609 ε

2014 4666 2081 4727 et
2103 4662 2208 4727 ille
2233 4658 2407 4724 solus
2443 4656 2634 4721 debet
2664 4654 2983 4720 custodire
2998 4702 3014 4732 ‚
3043 4654 3159 4737 qui
3185 4671 3319 4718 non
3348 4656 3554 4736 potest

2015 4767 2410 4853 expugnari,
2446 4782 2565 4829 nec
2601 4764 2884 4848 perdere.
2923 4761 3002 4827 Et
3034 4762 3188 4826 hinc
3223 4765 3348 4838 est,
3379 4759 3554 4844 quod

2018 4880 2289 4962 angelus
2312 4878 2515 4960 potest
2537 4872 2825 4956 deputari
2852 4870 2932 4935 ad
2964 4869 3315 4935 custodiam
3338 4868 3552 4933 homi-

2018 4988 2120 5051 nis
2139 4984 2444 5063 instituti,
2465 4986 2531 5046 et
2545 4999 2674 5045 non
2692 4977 2954 5044 alterius
2974 4977 3189 5059 angeli
3218 4996 3236 5041 t
3265 4994 3422 5041 nam
3443 4994 3553 5039 an·

2019 5093 2152 5175 geli
2188 5090 2383 5155 simul
2411 5086 2646 5153 conditi
2670 5088 2854 5163 sunt3
2901 5087 2964 5148 et
2997 5083 3193 5147 simul
3218 5083 3411 5147 etiam
3443 5082 3556 5165 qui

2018 5201 2459 5266 beatificantur
2483 5192 2820 5260 beatificati
2842 5195 3024 5270 sunt;
3051 5193 3116 5254 et
3130 5188 3324 5253 simul
3335 5187 3552 5268 etiam,

2021 5310 2135 5394 qui
2150 5308 2591 5392 peccaverunt,
2609 5298 3182 5382 irrecuperabiliter
3196 5296 3358 5380 lapsi
3376 5298 3553 5360 sunt:

2021 5421 2087 5483 et
2111 5417 2252 5483 ideo
2276 5414 2547 5496 angelus
2584 5426 2720 5474 non
2755 5408 2963 5491 potest
2989 5405 3276 5489 deputari
3309 5403 3390 5468 ad
3413 5421 3556 5467 cus-
