4125 6225
1312 367 1505 434 DIST.
1545 369 1781 435 XLVII.
1826 369 2006 434 ART.
2050 371 2097 433 Ι.
2144 370 2444 449 QUAEST.
2490 373 2568 436 ΙΙ.

349 505 568 568 contra
583 503 880 568 divinum
897 502 1275 568 mandatum
1293 521 1311 566 :
1335 522 1491 584 ergo
1508 509 1729 569 contra
1747 523 1885 570 om-

346 609 458 671 nia
483 609 628 672 alia.

432 719 490 778 5.
534 716 729 798 Item,
774 719 1029 782 videtur
1064 718 1238 799 quod
1279 717 1631 800 specialiter
1667 724 1887 784 contra

350 827 866 911 permissionem,
906 827 1058 911 quia
1093 828 1426 909 permissio
1466 847 1598 891 non
1634 833 1727 893 est
1763 829 1886 894 nisi

350 936 504 999 mali
535 937 738 1018 culpae
777 959 792 1000 z
824 936 933 1000 sed
960 935 1207 999 malum
1229 936 1433 1018 culpae
1461 953 1593 999 non
1620 941 1715 1001 est
1738 956 1884 1002 ma-

350 1045 518 1119 lum,
562 1043 684 1106 nisi
717 1043 1074 1107 voluntarie
1118 1045 1229 1106 fiat
1268 1065 1282 1107 :
1324 1048 1386 1106 et
1427 1044 1482 1106 si
1525 1044 1885 1109 voluntarie

352 1151 452 1224 fit,
482 1152 684 1231 potest
724 1168 857 1212 non
896 1150 1035 1212 fieri
1069 1171 1084 1212 z
1125 1167 1283 1228 ergo
1318 1150 1719 1232 permittente
1757 1151 1885 1215 Deo

351 1257 628 1339 aliquem
655 1257 819 1320 male
838 1258 1039 1321 facere
1055 1306 1071 1333 ,
1093 1261 1297 1339 potest
1312 1276 1441 1320 non
1456 1258 1659 1322 facere
1688 1280 1702 1319 ι
1723 1277 1881 1341 ergo

349 1367 555 1447 potest
580 1366 781 1428 facere
807 1368 1024 1427 contra
1056 1365 1562 1446 permissionem.

429 1476 491 1535 6.
524 1471 677 1536 Item
699 1520 716 1548 ,
748 1490 939 1553 super
963 1472 1119 1535 illud
1146 1471 1376 1536 Psalmi
1399 1473 1416 1506 ¹
1449 1495 1464 1536 ε
1494 1472 1753 1539 Eduxit
1780 1489 1879 1538 eos

351 1596 493 1645 cum
522 1587 783 1662 arqento
812 1585 869 1644 et
896 1595 1088 1648 auro,-
1111 1579 1323 1642 Glossa
1340 1579 1489 1644 dicit
1515 1580 1686 1662 quod
1715 1580 1884 1643 idem

352 1688 472 1752 fuit
502 1692 926 1769 praeceptum,
958 1690 1021 1749 et
1047 1686 1467 1768 permissum,
1506 1685 1741 1749 scilicet
1776 1705 1884 1749 as·-

350 1795 620 1875 portatio
637 1810 940 1857 vasorum
968 1815 982 1857 :
1006 1773 1162 1874 ergo
1181 1809 1329 1857 cum
1358 1793 1551 1874 possit
1572 1793 1712 1857 fieri
1733 1811 1886 1858 con-

352 1905 451 1964 tra
475 1905 894 1983 praeceptum,
925 1902 1064 1983 pari
1102 1901 1349 1966 ratione
1381 1906 1444 1966 et
1487 1905 1706 1965 contra
1733 1920 1886 1984 per-

352 2009 751 2087 missionem,
791 2015 855 2073 et
885 2015 1103 2073 contra
1136 2011 1262 2073 alia
1294 2033 1308 2073 ε
1340 2028 1454 2093 per
1492 2028 1887 2092 consequens

352 2133 508 2198 ergo
526 2120 744 2180 contra
767 2117 1037 2181 omnem'
1054 2117 1451 2182 voluntatem
1476 2117 1673 2199 signi.

861 2381 1380 2449 CONCLUSIO.

351 2554 526 2607 Potest
566 2555 687 2623 fieri
732 2555 919 2607 contra
954 2554 1113 2621 siqua
1154 2551 1355 2606 divinoe
1391 2551 1727 2619 voluntatis,
1769 2565 1887 2620 quae

420 2645 715 2712 respiciunt
740 2643 1007 2711 futurum,
1051 2641 1142 2697 secl
1165 2657 1270 2696 non
1298 2644 1486 2695 contra
1512 2656 1576 2704 ea
1607 2656 1723 2710 quoe
1749 2654 1888 2710 proe-

421 2747 534 2786 sens
564 2729 661 2804 (a),
693 2747 805 2786 cum
832 2731 938 2786 haec
965 2734 1179 2800 siquem
1204 2731 1537 2786 voluntatem
1565 2729 1883 2797 absolutam,

424 2821 527 2876 illa
547 2835 671 2875 vero
698 2820 1151 2876 conditionatum.

431 2979 614 3062 Resp.
646 2979 726 3042 ad
752 2980 911 3059 Arg.
943 2979 1292 3043 Dicendum
1320 2978 1491 3060 quod
1519 2980 1743 3041 contra
1770 2977 1888 3040 ali-

351 3087 519 3169 quod
543 3086 807 3167 signum
836 3087 1072 3151 divinae
1100 3084 1449 3151 voluntatis
1477 3089 1682 3167 potest
1710 3084 1884 3157 fieri,

353 3198 573 3258 contra
607 3194 864 3275 aliquod
898 3214 1051 3258 non.
1100 3194 1178 3258 Et
1219 3194 1379 3257 ratio
1416 3194 1615 3274 hujus
1653 3192 1889 3275 duplex

354 3305 468 3379 est,
482 3318 562 3364 ex
576 3300 810 3383 duplici
824 3302 1011 3365 modo
1022 3301 1453 3383 distinguendi
1467 3296 1675 3379 signa.
1701 3297 1892 3376 Quae-

354 3409 500 3471 dam
528 3408 705 3471 enim
724 3409 1089 3490 suntsigna
1114 3412 1407 3490 respectu
1431 3400 1794 3489 praesentiS,
1818 3410 1892 3469 ut

353 3515 633 3596 impletio
661 3519 724 3577 et
749 3515 1108 3598 permissio;
1145 3517 1441 3596 quaedam
1467 3520 1755 3596 respectu
1787 3515 1890 3576 fu·
1922 3528 1927 3532 ·

353 3622 508 3699 turi,
542 3623 614 3683 ut
637 3623 975 3703 praeceptio
992 3670 1008 3699 ,
1039 3628 1103 3685 et
1125 3622 1461 3685 consilium
1478 3669 1494 3697 ,
1527 3626 1588 3685 et
1608 3602 1893 3703 prohibi-

355 3732 461 3795 tio.
500 3730 575 3795 Et
615 3732 918 3811 quoniam
960 3730 1038 3793 de
1072 3729 1371 3810 praesenti
1406 3729 1575 3810 quod
1615 3729 1721 3805 fit,
1768 3729 1895 3790 im-

354 3843 647 3923 possibile
675 3846 766 3904 est
800 3837 1191 3920 inpraesenti
1217 3855 1349 3899 non
1374 3836 1545 3915 fieri,
1585 3836 1892 3917 quoniam

354 3968 542 4012 omne
563 3949 732 4030 quod
752 3952 866 4021 est,
890 3945 1144 4027 quando
1167 3948 1280 4020 est,
1299 3963 1551 4006 necesse
1571 3948 1663 4007 est
1678 3963 1812 4008 esse
1832 3949 1887 4023 ²3

354 4057 493 4120 ideo
520 4061 808 4138 respectu
829 4054 1168 4133 signorum
1190 4052 1267 4114 de
1294 4052 1591 4133 praesenti
1615 4070 1747 4114 non
1776 4070 1892 4133 po-

358 4168 473 4227 test
497 4182 632 4227 esse
672 4161 1061 4236 resistentia,
1105 4161 1258 4241 quia
1284 4160 1336 4221 si
1378 4159 1460 4222 sit
1500 4160 1888 4239 resistentia,

347 4274 487 4354 jam
524 4291 655 4335 non
694 4274 846 4334 sunt
888 4269 1245 4352 praesentia.
1285 4266 1448 4344 Quia
1475 4286 1629 4331 vero
1673 4268 1893 4332 futura

356 4379 459 4444 vel
482 4379 763 4443 facienda
792 4381 1059 4459 possunt
1076 4395 1205 4439 non
1224 4376 1385 4450 fieri,
1414 4376 1557 4439 ideo
1577 4380 1893 4457 quantum

358 4487 435 4550 ad
483 4489 672 4567 signa
718 4485 840 4548 tria
882 4483 1243 4565 sequentia,
1290 4482 1649 4545 resistentia
1689 4485 1895 4565 potest

358 4612 512 4659 esse.
557 4594 698 4657 Alia
750 4592 912 4654 ratio
961 4591 1239 4653 sumitur
1284 4589 1637 4652 secundum
1686 4590 1891 4653 alium

358 4702 620 4766 modum
666 4699 1140 4780 distinguendi3
1197 4698 1351 4779 quia
1401 4696 1701 4779 quaedam
1745 4702 1896 4761 sunt

358 4808 542 4889 signa
574 4808 809 4872 dlvinae
844 4805 1193 4870 voluntatis
1229 4804 1566 4882 absolutae,
1602 4804 1894 4886 quaedam

359 4915 815 4979 conditionatae.
862 4912 1013 4976 Dico
1059 4931 1215 4995 ergo
1257 4912 1429 4994 quod
1474 4911 1627 4993 quia
1677 4916 1896 4974 contra

360 5025 751 5087 voluntatem
777 5022 1133 5086 absolutam
1163 5041 1295 5085 non
1323 5026 1527 5103 potest
1552 5022 1689 5084 fieri
1711 5068 1727 5097 ,
1764 5039 1895 5084 non

360 5134 558 5212 potest
580 5131 773 5195 etiam
794 5130 936 5195 fleri
961 5134 1182 5194 contra
1198 5130 1387 5210 signa
1404 5129 1750 5193 voluntatis
1778 5130 1897 5192 ab-

362 5237 610 5315 solutae,
644 5242 863 5319 utpote
888 5240 1043 5299 sunt
1072 5236 1391 5319 impleti0‚
1430 5240 1496 5299 et
1534 5237 1889 5318 permissio.

426 5360 537 5410 ¹1³⁸.
561 5373 666 5424 CIV,
682 5364 826 5411 37.—
844 5362 867 5394 ²
885 5360 1060 5424 Arist„
1078 5359 1138 5410 de
1154 5361 1440 5425 Inter-pret„
1460 5359 1551 5410 lib.
1579 5363 1620 5411 Ι.

3413 382 3533 441 215

2001 504 2163 582 Quia
2183 525 2337 571 vero
2355 512 2576 571 contra
2608 509 3002 572 voluntatem
3024 511 3500 576 antecedentem
3516 561 3533 589 ,

1998 613 2133 676 sive
2163 615 2689 691 conditionatam,
2721 620 2926 699 potest
2951 618 3090 681 fieri
3110 666 3127 696 ,
3160 618 3312 700 quia
3335 623 3538 702 potest

1995 721 2192 786 homo
2220 723 2531 788 divertere
2573 724 2653 786 ab
2697 725 2922 789 ordine
2966 726 3047 790 ad
3088 745 3284 809 quem
3309 745 3391 790 ex
3434 728 3536 791 sui

1996 829 2446 894 constitutione
2473 831 2763 895 conditus
2782 836 2910 911 est3
2936 833 3088 896 hinc
3111 835 3205 897 est
3226 835 3400 916 quod
3421 854 3537 917 po-

1995 939 2116 1000 test
2141 936 2282 1000 fieri
2301 941 2520 1004 contra
2545 939 2939 1004 voluntatem
2962 941 3156 1022 signi,
3188 961 3335 1025 quae
3359 944 3536 1007 illam

1996 1043 2229 1124 signat,
2252 1045 2486 1109 scilicet
2503 1049 2723 1111 contra
2741 1048 3262 1129 prohibitionem,
3287 1054 3350 1114 et
3367 1069 3537 1133 prae-

1999 1152 2389 1232 ceptionem,
2411 1156 2475 1215 et
2501 1154 2859 1218 consilium.

2081 1262 2137 1321 1.
2194 1258 2292 1323 Ad
2333 1259 2489 1323 illud
2534 1261 2704 1341 quod
2750 1261 3051 1342 objicitur
3097 1263 3267 1346 quod
3317 1268 3537 1329 contra

1995 1365 2252 1429 nullum
2286 1370 2490 1448 potest
2517 1368 2686 1444 fieri,
2731 1371 2903 1450 patet
2936 1370 3194 1449 soluti0,
3227 1372 3399 1453 quod
3442 1377 3538 1436 est

1993 1471 2218 1535 falsum
2232 1519 2246 1533 .
2509 1488 2514 1492 ·

2076 1581 2136 1640 2.
2163 1577 2259 1640 Ad
2288 1577 2447 1641 illud
2473 1578 2646 1659 quod
2671 1577 2969 1659 objicitur
2990 1578 3161 1660 quod
3190 1580 3534 1644 minimum

1997 1687 2095 1749 est
2119 1685 2480 1767 permissio;
2512 1685 2852 1750 dicendum
2887 1686 3060 1768 quod
3089 1688 3294 1768 major
3329 1688 3534 1769 signi-

1994 1793 2232 1871 ficatiO,
2282 1791 2386 1855 vel
2426 1792 2658 1870 minor,
2707 1792 2872 1855 nihil
2916 1792 3062 1855 facit
3106 1793 3184 1856 ad
3218 1794 3370 1870 hoc,
3425 1795 3534 1860 sed

1994 1899 2474 1984 praesentialitas
2497 1899 2757 1964 effectus
2786 1921 2801 1963 z
2834 1900 2936 1965 vel
2964 1900 3193 1979 etiam,
3226 1901 3378 1984 quia
3399 1902 3536 1984 sig-

1993 2013 2107 2074 nat
2133 2010 2527 2073 voluntatem
2550 2009 2904 2073 absolutam
2919 2056 2937 2086 ,
2960 2027 3091 2091 qua
3116 2008 3360 2092 aliquid
3382 2029 3535 2074 con-

1994 2120 2175 2182 notat
2201 2117 2511 2181 absolute.

2077 2229 2136 2287 3.
2167 2224 2262 2288 Ad
2294 2224 2450 2287 illud
2478 2222 2651 2305 quod
2677 2223 2975 2305 objicitur
3005 2221 3178 2304 quod
3212 2223 3535 2304 potentius

1995 2337 2090 2397 est
2107 2332 2265 2396 illud
2279 2336 2498 2395 contra
2517 2334 2703 2413 cujus
2718 2332 2984 2412 signum
2999 2349 3131 2395 non
3147 2335 3351 2412 potest
3370 2331 3530 2410 fieri,

1995 2438 2334 2503 dicendum
2368 2440 2541 2521 quod
2567 2456 2798 2501 verum
2826 2443 2918 2500 est
2949 2438 3207 2519 quando
3239 2438 3536 2501 voluntas

1995 2546 2134 2610 vult
2161 2545 2421 2609 omnino
2450 2546 2620 2628 quod
2643 2545 2803 2608 nihil
2821 2546 2954 2620 fiat,
2982 2545 3108 2607 nisi
3133 2544 3304 2626 quod
3330 2549 3534 2608 osten-

1996 2653 2091 2715 dit
2115 2672 2180 2716 se
2212 2653 2371 2716 velle
2399 2673 2415 2716 :
2448 2652 2555 2716 sed
2590 2651 2810 2715 divina
2833 2650 3130 2714 voluntas
3157 2668 3289 2714 non
3317 2654 3411 2713 est
3436 2655 3530 2713 ta-

1993 2760 2097 2840 lis,
2128 2762 2259 2825 imo
2283 2761 2423 2826 vult
2451 2760 2624 2842 quod
2645 2758 3090 2840 unusquisque
3122 2757 3354 2820 habeat
3382 2775 3531 2838 pro-

1997 2868 2205 2950 priam
2239 2868 2624 2944 libertatem,
2657 2870 2720 2929 et
2743 2866 2929 2930 faciat
2961 2865 3134 2947 quod
3160 2865 3322 2929 vult.
3357 2863 3535 2930 Unde

1996 2977 2277 3059 potentia
2301 2976 2568 3039 faciendi
2588 2978 2808 3038 contra
2829 2974 3115 3037 divinam
3134 2974 3534 3037 voluntatem

1996 3089 2091 3149 est
2118 3103 2157 3149 a
2180 3084 2752 3150 divina.voluntate
2785 3105 2799 3147 ε
2826 3086 2889 3146 et
2912 3082 3053 3146 ideo
3076 3099 3208 3146 non
3235 3085 3396 3146 esset
3414 3099 3533 3164 po-

1996 3194 2231 3259 tentior
2276 3198 2533 3276 propter
2576 3195 2720 3257 hoc.
2774 3192 2953 3257 Unde
3003 3192 3533 3273 distinguendum

1998 3304 2168 3385 quod
2198 3321 2376 3384 posse
2401 3303 2607 3367 facere
2633 3306 2853 3365 contra
2886 3301 3152 3382 signum
3187 3300 3536 3364 voluntatis

1998 3411 2271 3490 alicujus
2317 3413 2432 3474 aut
2474 3413 2569 3472 est
2605 3413 2823 3472 contra
2862 3410 3294 3483 voluntatem,
3342 3412 3406 3471 et
3449 3407 3538 3472 sic

2000 3526 2329 3585 attestatur
2362 3521 2782 3602 impotentiae3
2816 3526 2928 3583 aut
2953 3520 3111 3584 illud
3152 3538 3334 3601 posse
3367 3523 3462 3582 est
3498 3539 3539 3583 a

1999 3629 2350 3706 voluntate,
2378 3631 2563 3709 cujus
2578 3633 2672 3690 est
2693 3628 2981 3708 signum,
3003 3632 3065 3690 et
3084 3626 3172 3689 sic
3194 3640 3326 3690 n'ou
3346 3630 3530 3690 attesu

1999 3741 2172 3800 tatur
2195 3738 2586 3819 impotentiae
2606 3784 2623 3814 ,
2655 3737 2762 3799 sed
2791 3737 3002 3815 magis
3021 3735 3343 3817 potentiae.

2086 3849 2148 3907 4.
2166 3845 2258 3908 Ad
2277 3845 2432 3908 illud
2454 3845 2622 3925 quod
2643 3845 2942 3924 objicitur
2960 3841 3131 3924 quod
3149 3846 3369 3904 contra
3393 3857 3539 3904 om-

2002 3953 2139 4030 nia,
2175 3952 2328 4033 quia
2361 3953 2433 4013 fit
2479 3956 2702 4014 contra
2739 3949 3232 4031 praeceptionem
3261 3965 3409 4029 quae
3448 3951 3542 4009 est

2002 4058 2363 4121 maximum
2408 4058 2701 4138 signum3
2745 4056 3126 4119 solvendum
3168 4059 3264 4117 est
3294 4072 3407 4135 per
3441 4053 3541 4115 in—

2000 4162 2484 4243 teremptionem
2501 4209 2518 4235 ,
2584 4160 2755 4243 quod
2819 4177 2951 4222 non
3013 4161 3109 4221 est
3173 4157 3562 4220 maximum=

1998 4269 2291 4349 signum,
2325 4268 2479 4350 quia
2508 4267 2791 4348 impletio
2821 4268 3030 4347 majus
3064 4268 3179 4328 est.
3220 4262 3539 4326 Praeterea

2001 4371 2124 4434 hoc
2141 4371 2300 4435 nihil
2327 4372 2470 4433 tacit
2485 4371 2564 4434 ad
2586 4370 3003 4452 propositum,
3030 4368 3138 4431 sed
3165 4365 3536 4449 praesentia-

2000 4479 2144 4543 litas
2171 4480 2239 4542 in
2256 4480 2516 4554 effectu,
2548 4483 2611 4543 et
2638 4478 2949 4542 absolutio
2973 4478 3041 4540 in
3069 4475 3452 4557 significato.

2084 4592 2137 4651 5.
2171 4588 2267 4652 Ad
2299 4588 2456 4653 illud
2490 4588 2660 4670 quod
2682 4586 2978 4668 objicitur
3003 4584 3173 4667 quod
3209 4585 3282 4646 fit
3323 4583 3545 4645 contra

2002 4694 2507 4777 permissionem,
2536 4694 2689 4775 quia
2707 4696 2995 4775 peccator
3019 4694 3224 4772 potest
3244 4706 3376 4752 non
3404 4705 3546 4769 pec-

2004 4820 2181 4878 care3
2218 4801 2557 4865 dicendum
2582 4799 2754 4883 quod
2784 4798 2949 4863 Deus
2976 4816 3108 4861 non
3145 4796 3378 4862 dicitur
3405 4812 3546 4875 per-

2005 4911 2256 4974 mittere
2308 4926 2566 4991 peccare
2587 4957 2604 4983 ,
2656 4908 2780 4971 nisi
2831 4925 2985 4971 eum
3033 4905 3146 4988 qui
3214 4902 3545 4967 actualiter

2005 5022 2218 5103 peccat
2240 5066 2256 5093 ,
2297 5017 2452 5081 dum
2487 5017 2730 5099 peccat;
2761 5018 2824 5078 et
2852 5017 3007 5077 tunc
3029 5009 3420 5094 impossibile
3450 5012 3548 5072 est

2007 5145 2160 5191 eum
2186 5144 2318 5189 non
2343 5142 2626 5207 peccare.

2088 5239 2149 5298 6.
2167 5234 2260 5297 Ad
2275 5233 2436 5297 illud
2450 5231 2622 5316 quod
2632 5230 2861 5294 ultimo
2870 5227 3168 5309 oincitur
3178 5226 3353 5310 quod
3373 5225 3547 5290 idem

2075 5360 2140 5426 (a)
2167 5358 2287 5409 Caet.
2307 5357 2432 5407 edit.
2461 5370 2577 5423 quae
2601 5356 2841 5420 possunt.
