4125 6225
709 424 829 486 460
1817 417 2436 487 SENTENTIARUM
2475 419 2623 487 ΠΒ.
2667 420 2747 486 11.

521 566 669 609 nuum
800 556 1121 627 Praeterea
1146 555 1542 639 considerari
1574 562 1865 648 oportet,
1902 563 2131 626 utrum
2158 579 2384 626 omnes
2407 557 2626 648 angeli
2654 555 2947 650 ejusdem
2985 553 3235 625 ordinis
3273 552 3555 647 aequales
3583 553 3741 622 sint.
3788 554 3881 623 Ita

511 639 659 671 omne!

512 689 656 747 wseli
711 694 847 741 esse
865 672 1263 764 quibusdam
1291 672 1569 765 placuit3
1592 672 1704 742 sed
1733 695 1868 742 non
1891 682 1988 743 est
2013 673 2139 742 hoc
2159 672 2521 766 probabile,
2551 696 2672 741 nec
2700 672 3051 743 assertione
3070 671 3348 760 dignum
3372 695 3388 738 ε
3411 669 3571 762 quia
3596 669 3876 752 Lucifer,

491 754 683 859 2³:335?
709 788 829 880 qui
857 788 986 857 fuit
1012 789 1093 858 de
1123 789 1399 879 collegio
1426 790 1877 881 superiorum,
1907 790 2067 882 ipsis
2092 790 2289 859 etiam
2308 790 2571 880 dignior
2590 789 2839 875 extitit,
2870 789 2988 880 qui
3015 788 3162 857 uiis
3181 786 3672 856 excellentiores
3688 788 3881 857 creati

538 879 623 920 sint

479 940 680 995 „qudem
711 904 992 973 fuerant.
1029 905 1130 974 Ex
1163 928 1299 998 quo
1328 905 1686 998 percipitur
1711 906 1889 998 quod
1918 906 1969 974 si
2000 907 2413 999 perstitisset,
2445 907 2515 975 in
2543 907 2772 976 ordine
2796 904 3120 998 superiori
3155 904 3421 989 fuisset,
3452 911 3517 972 et
3543 904 3691 973 aliis
3716 903 3881 995 ejus-

708 1021 858 1089 dem
886 1021 1136 1090 ordinis
1163 1022 1429 1112 dignior
1463 1022 1802 1091 extitisset.
1845 1022 2030 1091 Sicut
2056 1023 2234 1091 enim
2263 1046 2437 1092 unus
2473 1032 2569 1092 est
2605 1022 2767 1092 ordo
2815 1021 3297 1114 apostolorum,
3343 1029 3407 1089 et
3449 1021 3614 1090 alter
3644 1029 3882 1113 marty-

707 1159 858 1206 rum
878 1190 896 1225 ,
926 1146 991 1206 et
1036 1145 1254 1207 tamen
1291 1140 1360 1206 in
1387 1138 1695 1230 apostolis
1721 1138 1835 1206 alii
1862 1139 2009 1207 aliis
2034 1147 2192 1207 sunt
2217 1138 2549 1230 digniores
2570 1192 2588 1227 ,
2620 1138 2925 1208 similiter
2958 1146 3024 1207 et
3062 1137 3133 1206 in
3159 1137 3559 1229 martyribus
3589 1136 3705 1205 alii
3740 1137 3880 1207 aliis

709 1260 865 1320 sunt
896 1254 1264 1344 superiores
1287 1281 1305 1341 3
1337 1254 1429 1323 ita
1455 1261 1519 1323 et
1543 1255 1616 1322 in
1642 1254 1992 1323 ordinibus
2014 1256 2402 1345 angelorum
2429 1264 2600 1325 recte
2625 1255 2920 1324 creditur
2944 1276 3103 1323 esse.

501 1371 683 1423 0⁰⁰m0·
807 1370 1186 1441 Notandum
1213 1370 1410 1439 etiam
1435 1369 1612 1463 quod
1639 1370 1929 1439 decimus
1954 1372 2115 1440 ordo
2140 1371 2384 1462 legitur
2405 1372 2485 1440 de
2504 1371 2881 1441 hominibus
2899 1369 3387 1439 restaurandus.
3415 1370 3547 1440 Sed
3564 1393 3721 1439 cum
3750 1393 3878 1440 non

492 1435 548 1477 do
602 1436 612 1476 i

486 1436 684 1570 3⁰⁶2&
709 1492 842 1561 sint
885 1490 1011 1559 nisi
1038 1510 1278 1557 novem
1305 1486 1602 1573 ordines,
1633 1509 1750 1555 nec
1778 1487 1999 1578 plures
2043 1489 2353 1575 fuissent,
2393 1488 2646 1557 etiamsi
2673 1488 2799 1576 illi,
2832 1488 2947 1581 qui
2971 1488 3381 1576 ceciderunt,
3420 1487 3871 1580 perstitissent,

489 1571 538 1601 ra
569 1562 684 1602 deci-

473 1634 585 1664 mum
609 1636 681 1665 or·
714 1615 1064 1678 moventur
1092 1606 1361 1674 lectores
1384 1627 1519 1697 quo
1553 1604 1747 1674 modo
1776 1604 2116 1698 Scriptura
2141 1606 2312 1675 dicat
2341 1605 2669 1675 decimum
2695 1604 2994 1674 ordinem
3021 1605 3331 1697 compleri
3368 1626 3450 1673 ex
3477 1604 3875 1673 hominibus.

469 1683 682 1790 diissfflnif
712 1723 1069 1815 Gregorius
1101 1745 1389 1814 namque
1418 1724 1509 1790 ait
1536 1725 1554 1759 ¹
1590 1746 1605 1789 ε
1646 1747 1681 1787 a
1706 1722 2005 1791 homines
2041 1721 2466 1792 assumendos
2491 1722 2563 1792 in
2600 1722 2830 1791 ordine
2857 1723 3243 1812 angelorum
3267 1774 3285 1809 ,
3326 1743 3616 1814 quorum
3645 1720 3763 1789 alii
3786 1742 3879 1789 as·

470 1809 551 1853 bus
572 1823 685 1854 com·

507 1874 645 1930 puni,
712 1848 1070 1910 sumuntur
1096 1840 1169 1907 in
1198 1838 1426 1907 ordine
1451 1839 1866 1929 superiorum
1891 1890 1909 1925 ,
1941 1839 2057 1932 qui
2084 1839 2325 1907 scilicet
2353 1841 2561 1929 magis
2586 1839 2818 1908 ardent
2840 1838 3153 1908 charitate
3175 1865 3192 1924 3
3224 1837 3338 1906 alii
3364 1838 3436 1906 in
3462 1838 3697 1907 ordine
3722 1837 3879 1907 infe·

471 1948 567 1978 cum
597 1950 684 1979 non
748 1958 763 1972 0

491 2000 576 2042 „nt
600 1999 683 2042 Μ
711 1981 963 2027 riorum
982 2009 1000 2044 ,
1030 1956 1152 2049 qui
1178 1955 1420 2024 scilicet
1448 1956 1670 2024 minus
1696 1955 1962 2048 perfecti
1990 1965 2170 2024 sunt.
2201 1981 2238 2022 >v
2282 1957 2382 2025 Ex
2416 1980 2552 2049 quo
2579 1964 2847 2049 apparet
2882 1978 3017 2026 non
3043 1979 3179 2025 esse
3210 1954 3292 2025 de
3318 1954 3720 2036 ,hominihus
3757 1955 3878 2024 for-

494 2073 683 2170 ζξὲζζξζ
714 2075 1034 2144 mendum
1062 2073 1392 2142 decimum
1420 2072 1755 2158 ordinem,
1802 2081 2115 2166 tanquam
2157 2096 2396 2143 novem
2427 2074 2560 2143 sint
2594 2074 3012 2164 angelorum,
3055 2082 3121 2143 et
3158 2072 3450 2142 decimus
3491 2071 3874 2157 hominum;

710 2193 820 2260 sed
850 2192 1188 2274 homines,
1220 2212 1341 2283 pro
1381 2190 1698 2283 qualitate
1726 2191 2111 2259 meritorum
2132 2242 2150 2277 ,
2181 2191 2524 2260 statuendo
2551 2192 2623 2259 in
2660 2190 3003 2260 ordinibus
3041 2190 3455 2280 angelorum.
3498 2188 3694 2271 Quod
3730 2211 3877 2278 ergo

708 2309 954 2399 legitur
980 2308 1275 2377 decimus
1300 2308 1461 2377 ordo
1488 2307 1914 2399 complendus
1938 2307 2020 2376 de
2051 2306 2433 2377 hominihus
2449 2361 2467 2396 ,
2506 2332 2588 2378 ex
2614 2308 2732 2378 tali
2758 2330 2953 2377 sensu
2978 2307 3229 2376 dictum
3256 2306 3395 2375 fore
3421 2306 3623 2398 accipi
3650 2314 3871 2398 potest,

709 2426 869 2518 quia
893 2425 975 2494 de
1002 2423 1385 2493 hominibus
1409 2423 1882 2492 restaurabitur
1916 2424 2097 2515 quod
2123 2423 2193 2491 in
2221 2425 2472 2515 angelis
2498 2425 2755 2517 lapsum
2783 2433 2916 2512 est,
2948 2423 3028 2493 de
3054 2423 3301 2516 quibus
3329 2429 3423 2490 tot
3447 2429 3869 2508 corruerunt,

707 2552 784 2611 ut
809 2542 1013 2635 possit
1041 2542 1185 2610 fieri
1205 2540 1494 2610 decimus
1513 2540 1696 2610 ordo.
1722 2540 1997 2633 Propter
2013 2541 2193 2633 quod
2215 2542 2567 2633 Apostolus
2583 2541 2743 2610 dicit
2758 2548 2783 2582 ¹
2808 2566 2824 2608 :
2853 2540 3241 2610 Restaurari
3252 2539 3482 2608 omnia
3496 2538 3571 2607 in
3593 2538 3872 2621 Christo,

710 2682 853 2752 quae
878 2660 952 2727 in
982 2659 1163 2727 coelis
1182 2710 1200 2745 ,
1233 2669 1295 2726 et
1329 2681 1477 2750 quae
1503 2657 1709 2726 eciam
1737 2658 1810 2725 in
1840 2658 2032 2726 terris
2059 2670 2239 2741 sunt,
2272 2659 2431 2752 quia
2458 2679 2573 2750 per
2598 2659 2931 2728 Christum
2961 2658 3375 2748 redemptum
3401 2664 3497 2724 est
3519 2678 3731 2746 genus
3758 2655 3880 2724 hu-

710 2797 1017 2844 manum:
1050 2775 1129 2844 de
1165 2798 1300 2867 quo
1341 2775 1420 2842 fit
1463 2774 1786 2866 reparatio
1826 2774 2039 2843 ruinae
2076 2775 2387 2865 angelicae
2419 2800 2434 2844 :
2466 2784 2686 2845 tamen
2725 2797 2861 2845 non
2899 2774 3119 2844 miuus
3159 2773 3523 2843 salvaretur
3564 2772 3800 2857 homo,
3825 2772 3878 2838 si

710 2892 986 2982 angelus
1013 2914 1147 2960 non
1173 2890 1523 2959 cecidisset.

524 3020 646 3072 Quod
796 3007 942 3077 Non
973 3007 1149 3075 enim
1175 3007 1368 3100 juxta
1398 3029 1753 3076 numerum
1791 3030 2023 3078 eorum
2067 3008 2186 3099 qui
2212 3008 2621 3096 ceciderunt,
2653 3007 2765 3078 sed
2805 3030 3035 3078 eorum
3068 3009 3188 3101 qui
3224 3014 3749 3100 permanserunt,
3771 3005 3882 3075 ho-

489 3084 682 3128 homines

470 3159 685 3217 muamu-
711 3126 922 3195 mines
947 3125 1029 3195 ad
1058 3124 1530 3195 beatitudinem
1558 3126 2021 3195 admittuntur.
2069 3126 2253 3195 Unde
2279 3126 2636 3218 Gregorius
2656 3132 2714 3195 ⁸:
2756 3154 2789 3194 α
2810 3128 3116 3221 Superna
3141 3127 3257 3196 illa
3282 3127 3507 3195 civitas
3530 3149 3614 3194 ex
3635 3125 3881 3214 angelis

470 3209 683 3312 “affl-‘⁸
709 3251 772 3311 et
799 3242 1181 3310 hominibus
1209 3248 1484 3327 constat,
1519 3239 1602 3309 ad
1629 3265 1830 3334 quam
1858 3242 2185 3310 credimus
2211 3251 2424 3311 tantos
2454 3244 2729 3312 humaui
2756 3246 3014 3334 generis
3040 3244 3409 3328 ascendere,
3440 3250 3726 3334 quantos
3752 3240 3882 3310 illic

469 3337 684 3444 maff-
708 3358 1028 3447 contingit
1053 3358 1321 3446 angelos
1346 3357 1735 3427 remansisse
1758 3412 1777 3444 ,
1809 3359 1977 3427 sicut
2010 3359 2326 3451 scriptum
2353 3368 2448 3428 est
2475 3361 2544 3428 in
2573 3361 2824 3430 cantico
2852 3360 3347 3430 Deuteronomii
3372 3360 3396 3396 ⁴
3425 3384 3440 3426 z
3471 3360 3735 3428 Statuit
3762 3370 3882 3428 ter·

469 3458 679 3563 ἴξξυζῗ·
707 3476 924 3544 minos
944 3475 1339 3567 populorum
1357 3476 1566 3565 juxta
1599 3498 1949 3544 numerum
1978 3472 2361 3569 anqelorum
2391 3477 2535 3546 Dei.
2573 3501 2608 3541 n

499 3613 682 3664 Quidam
798 3593 863 3660 A
888 3590 1284 3682 quibusdam
1313 3599 1533 3660 tamen
1571 3600 1868 3683 putatur,
1916 3593 2095 3684 quod
2123 3591 2419 3662 homines
2458 3603 2848 3686 reparentur
2879 3594 3071 3685 juxta
3104 3615 3457 3664 numerum
3497 3593 3881 3684 angelorum

499 3675 656 3779 3(ῗέἒῖ
708 3707 825 3799 qui
857 3707 1230 3775 ceciderunt
1251 3759 1269 3794 ,
1302 3717 1376 3775 ut
1404 3707 1520 3775 illa
1548 3708 1825 3776 coelestis
1850 3709 2080 3778 civitas
2106 3732 2226 3777 nec
2252 3732 2527 3778 suorum
2563 3711 2808 3779 civium
2838 3733 3114 3780 numero
3154 3711 3481 3802 privetur,
3512 3733 3633 3779 nec
3679 3710 3882 3801 major

480 3798 581 3842 dum
605 3813 683 3842 nu-

495 3876 660 3906 mmu,
709 3823 892 3915 copia
919 3832 1170 3913 regnet.
1206 3824 1398 3906 Quod
1424 3825 1837 3915 Augustinus
1854 3826 1925 3894 in
1952 3825 2347 3895 Enclziridio
2373 3827 2612 3895 sentire
2637 3827 2900 3896 videtur
2927 3833 2973 3914 ⁸,
3006 3828 3129 3896 hoc
3154 3849 3470 3913 asserens,
3492 3826 3576 3895 de
3601 3825 3881 3894 homini·

501 3925 654 3981 ¹⁸⁹¹0‘
710 3939 835 4008 bus
861 3938 1012 4032 plus
1036 3941 1276 4010 salvari
1300 3964 1501 4033 quam
1531 3942 1780 4011 corruit
1804 3942 1884 4010 de
1910 3944 2184 4033 angelis,
2214 3945 2326 4014 sed
2353 3967 2488 4014 non
2517 3946 2761 4032 minus,
2794 3946 2881 4015 ita
2910 3945 3166 4016 diceus:
3189 3972 3225 4011 (ε
3250 3945 3551 4037 Superna
3575 3943 3882 4012 Hierusa-

488 4004 582 4034 l'um
611 4004 682 4034 an·

487 4054 683 4159 ξζζξζξζ
708 4055 841 4125 lem
871 4065 1079 4125 mater
1104 4066 1360 4143 nostra,
1392 4059 1623 4128 civitas
1647 4059 1793 4145 Dei,
1823 4060 2011 4129 nulla
2035 4061 2281 4129 civium
2310 4085 2581 4132 suorum
2613 4062 3077 4132 numerositate
3103 4062 3516 4131 fraudabitur
3539 4087 3556 4147 ;
3588 4061 3702 4130 sed
3730 4060 3881 4129 ube-

468 4189 676 4286 222³&-
710 4173 880 4242 riore
907 4173 1105 4242 etiam
1133 4175 1320 4267 copia
1345 4174 1613 4245 fortasse
1647 4178 1971 4267 regnabit.
2001 4178 2232 4271 Neque
2250 4178 2429 4247 enim
2457 4201 2810 4249 numerum
2836 4187 2952 4248 aut
2973 4187 3348 4249 sanctorum
3374 4178 3747 4265 hominum,
3773 4184 3881 4246 aut

707 4290 1206 4359 immundorum
1232 4291 1608 4361 daemonum
1637 4295 1948 4363 novimus
1968 4346 1986 4380 ‚
2017 4295 2089 4362 in
2115 4318 2402 4387 quorum
2430 4296 2648 4365 locum
2675 4296 3089 4365 succedentes
3116 4296 3241 4364 filii
3268 4295 3606 4364 catholiea}
3634 4294 3876 4380 matris,

710 4428 858 4499 quae
884 4408 1126 4477 sterilis
1153 4417 1176 4452 ⁸
1204 4409 1554 4498 apparebat
1595 4409 1664 4478 in
1692 4411 1884 4479 terris
1904 4463 1922 4498 ,
1966 4411 2039 4479 in
2067 4434 2144 4479 ea
2185 4434 2341 4503 pace
2371 4412 2453 4481 de
2479 4435 2613 4505 qua
2639 4413 2739 4480 illi
2764 4412 3143 4482 ceciderunt
3165 4465 3183 4498 ,
3223 4414 3361 4482 siue
3399 4413 3541 4482 ullo
3578 4410 3879 4504 temporis

711 4523 990 4592 termino
1017 4523 1520 4615 permanebunt.
1555 4524 1686 4595 Sed
1715 4526 1986 4596 illorum
2014 4527 2264 4597 civium
2292 4549 2610 4598 numerus
2633 4581 2651 4615 ‚
2680 4529 2817 4598 sive
2843 4530 2962 4622 qui
2994 4541 3122 4616 est,
3154 4528 3292 4598 sive
3316 4529 3435 4621 qui
3459 4527 3731 4598 futurus
3751 4537 3872 4612 est,

708 4638 780 4707 iu
805 4640 1350 4732 contemplatione
1374 4640 1518 4732 ejus
1544 4641 1813 4711 artificis
1837 4651 1957 4729 est,
1990 4644 2106 4736 qui
2129 4657 2326 4714 vocat
2350 4669 2427 4713 ea
2456 4669 2601 4738 quoe
2626 4668 2760 4715 non
2787 4658 2944 4714 sunt
2968 4657 3293 4738 tanquam
3326 4665 3403 4715 ea
3430 4667 3579 4737 quoe
3602 4657 3757 4714 sunt
3774 4649 3819 4711 ⁷.
3836 4670 3868 4708 n

707 4755 869 4825 Ecce
896 4765 1117 4849 aperte
1143 4756 1303 4826 dicit
1327 4780 1463 4827 non
1488 4758 1711 4828 minus
1736 4760 1818 4828 de
1853 4760 2236 4831 hominibus
2277 4762 2555 4850 salvari,
2598 4784 2802 4855 quam
2842 4762 3093 4834 corruit
3127 4762 3209 4832 de
3249 4762 3503 4854 angelis
3534 4786 3551 4830 ε
3583 4762 3697 4831 sed
3735 4760 3875 4854 plus

710 4894 845 4943 non
872 4874 1121 4946 asserit.

773 5130 788 5163 ¹
810 5131 958 5192 Greg.
969 5166 984 5192 ,
1008 5129 1062 5177 in
1089 5130 1285 5193 Evany.
1311 5129 1455 5179 hom.
1478 5139 1657 5184 xxxtv.
1685 5143 1796 5194 sup.
1825 5145 1874 5181 c.
1894 5142 1962 5182 xv
1984 5133 2124 5195 Luc„
2152 5133 2323 5198 quoad
2341 5147 2566 5187 sensum.
2585 5133 2909 5200 —¹Eplte.5.,
2940 5145 2987 5197 1,
3009 5137 3101 5186 1⁰:
3130 5133 3445 5196 Iustam-are,
3472 5136 3653 5183 etc.--
3670 5130 3871 5194 ⁸Greg„

705 5200 821 5252 loco
847 5201 1187 5265 praeallegato.
1209 5226 1267 5237 -
1297 5201 1317 5235 ὅ
1338 5201 1561 5260 omrem,
1597 5213 1746 5253 xxxn
1764 5237 1777 5260 ‚
1797 5205 1847 5266 8,
1873 5218 1977 5255 sec.
2003 5207 2329 5269 Septuag.,—
2355 5206 2377 5241 ⁸
2395 5207 2548 5270 Aug„
2573 5205 2857 5268 Euchirid„
2888 5221 2934 5258 c.
2955 5217 3114 5268 xxrx,
3139 5219 3193 5255 n.
3216 5208 3245 5256 9
3261 5220 3278 5267 ;
3305 5204 3394 5269 qui
3422 5203 3597 5267 etiam,
3625 5203 3711 5252 lib.
3742 5199 3869 5253 xxu

704 5271 765 5321 de
792 5273 944 5322 Civit.
975 5271 1091 5330 Dei,
1124 5287 1168 5321 c.
1191 5283 1237 5332 1,
1270 5272 1504 5322 similiter
1529 5272 1655 5322 dicit
1684 5288 1695 5321 ι
1723 5290 1751 5320 α
1772 5274 1844 5325 De
1869 5276 2071 5327 mortali
2099 5277 2346 5342 progenie
2373 5279 2556 5328 merito
2577 5278 2816 5343 justeque
2844 5279 3083 5329 damnata
3106 5281 3306 5328 tantum
3328 5275 3579 5340 populum
3610 5273 3765 5338 gratia
3783 5284 3872 5322 sua

706 5343 917 5408 colligit,
946 5346 1003 5393 ut
1030 5341 1148 5393 inde
1169 5344 1420 5408 suppleat,
1443 5349 1495 5396 et
1522 5344 1773 5397 instauret
1798 5349 1996 5410 partem
2017 5361 2136 5412 quoe
2161 5348 2307 5413 lapsa
2324 5353 2402 5401 est
2420 5349 2754 5415 angelorum3
2786 5363 2848 5400 ac
2866 5349 2942 5401 sic
2961 5349 3049 5399 illa
3066 5349 3252 5400 dilecta
3270 5350 3325 5399 et
3338 5360 3565 5411 superna
3578 5345 3750 5397 civitas
3768 5354 3871 5392 non

707 5412 967 5464 fraudetur
988 5426 1200 5465 suorum
1223 5427 1440 5467 numero
1461 5414 1670 5481 civium,
1692 5416 1817 5482 quin
1839 5417 1993 5469 etiam
2018 5419 2249 5471 fortassis
2272 5423 2326 5472 et
2348 5420 2587 5473 uberiore
2613 5420 2829 5473 laetetur.
2851 5437 2879 5470 u
2900 5447 2963 5460 —
2981 5420 3005 5456 ⁸
3020 5421 3139 5483 Im„
3159 5430 3264 5482 m,
3288 5422 3334 5470 t·
3350 5442 3412 5455 -
3428 5417 3453 5453 ἵ
3471 5417 3629 5480 Βωκυ
3647 5426 3717 5476 Ν»
3736 5416 3809 5465 Π·
