4125 6225
1191 447 1387 515 DIST.
1419 445 1579 515 xlv.
1623 445 1853 512 PART.
1898 445 1947 510 1.
1989 443 2173 511 ΛΒΤ.
2216 446 2294 512 11.
2340 447 2643 526 QUAEST.
2687 451 2770 517 ll.

433 587 498 648 et
521 581 687 647 nihil
712 583 883 648 ultra
910 583 1034 648 hoc
1054 582 1399 666 inquirere.
1428 582 1591 661 Quia
1613 587 1830 647 tamen
1859 600 1976 646 cu-

431 692 754 757 riosorum
798 691 1098 756 instantia
1147 709 1279 756 non
1316 692 1562 756 desistit
1575 739 1594 770 ,
1625 690 1977 756 necessario

431 795 671 861 habent
696 799 981 863 doctores
1021 816 1217 861 sacrae
1251 798 1597 881 Scripturae
1633 797 1837 862 multa
1868 799 1975 862 de-

432 904 774 969 terminare
801 954 818 983 ,
852 923 1000 988 quae
1028 905 1166 970 sine
1199 906 1420 970 salutis
1458 906 1787 989 dispendio
1826 924 1977 988 pos-

432 1016 574 1075 sent
603 1011 680 1076 de
725 1012 894 1076 facili
935 1013 1342 1095 pertransire.
1379 1012 1644 1095 Propter
1678 1014 1850 1097 quod
1894 1013 1976 1077 ad

432 1120 803 1201 praedictam
825 1121 1246 1202 quaestionem
1270 1121 1676 1205 respondent,
1710 1126 1774 1185 et
1788 1123 1980 1203 juxta

431 1226 691 1290 rationis
728 1230 792 1292 et
829 1246 1051 1293 sensus
1081 1229 1552 1293 attestationem
1588 1229 1809 1293 dicunt
1847 1247 1975 1293 coe-

429 1330 571 1396 lum
593 1334 830 1399 habere
871 1336 1155 1417 figuram
1205 1335 1631 1400 orbicularem
1654 1383 1670 1413 ,
1720 1339 1783 1399 et
1810 1336 1975 1399 hanc

430 1441 710 1506 maxime
733 1443 854 1506 sihi
880 1447 1364 1526 competentem,
1390 1447 1531 1507 tum
1557 1444 1802 1508 ratione
1826 1444 1978 1507 sim-

430 1548 725 1630 plicitatis
740 1597 758 1628 ,
798 1554 939 1615 tum
975 1551 1222 1616 ratione
1254 1551 1617 1634 capacitatis
1633 1600 1652 1628 ,
1682 1555 1827 1615 tum
1870 1570 1975 1616 ra-

429 1656 601 1720 tione
640 1657 1040 1739 perfectionis
1059 1708 1077 1739 ,
1116 1663 1259 1723 tum
1290 1659 1536 1723 ratione
1579 1659 1970 1740 mobilitatiS,

429 1763 592 1828 sicut
616 1769 786 1847 patet
811 1767 1240 1848 pertractanti.
1651 1771 1654 1772 ’

511 1876 569 1934 1.
598 1871 697 1937 Ad
723 1872 882 1938 illud
920 1891 1079 1955 ergo
1120 1874 1292 1956 quod
1341 1874 1638 1956 objicitur
1679 1875 1757 1940 de
1797 1895 1975 1940 sacra

429 1975 775 2061 Scriptura,
797 1999 946 2062 quae
969 1981 1118 2045 dIcit
1142 1982 1374 2046 coelum
1402 1982 1564 2046 sicut
1581 1982 1812 2066 pellem
1832 2001 1968 2048 esse

429 2091 764 2151 extensum
792 2136 811 2166 ,
856 2088 960 2154 vel
1003 2089 1168 2153 sicut
1213 2107 1573 2170 cameram;
1630 2090 1969 2155 dIcendum

429 2195 600 2274 quod
615 2191 961 2277 Scriptura,
979 2196 1486 2262 condescendens
1505 2199 1807 2280 parVItati
1821 2198 1973 2262 sim-

429 2301 714 2383 plicium,
744 2305 932 2370 modo
960 2305 1220 2389 vulgari
1247 2307 1614 2389 frequenter
1633 2307 1921 2389 loquitur
1953 2331 1969 2373 ε

431 2412 495 2471 et
518 2408 659 2474 ideo
699 2429 849 2475 cum
883 2412 1168 2495 loquitur
1213 2414 1292 2478 de
1332 2414 1492 2479 coelo
1512 2462 1529 2491 ,
1564 2414 1849 2496 loquitur
1898 2414 1976 2480 de

432 2515 568 2597 ipso
591 2519 945 2583 secundum
981 2522 1152 2604 quod
1185 2528 1445 2604 apparet
1484 2522 1701 2586 sensui
1733 2528 1972 2603 nostro,

434 2626 499 2685 et
517 2622 665 2687 dicit
687 2624 768 2689 ad
795 2626 1060 2691 modum
1095 2628 1276 2710 pellis
1299 2628 1404 2693 vel
1437 2646 1706 2692 camerae
1746 2633 1975 2692 exten-

433 2747 578 2793 sum
597 2779 614 2808 ,
644 2738 959 2814 quantum
985 2735 1064 2798 ad
1094 2739 1386 2798 nostrum
1421 2734 1971 2818 hemisphaerium.

512 2842 572 2902 2.
602 2839 700 2905 Ad
726 2841 885 2907 illud
906 2843 1076 2925 quod
1106 2843 1427 2924 objicitur,
1450 2843 1622 2924 quod
1647 2862 1794 2926 pars
1822 2844 1976 2907 infe-

433 2944 618 3009 rioris
647 2947 1085 3032 hemisphaerii
1126 2968 1259 3015 non
1302 2955 1397 3014 est
1443 2951 1616 3014 utilis
1660 2952 1742 3015 ad
1780 2970 1974 3015 usum

433 3052 797 3120 humanum
828 3103 845 3135 ,
909 3057 1252 3123 dicendum
1318 3058 1488 3141 quod
1551 3058 1781 3124 falsum
1842 3064 1969 3139 est;

432 3160 632 3226 immo
657 3168 752 3228 est
787 3167 1138 3230 necessaria
1154 3216 1173 3246 ,
1203 3165 1258 3229 si
1284 3165 1519 3230 coelum
1556 3166 1740 3230 debet
1784 3185 1977 3249 super

433 3287 552 3333 nos
578 3273 824 3338 moveri
851 3273 956 3339 vel
989 3273 1240 3339 revolvi
1271 3274 1665 3337 circulariter
1694 3294 1710 3337 z
1750 3276 1814 3337 et
1841 3292 1976 3338 una

431 3395 578 3459 pars
602 3380 801 3446 servit
829 3381 1013 3445 nobis
1044 3382 1121 3445 de
1151 3381 1274 3460 die,
1303 3381 1428 3445 alia
1455 3381 1532 3445 de
1558 3385 1767 3445 nocte.

500 3489 572 3549 Β.
602 3487 702 3551 Ad
739 3486 897 3553 illud
920 3488 1093 3572 quod
1127 3489 1229 3570 obj
1239 3488 1453 3567 icitur,
1486 3488 1661 3572 quod
1700 3489 1841 3553 eceli
1866 3506 1976 3553 so-

432 3592 720 3659 lidissimi
762 3602 932 3676 sunt3
980 3598 1321 3662 dicendum
1351 3598 1522 3677 quod
1564 3597 1831 3661 firmitas
1863 3597 1974 3662 illa

432 3717 566 3764 non
586 3702 869 3767 excludit
896 3703 1316 3768 mobilitatem
1340 3721 1839 3786 quamcumque,
1865 3704 1975 3769 sed

431 3808 607 3874 illam
638 3811 848 3876 solum
872 3831 1002 3895 qua
1023 3812 1266 3896 aliquid
1294 3816 1593 3877 movetur
1616 3832 1876 3878 sursum
1913 3817 1977 3884 et

433 3915 729 3983 deorsum
763 3920 1116 3985 secundum
1159 3925 1410 3985 motum
1453 3924 1699 3986 rectum
1741 3943 1757 3985 z
1802 3920 1975 3985 unde

433 4023 697 4089 firmum
741 4024 971 4090 dicitur
1005 4027 1239 4091 coelum
1252 4076 1270 4107 ,
1318 4029 1471 4110 quia
1496 4046 1629 4093 non
1676 4031 1975 4094 movetur

433 4131 515 4196 ad
553 4132 768 4198 locum
807 4156 823 4197 ι
868 4135 1292 4199 nihilominus
1335 4141 1551 4200 tamen
1590 4139 1687 4200 est
1712 4135 1971 4214 mobile,

434 4239 587 4322 quia
629 4245 925 4307 movetur
958 4243 1124 4306 circa
1157 4243 1373 4307 locum
1386 4291 1405 4322 ,
1450 4243 1554 4310 vel
1592 4243 1664 4306 in
1703 4243 1865 4323 loco,
1912 4246 1976 4307 et

432 4349 544 4411 tali
566 4349 959 4431 dispositioni
983 4351 1282 4434 competit
1322 4352 1537 4434 figura
1573 4351 1971 4433 orbicularis,

433 4457 642 4538 magis
664 4477 859 4540 quam
885 4459 1102 4542 aliqua
1124 4459 1271 4524 alia.
1327 4459 1332 4467 ’

513 4569 573 4629 4.
599 4564 694 4629 Ad
718 4565 878 4631 illud
904 4566 1077 4649 quod
1104 4567 1442 4649 quaeritur,
1487 4566 1809 4650 quomodo
1834 4584 1974 4630 em-

434 4674 730 4755 pyreum,
752 4674 801 4737 si
829 4674 1132 4739 circulare
1150 4678 1266 4753 est,
1286 4674 1574 4757 undique
1595 4673 1973 4740 Sanctorum

436 4781 802 4863 corporibus
828 4766 1213 4864 replebitur3
1261 4782 1600 4846 dicendum
1638 4782 1812 4864 quod
1856 4781 1975 4846 etsi

435 4903 566 4950 non
591 4888 675 4953 sit
693 4892 939 4953 certum
957 4889 1231 4972 qualiter
1257 4889 1350 4952 ibi
1365 4888 1493 4952 sint
1514 4888 1749 4968 Sancti,
1776 4893 1840 4953 et
1858 4906 1974 4971 per

436 5009 631 5073 quem
659 4995 922 5059 modum
947 4994 1269 5074 locentur3
1295 4997 1533 5076 tamen,
1562 5013 1971 5078 quocumque

437 5104 626 5167 modo
651 5102 916 5182 dicatur,
960 5102 1094 5167 sive
1120 5101 1293 5184 quod
1317 5102 1447 5166 sint
1491 5102 1563 5166 in
1603 5121 1735 5168 uno
1778 5103 1974 5168 semi-

436 5207 674 5274 circulo
718 5227 1021 5292 empyreo
1038 5255 1056 5288 ‚
1104 5208 1240 5275 sive
1281 5209 1454 5292 quod
1495 5211 1568 5275 in
1605 5213 1763 5289 toto,
1806 5210 1972 5276 nihil

431 5366 435 5371 ’
499 5371 518 5405 ¹
540 5368 620 5433 Cf.
647 5374 700 5423 S.
729 5370 983 5436 Thomas,
1024 5384 1076 5434 p.
1105 5371 1159 5431 1,
1189 5385 1241 5435 q.
1262 5380 1382 5422 wa
1403 5407 1416 5434 ,
1444 5373 1541 5423 art.
1560 5374 1621 5435 33
1651 5370 1970 5436 Richardus,

438 5440 481 5492 n
508 5442 667 5508 Sene„
692 5442 945 5507 dist-mr,
973 5453 1110 5508 (μη
1139 5443 1318 5507 Steph.
1341 5445 1550 5509 Brutos„
1579 5445 1624 5495 11
1654 5444 1811 5505 Sene„
1840 5442 1967 5495 dist.

3521 455 3638 517 573

2088 580 2355 664 impedit
2371 590 2724 669 utrumque
2742 586 2918 670 poni.
2942 586 3010 651 Si
3027 586 3200 652 enim
3218 585 3302 668 in,
3310 589 3445 652 toto
3461 591 3635 653 sunt,

2087 690 2394 754 virtutem
2420 692 2695 756 visivam
2733 693 3065 758 habebunt
3089 693 3246 757 adeo
3285 697 3633 777 potentem,

2088 797 2261 878 quod
2302 797 2623 863 Christum
2649 800 2867 865 videre
2906 805 3209 883 poteer
3242 801 3635 883 ubicumque

2088 903 2208 966 sit:
2240 905 2478 971 sivero
2505 907 2728 972 sintin
2767 909 2978 973 media
3008 912 3187 991 parte
3240 908 3404 985 oceli,
3438 908 3635 972 altera

2088 1030 2208 1076 nec
2233 1017 2329 1077 est
2357 1032 2581 1095 vacua,
2612 1033 2728 1079 nec
2750 1017 3098 1099 superflua,
3129 1016 3293 1080 sicut
3318 1034 3635 1098 magnum

2089 1120 2396 1201 palatium
2418 1138 2551 1185 non
2588 1124 2685 1184 est
2711 1140 3016 1202 vacuum,
3043 1122 3302 1205 quando
3344 1126 3439 1187 est
3464 1140 3637 1187 unus

2088 1244 2369 1308 magnus
2406 1227 2814 1308 inhabitator,
2859 1230 3159 1312 quamvis
3201 1247 3332 1294 non
3373 1229 3637 1311 impleat

2088 1350 2348 1397 omnem
2374 1338 2621 1416 partem
2649 1353 2665 1397 ε
2705 1336 3087 1418 magnitudo
3114 1337 3289 1401 enim
3317 1337 3537 1413 curiae,
3567 1340 3631 1401 et

2087 1442 2462 1524 spatiositaS,
2488 1445 2606 1508 etsi
2634 1463 2768 1509 non
2794 1445 3137 1528 impleatur
3156 1445 3455 1525 totaliter,
3484 1445 3630 1509 facit

2085 1552 2302 1613 tamen
2338 1551 2417 1614 ad
2460 1552 2885 1616 ostensionem
2919 1552 3154 1633 regalis
3196 1552 3630 1634 magnificen-

2086 1656 2214 1720 tiae.
2256 1657 2379 1721 Sed
2410 1657 2534 1722 hoc
2573 1658 2802 1723 melius
2834 1659 3130 1741 sciemuS,
3161 1660 3420 1743 quando
3447 1659 3630 1724 vide-

2085 1764 2322 1829 bimus

2615 1968 2970 2048 QUAESTIO
3013 1969 3092 2035 11.

2155 2128 2250 2188 An
2275 2131 2338 2186 in
2363 2130 2488 2186 coelo
2514 2133 2590 2187 sit
2609 2147 2811 2203 ponere
2838 2132 3105 2201 dextrum,
3131 2136 3184 2189 et
3206 2134 3493 2190 'sinistrum
3512 2134 3553 2204 ¹,

2168 2304 2394 2368 Utrum
2423 2305 2491 2368 in
2519 2323 2783 2387 corpore
2800 2305 2940 2370 coeli
2967 2306 3049 2370 sit
3065 2325 3300 2389 ponere
3327 2307 3624 2372 dextrum
3656 2309 3867 2356 runa-m.

2086 2416 2149 2477 et
2168 2412 2535 2491 sinistrum;
2579 2417 2643 2476 et
2667 2413 2839 2496 quod
2883 2414 2992 2492 sic,
3034 2414 3288 2479 videtur
3322 2434 3434 2498 per
3467 2416 3628 2481 illud

2085 2519 2258 2600 quod
2297 2519 2446 2583 dicit
2472 2518 2899 2602 Philosophus
2941 2520 3009 2583 in
3048 2520 3213 2585 libro
3258 2522 3339 2587 de
3370 2522 3530 2588 Goelo
3567 2527 3625 2588 et

2084 2626 2350 2692 Mundo.
2376 2626 2483 2690 Ait
2504 2629 2681 2691 enim
2713 2628 2805 2692 sic
2830 2634 2892 2691 ¹:
2932 2652 2963 2690 α
2989 2628 3098 2693 Est
3125 2630 3264 2693 orbi
3288 2631 3627 2712 proculdu-

2083 2733 2191 2797 bio
2212 2733 2419 2796 virtus
2446 2732 2719 2812 diversa,
2750 2734 2981 2798 scilicet
2998 2733 3223 2799 dextra
3244 2741 3308 2799 et
3332 2736 3586 2801 sinistra
3608 2760 3624 2802 t

2083 2841 2389 2922 quoniam
2426 2843 2576 2903 sunt
2614 2840 2674 2904 ei
2711 2840 2848 2904 loca
2892 2840 3267 2923 inceptionis
3303 2848 3368 2907 et
3401 2848 3623 2925 status,

2084 2967 2165 3012 ex
2191 2967 2381 3031 opere
2401 2929 2689 3012 factionis
2713 2966 2874 3012 suae.
2899 2969 2930 3008 ιο

2163 3054 2321 3119 Item
2357 3054 2712 3120 ostenditur
2754 3073 2867 3138 per
2910 3054 3222 3121 rationem
3266 3075 3454 3122 suam
3497 3058 3627 3123 ibi-

2082 3163 2268 3228 dem:
2310 3187 2342 3225 (ι
2371 3164 2590 3230 Omnis
2635 3168 2849 3229 motus
2889 3164 3110 3228 finitus
3148 3164 3341 3229 habet
3382 3167 3627 3249 princi-

2084 3271 2266 3353 pium
2279 3290 2319 3334 a
2336 3289 2467 3353 quo
2480 3272 2732 3355 incipit:
2755 3295 2785 3332 n
2796 3273 2906 3337 sed
2920 3271 3260 3355 cujuslibet
3276 3272 3420 3336 coeli
3436 3291 3625 3338 revo-

2082 3377 2246 3442 lutio
2273 3382 2367 3442 est
2391 3378 2612 3443 finita:
2643 3398 2802 3461 ergo
2826 3379 3018 3443 habet
3043 3379 3325 3461 aliquem
3358 3380 3554 3446 situm
3589 3401 3629 3445 a

2083 3504 2212 3568 quo
2263 3486 2505 3570 incipit.
2563 3486 2687 3552 Sed
2724 3488 2948 3552 dextra
2985 3486 3218 3552 dicitur
3244 3488 3314 3552 in
3340 3488 3625 3571 corpori-

2081 3591 2225 3669 bus»,
2264 3593 2436 3658 unde
2476 3597 2572 3657 est
2614 3597 2828 3658 motus
2875 3595 3295 3678 principium;
3346 3597 3623 3676 sinistra,

2082 3698 2164 3763 ad
2192 3718 2388 3781 quam
2412 3703 2509 3765 est
2526 3706 2740 3766 motus
2761 3702 2907 3765 finis
2931 3724 2947 3765 ι
2980 3721 3136 3784 ergo
3162 3721 3311 3768 cum
3334 3704 3477 3768 coeli
3497 3704 3627 3769 sint

2082 3807 2374 3887 mobiles,
2404 3808 2546 3873 coeli
2579 3809 2816 3874 habent
2839 3808 3138 3874 dextrum
3164 3815 3228 3876 et
3267 3811 3620 3877 sinistrum.

2162 3915 2321 3979 Item
2354 3916 2656 3981 dextrum
2697 3920 2761 3981 et
2799 3916 3134 3982 sinistrum
3168 3922 3322 3983 sunt
3363 3919 3625 3983 termini

2080 4023 2454 4104 latitudiniS,
2494 4023 2657 4088 sicut
2675 4042 2935 4088 sursum
2965 4030 3029 4089 et
3046 4026 3346 4091 deorsum
3361 4026 3623 4090 termini
3690 4022 3708 4037 '

2081 4127 2501 4211 longitudinis
2522 4131 2567 4210 ⁸,
2599 4135 2662 4196 et
2697 4135 2844 4195 ante
2885 4136 2948 4196 et
2972 4137 3143 4198 retro
3181 4133 3437 4197 termini
3472 4152 3623 4216 pro-

2081 4236 2407 4300 funditatis
2441 4258 2456 4300 ε
2505 4237 2615 4301 sed
2640 4255 2833 4301 omne
2877 4256 3108 4321 corpus
3134 4240 3520 4323 completum
3561 4244 3625 4306 et

2081 4344 2494 4409 terminatum
2519 4344 2710 4410 habet
2749 4350 2878 4411 tres
2918 4348 3365 4424 dimensiones,
3398 4351 3463 4413 et
3499 4351 3622 4412 ter-

2082 4452 2292 4517 minos
2310 4451 2822 4518 dimensionum:
2852 4472 3081 4537 corpus
3107 4461 3323 4519 autem
3357 4456 3499 4521 coeli
3529 4460 3624 4521 est

2080 4559 2490 4642 huJusmodi:
2524 4578 2682 4642 ergo
2704 4561 2959 4628 videtur
2995 4563 3168 4646 quod
3201 4562 3433 4628 habeat
3456 4564 3623 4627 dex-

2080 4671 2258 4731 trum
2280 4671 2345 4732 et
2364 4668 2719 4733 sinistrum.

2159 4774 2319 4840 Item
2365 4775 2717 4858 perfectiori
2751 4778 2932 4840 motu
2971 4779 3315 4840 moventur
3353 4794 3619 4860 corpora

2080 4882 2378 4962 coelestia,
2421 4902 2619 4967 quam
2646 4883 2985 4947 inferiora:
3012 4882 3126 4947 sed
3159 4887 3417 4966 propter
3440 4903 3620 4949 com-

2080 4989 2420 5072 pletionem
2462 4996 2672 5055 motus
2721 4989 3022 5054 animalia
3050 4989 3288 5054 habent
3315 4991 3616 5056 dextrum

2080 5104 2143 5164 et
2168 5099 2498 5167 sinistrum
2521 5122 2536 5165 ε
2558 5117 2715 5184 ergo
2736 5099 2939 5164 multo
2961 5098 3189 5168 fortius
3206 5118 3474 5185 corpora
3494 5120 3618 5171 οω-

2077 5206 2279 5274 lestIa.
3153 5228 3161 5238 ·

2078 5382 2194 5430 xw,
2225 5385 2278 5435 q.
2301 5380 2464 5421 111.—
2484 5372 2507 5408 ²
2526 5368 2753 5431 Aristot„
2777 5366 2837 5417 de
2865 5367 3031 5431 σοῖο,
3059 5369 3148 5423 lib.
3171 5371 3252 5436 11,
3281 5376 3525 5426 cont-19.
3553 5400 3615 5413 —

2078 5442 2270 5504 ⁸1bid.,
2311 5446 2450 5494 cont.
2476 5444 2524 5494 8.
2913 5482 2921 5491 .
3012 5484 3019 5492 .
3472 5486 3481 5495 .
