4125 6225
1295 411 1493 480 DIST.
1533 411 1700 479 XIII.
1745 409 1928 477 ΛΒΤ.
1971 409 2083 476 111.
2127 409 2424 490 QUAEST.
2471 413 2549 479 Π.

391 552 452 614 2.
482 547 582 613 Ad
603 548 761 614 illud
786 549 961 632 quod
989 549 1320 631 objicitur,
1351 550 1524 633 quod
1557 548 1721 614 radii
1745 566 1853 612 re-
1906 602 1910 606 .

314 656 760 740 percutiuntur
785 674 826 719 a
858 673 1119 738 corpore
1136 705 1154 736 ,
1182 657 1524 722 dicendum
1557 655 1728 738 quod
1752 673 1853 720 re-

310 763 629 846 percussio
658 763 929 846 alicujus
954 764 1035 827 ab
1065 763 1280 846 aliquo
1321 767 1525 846 potest
1560 781 1696 827 esse
1729 761 1856 826 du-

310 871 552 954 pliciter
585 893 599 935 :
633 871 929 954 quaedam
955 889 1039 935 ex
1066 870 1389 936 collisione
1428 871 1705 935 duorum
1731 870 1856 933 sibi

308 977 585 1042 invicem
611 978 1015 1044 obviantium
1031 1026 1051 1058 ,
1081 977 1247 1043 sicut
1268 979 1396 1061 pila
1433 978 1857 1060 repercutitur

308 1103 349 1149 a
374 1085 614 1167 pariete
634 1108 651 1164 ;
684 1086 980 1168 quaedam
1003 1104 1087 1149 ex
1114 1085 1538 1169 ineptitudine
1562 1084 1858 1167 patientis

309 1191 389 1257 ad
416 1192 882 1275 suscipiendam
908 1194 1214 1259 virtutem
1240 1193 1515 1275 agentiS‚
1550 1198 1614 1258 et
1641 1193 1731 1256 sic
1755 1210 1858 1256 re·

308 1300 662 1382 percutitur
714 1301 932 1366 radius
984 1320 1024 1364 a
1074 1293 1337 1383 corpore
1380 1300 1572 1365 etiam
1628 1318 1852 1382 opaco.

310 1404 418 1470 Sol
443 1405 642 1486 enim,
668 1407 803 1472 sive
824 1406 1275 1489 quodcumque
1297 1406 1471 1471 aliud
1501 1424 1733 1488 corpus
1753 1406 1858 1470 lu-

311 1512 636 1576 minosum
660 1563 678 1594 ,
724 1514 917 1580 habet
961 1514 1267 1578 virtutem
1304 1513 1703 1578 diffundendi
1754 1513 1857 1576 lu-

311 1637 464 1683 men
491 1639 695 1704 usque
734 1621 814 1685 ad
845 1621 1127 1704 spatium
1153 1620 1415 1703 aliquod
1465 1618 1861 1685 determina-

311 1728 475 1806 tum,
506 1746 657 1792 cum
684 1728 764 1791 sit
784 1728 1047 1792 -virtutis
1093 1729 1325 1806 finitae3
1357 1731 1424 1792 et
1462 1728 1752 1810 quandiu
1791 1746 1859 1792 se

312 1834 634 1916 protendit
658 1835 766 1898 illa
784 1835 1014 1914 virtus,
1042 1834 1506 1918 multiplicatur
1526 1835 1771 1914 lumen,
1805 1834 1860 1896 si

312 1940 713 2022 susceptibile
758 1940 839 2005 sit
885 1940 1190 2006 idoneum
1241 1964 1255 2006 ε
1312 1959 1464 2005 cum
1507 1959 1660 2006 vero
1713 1944 1860 2004 ante

315 2049 836 2113 terminationem
868 2049 1043 2113 illius
1067 2048 1326 2113 virtutis
1354 2047 1570 2144 obgiat
1604 2046 1861 2130 aliquod

317 2173 571 2239 corpus,
598 2157 771 2238 quod
800 2175 932 2221 non
974 2160 1070 2220 est
1093 2156 1399 2222 idoneum
1435 2156 1515 2220 ad
1551 2157 1692 2238 ejus
1719 2173 1863 2219 sus-

316 2262 697 2344 ceptionem,
726 2263 850 2327 hoc
877 2264 1017 2347 ipso
1043 2263 1215 2345 quod
1246 2263 1470 2327 lumen
1510 2280 1642 2327 non
1676 2265 1862 2344 pote-

316 2369 401 2432 rit
425 2370 503 2451 (a)
535 2388 603 2434 se
627 2369 1050 2452 multiplicare
1072 2371 1463 2452 inanteriuS,
1485 2369 1864 2453 multiplicat

318 2493 387 2540 se
411 2480 763 2550 retrorsum
781 2525 798 2554 ,
832 2495 965 2542 non
991 2497 1074 2542 ex
1100 2479 1342 2542 virtute
1373 2478 1655 2560 corporis
1679 2477 1865 2541 resis-

318 2582 529 2656 tentiS,
558 2583 665 2647 sed
694 2601 776 2646 ex
805 2583 1043 2648 virtute
1070 2583 1263 2666 primi
1291 2583 1611 2648 moventis
1643 2605 1657 2647 ε
1690 2584 1864 2646 unde

321 2709 472 2754 cum
498 2693 571 2755 fit
596 2693 988 2774 repercussio
1015 2691 1179 2755 radii
1211 2692 1283 2755 in
1311 2709 1482 2773 aqua
1505 2695 1701 2770 mota,
1733 2708 1867 2754 mo-

325 2802 515 2864 vetur
539 2799 757 2864 radius
775 2818 912 2864 non
938 2799 1093 2883 quia
1117 2818 1286 2881 aqua
1310 2799 1390 2863 sit
1417 2799 1701 2881 primum
1725 2816 1867 2862 mo-

320 2925 500 2984 vens,
531 2907 642 2971 sed
682 2907 894 2989 prima
933 2907 1142 2971 virtus
1191 2906 1446 2970 radium
1489 2906 1864 2988 producenS,

322 3015 469 3097 quae
508 3015 839 3079 occasione
876 3018 1129 3097 accepta
1168 3015 1249 3078 ab
1289 3032 1459 3096 aqua
1497 3013 1727 3094 poterit
1762 3030 1869 3076 ra-

322 3122 503 3188 dium
529 3122 876 3200 reflectere,
923 3128 986 3187 et
1012 3122 1342 3187 occasione
1368 3124 1625 3203 accepta
1648 3120 1730 3183 ab
1753 3137 1868 3183 eo-

323 3230 469 3295 dem
488 3234 693 3313 potest
710 3229 1126 3295 reflexionem
1142 3229 1418 3305 variare,
1431 3228 1602 3293 etita
1614 3227 1870 3292 radium

323 3356 607 3406 movere.
642 3339 825 3417 Quod
848 3338 1020 3403 enim
1050 3338 1357 3404 diciturza
1372 3336 1763 3419 Impossibile
1778 3337 1872 3400 est

323 3464 458 3511 non
467 3464 751 3528 corpusa
763 3464 1027 3529 corpore
1043 3445 1321 3528 repelli,1>
1338 3442 1679 3508 dicendum
1697 3443 1870 3527 quod

322 3540 490 3619 si'est
507 3554 747 3637 aliquid
762 3556 850 3618 ita
863 3572 996 3619 non
1014 3571 1267 3637 corpuS,
1289 3553 1460 3635 quod
1490 3551 1572 3616 sit
1587 3551 1868 3635 spirituS,

324 3661 448 3726 hoc
473 3664 568 3739 est
598 3680 862 3740 verum3
894 3662 949 3725 si
973 3665 1194 3725 autem
1223 3664 1319 3724 est
1343 3659 1430 3723 ita
1458 3676 1590 3723 non
1614 3676 1868 3742 corpus,

323 3769 498 3852 quod
515 3773 734 3835 tamen
748 3768 1031 3852 indigeat
1046 3767 1121 3851 (b)
1142 3785 1406 3851 corpore
1423 3767 1762 3847 deferente,
1782 3765 1874 3829 sic

326 3877 566 3960 absque
593 3876 794 3941 dubio
815 3876 1035 3959 repelli
1062 3878 1286 3958 potest,
1303 3873 1468 3938 sicut
1493 3871 1872 3955 praedictum

328 3988 423 4051 est
438 3984 510 4048 in
539 3984 811 4062 lumine,
839 3988 904 4048 et
922 3982 1332 4046 manifestum
1350 3982 1445 4045 est
1468 3980 1538 4043 in
1563 3978 1871 4060 imagine,

329 4110 479 4174 quae
501 4092 744 4157 relucet
760 4091 828 4154 in
856 4090 1112 4174 speculo
1135 4093 1396 4172 propter
1412 4086 1876 4171 appositionem

330 4197 581 4279 plumbi
608 4216 761 4262 cum
786 4197 978 4277 vitro,
1007 4196 1181 4278 quod
1211 4199 1552 4277 estcorpus
1574 4211 1870 4276 opacum.

331 4304 401 4370 Si
444 4307 619 4371 enim
673 4312 832 4371 esset
877 4304 1278 4370 solummodo
1307 4304 1575 4380 vitrum,
1625 4319 1740 4385 per
1782 4320 1872 4381 se,

333 4412 507 4494 quod
531 4418 626 4478 est
663 4432 895 4496 corpus
924 4412 1255 4496 pervium,
1284 4409 1583 4475 transiret
1607 4408 1873 4491 specieS,

333 4525 398 4586 et
430 4540 564 4586 non
602 4522 834 4587 rediret
879 4522 960 4585 ad
1004 4520 1265 4585 oculum
1285 4566 1303 4597 ,
1345 4519 1511 4585 sicut
1552 4522 1724 4602 patet
1763 4533 1878 4600 per

333 4629 629 4696 sensibile
653 4628 1189 4713 experimentum.

418 4742 484 4821 3,
510 4737 610 4803 Ad
636 4736 799 4803 illud
820 4737 994 4821 quod
1020 4732 1351 4817 objicitur,
1378 4730 1550 4814 quod
1579 4733 1654 4795 flt
1677 4730 1877 4797 inter-

337 4846 568 4911 secatio
623 4849 686 4910 et
729 4843 1073 4910 contractio
1125 4840 1452 4907 radiorum
1473 4858 1491 4919 3
1541 4838 1877 4904 dicendum

339 4953 512 5039 quod
533 4953 657 5017 hoc
683 4953 915 5017 dicitur
935 4940 1372 5016 ratione‘aeris
1395 4947 1536 5029 conj
1544 4947 1741 5025 uncti,
1763 4947 1879 5029 qui

342 5078 425 5124 ex
437 5059 675 5125 virtute
691 5058 1025 5123 radiorum
1039 5056 1131 5120 ibi
1149 5052 1670 5120 concurrentium
1690 5053 1881 5119 babet

342 5166 679 5244 subtiliari,
704 5171 766 5230 et
794 5165 1079 5228 moveri:
1108 5167 1172 5227 et
1197 5161 1444 5226 ratione
1460 5160 1633 5225 illius
1659 5161 1880 5227 dicun-

341 5278 454 5340 tur
478 5275 668 5340 etiam
693 5273 856 5339 radii
885 5269 1233 5351 confringi,
1261 5269 1419 5334 dum
1446 5288 1527 5333 ex
1563 5269 1881 5354 multipli-

3392 415 3517 487 580

1963 548 2232 625 catione,
2262 549 2617 614 secundum
2645 550 2964 633 oppositas
3008 551 3150 618 vias
3167 600 3186 632 ,
3213 545 3329 636 per'
3353 573 3511 637 pro-

1962 672 2261 736 gressum
2294 659 2357 720 et
2392 673 2784 738 regressum,
2830 657 2908 721 fit
2946 659 3244 741 quaedam
3283 660 3509 725 multi-

1962 760 2214 842 plicatio
2240 764 2304 825 et
2324 763 2705 844 aggregatio
2732 764 3027 845 luminis,
3066 770 3130 829 et
3160 766 3509 832 subtiliatio

1964 866 2127 929 aeris
2146 866 2313 929 circa
2340 885 2570 949 corpus
2594 873 2835 935 tersum
2864 890 2881 934 :
2920 890 3004 936 ex
3031 891 3160 955 qua
3196 874 3510 956 contingit

1963 974 2263 1038 effectum
2290 963 2565 1039 calorem
2587 977 2747 1041 radii
2775 978 3040 1059 intendi,
3069 983 3134 1043 et
3156 979 3377 1062 ignem
3397 980 3511 1044 ibi-

1963 1079 2112 1143 dem
2145 1099 2258 1162 per
2284 1082 2508 1146 caloris
2533 1083 2957 1150 intensionem
2976 1104 3059 1150 ex
3077 1105 3225 1151 aere
3242 1086 3333 1152 sic
3354 1088 3514 1153 sub-

1963 1185 2164 1251 tiliato
2193 1189 2511 1268 generari.

2043 1300 2106 1358 4.
2151 1295 2248 1360 Ad
2294 1297 2449 1361 illud
2492 1297 2663 1379 quod
2710 1298 3028 1382 objicitur,
3077 1301 3250 1383 quod
3290 1301 3515 1365 lumen

1964 1400 2157 1466 habet
2181 1403 2417 1467 trinam
2446 1404 2910 1471 dimensionem
2937 1407 3009 1470 in
3025 1409 3268 1487 medio;
3301 1409 3518 1473 dicen-

1964 1507 2122 1572 dum
2161 1510 2333 1592 quod
2377 1511 2844 1577 dimensionem
2880 1519 3085 1597 potest
3124 1515 3360 1581 habere
3401 1516 3521 1580 ali-

1963 1617 2122 1699 quid
2166 1618 2498 1701 dupliciter
2539 1643 2554 1683 t
2599 1620 2706 1684 vel
2746 1640 2828 1685 ex
2871 1640 2962 1702 se,
3007 1623 3113 1689 vel
3149 1642 3233 1689 ex
3275 1624 3521 1688 ratione

1964 1725 2130 1805 eju5‚
2160 1725 2230 1788 in
2265 1744 2397 1808 quo
2435 1730 2529 1790 est
2559 1749 2574 1790 ε
2607 1727 2661 1789 si
2699 1746 2782 1791 ex
2809 1747 2898 1808 se,
2929 1729 3020 1794 sic
3054 1734 3149 1794 est
3174 1748 3405 1813 corpus
3417 1752 3435 1807 ;
3467 1729 3524 1793 si

1964 1831 2255 1912 aliunde,
2304 1851 2436 1898 non
2487 1837 2757 1918 oportet.
2807 1837 2912 1901 Sic
2947 1837 3122 1901 enim
3163 1839 3360 1902 habet
3400 1839 3522 1902 tri-

1965 1955 2119 2001 nam
2147 1938 2608 2004 dimensionem
2637 1942 2861 2007 albedo
2879 1944 2949 2007 in
2974 1963 3231 2011 cerussa
3252 1949 3317 2010 et
3340 1946 3515 2026 nive,

1964 2062 2114 2127 quae
2138 2050 2291 2109 sunt
2309 2048 2473 2112 albae
2492 2048 2660 2113 intra
2685 2054 2749 2115 et
2783 2055 2986 2115 extra.

2048 2155 2108 2216 5.
2140 2153 2240 2218 Ad
2273 2154 2431 2218 illud
2461 2156 2636 2239 quod
2667 2156 2991 2239 objicitur,
3026 2159 3198 2241 quod
3228 2160 3395 2224 circa
3418 2177 3525 2226 so-

1966 2255 2101 2323 lem
2141 2265 2303 2325 esset
2334 2281 2618 2327 vacuum
2655 2265 2827 2346 quod
2867 2265 3283 2345 illuminaret;
3316 2267 3526 2331 dicen-

1970 2365 2132 2429 dum
2155 2367 2349 2449 quod,
2378 2368 2525 2434 licet
2549 2369 2672 2434 hoc
2693 2371 2800 2435 alii
2829 2371 3129 2450 dixerint,
3155 2376 3372 2438 tamen
3389 2393 3525 2438 non

1967 2472 2222 2538 videtur
2257 2492 2512 2553 verum,
2554 2495 2671 2541 nec
2711 2478 3062 2559 probabile.
3102 2479 3526 2564 Philosophus

1970 2579 2144 2643 enim
2199 2583 2590 2648 contrarium
2657 2585 2851 2648 sentit
2889 2587 2908 2621 ¹
2975 2586 3047 2650 in
3101 2586 3267 2652 libro
3336 2587 3392 2651 ΙΙ
3443 2588 3523 2654 de

1970 2690 2229 2768 Anima,
2271 2708 2422 2753 cum
2467 2691 2637 2771 dicit,
2684 2694 2858 2774 quod
2902 2711 3016 2776 per
3062 2713 3344 2761 vacuum
3389 2714 3522 2761 non

1972 2800 2067 2858 est
2104 2795 2356 2874 videre;
2416 2801 2481 2860 et
2521 2798 2933 2879 Augustinus
2975 2799 3287 2879 similiter,
3331 2802 3402 2865 in
3444 2803 3525 2865 li-

1973 2902 2090 2965 bro
2136 2900 2247 2965 XII
2302 2903 2783 2983 confessionum
2829 2906 2898 2969 in
2946 2909 3257 2991 principio
3309 2908 3524 2974 dicens

1974 3009 2067 3072 sic
2101 3010 2123 3043 ²
2154 3032 2170 3072 :
2220 3032 2251 3072 α
2288 3009 2405 3074 Ubi
2443 3010 2562 3075 lux
2607 3015 2791 3092 esset,
2834 3013 2890 3075 si
2927 3018 3112 3092 esset,
3161 3015 3283 3079 nisi
3324 3035 3522 3098 supe-

1974 3121 2169 3181 resset
2186 3119 2529 3184 eminendo
2548 3123 2615 3183 et
2637 3120 3048 3187 illustrando?
3070 3144 3101 3182 1>
3130 3122 3312 3188 Ratio
3329 3125 3522 3189 etiam

1976 3229 2070 3288 est
2110 3230 2328 3291 contra
2359 3229 2504 3306 hoc,
2544 3228 2700 3310 quia
2739 3248 2891 3293 cum
2937 3230 3159 3296 lumen
3200 3232 3281 3297 sit
3319 3234 3526 3299 forma

1977 3332 2344 3414 corporalis,
2374 3333 2627 3416 indiget
2653 3336 2862 3401 medio
2889 3337 3227 3403 deferente.
3260 3339 3339 3405 Et
3361 3341 3417 3405 si
3446 3344 3522 3406 tu

1976 3457 2229 3521 quaeras
2266 3440 2424 3523 quid
2464 3442 2797 3525 impediat3
2837 3442 2977 3509 dico
3019 3446 3191 3528 quod
3231 3447 3353 3511 hoc
3388 3467 3522 3512 non

1976 3551 2074 3611 aet
2138 3553 2395 3631 propter
2453 3551 2860 3632 praesentiam
2926 3552 3328 3635 impedientis
3344 3604 3364 3636 ,
3410 3555 3520 3621 sed

1977 3660 2237 3739 propter
2262 3657 2616 3723 absentiam
2645 3659 2947 3741 adjutorii
2979 3682 2994 3724 ε
3021 3661 3187 3725 sicut
3211 3663 3265 3727 si
3290 3663 3521 3745 aliquis

1978 3761 2222 3827 habens
2246 3780 2555 3846 magnam
2580 3765 2839 3845 famem,
2868 3770 2931 3830 et
2957 3786 3177 3833 carens
3203 3770 3368 3848 cibo,
3390 3789 3524 3835 non

1978 3873 2185 3951 potest
2216 3871 2567 3948 comedere,
2600 3890 2736 3936 non
2772 3873 2928 3955 quia
2968 3875 3376 3959 impediatur,
3413 3877 3524 3943 sed

1981 3976 2134 4058 quia
2158 3996 2291 4042 non
2320 3978 2688 4061 adjuvatur.

2062 4086 2124 4148 6.
2163 4083 2263 4149 Ad
2305 4084 2465 4151 iliud
2505 4087 2676 4169 quod
2721 4087 3040 4169 objicitur,
3084 4090 3257 4172 quod
3302 4090 3526 4156 lumen

1983 4195 2253 4270 generat
2278 4210 2536 4275 corpus;
2566 4192 2908 4258 dicendum
2934 4195 3106 4277 quod
3141 4195 3365 4261 lumen
3396 4216 3528 4263 non

1983 4298 2123 4378 agit
2149 4300 2406 4381 propria
2433 4301 2696 4381 virtute,
2722 4301 2830 4366 sed
2860 4302 3096 4367 virtute
3119 4306 3399 4388 corporis
3424 4306 3527 4372 lu-

1983 4406 2220 4471 minosi
2247 4429 2263 4471 t
2296 4426 2527 4492 corpus
2552 4414 2771 4475 autem
2796 4411 3193 4477 luminosum
3222 4431 3356 4478 non
3381 4416 3531 4479 edu·
3561 4404 3566 4408 ⁴

1985 4513 2072 4577 cit
2115 4531 2344 4596 corpus
2378 4519 2695 4598 quantum
2747 4517 2829 4582 ad
2871 4518 3226 4595 materiam,
3271 4521 3380 4585 sed
3424 4539 3530 4586 so-

1983 4621 2317 4687 lummodo
2352 4629 2670 4706 quantum
2699 4625 2779 4689 ad
2817 4625 3092 4690 formam
3125 4644 3141 4687 ε
3180 4627 3344 4707 ideO,
3374 4647 3527 4693 cum

1985 4730 2211 4798 lumen
2247 4732 2329 4796 sit
2362 4733 2521 4797 illud
2556 4753 2671 4818 per
2702 4735 2869 4818 quod
2907 4736 3065 4817 agit,
3105 4755 3237 4801 non
3278 4743 3527 4820 oportet

1983 4839 2209 4905 lumen
2253 4860 2391 4906 esse
2449 4860 2715 4926 corpus,
2767 4843 2877 4911 sed
2936 4844 3172 4935 sufficit
3227 4846 3399 4929 quod
3444 4849 3526 4913 sit

1984 4947 2192 5012 forma
2215 4948 2577 5032 corporalis.

2052 5111 2073 5145 ¹
2090 5109 2268 5174 Arist„
2288 5108 2506 5176 mysia„
2525 5112 2665 5161 cont.
2679 5110 2868 5162 76.·-¹
2884 5109 3035 5177 Aug„
3057 5110 3282 5177 Cantus.
3300 5110 3389 5167 lib.
3409 5114 3519 5182 ΧΠ,

1987 5195 2033 5233 c.
2056 5193 2138 5233 111.

2048 5289 2119 5352 (a)
2146 5287 2227 5340 ΔΙ.
2254 5292 2473 5352 poterat.
2487 5314 2548 5327 -
2566 5287 2632 5354 (b)
2657 5287 2742 5342 ΔΙ.
2769 5288 2977 5353 quidem
2993 5290 3211 5357 indiget.
