4125 6225
465 4805 624 4863 Opinio

424 4871 622 4924 antiquo·

414 4935 525 4970 mm·

653 443 772 509 334

652 579 721 644 in
749 596 825 642 eo
851 578 1024 660 quod
1048 577 1249 642 vitare
1266 596 1400 643 non
1427 580 1652 660 potest.
1687 575 1806 642 Sed
1834 577 1886 641 si
1918 576 2189 658 angelus

651 685 937 767 peccavit
970 685 1040 748 in
1078 685 1188 748 illo
1224 685 1512 763 instanti,
1552 703 1681 748 nou
1723 686 1929 769 potuit
1969 685 2038 748 in
2079 684 2188 749 illo

651 793 876 871 vitare,
907 810 1025 856 nec
1062 792 1130 855 in
1166 793 1383 874 aliquo
1420 793 1593 873 quod
1626 796 1791 855 esset
1823 797 1969 856 ante
2004 793 2183 872 illud,

652 918 772 964 nec
817 905 1056 983 potest:
1102 919 1259 982 ergo
1297 918 1425 963 nou
1471 900 1678 983 potuit
1710 901 1945 964 vitare:
1989 901 2100 964 sed
2134 901 2189 964 si

650 1026 782 1071 non
809 1008 1016 1090 potuit
1042 1009 1266 1086 Vitare,
1291 1027 1418 1072 non
1447 1009 1758 1091 peccavit:
1791 1026 1949 1089 ergo
1975 1009 2029 1071 si
2051 1026 2192 1091 pec-

651 1116 838 1191 cavit,
870 1116 938 1178 in
967 1116 1173 1198 primo
1200 1115 1465 1179 instanti
1496 1135 1625 1180 non
1652 1115 1956 1198 peccavit.

732 1223 890 1287 Item
930 1223 1172 1288 malum
1216 1227 1312 1288 est
1356 1224 1797 1306 corruptivum
1838 1222 2027 1287 honi:
2080 1223 2189 1287 sed

649 1331 817 1397 nihil
856 1334 1287 1416 corrumpitur
1326 1334 1452 1396 nisi
1492 1334 1663 1415 quod
1711 1336 1833 1412 est,
1876 1331 1981 1397 vel
2022 1332 2186 1395 fuit:

652 1458 809 1521 ergo
836 1441 904 1504 in
935 1441 1166 1521 angelo
1203 1440 1445 1522 aliquid
1480 1440 1600 1503 fuit
1631 1439 1801 1522 quod
1838 1438 2050 1502 amisit
2078 1456 2191 1521 per

651 1553 1006 1628 peccatum.
1027 1547 1205 1612 Tunc
1220 1564 1377 1629 ergo
1397 1565 1617 1629 quaero
1643 1551 1867 1610 utrum
1891 1547 1960 1608 in
1981 1546 2188 1628 primo

652 1651 910 1717 instanti
951 1656 1337 1736 peccaverit,
1384 1674 1470 1719 an
1513 1673 1682 1718 non:
1729 1654 1783 1717 si
1834 1672 1986 1732 non,
2033 1659 2189 1717 tunc

649 1758 853 1825 habeo
879 1763 1273 1845 propositum
1289 1781 1309 1842 ;
1340 1762 1394 1825 si
1427 1762 1538 1841 sic,
1577 1780 1735 1843 ergo
1768 1761 2051 1844 peccavit
2078 1780 2186 1823 su·

648 1863 804 1929 bito.
836 1864 958 1929 Sed
985 1884 1132 1930 cum
1160 1865 1231 1929 in
1263 1866 1479 1929 subita
1510 1865 1859 1928 mutatione
1887 1864 2082 1928 simul
2107 1864 2190 1927 sit

650 1970 813 2050 fleri,
842 1976 905 2034 et
928 1972 1165 2035 factum
1192 1991 1347 2052 esse,
1379 1972 1573 2036 simul
1600 1971 1811 2035 eterit
1840 1971 2183 2054 corrumpi,

649 2083 714 2142 et
744 2084 1119 2163 corruptum
1161 2099 1296 2145 esse
1315 2130 1332 2160 ,
1383 2085 1447 2145 et
1492 2081 1582 2144 ita
1619 2099 1751 2144 non
1797 2098 1931 2144 esse
1964 2103 1979 2144 ε
2028 2097 2186 2161 ergo

650 2184 897 2249 honum
937 2188 1006 2249 in
1041 2189 1250 2270 primo
1287 2188 1546 2251 instanti
1574 2207 1707 2251 non
1733 2192 1825 2251 est
1863 2203 1881 2248 t
1912 2185 2020 2250 sed
2053 2204 2186 2249 non

650 2299 1185 2376 corrumperetur,
1228 2295 1352 2358 nisi
1377 2296 1569 2359 fuerit
1597 2317 1613 2359 t
1645 2313 1803 2376 ergo
1848 2295 1915 2357 in
1960 2294 2183 2357 eodem

648 2399 906 2464 instanti
939 2401 1078 2480 suit,
1102 2405 1163 2464 et
1185 2421 1315 2466 nou
1344 2404 1487 2479 suit,
1517 2403 1684 2466 etita
1708 2401 2185 2467 contradictorie

648 2510 937 2591 opposita
961 2516 1111 2573 sunt
1130 2510 1323 2574 simul
1347 2528 1533 2575 vera:
1566 2512 1674 2574 sed
1697 2511 1817 2574 hoc
1835 2516 1929 2575 est
1952 2511 2188 2604 impos-

651 2617 853 2696 sibile,
873 2622 935 2681 et
953 2623 1208 2701 propter
1224 2619 1345 2682 hoc
1357 2619 1497 2682 vult
1512 2617 1937 2701 Philosophus
1952 2620 1969 2653 ¹
1984 2617 2181 2700 quod,

647 2723 811 2788 inter
854 2727 1239 2790 mutationes
1282 2728 1651 2803 contraria5‚
1699 2727 1776 2790 de
1819 2726 2187 2790 necessitate

648 2829 729 2892 sit
755 2830 937 2913 quies
964 2832 1212 2897 media:
1243 2851 1402 2915 ergo
1443 2833 1612 2897 inter
1646 2833 1815 2897 illius
1839 2833 1994 2897 honi
2030 2850 2184 2915 pro-

649 2937 1033 3016 ductionem,
1071 2945 1134 3004 et
1172 2940 1663 3023 ademptionem,
1692 2941 1810 3004 fuit
1839 2941 2019 3023 quies
2046 2958 2186 3004 me-

648 3043 772 3125 dia,
804 3050 866 3110 et
900 3047 989 3110 ita
1015 3047 1288 3111 morula.
1329 3047 1396 3111 Si
1430 3052 1502 3111 tu
1531 3048 1723 3125 dicaS,
1757 3048 1921 3111 sicut
1954 3047 2188 3111 dicitur

648 3152 727 3217 de
757 3153 972 3218 anima
1000 3154 1324 3234 rationali,
1354 3156 1504 3237 quia
1531 3156 1821 3220 similiter
1861 3160 2069 3238 potest
2096 3155 2186 3218 ibi

647 3259 839 3341 oinci
865 3261 1034 3343 quod
1061 3280 1193 3325 non
1220 3261 1444 3325 adimit
1471 3262 1737 3342 bonum,
1766 3263 1938 3346 quod
1968 3263 2183 3339 infuit,

647 3366 757 3430 sed
793 3368 963 3449 quod
1003 3368 1295 3433 infuisset
1340 3370 1394 3432 si
1433 3387 1563 3433 non
1602 3374 1953 3453 peccasset:
2007 3390 2187 3434 nun-

647 3491 845 3554 quam
872 3472 1044 3537 cnim
1072 3475 1192 3539 fuit
1214 3477 1433 3558 Justus
1459 3480 1522 3540 et
1547 3477 1771 3557 bonus,
1804 3478 1915 3542 sed
1940 3478 2182 3557 fuisset,

648 3579 704 3642 si
736 3598 866 3645 non
905 3586 1257 3663 peccasset3
1296 3587 1516 3646 contra
1541 3584 1663 3648 hoc
1691 3589 1786 3649 est
1814 3585 2182 3667 Augustini,

649 3686 729 3753 de
756 3688 1149 3755 correctione
1168 3696 1229 3756 et
1273 3692 1503 3758 Gracia
1520 3696 1580 3757 ¹:
1629 3716 1661 3754 a
1685 3693 1795 3760 Ille
1821 3695 1895 3760 in
1921 3698 2185 3761 veritate

648 3810 778 3860 non
813 3798 992 3862 stetit
1015 3796 1071 3874 ⁸,
1106 3798 1348 3861 dictum
1381 3803 1475 3861 est
1502 3798 1581 3864 de
1615 3799 1883 3880 diaholo,
1913 3801 2069 3883 quia
2097 3801 2187 3864 ihi

649 3901 799 3982 fuit,
855 3902 964 3966 sed
1005 3922 1137 3967 non
1185 3905 1567 3987 permansit:
1612 3927 1643 3965 n
1694 3924 1851 3989 ergo
1896 3907 2009 3973 illa
2051 3926 2189 3974 res-

648 4007 873 4091 ponsio
897 4009 1060 4073 nihil
1084 4010 1255 4076 valet
1278 4010 1408 4076 hic.

1190 4270 1643 4338 CONCLUSIO.

651 4424 894 4494 Angelus
926 4424 1103 4482 malus
1140 4441 1249 4482 non
1288 4430 1480 4483 statim
1518 4444 1555 4483 a
1586 4428 1771 4499 primo
1802 4430 2041 4484 instanti
2075 4444 2184 4486 suoe

722 4516 1012 4570 creationis
1032 4518 1299 4587 peccavit,
1328 4517 1420 4573 sed
1445 4517 1685 4588 quadam
1707 4518 1949 4590 parvula
1974 4520 2192 4576 mov-iila

721 4605 865 4660 inter
899 4603 1010 4674 ejus
1035 4608 1353 4661 creationem
1381 4612 1543 4678 atque
1563 4614 1835 4679 peccatum
1864 4611 2184 4665 intercessit.

732 4762 918 4847 Resp.
951 4764 1032 4828 ad
1056 4763 1332 4846 Argum.
1356 4765 1702 4831 Dicendum
1726 4768 1896 4850 quod
1925 4769 2190 4852 antiqua

651 4871 879 4953 positio
902 4872 1023 4935 suit
1047 4872 1433 4954 aliquorum,
1464 4873 1633 4954 quod
1674 4875 1867 4938 simul
1904 4879 2190 4959 tempore

650 4981 773 5045 fuit
809 4980 1122 5061 diabolus,
1158 4985 1223 5046 et
1248 4983 1555 5064 peccavit,
1594 5001 1714 5047 nec
1751 5003 2040 5068 unquam
2069 4986 2193 5051 fuit

717 5141 736 5176 ¹
760 5141 931 5204 Arist„
954 5142 1151 5207 Phys-ic.
1186 5141 1275 5192 lib.
1306 5143 1371 5192 lv
1384 5179 1400 5206 ‚
1433 5146 1569 5194 cont.
1598 5146 1684 5193 176
1710 5146 1763 5193 et
1784 5159 1893 5210 seq.
1912 5172 1976 5184 -
1993 5149 2015 5182 ²
2034 5150 2189 5215 Aug„

651 5210 711 5260 de
739 5212 956 5263 correct.
983 5217 1032 5263 et
1061 5215 1228 5278 Grai„
1258 5229 1304 5264 c.
1343 5226 1423 5270 v1.
1454 5229 1505 5263 n.
1533 5219 1609 5265 10.
1632 5243 1693 5252 —
1722 5217 1925 5280 ’Joanq
1951 5230 2045 5270 vm
2064 5259 2078 5281 ,
2111 5224 2192 5273 44.

651 5304 716 5318 -
736 5282 926 5349 ¹’Aug.,
965 5283 1024 5333 de
1062 5286 1188 5335 Gen.
1217 5285 1286 5335 ad
1311 5285 1397 5334 litt
1421 5323 1438 5347 ,
1460 5285 1549 5335 lib.
1576 5289 1636 5336 xl
1662 5324 1679 5350 ‚
1714 5301 1760 5338 c.
1782 5300 1915 5355 Ην,
1943 5304 1997 5340 n.
2026 5295 2107 5343 32.
2129 5318 2192 5330 -

653 5353 675 5387 ⁸
693 5356 893 5417 Scotus,
921 5369 973 5419 q.
996 5368 1035 5406 ιι
1051 5391 1069 5421 ,
1096 5356 1215 5407 dist.
1236 5369 1292 5421 V,
1316 5357 1423 5407 ibi:
1451 5359 1600 5408 Teneo
1608 5375 1632 5425 ,·
1658 5359 1880 5411 Thomas
1896 5398 1913 5425 ,
1957 5377 2074 5413 cum
2097 5367 2195 5416 Bo-

653 5430 885 5489 nnam„
913 5431 931 5477 t
950 5463 970 5489 ,
1003 5440 1056 5490 q.
1081 5439 1210 5478 um
1227 5466 1242 5490 ,
1271 5433 1367 5479 art.
1401 5432 1460 5493 53
1491 5436 1676 5494 quaest.
1703 5431 1765 5482 de
1789 5433 1951 5497 Malo,
1981 5449 2035 5499 q.
2057 5448 2154 5489 xV1
2168 5473 2187 5501 ‚

1805 437 2434 508 SENTENTIARUM
2473 437 2623 504 LIB.
2663 436 2741 504 II.

2295 576 2419 638 nisi
2456 574 2695 653 malus;
2751 578 2816 639 et
2861 574 3117 639 videtur
3166 574 3575 656 Augustinus
3598 575 3621 610 ⁸
3664 574 3837 638 illam

2295 683 2645 765 approbare
2665 705 2682 753 ς
2703 686 2766 745 et
2784 681 2925 746 ideo
2939 682 3137 765 aliqui
3157 682 3447 747 moderni
3461 700 3604 746 eam
3629 686 3840 746 tenue·

2295 794 2468 851 runt.
2501 788 2619 853 Sed
2647 789 2981 871 quoniam,
3011 789 3176 852 sicut
3199 806 3493 871 expresse
3517 787 3672 851 dicit
3702 788 3837 852 Au-

2297 896 2616 975 gustinuS,
2631 897 2932 978 praedicta
2961 897 3191 979 positio
3207 897 3448 961 accedit
3467 895 3548 959 ad
3565 896 3838 978 primam

2297 1020 2441 1084 quae
2464 1009 2558 1066 est
2584 1003 2907 1083 haeretIca,
2935 1009 2998 1067 et
3020 1005 3102 1066 ita
3123 1003 3303 1085 quasi
3325 1003 3624 1066 haeresim
3646 1003 3833 1083 sapit;

2296 1109 2438 1172 ideo
2485 1111 2844 1174 communis
2899 1112 3113 1194 opinio
3159 1111 3619 1193 magistrorum
3663 1107 3838 1172 Pari-

2295 1215 2599 1279 siensium
2623 1221 2736 1296 est,
2760 1218 2930 1299 quod
2963 1219 3295 1283 duratione
3318 1216 3598 1282 conditio
3625 1215 3836 1296 angeli

2297 1327 2615 1407 praecessit
2640 1328 2890 1410 lapsum
2921 1335 2984 1391 ⁸:
3015 1328 3186 1393 etde
3213 1328 3542 1392 communi
3579 1326 3835 1390 oonsilio

2296 1434 2753 1514 magistrorum
2792 1436 3020 1518 positio
3063 1437 3354 1518 opposita
3391 1434 3835 1500 excommuni-

2295 1545 2559 1605 cata‘est
2592 1542 2674 1605 ab
2713 1542 3019 1626 Episcopo
3066 1541 3457 1607 Parisieusi⁸.
3505 1542 3654 1606 Ideo
3694 1547 3834 1604 tan-

2294 1667 2492 1731 quam
2520 1651 2728 1731 magis
2756 1668 2978 1714 veram
3007 1655 3071 1716 et
3096 1650 3508 1728 catholicam,
3539 1653 3606 1714 et
3629 1648 3834 1729 magis

2294 1758 2707 1838 probabilem,
2739 1761 2801 1822 et
2837 1776 3250 1821 communem
3290 1757 3658 1839 opinionem
3699 1756 3834 1821 dico

2294 1864 2468 1928 illam
2496 1884 2630 1929 esse
2657 1865 3018 1944 tenendam,
3042 1864 3213 1947 quod
3243 1864 3500 1928 morula
3525 1864 3650 1928 fuit
3676 1866 3835 1928 inter

2295 1975 2678 2038 creationem
2699 1977 2764 2038 et
2779 1975 3052 2056 lapsum,
3081 1973 3225 2037 licet
3243 1973 3547 2057 parvula:
3584 1977 3835 2054 propter

2293 2098 2489 2161 quam
2508 2081 2731 2159 sancti,
2752 2084 2815 2144 et
2834 2079 3228 2163 expositores
3243 2128 3262 2159 ,
3282 2079 3498 2162 etipsa
3514 2077 3836 2162 Scriptura

2292 2184 2577 2267 loquitur
2624 2187 2701 2250 de
2748 2187 2992 2250 malitia
3042 2186 3273 2250 diaboli
3293 2234 3311 2265 ,
3360 2186 3545 2268 quasi
3590 2203 3834 2268 semper

2291 2291 2511 2355 fuisset
2535 2293 2604 2356 in
2628 2311 2737 2372 ea;
2771 2295 2925 2375 quia
2955 2292 3111 2357 illud
3147 2294 3472 2358 modicum
3513 2293 3698 2376 quasi
3724 2312 3833 2376 pro

2291 2401 2493 2465 nihilo
2519 2406 2876 2484 reputatur.

2375 2515 2433 2572 1.
2485 2508 2581 2573 Ex
2626 2511 2749 2574 hoc
2794 2512 2965 2593 patet
3006 2508 3327 2593 responsio
3377 2510 3458 2573 ad
3507 2510 3790 2591 primum
3811 2557 3829 2588 ,

2293 2617 2467 2699 quia,
2496 2622 2569 2681 ut
2593 2618 2742 2681 dicit
2765 2618 3170 2699 Augustinus
3186 2616 3231 2694 ⁷,
3262 2635 3489 2681 sensus
3527 2623 3665 2682 est:
3697 2617 3833 2681 [lla-

2292 2724 2479 2787 bolus
2512 2725 2593 2787 ab
2627 2724 2808 2788 initio
2847 2724 3164 2807 peccavit,
3194 2723 3259 2788 id
3293 2728 3423 2803 est,
3453 2725 3667 2788 statim
3701 2729 3835 2808 post

2293 2829 2574 2894 initium.

2373 2939 2433 3000 2.
2478 2935 2578 3001 Ad
2613 2936 2773 3001 illud
2808 2937 2983 3020 quod
3018 2937 3315 3019 objicitur
3340 2938 3418 3002 de
3443 2939 3831 3020 Augustin03

2293 3042 2432 3107 dico
2472 3043 2643 3127 quod
2684 3043 2837 3107 dicit
2875 3044 3233 3108 secundum
3276 3045 3550 3109 alienam
3591 3045 3837 3129 opinio-

2293 3169 2476 3231 nem;
2500 3152 2672 3235 quod
2692 3156 2886 3234 patet,
2907 3153 3059 3235 quia
3076 3153 3471 3217 contrarium
3490 3153 3648 3217 dicit
3664 3153 3830 3218 alibi.

2295 3258 2374 3323 Et
2412 3261 2582 3342 quod
2622 3261 2939 3343 objicitur,
2980 3261 3150 3343 quod
3195 3262 3330 3344 ipse
3370 3262 3583 3345 posuit
3622 3262 3839 3326 omnia

2294 3368 2486 3432 simul
2508 3370 2697 3447 facta;
2725 3369 3065 3433 dicendum
3084 3370 3256 3451 quod
3274 3387 3505 3435 verum
3526 3374 3622 3433 est
3644 3388 3838 3452 quan·

2293 3479 2436 3541 tum
2463 3478 2544 3542 ad
2578 3495 2712 3541 esse
2742 3476 3062 3556 naturale,
3102 3476 3208 3540 sed
3241 3494 3377 3541 non
3410 3480 3730 3559 quantum
3762 3475 3837 3540 ad

2294 3585 2457 3649 bene
2487 3604 2622 3649 esse
2655 3607 2671 3650 ε
2700 3584 2871 3649 unde
2905 3584 3120 3667 posuit
3144 3584 3315 3665 quod
3350 3584 3467 3649 lux
3498 3584 3838 3667 corporalis

2296 3692 2488 3757 simul
2515 3699 2706 3773 esset,
2738 3697 2803 3758 et
2831 3693 3036 3757 divisa
3062 3697 3225 3758 esset
3250 3713 3290 3758 a
3313 3694 3612 3758 tenebris.
3646 3693 3836 3758 Simi-

2293 3799 2438 3864 liter
2454 3802 2627 3883 quod
2649 3820 2780 3865 non
2802 3805 2896 3865 est
2918 3801 3074 3865 ordo
3093 3801 3526 3866 materialium
3550 3801 3831 3866 dierum:

2295 3907 2405 3971 sed
2447 3907 2608 3971 bene
2648 3908 2860 3990 posuit
2901 3906 3190 3971 ordinem
3233 3907 3663 3989 spiritualium
3705 3906 3837 3971 die·-

2295 4032 2445 4079 rum
2470 4018 2821 4081 secundum
2852 4018 3324 4099 septemplicem
3355 4016 3834 4082 conversionem

2296 4125 2649 4192 intellectus
2676 4127 2954 4210 angelici
2982 4145 3178 4209 supra
3205 4145 3327 4191 res.

2378 4241 2416 4300 3
2447 4241 2511 4300 et
2537 4241 2600 4300 4.
2631 4236 2728 4301 Ad
2761 4236 2919 4300 illud
2953 4235 3124 4317 quod
3153 4233 3474 4316 objicitur,
3512 4232 3687 4316 quod
3720 4236 3838 4296 sta-

2295 4342 2416 4408 tim
2441 4344 2562 4407 fuit
2586 4343 2655 4406 iu
2678 4347 2847 4419 actu,
2877 4341 3217 4407 dicendum
3239 4341 3409 4424 quod
3431 4340 3696 4423 quidam
3723 4340 3839 4404 hoc

2299 4453 2541 4531 negant
2579 4450 2648 4513 in
2687 4449 2865 4513 omni
2904 4453 3226 4529 creatura3
3267 4448 3420 4529 quia
3457 4453 3675 4512 tamen
3706 4447 3839 4512 Au-

2301 4560 2601 4640 gustinus
2630 4558 2884 4624 videtur
2915 4558 3121 4622 dicere
3161 4558 3554 4621 contrarium
3592 4557 3662 4620 in
3701 4556 3838 4620 luce

2300 4672 2366 4732 et
2390 4666 2722 4750 splendore
2742 4715 2760 4745 ,
2793 4666 3212 4730 concedamus
3235 4669 3298 4729 et
3334 4666 3405 4729 in
3429 4666 3662 4746 angelo
3692 4688 3707 4731 ε
3735 4664 3838 4728 sed

2299 4777 2518 4836 tamen
2538 4790 2672 4836 non
2692 4772 2814 4836 fuit
2835 4773 3048 4837 statim
3070 4772 3140 4836 in
3162 4777 3310 4837 actu
3332 4772 3673 4851 electionis,
3695 4770 3840 4854 quia

2302 4880 2488 4943 illum
2527 4880 2837 4944 antecedit
2882 4879 3244 4945 deliberatio
3263 4928 3281 4961 ,
3318 4882 3383 4944 et
3423 4878 3838 4963 praecognitio

2301 4989 2588 5073 plurium
2619 5007 2637 5052 ε
2666 4989 2848 5072 quia,
2890 4988 3054 5053 sicut
3086 4988 3327 5052 dictum
3368 4990 3491 5067 est,
3532 4986 3603 5050 in
3642 5002 3839 5069 oppo-

2304 5154 2399 5200 art.
2422 5152 2481 5214 43
2515 5150 2555 5198 ΙΙ
2586 5149 2745 5213 Seni„
2775 5148 2891 5199 dist.
2917 5159 2974 5212 ν,
3003 5162 3054 5212 q.
3082 5160 3133 5209 1,
3156 5150 3251 5197 art.
3274 5149 3320 5195 ¹.
3341 5173 3404 5183 —
3422 5146 3444 5181 θ
3464 5145 3672 5197 Scilicet
3701 5157 3833 5195 auno

2304 5221 2510 5273 Domini
2543 5224 2660 5271 1340
2679 5256 2695 5282 ‚
2723 5222 2774 5269 in
2798 5226 2981 5271 octava
3013 5218 3332 5283 Epiphaniae,
3361 5218 3738 5268 condemnatus
3764 5219 3837 5266 est

2302 5293 2398 5343 iste
2417 5291 2689 5343 articulus:
2725 5309 2752 5339 α
2779 5292 2928 5351 Quod
2954 5292 3166 5355 augelus
3195 5291 3246 5339 in
3291 5291 3457 5353 primo
3499 5290 3705 5340 instanti
3731 5300 3834 5338 suae

2304 5365 2579 5415 creationis
2604 5364 2698 5414 fuit
2734 5365 2899 5414 malus
2925 5370 2978 5415 et
2996 5376 3256 5427 nunquam
3281 5362 3465 5413 bonus.
3483 5378 3511 5411 ιο
3540 5387 3602 5399 -
3631 5363 3654 5398 '¹
3681 5363 3827 5424 Aug„

2304 5437 2366 5487 de
2392 5437 2545 5487 Civit.
2574 5437 2701 5499 Dei,
2726 5435 2817 5485 lib.
2840 5437 2908 5486 xl
2927 5470 2942 5498 ‚
2974 5450 3020 5486 c.
3044 5447 3161 5486 1111.
