4125 6225
1441 452 1632 520 DIST.
1680 444 1838 521 xlv.
1882 454 2088 522 PARS
2129 455 2208 522 ll.

238 608 385 659 vam
405 596 716 677 recepisse
744 595 1091 678 potentiam
1117 591 1197 658 ad
1239 588 1649 674 producenda
1672 592 1770 653 ta-

233 699 351 781 lia3
383 702 437 765 si
461 720 616 769 vero
638 706 793 767 tunc
815 701 1138 785 produxit,
1167 698 1423 763 videtur
1446 693 1771 779 Scriptura

233 807 622 874 insufficiens
639 857 656 887 ,
708 807 861 891 quia
897 825 1031 871 non
1086 804 1395 888 exprimit
1438 821 1455 866 ε
1515 802 1772 867 videtur

233 915 426 980 etiam
452 916 571 980 sibi
610 913 1003 993 contrariari,
1049 912 1205 977 dum
1236 911 1306 974 in
1353 910 1575 977 Genesi
1620 909 1770 974 dicit

231 1023 338 1088 illa
357 1023 424 1086 in
440 1041 698 1107 poenam
714 1022 997 1087 hominis
1010 1019 1365 1104 germinari
1384 1040 1399 1083 z
1424 1017 1771 1085 Maledicta

230 1138 410 1200 terra
439 1138 487 1213 ¹,
511 1136 628 1197 etc.

315 1238 501 1322 Resp.
531 1237 885 1303 Dicendum
912 1234 1079 1318 quod
1120 1234 1445 1317 Scriptura
1483 1233 1771 1299 ordinate

231 1346 556 1429 exprimit.
614 1344 781 1410 Deus
805 1342 1269 1409 ordinatissime
1293 1341 1462 1417 fecit,
1486 1340 1644 1405 dum
1669 1359 1772 1405 eo-

228 1455 376 1519 dem
406 1453 528 1533 die,
556 1469 685 1535 quo
714 1456 885 1516 terra
909 1449 1217 1532 producta
1241 1452 1356 1526 est,
1386 1465 1469 1511 ex
1509 1465 1585 1512 ea
1613 1446 1768 1512 her-

230 1562 344 1626 has
373 1565 436 1626 et
465 1562 643 1642 ligna
684 1559 938 1642 prodire
963 1558 1112 1622 fecit
1140 1579 1156 1622 ι
1200 1561 1343 1621 tum
1377 1559 1636 1639 propter
1660 1575 1768 1620 er-

185 1741 190 1745 ,
229 1670 393 1734 roris
423 1668 867 1746 remotionem,
908 1668 984 1730 ut
1013 1665 1164 1729 dicit
1191 1662 1482 1742 BasiliuS,
1522 1681 1603 1727 ne
1631 1681 1769 1728 cre-

229 1777 487 1841 deretur
545 1775 719 1859 quod
770 1773 879 1839 Sol
928 1776 1092 1837 esset
1157 1789 1347 1835 causa
1406 1770 1771 1853 principalis

133 1916 144 1929 ·
229 1888 418 1950 terrae
462 1884 860 1948 nascentium
878 1932 895 1962 ,
945 1884 1110 1945 sicut
1147 1879 1297 1944 dicit
1340 1877 1769 1962 Philosophus

230 1993 403 2078 quod
429 1991 624 2057 Terra
650 1994 744 2056 est
768 1993 973 2054 mater
993 1988 1380 2071 plantarum,
1426 1989 1491 2049 et
1516 1983 1624 2050 Sol
1646 2004 1767 2068 pa-

231 2104 357 2180 ter3
398 2104 541 2163 tum
567 2099 718 2181 quia
759 2097 994 2181 plantae
1035 2097 1100 2158 et
1133 2093 1350 2157 herbae
1396 2096 1547 2157 sunt
1587 2094 1769 2175 quasi

230 2207 925 2284 connaturalesterrae,
972 2203 1129 2267 dum
1165 2203 1224 2266 ei
1265 2204 1419 2266 sunt
1463 2201 1769 2266 radicitus

230 2316 441 2380 afflxae
471 2315 551 2397 (α)
581 2313 891 2378 trahendo
915 2330 993 2375 ex
1014 2310 1151 2394 ipsa
1168 2311 1551 2388 fomentum,
1565 2314 1628 2374 et
1647 2311 1769 2374 ori-

228 2424 452 2506 ginem
470 2442 486 2486 z
505 2440 633 2486 non
645 2421 734 2485 sic
743 2424 960 2485 autem
974 2418 1143 2484 estin
1156 2417 1485 2482 ornatibus
1493 2416 1763 2482 aliorum

230 2530 429 2595 trium
456 2534 560 2595 :et
596 2548 710 2613 per
739 2529 862 2593 hoc
887 2531 1057 2611 patet
1093 2526 1378 2610 primum
1420 2525 1762 2608 objectum.

227 2641 328 2706 Ad
354 2641 511 2706 illud
537 2658 691 2706 vero
715 2639 887 2722 quod
913 2636 1211 2720 objicitur
1237 2635 1315 2699 de
1337 2634 1767 2716 corporalibus

226 2748 664 2826 mineralibus‚
690 2745 1030 2811 dicendum
1051 2743 1221 2826 quod
1248 2741 1423 2826 quia,
1452 2745 1644 2824 prout
1669 2760 1766 2805 re·

226 2857 464 2922 cedunt
490 2875 530 2919 a
551 2858 782 2919 natura
807 2857 1018 2931 terrae,
1046 2851 1244 2914 latent
1267 2850 1389 2913 sub
1412 2853 1603 2930 terra,
1631 2868 1766 2914 non

226 2964 478 3029 curavit
508 2961 835 3044 Scriptura
874 2958 1223 3042 specialiter
1256 2956 1635 3040 exprimere.
1668 2956 1768 3047 Ad

225 3072 383 3137 illud
409 3072 578 3154 quod
606 3067 907 3152 objicitur
943 3066 1021 3132 de
1050 3065 1249 3151 spinis
1276 3068 1340 3129 et
1367 3062 1638 3141 tribulis,
1667 3063 1767 3128 di-

99 3249 106 3254 ,
228 3181 506 3246 cendum
534 3178 703 3261 quod
745 3182 899 3241 tunc
941 3175 1249 3259 producta
1288 3175 1442 3236 sunt
1487 3190 1604 3255 pro
1648 3190 1759 3252 eo,

226 3289 383 3373 quia
421 3288 693 3370 perfecta
735 3283 1109 3349 foecunditas
1144 3281 1289 3346 data
1324 3284 1418 3345 est
1457 3283 1670 3360 terrae,
1702 3283 1765 3345 et

226 3400 406 3470 nulla
429 3397 622 3461 herba
651 3397 746 3458 est
768 3396 901 3456 tam
939 3390 1106 3470 vilis,
1134 3406 1281 3471 quae
1306 3407 1441 3454 non
1463 3388 1545 3452 sit
1564 3388 1765 3452 alicu-

217 3510 332 3591 Jus
372 3502 659 3570 utilitatis
711 3504 773 3564 et
810 3498 1101 3577 virtutis;
1148 3501 1212 3561 et
1254 3496 1398 3561 ideo
1439 3514 1589 3560 cum
1624 3496 1764 3560 aliis

223 3611 582 3678 virentibus
608 3607 823 3673 herbis
847 3608 912 3670 et
942 3604 1143 3687 lignis
1166 3603 1504 3668 fructiferis
1529 3604 1764 3668 intelli-

225 3721 514 3806 gendum
556 3721 650 3782 est
688 3716 808 3779 ista
841 3711 1130 3797 produci,
1177 3715 1241 3775 et
1275 3709 1604 3793 Scriptura
1642 3711 1763 3775 sub

224 3831 485 3894 illorum
508 3823 921 3908 generalitate
956 3819 1453 3902 comprehendit.
1483 3818 1564 3884 Et
1590 3819 1761 3902 quod

221 3937 542 4019 objicitur,
568 3931 739 4016 quod
762 3930 1066 4013 generata
1085 3928 1320 3991 suntin
1340 3944 1596 4008 poenam
1618 3945 1760 4009 pec-

222 4045 389 4125 cati3
439 4040 781 4107 dicendum
829 4035 1001 4120 quod
1049 4034 1296 4118 spinam
1342 4034 1760 4099 etz-tribulum

223 4149 518 4237 generari
537 4198 555 4226 ,
603 4146 720 4211 ubi
768 4144 1121 4209 seminatur
1155 4143 1551 4206 frumentum
1573 4191 1590 4220 ‚
1638 4142 1761 4206 hoc

222 4263 316 4325 est
357 4259 429 4321 in
470 4271 728 4340 poenam
773 4250 1032 4334 peccati,
1077 4253 1141 4314 et
1182 4268 1266 4314 ex
1318 4249 1760 4315 maledictione

222 4372 433 4444 terras,
456 4380 629 4445 quae,
651 4377 800 4424 cum
818 4356 1044 4422 colitur
1060 4359 1135 4420 ut
1146 4356 1252 4420 det
1269 4356 1571 4434 fructum,
1591 4357 1761 4423 unde

223 4475 418 4538 homo
477 4470 867 4534 sustentetur
893 4514 912 4544 ,
974 4463 1186 4546 potius
1245 4463 1541 4545 producit
1587 4466 1759 4529 unde

220 4582 416 4647 homo
439 4578 776 4644 crucietur.
808 4573 987 4651 Quod
1012 4574 1228 4636 autem
1253 4571 1326 4634 in
1364 4570 1517 4635 locis
1541 4572 1762 4636 multis

222 4692 568 4773 generetur
592 4685 775 4769 spina
796 4686 860 4748 et
887 4680 1185 4763 tribulus,
1210 4680 1333 4746 hoc
1354 4699 1487 4748 non
1510 4685 1605 4748 est
1630 4702 1762 4766 poe·

222 4816 327 4879 na,
365 4795 475 4862 sed
500 4797 753 4859 natura.

853 4890 993 4937 nun.
1033 4890 1128 4938 m.

467 5000 616 5052 Fiant
641 4999 912 5051 luminaria
935 5000 991 5050 in
1019 4999 1344 5051 firmamento
1377 4996 1510 5049 eoeli.

302 5118 624 5197 Quaeritur
659 5133 808 5201 quae
850 5116 977 5180 sint
1009 5115 1131 5179 ista
1171 5112 1539 5180 luminaria.
1584 5113 1654 5179 Si
1690 5118 1764 5179 tu
1804 5085 1810 5098 ⁸

223 5228 391 5293 dicas
412 5226 584 5310 quod
607 5224 778 5291 Solet
798 5224 1001 5302 Luna,
1017 5222 1174 5305 quia
1199 5221 1528 5304 Scriptura
1553 5224 1762 5307 expli-

226 5343 327 5405 cat
358 5362 375 5404 ι
406 5340 581 5406 Fecit
599 5339 771 5405 Deua
790 5335 918 5404 duo
938 5336 1295 5402 luminaria
1316 5351 1577 5419 maana,
1605 5339 1757 5416 etc„

290 5460 309 5496 ¹
333 5461 476 5524 Gen„
504 5470 594 5525 m,
622 5462 763 5511 ¹7.-
796 5459 869 5525 (a)
897 5457 1035 5510 Edit.
1069 5456 1185 5512 Vm.
1207 5457 1539 5511 formentum.

3303 466 3422 530 583

1882 592 2136 657 videtur
2180 610 2315 657 esse
2355 590 2655 656 instantia
2722 612 2741 657 τ
2804 594 3013 676 primo
3037 643 3057 675 ,
3106 596 3261 679 quia
3303 598 3425 664 ista

1879 716 2011 764 non
2035 700 2272 765 suntin
2296 700 2732 779 firmament03
2761 702 3038 767 secundo
3063 721 3240 785 vero,
3267 706 3424 789 quia

1880 804 2062 870 Luna
2087 824 2219 870 non
2240 810 2336 871 est
2359 806 2678 871 luminare
2700 825 3037 890 magnum,
3069 829 3218 875 cum
3239 813 3419 895 judi-

1880 913 1979 977 cio
2017 914 2380 996 sapientum
2424 914 2645 979 multae
2689 914 2885 981 stellae
2931 916 3060 981 sint
3106 922 3416 1003 majores;

1877 1019 2064 1083 tertio
2094 1038 2270 1100 vero,
2300 1020 2452 1102 quia
2487 1019 2669 1085 Luna
2693 1038 2825 1085 non
2852 1023 3108 1088 videtur
3146 1044 3281 1090 esse
3317 1025 3424 1091 lu-

1873 1127 2149 1207 minare,
2178 1128 2286 1193 sed
2312 1128 2523 1212 potius
2549 1146 2780 1212 corpus
2801 1146 3097 1213 opacum,
3130 1132 3285 1197 dum
3317 1134 3422 1199 sui

1879 1235 2355 1318 interpositione
2383 1234 2593 1301 Solem
2617 1236 2769 1301 facit
2793 1237 3102 1322 eclipsari.
3128 1238 3195 1305 Si
3220 1244 3294 1306 tu
3320 1241 3423 1307 di-

1879 1361 1983 1407 cas
2004 1344 2176 1427 quod
2197 1342 2375 1409 Luna
2401 1344 2631 1409 dicitur
2652 1345 2991 1425 luminare,
3016 1365 3149 1412 non
3163 1349 3316 1431 quia
3338 1368 3423 1414 ex

1879 1468 1948 1514 se
1975 1450 2206 1531 luceat,
2236 1451 2345 1516 sed
2369 1452 2522 1534 quia
2549 1452 2768 1517 lumen
2795 1453 3021 1537 recipit
3046 1473 3085 1518 a
3115 1453 3285 1534 Sole;
3311 1456 3423 1520 ob-

1871 1556 2101 1638 jicitur
2122 1563 2342 1623 contra
2367 1559 2512 1639 hoc,
2540 1560 2691 1642 quia
2723 1579 2873 1624 cum
2895 1559 3078 1626 Luna
3097 1562 3179 1627 sit
3199 1562 3277 1627 de
3304 1581 3425 1626 na-

1879 1665 2026 1727 tura
2052 1664 2298 1748 quintae
2334 1666 2647 1746 essentiae,
2690 1667 2857 1732 sicut
2888 1672 2950 1732 et
2976 1667 3119 1746 Sol,
3164 1668 3423 1733 videtur

1879 1770 2050 1853 quod
2074 1771 2163 1838 ita
2182 1773 2403 1839 debeat
2426 1775 2639 1840 lucere
2666 1774 2830 1839 sicut
2856 1773 2984 1840 Sol.
3019 1774 3201 1856 ltem,
3232 1776 3288 1839 si
3315 1776 3423 1840 lu-

1880 1894 2030 1942 men
2058 1879 2312 1963 recipit,
2357 1885 2469 1946 aut
2507 1882 2670 1947 sicut
2717 1900 2949 1964 corpus
2991 1887 3419 1967 transparens‚

1879 1990 1992 2051 aut
2028 1987 2193 2052 sicut
2233 1989 2671 2070 terminatum,
2715 1994 2829 2055 aut
2876 1990 3039 2055 sicut
3086 1992 3422 2075 speculum

1878 2095 2051 2176 quod
2094 2095 2327 2178 partim
2373 2095 2566 2161 habet
2601 2102 2901 2164 naturam
2949 2099 3311 2179 terminati,
3361 2102 3425 2164 et

1877 2202 2111 2285 partim
2133 2203 2588 2286 transparentis
2622 2223 2640 2269 ε
2669 2204 2727 2268 si
2752 2206 2974 2288 recipit
3004 2204 3170 2270 sicut
3206 2209 3421 2271 trans-

1876 2327 2128 2393 parens,
2152 2315 2308 2376 tunc
2334 2311 2587 2377 videtur
2607 2312 2782 2396 quod
2799 2331 2930 2377 non
2956 2312 3213 2397 objiciat
3233 2333 3300 2379 se
3327 2314 3418 2379 vi·

1876 2417 1977 2482 sui
2005 2436 2121 2500 per
2149 2436 2239 2495 se,
2270 2422 2333 2483 et
2357 2421 2527 2502 quod
2572 2420 2766 2485 etiam
2790 2439 2923 2484 non
2966 2420 3163 2504 possit
3204 2423 3417 2487 occul-

1874 2530 2010 2590 tare
2034 2525 2247 2592 Solem
2264 2549 2280 2605 ;
2299 2528 2352 2591 si
2371 2527 2535 2592 sicut
2551 2529 2989 2607 terminatum,
3012 2533 3167 2593 tunc
3184 2528 3420 2612 duplex

1875 2632 2080 2697 oritur
2113 2634 2567 2699 inconveniens
2616 2653 2633 2699 ε
2678 2635 2962 2719 primum
2978 2685 2997 2716 ,
3055 2637 3227 2720 quod
3267 2655 3418 2701 cum

1874 2758 2106 2822 corpus
2121 2741 2539 2807 terminatum
2557 2761 2692 2808 non
2709 2746 2801 2807 est
2820 2743 2946 2807 nisi
2964 2743 3265 2823 mixtum,
3284 2761 3417 2808 non

1873 2851 2078 2930 potest
2100 2845 2282 2912 Luna
2306 2867 2439 2913 esse
2457 2867 2687 2932 corpus
2707 2850 3151 2930 terminatum3
3181 2869 3414 2915 secun-

1875 2955 2031 3020 dum
2062 2974 2241 3033 vero,
2268 2957 2441 3040 quod
2463 2961 2617 3023 tunc
2648 2976 2781 3021 non
2804 2957 3271 3023 illuminabitur
3293 2959 3417 3024 nisi

1873 3063 1943 3127 in
1969 3064 2303 3148 superficie
2334 3087 2349 3127 ε
2395 3078 2554 3147 ergo
2579 3064 2834 3132 videtur
2867 3066 3038 3149 quod
3080 3085 3309 3150 parum
3336 3068 3415 3134 de

1871 3170 2115 3236 lumine
2154 3172 2476 3256 suscipiat,
2524 3176 2587 3237 et
2619 3191 2850 3256 parum
2874 3174 3213 3240 refundat:
3259 3193 3417 3258 ergo

1870 3296 2002 3342 non
2041 3279 2226 3345 debet
2264 3279 2384 3344 dici
2411 3281 2730 3345 luminare
2773 3299 3111 3363 magnum.
3159 3281 3225 3347 Si
3262 3302 3418 3349 vero

1871 3386 2096 3468 recipit
2120 3387 2285 3451 sicut
2301 3387 2657 3471 speculum,
2688 3390 2842 3451 tunc
2867 3387 3157 3453 similiter
3175 3389 3416 3473 duplex

1871 3496 1965 3557 est
1986 3494 2442 3560 inconveniens
2468 3516 2483 3559 ε
2513 3495 2745 3577 prim0,
2775 3495 2947 3578 quod
2987 3496 3055 3559 in
3082 3494 3266 3561 Luna
3299 3498 3415 3563 de-

1869 3600 2099 3664 bemus
2124 3600 2339 3666 videre
2377 3602 2730 3684 imaginem
2757 3602 2894 3668 sive
2926 3604 3198 3686 speciem
3228 3604 3410 3686 Solis,

1870 3708 2033 3773 sicut
2074 3709 2331 3775 videtur
2375 3711 2447 3774 in
2487 3708 2770 3793 speculo;
2820 3709 3016 3788 aliud,
3048 3712 3218 3794 quod
3260 3715 3416 3777 tunc

1868 3832 2000 3879 non
2027 3814 2212 3880 debet
2224 3815 2405 3881 Luna
2419 3815 2767 3881 illuminari
2783 3817 3135 3883 secundum
3156 3838 3415 3884 omnem

1869 3926 2140 4006 partem,
2167 3925 2330 3988 sicut
2351 3943 2469 3988 nec
2495 3924 2826 4007 speculum
2848 3923 3201 4006 imaginem
3227 3926 3414 3990 offert

1869 4030 2222 4095 secundum
2248 4050 2507 4097 omnem
2536 4035 2805 4116 partem.
2837 4030 3099 4115 Propter
3126 4033 3250 4097 hoc
3277 4032 3408 4115 igi-

1868 4140 1978 4201 tur
2001 4141 2096 4202 est
2122 4138 2411 4220 quaestio,
2441 4157 2642 4222 quare
2671 4138 2829 4203 luna
2866 4138 3114 4203 dicatur
3141 4157 3276 4203 esse
3305 4140 3411 4203 lu-

1869 4245 2116 4310 minare
2155 4263 2510 4327 magnum;
2541 4250 2604 4311 et
2638 4264 2835 4329 quare
2880 4246 3089 4329 magis
3125 4244 3295 4310 lucet
3330 4246 3409 4311 de

1867 4357 2051 4416 nocte
2068 4371 2263 4436 quam
2278 4353 2355 4417 de
2375 4352 2507 4433 die3
2532 4357 2597 4417 et
2614 4370 2813 4435 quare
2833 4353 3044 4434 magis
3059 4353 3229 4417 lucet
3249 4354 3406 4419 dum

1867 4480 1907 4526 a
1934 4462 2080 4529 Sole
2109 4464 2470 4545 elongatur,
2520 4481 2718 4546 quam
2763 4481 2914 4527 cum
2960 4463 3020 4528 ei
3062 4463 3409 4546 appropin-

1868 4574 2024 4653 quat
2048 4593 2064 4634 ε
2090 4571 2482 4635 contrarium
2506 4570 2681 4636 enim
2697 4570 2883 4636 debet
2901 4587 3059 4650 esse,
3083 4570 3138 4634 si
3162 4569 3245 4634 ab
3269 4570 3408 4654 ipso

1867 4676 2090 4761 recipit
2113 4678 2357 4743 lumen.

1789 4867 1796 4874 .
1947 4784 2134 4870 Resp.
2159 4785 2506 4852 Dicendum
2525 4786 2699 4871 quod
2721 4786 2886 4851 circa
2904 4785 3250 4851 luminaria
3266 4783 3407 4852 coeli
3435 4799 3568 4859 opu.
3587 4806 3631 4846 ι.

1868 4894 2131 4977 quidam
2171 4893 2566 4976 singularem
2602 4896 2823 4958 tenent
2858 4893 3223 4976 opinionem
3242 4941 3262 4973 ,
3308 4893 3404 4957 di-

1869 5006 2082 5066 centes
2115 5001 2286 5085 quod
2327 5019 2593 5085 corpora
2631 5001 2904 5066 coelestia
2937 5004 3087 5065 sunt
3124 5019 3206 5065 ex
3246 5018 3407 5083 qua-

1868 5114 2017 5175 tuor
2042 5109 2402 5187 elementis,
2432 5109 2935 5193 praedominante
2961 5109 3029 5173 in
3060 5109 3154 5173 eis
3180 5112 3411 5175 natura

1870 5220 2073 5303 ignis,
2121 5221 2256 5286 sive
2300 5221 2566 5287 coelestis
2585 5309 2591 5316 υ
2611 5219 2921 5303 corporis,
2968 5221 3141 5304 quod
3189 5218 3413 5284 dicunt

1870 5349 2006 5396 esse
2023 5337 2276 5398 naturae
2294 5331 2507 5414 igneae
2532 5353 2546 5396 ε
2567 5330 3093 5415 praedominante,
3112 5330 3404 5413 inquam,

1868 5459 2003 5507 non
2028 5441 2241 5508 solum
2268 5442 2622 5507 secundum
2646 5441 3021 5527 qualitatem
3036 5488 3054 5519 ,
3080 5438 3189 5505 sed
3212 5440 3407 5510 otiam
