4125 6225
1258 495 1265 500 ·
1379 474 1758 545 DISTINCT.
1798 471 2122 543 XXXVIII.
2315 469 2320 474 ’
3265 477 3344 540 65

224 642 333 711 que
352 622 588 691 videno·
608 622 1132 705 relinquentium,
1154 623 1273 684 etc.
1307 616 1609 683 Similiter
1633 618 1698 678 et

223 731 444 799 secunda
472 731 622 794 duas
642 729 843 794 habet
882 753 898 792 ι
940 729 1008 793 in
1043 728 1247 811 prima
1283 722 1582 808 opponit3
1622 720 1696 785 111

224 840 443 904 secunda
469 837 687 912 solvit,
717 821 813 899 ibi
854 854 873 899 2
909 834 1018 901 Ad
1044 832 1217 916 quod
1248 831 1568 909 dicimus,
1605 828 1698 896 il-

225 947 709 1015 loetnlccutionem.

813 1138 955 1184 DUB.
999 1136 1045 1183 1.

379 1253 473 1304 Nec
495 1251 641 1302 aliter
668 1249 821 1302 scivit
846 1251 1039 1312 616616,
1067 1259 1220 1313 quam
1248 1246 1484 1298 creanda.

281 1376 503 1442 Videtur
521 1376 627 1440 hic
653 1375 1061 1458 Augustinus
1093 1373 1259 1437 male
1291 1372 1519 1447 dicere,
1552 1369 1705 1453 quia

222 1505 325 1564 res,
354 1485 402 1548 si
428 1503 568 1548 vere
597 1488 1031 1566 cognoscam
1045 1530 1063 1562 ‚
1104 1480 1505 1563 cognoscitur
1539 1479 1705 1543 61661

223 1599 294 1659 est
310 1616 324 1658 ε
344 1593 437 1658 sed
452 1593 630 1657 aliter
654 1593 941 1671 16616111,
964 1609 1113 1656 6661
1130 1590 1392 1654 fuerunt
1407 1588 1702 1665 creanda,

223 1719 375 1785 quam
414 1719 552 1764 cum
602 1704 792 1764 erant
841 1703 1086 1775 creata3
1132 1697 1344 1780 primo
1387 1695 1563 1759 enim
1605 1713 1708 1759 res

220 1808 508 1872 fueruntin
532 1825 733 1872 causa
748 1810 813 1870 61
828 1804 1183 1869 secundm
1203 1802 1380 1885 quid,
1401 1806 1466 1865 et
1495 1807 1710 1886 postea

220 1916 272 1979 in
298 1916 523 1998 proprio
561 1933 806 1995 genere
842 1918 907 1978 et
946 1912 1314 1996 simpliciter
1347 1932 1363 1974 t
1402 1928 1561 1992 ergo
1596 1913 1712 1974 aut

221 2022 350 2087 Deus
363 2042 482 2087 non
499 2041 655 2088 vere
676 2021 1024 2104 cognoscit,
1044 2025 1156 2086 aut
1177 2019 1361 2083 aliter
1383 2018 1706 2100 coguovit.

282 2130 410 2195 ltem
430 2180 447 2210 ‚
483 2131 775 2214 Angelus
813 2131 1139 2211 cognoscit
1170 2145 1275 2191 res
1311 2127 1379 2190 in
1415 2124 1623 2191 Verbo
1658 2129 1706 2204 1;

221 2240 492 2320 cognoscit
536 2240 733 2303 etiam
778 2256 887 2302 666
931 2237 1001 2299 111
1034 2237 1294 2319 6166116
1338 2253 1609 2318 genere;
1650 2238 1714 2300 61

221 2347 374 2427 alius,
400 2348 650 2412 6161166
674 2346 906 2410 modus
931 2343 1355 2425 cognoscendi
1381 2343 1605 2407 6611116
1631 2343 1714 2407 ab

221 2455 306 2518 illo
338 2478 353 2519 ε
392 2473 547 2536 ergo
589 2473 741 2518 cum
778 2471 913 2516 non
949 2451 1032 2515 sit
1072 2451 1265 2515 latere
1302 2449 1504 2514 Deum
1541 2451 1714 2533 quod

221 2563 365 2626 novit
398 2561 707 2643 Angelus„
743 2559 1000 2624 videtur
1035 2557 1205 2641 quod
1245 2556 1409 2621 Deus
1443 2561 1716 2640 utroque

225 2670 374 2732 modo
398 2673 757 2751 cognoscat,
787 2666 964 2731 61116
989 2666 1193 2744 aliter,
1221 2669 1287 2730 et
1310 2666 1510 2730 aliter.

281 2775 440 2861 nep.
466 2777 814 2842 Dicendum
832 2775 1026 2858 quod,
1048 2792 1197 2838 cum
1216 2774 1357 2839 dico
1375 2793 1513 2838 rem
1535 2774 1720 2854 aliter

222 2886 503 2965 cognosci,
533 2884 872 2967 dupliciter
898 2887 1100 2966 potest
1136 2882 1408 2964 intelligi
1441 2904 1456 2947 :
1492 2876 1720 2947 661116

220 2992 359 3073 quod
382 2993 752 3058 adverbium
771 2991 943 3055 dicat
960 2990 1279 3054 alietatem
1300 2993 1617 3072 quantum
1634 2989 1719 3053 ad
1772 2976 1781 2986 ’

222 3100 633 3180 cognitionem,
664 3103 781 3165 aut
817 3102 1133 3182 quantum
1156 3096 1235 3162 ad
1273 3116 1409 3163 esse
1437 3098 1532 3162 rei
1563 3116 1716 3181 cog-

222 3210 363 3273 nitae.
388 3209 451 3274 Si
484 3214 804 3293 quantum
839 3208 921 3272 ad
959 3224 1095 3272 6666
1128 3208 1221 3271 161
1262 3208 1541 3289 cognitae
1565 3257 1582 3286 ,
1632 3209 1722 3273 616

222 3320 295 3379 661
327 3334 539 3382 verum
562 3365 580 3393 ‚
619 3321 683 3381 et
727 3320 824 3380 est
853 3334 1079 3380 sensus
1125 3337 1140 3380 ε
1190 3314 1359 3379 Deus
1397 3316 1724 3398 cognoscit

225 3440 333 3486 rem
346 3424 519 3489 istam
540 3425 728 3489 aliter
752 3443 888 3488 esse
904 3473 920 3504 ‚
942 3422 1045 3488 vel
1068 3441 1135 3488 se
1151 3423 1411 3501 habere,
1433 3440 1631 3506 quam
1654 3442 1731 3491 se

227 3530 371 3611 prius
394 3531 613 3597 habuit
642 3554 661 3595 ε
690 3531 869 3595 etsie
909 3549 1045 3594 non
1079 3530 1379 3612 intelligit
1412 3532 1725 3613 Augusti-

227 3655 343 3702 nus.
370 3637 434 3704 Si
468 3645 684 3704 autem
725 3640 892 3703 dicat
928 3639 1248 3704 alietatem
1282 3643 1600 3722 quantum
1642 3640 1725 3705 ad

228 3742 632 3823 cognitionem,
653 3743 744 3807 616
763 3747 857 3807 661
872 3742 1052 3822 falsa,
1075 3746 1138 3807 et
1158 3747 1254 3808 est
1269 3762 1493 3807 sensus
1519 3766 1534 3808 :
1559 3742 1725 3808 Deus

232 3855 507 3930 cognoscit
563 3851 748 3916 aliter
802 3869 943 3915 rem
995 3852 1227 3916 factam
1285 3869 1483 3934 quam
1541 3852 1725 3935 prius

230 3953 531 4020 faciendam
555 3955 896 4037 cognovit;
933 3959 998 4019 et
1035 3955 1124 4020 ita
1148 3959 1245 4020 est
1277 3955 1509 4019 falsum
1524 4002 1542 4035 ,
1573 3956 1726 4038 quia

232 4060 304 4125 sic
328 4063 706 4145 significatur
749 4062 970 4127 divina
1008 4063 1290 4146 cognitio
1333 4063 1597 4128 alterata
1613 4111 1632 4142 ‚
1661 4054 1727 4128 et

232 4171 374 4249 quod
389 4173 614 4256 aliquid
637 4172 952 4256 receperit
979 4191 1019 4236 a
1043 4190 1115 4236 re
1140 4176 1346 4237 extra.
1368 4171 1451 4236 Et
1473 4190 1585 4255 per
1602 4172 1725 4236 1166

234 4282 373 4357 patet
382 4280 686 4363 objectum
700 4280 1009 4364 primum.
1027 4278 1209 4356 Quod
1220 4279 1540 4361 objicitur,
1554 4278 1726 4362 quod

236 4381 373 4450 Deus
397 4391 710 4472 cognoscit
740 4407 847 4454 res
880 4388 955 4452 111
992 4387 1250 4470 6166116
1287 4405 1525 4469 genere
1560 4386 1729 4450 sicut

238 4490 508 4576 Angelus,
532 4496 872 4562 dicendum
909 4495 1083 4578 quod
1116 4512 1496 4575 cognoscere
1527 4512 1631 4558 res
1655 4495 1728 4558 in

240 4602 451 4682 proprio
467 4622 699 4686 genere
718 4603 1055 4686 dupliciter
1075 4601 1485 4683 intelligitur:
1507 4605 1622 4667 aut
1637 4602 1728 4666 ita

242 4708 381 4788 quod
399 4729 520 4775 csse
545 4712 700 4777 illud
715 4710 891 4794 quod
916 4710 1110 4775 habet
1124 4710 1193 4773 in
1212 4708 1470 4792 proprio
1488 4726 1727 4790 genere

245 4825 640 4901 0681166661111,
668 4825 733 4885 61
764 4820 888 4884 1166
914 4817 1313 4901 perfectionis
1351 4822 1479 4898 est,
1508 4823 1728 4882 616611

248 4918 370 4987 tutet
388 4924 569 4991 Deum
587 4975 605 5005 ‚
632 4926 811 4992 61616
836 4944 968 4991 non
1004 4925 1155 4991 dicit
1183 4943 1429 4990 novum
1458 4925 1727 4990 modum

250 5035 609 5109 cognoscendi
635 5053 675 5099 a
708 5034 1074 5116 cognitione
1108 5035 1177 5097 in
1197 5032 1403 5099 verbo
1443 5055 1459 5099 ε
1490 5037 1605 5097 661
1642 5034 1731 5097 ita

251 5137 394 5215 quod
420 5146 691 5224 aspectus
722 5141 1163 5222 inteuigentiae
1197 5140 1332 5207 sive
1359 5141 1462 5206 vis
1496 5140 1731 5222 cogni-

254 5240 380 5308 tivae
396 5246 733 5314 161166161111
768 5268 965 5333 66616
988 5267 1129 5314 1661
1155 5252 1230 5312 61
1263 5249 1449 5313 66116
1474 5248 1731 5331 6166116

264 5405 802 5530 uilidememgenum
838 5412 990 5477 hujus
1024 5413 1162 5477 1661,
1200 5414 1302 5464 vid.
1343 5416 1397 5466 S.
1426 5414 1632 5479 Tuom„
1674 5415 1729 5478 1,

377 5513 394 5541 ‚
440 5516 459 5543 ,
480 5496 524 5532 C.

529 5592 676 5640 1611.
702 5593 753 5639 1.
858 5657 863 5663 .

1803 628 2041 694 genere
2062 659 2082 690 ‚
2110 614 2174 674 et
2211 610 2334 674 1166
2367 612 2461 673 aet
2494 609 2987 693 imperfectionis
3005 657 3023 690 ,
3054 608 3207 692 quia
3243 608 3345 673 vis

1803 737 2194 803 cognoscens
2223 718 2553 801 egreditur
2577 722 2761 783 extra
2795 737 2896 798 se;
2929 722 2993 783 et
3018 718 3141 782 hoc
3165 718 3344 783 nullo

1805 828 1993 893 modo
2021 827 2398 910 6616616661
2423 826 2491 890 in
2517 823 2645 891 Deo
2675 844 2691 889 ε
2722 827 2903 891 etita
2937 825 3082 889 facit
3104 825 3173 888 in
3201 826 3343 890 An-

1804 936 1951 1019 gelo
1977 934 2176 1000 alium
2201 933 2466 999 modum
2487 933 2910 1015 cognoscendi
2937 955 2955 997 ι
2980 935 3047 998 et
3069 932 3161 998 616
3175 936 3348 1016 patet

1805 1043 1987 1109 illud.

2458 1158 2596 1204 nus.
2640 1156 2711 1203 11.

1806 1268 1949 1319 Tunc
1963 1266 2076 1331 eius
2083 1266 2221 1332 quod
2235 1268 2486 1318 6116111661
2497 1267 2591 1326 661,
2602 1263 2792 1329 aliquid
2809 1262 3055 1315 existeret
3068 1275 3238 1326 causa,
3249 1264 3352 1313 616.

1887 1381 2038 1446 Vult
2080 1383 2289 1447 dicere
2332 1382 2502 1464 quod
2546 1379 2947 1463 praescientia
2989 1377 3155 1443 dicat
3195 1376 3352 1460 quid

1810 1492 2129 1554 aeternum
2172 1510 2188 1553 ι
2237 1489 2345 1553 sed
2387 1488 2510 1553 hoc
2556 1487 2811 1551 videtur
2852 1485 3087 1550 falsum
3133 1506 3149 1548 z
3196 1485 3354 1567 quia

1812 1598 2209 1680 praescientia
2256 1596 2412 1662 dicit
2460 1599 2821 1678 respectum
2870 1591 2951 1657 ad
2997 1594 3354 1657 creaturam

1811 1705 2098 1769 futuram
2137 1727 2153 1769 z
2193 1703 2302 1769 sed
2334 1702 2498 1768 nihil
2537 1704 2631 1766 est
2666 1702 2960 1765 futurum
3001 1699 3357 1764 secundum

1814 1830 1948 1877 esse
1985 1813 2159 1895 quod
2195 1812 2387 1876 habet
2412 1812 2483 1874 in
2507 1810 2664 1886 Deo,
2708 1809 2819 1874 sed
2842 1808 2916 1871 in
2954 1806 3211 1889 proprio
3237 1825 3360 1889 ge-

1814 1937 1968 1983 nere
2017 1941 2033 1984 :
2083 1937 2242 2000 ergo
2290 1920 2588 1982 connotat
2633 1915 2893 1998 aliquod
2946 1913 3292 1997 temporale
3343 1935 3359 1977 :

1816 2044 1975 2108 ergo
2001 2025 2256 2091 videtur
2280 2026 2449 2109 quod
2477 2026 2728 2090 dicatur
2748 2043 2831 2089 ex
2856 2027 3164 2104 tempore.
3195 2020 3368 2086 Prae-

1820 2134 1990 2195 terea
2007 2178 2025 2210 ‚
2063 2135 2390 2214 respectus
2415 2131 2520 2195 ille
2550 2131 2713 2194 nihil
2753 2129 2907 2194 dicit
2932 2147 2972 2192 a
3011 2132 3190 2211 parte
3218 2126 3364 2209 Dei,

1818 2238 1941 2303 nisi
1982 2239 2194 2303 solum
2241 2243 2533 2303 nostrum
2581 2237 2848 2302 modum
2897 2234 3296 2317 intelligendi
3347 2258 3363 2301 ε

1820 2363 1979 2428 ergo
2002 2350 2158 2410 tunc
2183 2345 2375 2429 coepit
2398 2345 2503 2409 ille
2525 2348 2869 2428 respectae,
2890 2343 3151 2426 quando
3174 2344 3370 2426 coepit

1820 2459 2035 2518 noster
2057 2452 2410 2518 intellectus
2442 2474 2457 2516 :
2491 2469 2624 2516 non
2651 2470 2809 2533 ergo
2836 2451 2957 2516 fuit
2980 2452 3061 2516 ab
3101 2456 3368 2531 aeterno.

1911 2568 2102 2653 Resp.
2145 2566 2496 2633 Dicendum
2533 2567 2701 2651 quod
2717 2616 2736 2647 ‚
2766 2568 2932 2631 sicut
2955 2566 3107 2631 dicit
3134 2566 3375 2648 Magis*

1824 2680 1955 2757 ter,
1994 2675 2392 2759 praescientia
2415 2674 2567 2739 dicit
2601 2674 2757 2757 quid
2798 2678 3116 2738 aeternum
3136 2721 3156 2753 ‚
3188 2679 3250 2738 et
3289 2672 3372 2736 ab

1826 2786 2067 2848 aeterno
2099 2806 2113 2847 :
2146 2801 2297 2847 6661
2324 2782 2498 2846 66161
2540 2800 2672 2845 non
2712 2781 3011 2863 importet
3051 2779 3173 2842 nisi
3202 2779 3367 2858 (166,

1827 2889 2059 2953 66111661
2085 2888 2586 2953 antecessionem
2612 2892 2677 2951 et
2704 2886 3064 2965 scientiam,
3097 2868 3367 2950 616616-

1828 2996 2025 3060 cessio
2052 2997 2264 3060 omnis
2289 3000 2597 3059 creaturae
2625 2994 2706 3059 sit
2730 2998 2877 3058 ante
2901 3010 3159 3057 omnem
3185 3010 3368 3056 crea-

1827 3105 2042 3168 turam
2062 3152 2080 3182 ‚
2131 3107 2196 3168 et
2247 3102 2506 3168 scientia
2533 3099 2907 3166 naturaliter
2924 3148 2942 3177 ‚
2987 3101 3162 3183 patet
3197 3099 3369 3183 quod

1829 3212 2230 3295 praescientia
2254 3211 2411 3294 quid
2438 3216 2754 3275 aeternum
2778 3208 2950 3273 dicit.
2997 3206 3178 3284 Quod
3215 3225 3374 3290 ergo

1830 3318 2131 3401 objicitur
2155 3318 2331 3401 quod
2356 3317 2660 3400 importat
2683 3317 2780 3380 rei
2799 3315 3261 3395 futuritionem‚
3287 3315 3379 3379 di-

1832 3427 2109 3491 cendum
2145 3426 2316 3509 quod
2347 3423 2643 3489 futuritio
2679 3440 2814 3487 uno
2851 3425 3040 3487 modo
3076 3421 3379 3505 importat

1832 3536 2291 3599 successionem
2318 3531 2653 3615 temporis,
2681 3534 2748 3595 et
2777 3531 2866 3592 ita
2890 3547 3025 3594 non
3046 3532 3142 3593 est
3162 3530 3243 3594 de
3266 3547 3379 3594 ra-

1832 3642 2005 3707 tione
2034 3639 2454 3724 praescientiae
2469 3686 2488 3717 ‚
2513 3638 2636 3703 hoc
2664 3638 2841 3702 enim
2867 3637 3060 3702 modo
3083 3637 3379 3702 futurum

1833 3749 2024 3832 coepit
2049 3767 2200 3812 cum
2226 3752 2512 3830 tempore
2524 3768 2543 3825 ;
2574 3745 2700 3810 alio
2725 3745 2919 3810 modo
2942 3746 3239 3810 futurum
3260 3744 3382 3810 im-

1832 3859 2044 3940 portat
2074 3855 2362 3920 ordinem
2399 3851 2764 3935 temporalis
2803 3852 2885 3917 ad
2918 3856 3238 3918 aeternum
3279 3872 3379 3919 se·

1833 3963 2122 4027 cundum
2167 3961 2679 4026 consecutionem
2701 4008 2722 4041 ‚
2774 3959 2938 4025 sicut
2982 3960 3383 4044 praescientia

1833 4070 2330 4136 antecessionem
2361 4086 2381 4133 :
2411 4072 2475 4133 et
2502 4068 2812 4151 quoniam
2844 4068 2966 4133 iste
2990 4067 3146 4133 ordo
3172 4067 3382 4133 solum

1834 4178 2041 4261 exigit
2066 4177 2352 4261 primum
2387 4181 2752 4241 extremum
2788 4174 2859 4239 in
2894 4178 3042 4240 actu
3062 4224 3080 4255 ,
3123 4178 3190 4240 et
3226 4174 3385 4241 illud

1835 4287 1958 4351 fuit
1976 4287 2057 4351 ab
2084 4290 2355 4364 aeterno,
2381 4284 2524 4349 ideo
2549 4282 2841 4349 futuritio
2865 4286 2929 4347 et
2961 4283 3380 4366 praescientia.

1837 4393 2019 4472 Quod
2057 4394 2358 4476 objicitur
2397 4392 2569 4475 quod
2609 4394 2934 4474 respectus
2973 4409 3013 4453 a
3052 4394 3232 4472 parte
3277 4390 3385 4457 Dei

1836 4501 1999 4565 nihil
2031 4502 2186 4566 dicit
2231 4498 2585 4564 secundum
2625 4516 2796 4573 rem,
2836 4497 3178 4561 dicendum
3213 4496 3387 4579 quod

1836 4606 2068 4671 falsum
2096 4610 2212 4686 est,
2240 4606 2396 4689 quia
2417 4608 2745 4687 respectus
2778 4604 2884 4668 ille
2917 4607 3012 4668 est
3041 4603 3260 4669 divina
3286 4622 3387 4667 es-

1836 4715 2040 4780 sentia
2070 4736 2087 4779 :
2120 4715 2230 4780 sed
2269 4732 2501 4779 verum
2537 4717 2632 4778 est
2672 4713 2842 4796 quod
2886 4730 3019 4777 non
3058 4711 3210 4776 dicit
3250 4730 3386 4776 res-

1838 4827 2096 4906 pectum
2140 4822 2277 4887 sive
2316 4820 2801 4904 dependentium
2844 4817 2973 4884 nisi
3022 4819 3232 4883 661661
3281 4835 3387 4881 66-

1837 4931 2125 4995 cundum
2162 4930 2430 4994 modum
2466 4927 2864 5010 intelligendi
2912 4947 2929 4992 ε
2977 4928 3041 4991 61
3077 4925 3220 4989 1(166
3255 4942 3387 4989 1166

1838 5038 2029 5122 coepit
2078 5036 2433 5101 secundum
2485 5054 2625 5101 rem
2647 5084 2666 5115 ‚
2722 5034 2832 5099 sed
2886 5033 3096 5098 solum
3155 5031 3388 5099 modus

1838 5145 2241 5228 significandi
2283 5144 2493 5225 coepit.
2526 5142 2603 5208 Et
2625 5141 2880 5226 quando
2908 5138 3212 5221 Magister
3235 5138 3389 5203 dicit

1839 5254 2011 5338 quod
2038 5251 2435 5337 praescientia
2459 5250 2608 5315 dicit
2635 5254 2950 5315 aeternum
2968 5295 2985 5325 ‚
3015 5266 3146 5311 non
3172 5247 3388 5329 loqui-

1840 5366 1946 5426 tur
1981 5361 2059 5425 de
2103 5361 2348 5425 ratione
2386 5358 2795 5433 nominandi,
2825 5358 2934 5421 sed
2975 5356 3055 5420 (16
3094 5373 3172 5420 66
3215 5354 3387 5437 quod

1839 5469 2242 5551 significatur
2265 5485 2380 5550 per
2405 5484 2662 5532 nomen.

3029 5575 3069 5635 Β
