4125 6225
1299 366 1492 433 DIST.
1530 368 1765 436 XLVII.
1809 369 1991 435 ΛΒΤ.
2035 369 2085 432 Ι.
2131 370 2429 446 QUAEST.
2476 373 2525 437 Ι.

848 608 1298 678 CONCLUSIO.

305 789 405 845 Dei
427 789 679 845 voluntas
713 787 1022 844 antecedens
1050 792 1230 860 potest
1258 792 1489 868 cassan)
1530 806 1839 864 consequens

540 882 720 934 autem
748 882 909 949 atque
937 878 1206 944 absoluta,
1240 895 1596 951 nequaquam.

380 1036 564 1119 Resp.
609 1038 689 1101 ad
724 1038 883 1119 Arg.
918 1037 1015 1102 Ad
1044 1038 1537 1119 intelligentiam
1566 1040 1837 1122 praedic-

299 1146 535 1222 torum,
554 1144 909 1208 notandum
924 1145 1119 1226 quod,
1150 1146 1502 1210 secundum
1526 1147 1835 1211 Joannem

300 1250 760 1314 Damascenum
786 1252 829 1326 ¹,
865 1251 1162 1315 voluntas
1188 1252 1560 1335 beneplaciti
1586 1260 1680 1316 est
1710 1254 1837 1318 du-

297 1357 465 1441 plex,
505 1359 738 1424 scilicet
782 1360 1152 1424 antecedens
1194 1361 1328 1425 sive
1373 1362 1830 1443 conditionaliS,

297 1483 424 1546 qua
451 1465 620 1544 vult,
646 1469 962 1547 quantum
991 1467 1056 1530 in
1089 1487 1155 1531 se
1186 1474 1313 1548 est,
1341 1470 1633 1533 omnium
1661 1470 1831 1534 salu-

295 1574 423 1637 tem
446 1594 463 1649 ;
491 1575 554 1635 et
576 1573 863 1636 absoluta
885 1575 1021 1638 sive
1048 1593 1460 1657 consequenS,
1484 1595 1612 1657 qua
1633 1577 1835 1640 deter-

296 1680 533 1743 minate
565 1681 706 1743 vult
738 1681 975 1763 aliquid
1011 1683 1181 1764 quod
1213 1683 1392 1746 novit
1419 1683 1833 1747 certitudina-

295 1785 436 1849 liter
475 1789 754 1851 evenire.
805 1778 1293 1871 Intelligendum
1330 1795 1423 1853 est
1457 1809 1613 1872 ergo
1660 1793 1831 1873 quod

294 1893 534 1956 nullam
550 1894 661 1957 Dei
679 1895 1069 1959 voluntatem
1090 1896 1383 1977 possibile
1403 1901 1495 1960 est
1516 1899 1827 1979 superari,

293 2000 534 2064 nullam
559 2003 851 2084 possibile
869 2008 963 2067 est
980 2005 1207 2067 cassari
1232 2026 1246 2067 t
1269 2005 1555 2086 aliquam
1586 2011 1826 2085 tamen,

293 2111 366 2171 ut
393 2110 891 2185 antecedentem,
922 2112 1215 2192 possibile
1248 2117 1340 2175 est
1372 2131 1501 2175 non
1533 2113 1822 2196 impleri;

290 2216 592 2298 aliquam,
633 2221 708 2280 ut
736 2223 1221 2299 consequentem
1243 2267 1260 2295 ,
1294 2237 1548 2283 necesse
1574 2227 1668 2284 est
1698 2221 1826 2284 im-

289 2322 478 2404 pleri,
524 2329 589 2388 et
627 2325 1012 2407 impossibile
1062 2331 1156 2389 est
1205 2327 1517 2408 impediri.
1568 2326 1826 2392 Nullam

295 2428 595 2512 (inquam)
625 2437 718 2494 est
738 2433 1027 2513 possibile
1047 2434 1334 2514 superari
1356 2456 1369 2497 :
1392 2453 1541 2497 nam
1560 2435 1613 2497 si
1632 2435 1826 2500 homo

289 2553 421 2599 non
456 2538 642 2601 faciat
683 2541 853 2620 quod
893 2539 1058 2604 Deus
1092 2541 1255 2617 vult,
1300 2545 1613 2622 quantum
1645 2542 1714 2605 in
1757 2561 1824 2607 se

288 2647 399 2720 est,
422 2644 751 2710 voluntate
769 2648 1195 2720 antecedente,
1219 2648 1385 2712 Deus
1411 2649 1559 2711 facit
1580 2649 1657 2713 de
1684 2650 1823 2731 ipso

285 2751 453 2831 quod
473 2752 617 2814 vult
639 2752 964 2816 voluntate
984 2759 1434 2834 consequente3
1461 2760 1522 2817 et
1550 2755 1637 2818 ita
1660 2774 1822 2819 sem-

282 2873 395 2938 per
414 2858 736 2939 impletur,
755 2859 857 2922 vel
875 2859 953 2923 de
972 2860 1254 2939 homine,
1276 2860 1379 2923 vel
1395 2861 1475 2923 ab
1492 2861 1816 2927 homine2:

283 2966 343 3026 et
384 2966 477 3027 sic
526 2984 863 3048 nunquam
906 2967 1220 3045 vincitur,
1269 2967 1373 3031 vel
1409 2972 1746 3050 superatur
1770 2976 1814 3033 ⁸.

281 3067 422 3135 Non
450 3073 641 3137 etiam
671 3075 961 3157 possibile
988 3078 1082 3139 est
1103 3075 1499 3140 voluntatem
1536 3076 1645 3140 Dei
1676 3095 1817 3142 cas-

280 3177 445 3239 sari:
476 3197 628 3242 narn
670 3198 921 3244 cassum
948 3181 1180 3245 dicitur
1204 3181 1466 3264 aliquid,
1498 3182 1654 3246 dum
1678 3186 1817 3265 pri-

279 3288 468 3347 vatur
489 3286 718 3351 effectu
745 3288 1000 3371 proprio
1026 3290 1106 3352 ad
1132 3307 1327 3370 quem
1355 3293 1450 3352 θεῖ
1472 3311 1486 3353 :
1515 3290 1815 3354 voluntas

278 3397 489 3455 autem
522 3394 600 3475 (a)
630 3396 811 3459 nullo
833 3397 1122 3478 privatur
1146 3398 1375 3460 effectu
1398 3397 1479 3460 ad
1504 3415 1697 3479 quem
1720 3403 1815 3462 est

276 3500 564 3580 proprie:
598 3520 746 3564 nam
774 3503 945 3585 quod
985 3503 1248 3579 dicitur,
1280 3505 1450 3586 quod
1482 3504 1644 3569 Deus
1672 3507 1813 3570 vult

274 3622 495 3670 omnes
534 3609 827 3673 homines
856 3611 1065 3674 salvos
1105 3612 1240 3673 fieri
1284 3617 1599 3693 quantum
1634 3614 1701 3676 in
1742 3632 1808 3677 se

275 3718 385 3791 est,
404 3705 555 3779 ‘haec
584 3718 877 3781 voluntas
899 3737 1032 3781 non
1057 3723 1356 3782 connotat
1373 3719 1665 3797 salutem,
1690 3738 1807 3782 nec

272 3828 521 3908 proprie
546 3833 638 3892 est
667 3831 743 3893 ad
775 3831 1070 3894 effectum
1096 3831 1349 3895 salutis:
1383 3832 1487 3894 sed
1510 3835 1807 3895 connotat

270 3933 725 3999 ordinationem
756 3944 1028 4015 naturae,
1060 3939 1193 4000 sive
1220 3944 1520 4002 naturam
1548 3939 1802 4003 ordina-

267 4038 457 4102 bilem
482 4044 562 4105 ad
587 4045 877 4107 salutem.
906 4044 1081 4108 Unde
1104 4045 1262 4107 nihil
1284 4046 1425 4127 plus
1443 4051 1538 4108 est
1558 4036 1796 4111 dicere:

275 4167 305 4204 α
324 4145 486 4211 Deus
500 4152 643 4213 vult
657 4152 848 4214 istum
863 4152 1114 4216 salvum
1147 4154 1308 4232 fieri,
1326 4158 1637 4235 quantum
1655 4155 1718 4217 in
1734 4174 1799 4219 se

264 4257 376 4332 θεῖ,
393 4276 422 4313 1>
453 4275 688 4337 quam:
723 4282 755 4319 c<
777 4259 901 4323 Deo
928 4260 1168 4342 placuit
1185 4261 1334 4324 dare
1354 4261 1453 4323 isti
1475 4267 1794 4341 naturam,

260 4379 375 4442 per
404 4384 598 4447 quam
625 4371 834 4449 posset
861 4368 1193 4448 pervenire
1221 4368 1298 4431 ad
1328 4368 1637 4447 salutem3
1673 4390 1703 4427 n
1735 4374 1799 4433 et

260 4472 429 4551 quod
474 4472 639 4537 Deus
684 4477 941 4554 paratus
981 4477 1144 4538 esset
1175 4477 1441 4558 juvare,
1486 4476 1573 4539 ita
1623 4477 1795 4559 quod

258 4577 427 4642 salus
468 4599 597 4645 non
634 4580 845 4644 deficit
879 4587 1135 4664 propter
1179 4584 1494 4647 defectum
1535 4601 1575 4647 a
1617 4590 1795 4665 parte

256 4683 385 4748 Dei.
405 4684 581 4751 Unde
600 4706 730 4781 non
754 4694 1058 4767 cassatur,
1080 4690 1232 4772 quia
1249 4690 1438 4754 habet
1458 4692 1792 4772 proprium

257 4792 571 4857 effectum.
605 4794 692 4859 De
728 4797 1058 4860 voluntate
1097 4801 1313 4861 autem
1339 4798 1627 4862 absoluta
1654 4800 1792 4881 pla-

253 4917 413 4964 num
443 4908 559 4981 est,
589 4905 758 4985 quod
794 4922 928 4968 non
962 4906 1159 4986 possit
1187 4906 1439 4981 cassari,
1468 4907 1621 4988 quia
1648 4925 1788 4971 om-

253 5023 400 5072 nem
450 5010 749 5073 ess'ectum
806 5030 999 5076 suum
1054 5013 1267 5094 ponit,
1329 5032 1446 5077 nec
1496 5033 1787 5096 unquam

252 5122 533 5181 remanet
577 5119 918 5202 inexpleta.
964 5120 1124 5185 Cum
1172 5122 1386 5204 itaque
1433 5140 1662 5188 verum
1704 5125 1788 5190 sit

321 5258 336 5292 ¹
369 5260 696 5325 Damascen.,
719 5261 780 5312 de
817 5262 943 5313 Fide
986 5263 1199 5325 orthod„
1240 5263 1328 5316 lib.
1376 5265 1452 5328 11,
1480 5279 1592 5329 cap.
1632 5278 1780 5319 xxxx.

312 5348 378 5412 (a)
407 5350 583 5416 suppl.
613 5351 725 5403 Dei.

3372 374 3492 434 213

1950 505 2350 570 voluntatem
2388 508 2499 572 Dei
2537 485 2715 572 nullo
2749 507 2940 572 modo
2968 524 3149 589 posse
3176 504 3490 588 superari,

1948 629 2068 675 nec
2111 614 2379 692 cassari,
2427 617 2645 678 tamen
2686 614 3085 678 voluntatem
3134 611 3492 676 absolutam

1948 737 2205 782 necesse
2228 723 2324 782 est
2347 720 2630 803 impleri,
2662 720 3151 785 conditionalem
3178 736 3333 782 vero
3362 718 3491 781 mi·

1946 825 2144 888 nime.
2175 824 2296 889 Sed
2328 826 2806 904 attendendum,
2837 827 3008 908 quod
3038 825 3493 890 est-necessitas

1946 932 2438 1013 consequentiae,
2496 932 2660 996 sicut
2717 951 2914 1015 supra
2970 932 3214 997 dictum
3266 935 3363 995 est
3413 932 3490 996 de

1945 1039 2345 1121 praescientia
2363 1088 2381 1116 ,
2436 1039 2576 1121 ipsa
2619 1058 2753 1103 non
2807 1039 2998 1103 habet
3050 1040 3490 1104 necessitatem

1945 1145 2410 1226 consequentis,
2440 1146 2548 1208 sed
2576 1145 3065 1228 consequentiae,
3093 1145 3244 1227 quia
3267 1164 3490 1210 neces-

1943 1252 2110 1313 sario
2139 1251 2347 1329 insert,
2370 1256 2435 1315 et
2451 1253 2741 1334 sequitur
2764 1274 2778 1315 ι
2812 1276 2842 1309 ιι
2861 1251 3028 1315 Deus
3052 1251 3304 1333 praescit
3324 1252 3482 1316 hoc:

1943 1374 2101 1439 ergo
2134 1358 2256 1421 hoc
2291 1360 2446 1422 erit:
2481 1380 2512 1417 n
2556 1359 2664 1423 sed
2711 1363 2925 1422 tamen
2963 1378 3091 1423 non
3132 1361 3486 1425 necessario

1941 1466 2212 1546 praescit,
2243 1466 2397 1547 quia
2427 1465 2497 1528 in
2525 1470 2672 1530 actu
2705 1466 3077 1548 praesciendi
3117 1467 3485 1549 frequenter

1938 1576 2199 1635 notatur
2226 1572 2483 1636 effectus
2509 1574 2916 1654 contingens:
2940 1573 3029 1636 sic
3054 1574 3126 1636 in
3151 1574 3485 1640 voluntate

1938 1679 2429 1760 intelligendum
2462 1684 2577 1758 est,
2608 1681 2780 1761 quod
2815 1681 3116 1743 voluntas
3156 1679 3265 1743 Dei
3294 1681 3477 1745 abso-

1938 1786 2077 1849 luta
2115 1792 2411 1850 connotat
2452 1793 2756 1851 eventum
2798 1787 2932 1865 rei,
2977 1792 3041 1850 et
3070 1787 3212 1851 ideo
3254 1793 3350 1852 θεῖ
3390 1788 3481 1853 ibi

1937 1895 2277 1957 necessitas
2327 1896 2827 1975 consequentiae,
2890 1895 3000 1958 sed
3035 1894 3186 1958 ‘non
3249 1914 3478 1960 conse-

1937 2001 2221 2080 quentis,
2253 2002 2407 2083 quia
2438 2020 2568 2065 non
2602 2006 2809 2065 mutat
2839 2007 3144 2084 eventum
3182 2003 3307 2079 rei,
3346 2004 3480 2068 imo

1935 2108 2082 2170 vult
2125 2107 2321 2182 DeuS,
2368 2109 2540 2190 quod
2586 2109 2839 2171 eveniat
2882 2128 3275 2190 consequens
3320 2130 3476 2175 con-

1936 2215 2214 2296 tingens,
2245 2216 2418 2280 Unde
2447 2217 2608 2279 sicut
2635 2218 3054 2298 praescientia,
3077 2219 3235 2300 quia
3261 2237 3479 2282 neces-

1934 2325 2102 2387 sario
2148 2325 2338 2390 infert
2375 2325 2708 2401 effectum,
2753 2344 2887 2389 non
2927 2329 3127 2407 potest
3167 2326 3331 2404 salli3
3387 2328 3477 2391 sic

1932 2433 2231 2496 voluntas
2274 2432 2596 2510 absoluta,
2649 2433 2801 2513 quia
2839 2433 3195 2497 necessario
3241 2433 3471 2514 infert,

1929 2557 2063 2602 non
2097 2543 2301 2621 potest
2337 2539 2653 2618 impediri,
2692 2540 2825 2602 imo
2867 2557 3011 2602 eam
3045 2540 3475 2605 necessarium

1930 2651 2025 2711 est
2055 2647 2351 2729 impleri:
2395 2646 2790 2710 voluntatem
2837 2650 3056 2709 autem
3098 2647 3471 2711 anteceden-

1928 2757 2091 2832 tem,
2147 2755 2251 2817 vel
2304 2752 2830 2832 conditionatam,
2885 2771 3018 2816 non
3067 2757 3163 2816 est
3216 2772 3474 2820 necesse

1926 2862 2215 2943 impleri,
2254 2879 2372 2926 nec
2413 2861 2780 2924 necessitate
2827 2860 3271 2943 consequentis
3287 2908 3305 2938 ,
3353 2879 3472 2927 nec

1926 2969 2291 3031 necessitate
2315 2967 2813 3048 consequentiae,
2843 2967 2996 3049 quia
3018 2984 3149 3030 non
3174 2972 3471 3033 connotat

1925 3076 2224 3141 eflectum
2274 3075 2400 3155 rei;
2452 3074 2564 3137 sed
2607 3076 2904 3137 connotat
2950 3072 3110 3137 illud
3156 3072 3329 3156 quod
3372 3079 3468 3140 est

1924 3184 2271 3248 ordinabile
2315 3183 2394 3247 ad
2432 3186 2761 3262 eventum,
2807 3184 2884 3244 ut
2926 3181 3301 3264 praedictum
3345 3185 3460 3245 est.

1923 3289 2102 3355 Unde
2140 3291 2304 3355 bene
2338 3289 2665 3372 sequitur:
2718 3311 2750 3348 α
2792 3285 2943 3353 Vult
2990 3288 3184 3351 istum
3231 3287 3466 3351 salvari

1920 3399 2249 3465 voluntate
2287 3400 2608 3462 absoluta:
2650 3414 2806 3478 ergo
2841 3397 2959 3460 iste
3001 3395 3391 3461 salvabitur:
3422 3418 3454 3456 n

1918 3524 2257 3587 nunquam
2288 3506 2461 3569 enim
2483 3505 2695 3582 vellet,
2722 3502 2845 3566 nisi
2873 3502 3109 3585 pariter
3134 3501 3463 3584 praesciret

1918 3630 2071 3676 eum
2096 3632 2231 3677 esse
2249 3611 2650 3676 salvandum.
2674 3610 2761 3674 De
2783 3608 3110 3675 voluntate
3131 3625 3285 3674 vero
3314 3626 3461 3672 con-

1915 3719 2247 3795 ditionata,
2274 3724 2350 3782 ut
2389 3719 2607 3782 visum
2653 3721 2748 3781 est
2769 3765 2787 3795 ,
2829 3735 2964 3796 non
2996 3715 3283 3799 sequitur
3311 3715 3355 3779 ⁸.
3390 3715 3459 3780 Si

1914 3843 2072 3906 ergo
2100 3826 2395 3907 oincitur
2427 3824 2600 3907 quod
2635 3824 2934 3887 voluntas
2967 3822 3075 3885 Dei
3110 3825 3205 3885 est
3230 3839 3456 3885 neces—

1911 3934 2113 4011 saria,
2171 3936 2235 3995 et
2280 3932 2630 3997 necessario
2678 3931 2868 3994 infert
2907 3930 3243 4003 e‘fectum,
3292 3947 3450 4009 ergo

1910 4040 2345 4104 omnimodam
2363 4041 2540 4122 ponit
2553 4039 2716 4102 circa
2735 4039 2948 4120 ipsum
2977 4056 2988 4097 z
3021 4037 3409 4100 &cessitatem
3428 4055 3447 4116 ;

1908 4148 2268 4226 dicendum,
2301 4148 2469 4229 quod
2497 4147 2791 4228 quamvis
2833 4162 3088 4207 neces:
3126 4144 3209 4207 sit
3247 4142 3450 4207 Deum

1907 4257 2094 4335 velle,
2120 4259 2183 4319 et
2210 4256 2600 4320 voluntatem
2627 4255 2770 4336 ejus
2791 4269 2926 4315 esse
2948 4251 3017 4314 in
3037 4254 3204 4329 actu,
3227 4254 3449 4315 tamen

1906 4363 2294 4446 comparatio
2324 4364 2464 4443 eJus
2490 4361 2571 4425 ad
2605 4362 2899 4425 futurum
2926 4363 3019 4422 θεῖ
3044 4358 3443 4440 contingens»,

1905 4479 1968 4538 et
1991 4475 2134 4539 ideo
2160 4471 2418 4536 effectus
2444 4470 2660 4534 evenit
2684 4468 3151 4549 contingenter.

1983 4586 2011 4644 1
2027 4630 2041 4646 .
2076 4582 2174 4646 Ad
2199 4580 2355 4643 illud
2379 4579 2550 4662 quod
2573 4577 2873 4659 objicitur
2895 4575 3072 4659 quod
3094 4578 3301 4657 potest
3325 4576 3445 4640 im-

1902 4690 2127 4773 pediri,
2155 4707 2304 4752 cum
2328 4686 2409 4750 sit
2431 4705 2622 4750 causa
2653 4686 3063 4765 contingens3
3099 4683 3441 4749 dicendum

1902 4798 2104 4880 quod,
2133 4796 2296 4859 sicut
2329 4798 2569 4858 tactum
2594 4795 2720 4871 est,
2749 4810 2899 4855 cum
2925 4790 3310 4872 comparatio
3336 4791 3440 4855 di-

1898 4906 2074 4969 vinae
2102 4904 2446 4968 voluntatis
2471 4902 2551 4965 ad
2583 4901 2885 4978 volitum,
2930 4902 2995 4962 et
3019 4901 3288 4962 eventus
3315 4916 3439 4964 vo-

1897 5013 2014 5091 liti,
2036 5030 2103 5075 se
2119 5010 2470 5074 necessario
2488 5008 3018 5086 concomitentur,
3045 5006 3209 5069 sicut
3224 5024 3436 5072 unum

1896 5125 1991 5185 est
2014 5119 2426 5199 contingens,
2459 5120 2549 5180 ita
2573 5119 2638 5180 et
2657 5114 2832 5180 aliud
2849 5161 2866 5192 ,
2895 5117 2957 5177 et
2985 5113 3125 5177 ideo
3150 5131 3285 5177 non
3320 5132 3439 5196 po-

1952 5285 2147 5348 ’Aug.,
2171 5281 2459 5342 Ena-kirici„
2489 5295 2536 5331 c.
2575 5291 2701 5332 cvu.
2722 5305 2784 5316 —
2816 5277 2839 5313 ⁸
2873 5279 3023 5344 Aug„
3073 5276 3136 5328 de
3162 5276 3346 5342 spirit.
3390 5291 3442 5341 eg

1891 5356 2017 5418 liu„
2048 5370 2095 5408 c.
2116 5367 2309 5418 xxxm,
2331 5369 2386 5407 n.
2408 5355 2484 5406 58.
2510 5380 2564 5390 —
2593 5353 2616 5390 δ
2634 5353 2690 5404 S.
2710 5351 2895 5404 Thom.
2919 5353 2934 5401 Ι
2955 5389 2973 5414 ,
3003 5365 3057 5417 q.
3085 5362 3211 5413 xlx,
3250 5354 3347 5401 art.
3378 5351 3428 5402 8.
