4125 6225
489 2593 660 2700 ¹:52¹*
702 2607 1054 2695 rumdam,
1105 2617 1168 2677 et
1203 2607 1626 2678 conversione
1655 2609 2124 2701 quorumdam.
2157 2610 2252 2678 De
2282 2610 2687 2678 excellentia
2720 2632 3019 2703 quoque,
3059 2618 3124 2678 et
3166 2609 3509 2679 ordinibus
3530 2661 3547 2694 ,
3591 2616 3656 2676 et
3680 2606 3873 2674 dono-

502 2881 677 2931 Quando

467 2942 563 2985 facti
596 2944 680 2985 sint

485 3007 655 3060 angeli:

466 3072 511 3110 et
533 3068 577 3110 in

484 3131 523 3173 vi
556 3144 637 3175 ean

490 3199 559 3237 1¹¹1·
578 3195 660 3238 ⁸ibi
705 3212 850 3280 quse
877 3191 1051 3261 Deus
1078 3200 1205 3279 est,
1245 3200 1459 3262 creata
1487 3216 1622 3261 non
1652 3200 1770 3261 est.
1803 3191 2015 3260 Filius
2067 3192 2243 3261 enim
2279 3194 2598 3285 sapientia
2646 3194 2860 3263 Patris
2901 3200 2996 3262 est
3030 3192 3250 3282 genita
3269 3243 3288 3279 ,
3331 3212 3468 3261 non
3505 3189 3674 3258 facta
3696 3241 3715 3275 ,
3766 3210 3880 3256 nec

484 3258 656 3301 obviare

483 3321 664 3430 ἒιῷῳή-
705 3316 950 3396 creata3
980 3316 1047 3377 et
1070 3317 1206 3377 tota
1231 3309 1518 3378 Trinitas
1542 3332 1679 3378 una
1704 3309 2025 3400 sapientia
2053 3317 2183 3396 est,
2215 3331 2365 3401 quae
2395 3333 2530 3378 non
2559 3310 2727 3379 facta
2750 3362 2769 3398 ‚
2802 3333 2922 3379 nec
2949 3318 3161 3379 creata
3186 3316 3313 3395 est,
3345 3329 3466 3377 nec
3492 3306 3715 3396 genita
3733 3356 3752 3392 ‚
3778 3303 3878 3373 vel

470 4748 526 4791 sit
539 4751 680 4824 docet,

487 4825 680 4918 ξζξῖηζζ
708 4840 904 4902 num,
938 4819 1184 4887 creavit
1210 4818 1439 4887 omnia
1467 4818 1698 4901 simul,
1735 4819 1804 4887 id
1830 4828 1949 4906 est,
1980 4820 2391 4911 spiritualem
2417 4826 2482 4887 et
2506 4817 2910 4910 corporalem
2937 4825 3242 4887 naturam
3274 4842 3288 4885 ε
3322 4825 3386 4885 et
3414 4817 3506 4885 ita
3534 4838 3667 4885 non
3698 4815 3876 4907 prius

491 4937 684 5009 ω’ἰωῖ·
710 4941 998 5027 tempore
1038 4934 1238 5002 creati
1262 4943 1417 5003 sunt
1442 4934 1661 5023 angeli
1678 4986 1696 5020 ‚
1734 4957 1935 5027 quam
1963 4936 2082 5003 illa
2107 4936 2465 5027 corporalis
2495 4936 2765 5004 materia
2800 4942 3090 5027 quatuor
3117 4935 3618 5004 elementorum.
3663 4933 3746 5001 Et
3789 4939 3876 4998 ta-

484 4997 684 5042 determi-

490 5061 647 5107 mdo·
710 5073 863 5120 men
870 5052 1100 5144 primo
1125 5052 1425 5120 omnium
1453 5063 1680 5120 creata
1708 5064 1803 5120 est
1829 5052 2192 5144 sapientia,
2239 5052 2397 5144 quia
2423 5103 2442 5139 ‚
2475 5052 2595 5120 etsi
2638 5074 2775 5121 non
2813 5060 3135 5142 tempore,
3178 5050 3485 5142 praecedit
3526 5057 3747 5119 tamen
3780 5046 3875 5115 dia

694 384 812 447 272

694 521 1045 600 separatur,
1064 516 1187 582 hoc
1202 518 1385 582 estin
1411 535 1667 600 poenam
1689 519 1928 601 peccati
1953 541 1968 584 ε
1995 524 2059 583 et
2084 518 2226 584 ideo

693 644 826 690 esse
844 625 1188 707 separabile
1210 644 1343 689 non
1368 625 1457 689 sie
1482 626 1845 707 assignatur
1875 626 2229 692 differentia

693 734 926 797 animae
945 781 964 812 ‚
994 732 1157 798 sicut
1182 752 1319 798 esse
1348 732 1612 797 unibile.
1650 733 1944 816 Amplius
1962 782 1979 811 ‚
2013 734 2230 798 anima

695 840 1038 920 rationaliS,
1080 858 1156 905 eo
1201 841 1339 923 ipso
1384 842 1557 923 quod
1601 845 1751 905 nata
1788 845 1885 904 est
1926 846 2230 924 perficere

695 967 927 1033 corpus
958 948 1047 1011 sic
1062 948 1409 1030 perfectum
1442 952 1507 1012 et
1527 948 1889 1013 ordinatum
1907 968 2020 1031 per
2038 954 2232 1014 natu-

693 1074 835 1121 ram
873 1056 952 1119 ad
996 1055 1558 1134 immortalitatem,
1604 1058 1699 1118 est
1739 1055 2137 1137 immortalis,
2168 1059 2234 1121 et

695 1182 772 1229 eo
796 1165 933 1246 ipso
955 1167 1105 1227 nata
1132 1167 1227 1227 est
1253 1164 1531 1246 separari
1556 1164 1637 1226 ab
1665 1163 1788 1227 hoc
1813 1182 2075 1247 corpore
2095 1167 2232 1246 jam

696 1275 954 1335 mortuo
974 1275 1232 1354 propter
1249 1275 1577 1353 peccatum
1596 1293 1610 1334 z
1636 1271 1725 1334 ita
1742 1289 1917 1335 nunc
1933 1289 2066 1334 non
2085 1271 2235 1334 dicit

695 1378 886 1443 aliam
912 1378 1359 1458 differentiam,
1387 1397 1584 1461 quam
1609 1378 1753 1454 hoc,
1784 1378 1953 1460 quod
1978 1383 2074 1442 est
2097 1397 2233 1444 esse

696 1485 976 1564 unibile3
1019 1486 1129 1550 sed
1169 1486 1576 1569 consequitur
1614 1485 1810 1549 illam.
1864 1484 2030 1563 Quia
2073 1486 2236 1550 sicut

694 1611 831 1657 non
855 1596 951 1657 est
987 1594 1323 1677 separatim
1364 1593 1491 1657 nisi
1518 1592 1697 1676 prius
1730 1592 1932 1671 uniti3
1965 1593 2054 1657 sic
2099 1611 2235 1657 non

1815 383 2436 450 SENTENTIARUM
2479 384 2629 450 LIB.
2673 384 2755 449 11.

2338 523 2431 583 est
2456 518 2885 602 separabilitas
2921 517 2992 582 in
3027 518 3266 602 aliquo,
3299 519 3425 583 nisi
3464 516 3643 601 prius
3679 518 3864 583 fuerit

2337 626 2659 690 unibilitas
2685 644 2799 708 per
2829 631 3132 690 naturam
3156 632 3199 689 ¹.
3245 624 3323 689 Et
3359 626 3500 691 ideo
3540 625 3594 688 si
3633 624 3866 707 aliquid

2338 738 2544 816 potest
2575 753 2708 799 esse
2734 734 3089 799 differentia
3122 735 3379 815 animae,
3422 734 3679 799 videtur
3704 733 3867 815 quod

2339 840 2461 905 hoc
2504 844 2784 906 maxime
2820 843 2921 921 sit,
2949 842 3017 907 id
3047 846 3162 921 oet,
3205 841 3363 906 illud
3389 841 3563 924 quod
3599 858 3708 922 per
3754 839 3867 903 hoc

2338 967 2578 1014 nomen
2608 949 3028 1031 significatur.
3067 947 3425 1013 Intellectus
3456 948 3630 1012 enim
3660 951 3867 1011 noster

2339 1057 2659 1121 rarissime
2704 1056 2997 1139 pervenit
3043 1056 3124 1120 ad
3174 1055 3602 1137 cognitionem
3653 1055 3866 1118 formae

2342 1164 2789 1241 substantialis,
2811 1163 2936 1226 nisi
2962 1169 3001 1225 a
3026 1162 3358 1245 posteriori
3392 1183 3407 1225 :
3438 1165 3502 1226 et
3531 1161 3687 1243 quia
3710 1161 3867 1225 sicut

2340 1274 2688 1357 cognoscit,
2719 1274 2808 1336 sic
2837 1274 3159 1352 nominat;
3182 1273 3324 1339 ideo
3350 1272 3737 1338 differentias
3762 1290 3866 1354 per

2342 1389 2641 1446 naturam
2683 1383 2945 1465 priores,
2988 1384 3064 1446 ut
3104 1382 3459 1465 plurimum
3501 1381 3786 1445 nominat
3828 1399 3865 1444 a

2341 1489 2704 1573 posteriori:
2739 1489 2918 1554 etsie
2944 1493 3162 1572 patent
3183 1490 3475 1572 quaesita.

1846 1859 2573 1961 DISTINCTIO
2602 1866 2739 1979 ‚ll

698 2091 833 2146 QUAE
876 2090 1334 2139 consmnnmna
1380 2091 1515 2136 sm'r
1558 2091 1636 2137 DE
1681 2091 1984 2139 ANGELICA
2028 2092 2274 2138 NATURA
2291 2121 2310 2157 ‚
2368 2093 2445 2139 ΕΤ
2489 2092 2714 2139 aarum
2758 2092 2836 2139 DE
2881 2090 3159 2138 TEMPORE
3202 2091 3278 2137 ET
3323 2090 3478 2139 Loco
3522 2088 3865 2136 cmi-roms

2204 2201 2369 2248 ems.

504 2405 607 2460 Agit
632 2402 677 2446 in
789 2375 883 2443 De
910 2377 1203 2465 angelica
1239 2376 1461 2468 itaque
1515 2385 1755 2445 natura
1781 2376 1921 2445 haec
1958 2376 2173 2468 primo
2216 2375 2689 2447 consideranda
2724 2386 2883 2447 sunt
2927 2404 2944 2445 ε
2982 2377 3247 2470 quando
3287 2383 3504 2445 creata
3528 2374 3762 2460 fuerit,
3810 2380 3869 2441 et

465 2468 673 2587 .ἷὲεὲξῖ
701 2492 863 2579 ubi,
894 2500 958 2561 et
984 2493 1200 2585 qualis
1239 2493 1408 2562 facta
1440 2493 1526 2562 sit
1560 2492 1725 2562 dum
1755 2494 2045 2585 primum
2087 2493 2513 2579 conderetur3
2545 2494 2782 2563 deinde
2821 2494 3037 2586 qualis
3074 2494 3296 2562 effecta
3340 2491 3679 2561 aversione
3716 2510 3869 2582 quo-

705 2746 856 2792 rum
901 2725 1269 2795 differentia
1290 2779 1308 2812 ,
1347 2735 1411 2794 et
1447 2725 1528 2794 de
1567 2726 1802 2794 officiis
1823 2779 1840 2812 ,
1869 2749 1945 2795 ac
1973 2726 2356 2795 nominibus
2376 2779 2394 2812 ,
2426 2726 2707 2819 aliisque
2734 2727 3041 2818 pluribus
3072 2726 3304 2818 aliqua
3328 2716 3604 2794 dicenda
3629 2730 3805 2791 sunt.

793 2839 1108 2921 Quaedam
1136 2843 1549 2911 auctoritates
1572 2854 1595 2887 ²
1623 2841 1931 2911 videntur
1960 2842 2263 2928 innuere,
2294 2842 2473 2934 quod
2499 2854 2652 2910 ante
2680 2865 2943 2911 omnem
2961 2849 3329 2910 creaturam
3357 2840 3556 2910 creati
3582 2846 3740 2907 sunt
3762 2860 3872 2905 an-

705 2957 858 3043 geli.
890 2957 1081 3025 Unde
1105 2958 1276 3027 illud
1304 2958 1326 2993 ⁸
1364 2987 1379 3027 :
1409 2959 1641 3027 Primo
1678 2959 1761 3049 (a)
1794 2958 2096 3026 omnium
2131 2970 2357 3027 creata
2387 2972 2481 3028 est
2507 2959 2836 3052 sapientia
2868 2984 2890 3026 .·
2934 2958 3110 3052 quod
3155 2957 3549 3046 intelligitur
3580 2955 3661 3023 de
3687 2976 3876 3042 ange-

593 3081 678 3166 ‘¹¹¹-⁰
705 3071 830 3142 lica
855 3082 1093 3143 natura
1111 3128 1128 3161 ,
1160 3097 1310 3168 quae
1339 3075 1408 3143 in
1438 3074 1776 3167 Scriptura
1815 3098 1984 3168 saepe
2009 3076 2150 3145 vita
2170 3130 2192 3160 ,
2234 3075 2568 3168 sapientia
2594 3130 2612 3163 ,
2657 3084 2720 3144 et
2755 3077 2872 3145 lux
2897 3075 3160 3144 dicitur.
3200 3072 3369 3143 Nam
3399 3071 3719 3164 sapientia
3742 3070 3873 3156 illa,

704 3424 1075 3513 procedens.
1107 3425 1204 3493 De
1229 3425 1524 3514 angelica
1550 3446 1707 3514 ergo
1735 3426 1871 3493 vita
1897 3424 2069 3494 illud
2098 3425 2548 3516 accipiendum
2585 3435 2715 3512 est,
2756 3426 2839 3495 de
2884 3449 3017 3517 qua
3042 3426 3200 3494 dicit
3235 3424 3576 3515 Scriptura
3613 3420 3878 3515 quando

704 3539 873 3608 facta
898 3549 1025 3628 est,
1054 3540 1296 3609 scilicet
1307 3542 1537 3633 primo
1565 3542 1890 3612 omnium.
1922 3541 2051 3611 Sed
2080 3564 2347 3610 rursum
2375 3542 2506 3610 alia
2530 3542 2853 3634 scriptura
2876 3543 3033 3611 dicit
3061 3541 3083 3576 ¹·
3113 3568 3130 3610 ε
3161 3545 3246 3610 In
3256 3540 3596 3634 principio
3638 3537 3880 3607 creavit

701 3656 871 3722 Deus
898 3656 1130 3723 coelum
1160 3669 1225 3724 et
1255 3669 1525 3737 terram.
1557 3658 1642 3726 Et
1669 3659 1743 3725 in
1769 3657 2098 3748 Propheta
2117 3662 2139 3696 ⁸
2171 3683 2188 3726 t
2225 3658 2431 3726 Initio
2463 3670 2566 3741 tu,
2601 3659 2878 3729 Domine
2899 3713 2920 3741 ,
2956 3671 3206 3727 terram
3228 3655 3561 3748 fundasti,
3597 3668 3661 3724 et
3689 3675 3878 3746 opera

704 3793 1029 3840 manuum
1058 3785 1325 3842 tuarum
1351 3787 1506 3843 sunt
1536 3776 1720 3858 coeli‚·
1747 3784 1812 3843 et
1836 3774 2100 3843 videtur
2137 3774 2561 3842 contrarietas
2587 3773 2889 3865 quaedam
2918 3774 3079 3842 oriri
3107 3797 3190 3843 ex
3224 3771 3691 3871 assertionibus
3725 3770 3875 3853 illis,

703 3886 872 3954 Nam
904 3888 959 3955 si
977 3890 1198 3979 primo
1244 3891 1543 3958 omnium
1589 3903 1814 3959 creata
1852 3901 1948 3958 est
1994 3890 2362 3982 sapientia,
2410 3891 2632 3958 omnia
2672 3898 2816 3982 post
2853 3890 3061 3981 ipsam
3097 3889 3266 3958 facta
3303 3888 3613 3958 videntur
3635 3938 3654 3974 ,
3690 3893 3756 3956 et
3794 3885 3879 3952 ita

706 4010 849 4095 post
872 4002 1080 4095 ipsam
1103 4005 1270 4074 facta
1295 4007 1605 4075 videntur
1631 4006 1873 4075 coelum
1902 4014 1967 4075 et
1994 4016 2202 4092 terra,
2232 4015 2299 4074 et
2323 4005 2464 4098 ipsa
2490 4005 2658 4075 facta
2686 4014 2836 4074 ante
2861 4006 3102 4074 coelum
3130 4013 3194 4073 et
3223 4013 3488 4073 terram.
3535 4004 3696 4072 Item
3726 4003 3779 4070 si
3807 4004 3876 4071 in

700 4120 1031 4212 principio
1060 4122 1306 4191 creavit
1331 4126 1505 4192 Deus
1547 4125 1782 4193 coelum
1820 4135 1884 4191 et
1923 4136 2173 4190 terram
2190 4175 2208 4208 ,
2254 4121 2422 4191 nihil
2468 4122 2713 4189 factum
2753 4129 3023 4190 estante
3057 4120 3300 4189 coelum
3339 4127 3404 4189 et
3438 4128 3679 4187 terram
3702 4171 3720 4203 ‚
3765 4138 3878 4186 nec

704 4236 846 4328 ipsa
871 4237 1188 4329 sapientia
1213 4238 1382 4307 facta
1406 4247 1504 4307 est
1535 4247 1686 4307 ante
1714 4239 1957 4308 coelum
1984 4248 2049 4308 et
2076 4248 2342 4308 terram.
2372 4237 2541 4306 Cum
2569 4260 2723 4327 ergo
2750 4237 2885 4306 haec
2911 4237 3238 4306 contraria
3264 4235 3635 4322 videantur,
3669 4257 3786 4303 nec
3812 4234 3877 4300 in

706 4351 778 4420 in
804 4352 1030 4421 divina
1056 4353 1381 4445 scriptura
1405 4354 1503 4423 fas
1528 4354 1612 4423 sit
1639 4355 1880 4424 sentire
1907 4354 2161 4447 aliquid
2188 4377 2324 4424 esse
2359 4354 2832 4423 contrarietatis
2858 4405 2877 4441 ,
2921 4352 3341 4445 requiramus
3379 4350 3876 4441 intelligentiam

707 4469 1020 4537 veritatis.

491 4625 603 4677 Quid
622 4631 683 4670 ι..
795 4585 1077 4655 Videtur
1101 4585 1322 4678 itaque
1349 4584 1473 4654 hoc
1502 4607 1637 4655 esse
1664 4586 2054 4669 tenendum,
2101 4587 2279 4679 quod
2314 4587 2522 4655 simul
2548 4592 2764 4654 creata
2791 4592 2884 4653 est
2924 4583 3283 4677 spiritualis
3319 4591 3649 4669 creatura,
3685 4583 3751 4651 id
3788 4591 3878 4650 est

492 4689 681 4732 nendum

708 4701 1025 4791 angelica,
1055 4709 1119 4770 et
1143 4702 1519 4794 corporalis,
1541 4702 1902 4771 secundum
1919 4702 2100 4795 quod
2118 4709 2329 4794 potest
2349 4702 2552 4793 accipi
2578 4701 2749 4770 illud
2777 4700 3149 4770 Salomonis
3167 4712 3189 4746 ⁸
3216 4725 3231 4768 :
3264 4701 3392 4784 Qui
3415 4700 3580 4768 vivit
3597 4700 3672 4767 in
3698 4711 3877 4767 oeter-

779 5223 1097 5275 ¹Concordat
1121 5225 1324 5288 Scotus,
1354 5221 1470 5274 dist.
1488 5232 1548 5285 11,
1578 5235 1630 5286 q.
1654 5232 1728 5286 vi,
1756 5225 1808 5273 et
1832 5222 1955 5274 dist.
1974 5236 2056 5290 iu,
2072 5238 2125 5290 q.
2147 5236 2283 5274 1v.—
2305 5223 2329 5258 ¹
2346 5223 2491 5287 laid„
2515 5223 2781 5273 desummo
2798 5222 2964 5286 Bono,
2988 5236 3035 5273 c.
3054 5235 3152 5274 111.
3183 5249 3239 5260 —
3257 5223 3280 5258 ⁸
3295 5220 3476 5283 Eccli„
3505 5233 3542 5286 1,
3562 5225 3677 5273 4.·-
3693 5221 3715 5256 ¹·
3734 5219 3871 5283 Gen„

712 5304 750 5358 1,
772 5298 818 5345 1.
835 5320 897 5333 -
913 5295 936 5330 ⁸
951 5296 1031 5345 Pe.
1050 5307 1120 5358 ct,
1142 5297 1224 5345 26.
1250 5320 1314 5333 -
1332 5295 1353 5325 ⁸
1374 5292 1557 5359 Recta,
1580 5304 1733 5355 xvm,
1762 5298 1806 5344 ι.

774 5384 842 5448 (a)
868 5383 1069 5447 vulgat.
1092 5384 1248 5435 habet
1272 5385 1441 5435 Prior.
