4125 6225
576 440 697 499 234
954 533 964 542 ⁵
1414 511 1432 541 ‚·‚
1685 438 2302 507 SENTENTIARUM
2341 442 2491 508 LIB.
2535 443 2612 508 11.

1730 862 2023 954 LIBER
2094 862 2602 956 SECUNDUS

1372 1102 1620 1232 DE
1765 1103 2934 1244 CREATIONE

2077 1435 2227 1447 ——.

1668 1663 2507 1759 DISTINCTIO
2611 1667 2645 1757 1

655 1893 730 1936 DE
776 1891 979 1936 RERUM
1025 1890 1445 1937 CORPORALIUM
1489 1892 1566 1936 ET
1610 1891 2033 1938 SPIRITUALIUM
2076 1892 2415 1938 CREATIONE
2461 1894 2538 1939 ET
2586 1893 2970 1943 FORMATIONE
2988 1925 3005 1959 ,
3053 1895 3334 1950 ALIISQUE
3380 1895 3665 1941 1³1.anth

1860 2000 1938 2045 EO
1965 2001 2463 2047 PERTINENTIBUS.

393 2206 530 2249 vnum
637 2159 1072 2250 ‘Creationem
1102 2203 1323 2251 rerum
1368 2182 1714 2252 insinuans
1748 2183 2112 2275 Scriptura,
2149 2185 2360 2253 Deum
2392 2208 2526 2254 esse
2552 2186 2948 2272 Creatorem,
2978 2186 3380 2279 initiumque
3405 2189 3742 2280 temporiS,

355 2280 547 2310 esmaere-

336 2343 428 2371 mm
444 2334 550 2384 prin.
576 2305 773 2389 atque
799 2298 1098 2366 omnium
1127 2297 1512 2388 visibilium,
1550 2300 1655 2369 vel
1685 2300 2124 2368 invisibilium
2150 2309 2599 2370 creaturarum
2642 2303 2713 2371 in
2744 2302 3103 2393 primordio
3145 2303 3250 2371 sui
3302 2289 3606 2388 ostendit}
3644 2305 3747 2371 ‹li-

363 2407 521 2448 cipium

335 2458 545 2511 ostendat,
574 2435 724 2482 cens
750 2428 769 2462 ¹
805 2439 821 2482 ε
853 2418 936 2482 In
966 2415 1303 2506 principio
1333 2415 1584 2483 creavit
1629 2418 1799 2486 Deus
1837 2418 2072 2484 coelum
2112 2430 2177 2485 et
2217 2429 2488 2485 terram.
2521 2418 2641 2485 His
2668 2420 2909 2486 etenim
2937 2419 3154 2486 verbis
3180 2419 3459 2510 MoyseS,
3489 2419 3740 2511 Spiritu

334 2531 417 2559 '¹⁰¹¹
445 2520 543 2573 ¹²¹⁰·
574 2531 691 2598 Dei
718 2531 1101 2618 affiatu3„in
1140 2553 1276 2598 uno
1321 2531 1643 2624 principio
1689 2556 1728 2601 a
1772 2533 1906 2601 Deo
1932 2533 2236 2603 Creatore
2278 2535 2607 2603 mundum
2640 2536 2883 2603 factum
2933 2535 3156 2620 refert,
3187 2535 3434 2603 elidens
3459 2558 3746 2604 errorem

372 2593 439 2627 ra.
472 2588 520 2623 ut

350 2644 525 2759 gffijffi
572 2647 1010 2738 quorumdam
1038 2647 1232 2738 plura
1258 2647 1397 2715 sine
1426 2648 1744 2740 principio
1772 2650 1971 2718 fuisse
1997 2650 2319 2742 principia
2348 2650 2758 2742 opinantium
2788 2662 2833 2717 ².
2868 2650 3057 2722 Plato
3085 2673 3373 2742 namque
3409 2652 3529 2719 tria
3556 2652 3748 2721 initia

352 2775 460 2814 ‘¹¹¹¹‘-
569 2764 964 2832 existimavit
991 2791 1006 2832 ε
1042 2765 1251 2833 Deum
1283 2766 1546 2851 scilicet,
1569 2768 1927 2858 exemplar,
1950 2775 2014 2835 et
2042 2768 2380 2836 materiam
2402 2794 2419 2853 3
2444 2775 2507 2835 et
2534 2768 2739 2858 ipsam
2761 2767 3113 2834 increatam
3141 2766 3281 2833 sine
3306 2766 3657 2859 principie,
3683 2778 3747 2837 et

570 2879 781 2948 Deum
806 2881 995 2973 quasi
1023 2881 1364 2967 artificem,
1411 2906 1544 2950 non
1583 2883 1977 2952 Creatorem.
2009 2884 2278 2952 Creator
2319 2884 2495 2951 enim
2526 2891 2642 2966 est,
2676 2882 2793 2974 qui
2831 2883 2910 2949 de
2939 2881 3149 2949 nihilo
3177 2883 3429 2975 aliquid
3459 2885 3630 2952 facit.
3663 2886 3747 2954 Et

567 3020 782 3065 creare
809 2999 1068 3089 proprie
1097 3007 1192 3067 est
1215 2998 1296 3066 de
1324 2998 1532 3066 nihilo
1563 3000 1818 3090 aliquid
1846 3001 2091 3087 facere3
2125 3000 2334 3069 facere
2369 3022 2546 3084 vero,
2581 3023 2714 3067 non
2743 2998 2939 3067 modo
2965 2998 3045 3065 de
3073 2999 3284 3067 nihilo
3313 3001 3566 3093 aliquid
3595 3024 3748 3093 ope-

568 3115 724 3200 rari,
757 3115 870 3182 sed
898 3114 1093 3183 etiam
1122 3116 1202 3183 de
1232 3116 1524 3183 materia.
1558 3117 1749 3184 Unde
1776 3126 1839 3184 et
1884 3118 2106 3203 homo,
2151 3126 2216 3185 et
2250 3116 2571 3205 AngeluS,
2623 3114 2863 3183 dicitur
2905 3114 3130 3206 aliqua
3168 3116 3402 3201 facere,
3452 3118 3566 3185 sed
3608 3140 3744 3187 non

567 3252 814 3318 creare3
847 3241 1248 3322 vocaturque
1266 3235 1516 3322 factor,
1549 3233 1686 3299 sive
1716 3234 1994 3323 artifex,
2027 3233 2141 3300 sed
2168 3256 2302 3302 non
2330 3246 2607 3301 creator.
2641 3232 2780 3299 Hoc
2808 3230 2984 3298 enim
3014 3253 3253 3298 nomen
3282 3233 3405 3300 soli
3432 3232 3567 3300 Deo
3593 3256 3744 3325 pro-

568 3348 707 3437 prie
731 3348 1054 3435 congruit,
1081 3348 1199 3438 qui
1226 3356 1289 3414 et
1317 3348 1397 3415 de
1426 3349 1636 3415 nihilo
1664 3349 1993 3438 quaedam,
2025 3358 2089 3416 et
2116 3349 2197 3416 de
2223 3350 2445 3440 aliquo
2473 3347 2697 3438 aliqua
2723 3347 2899 3414 facit.
2939 3347 3084 3437 Ipse
3124 3354 3221 3415 est
3265 3369 3421 3435 ergo
3465 3358 3738 3435 creator,

567 3472 630 3529 et
657 3463 898 3554 opifeX,
931 3472 995 3531 et
1022 3464 1259 3545 factor;
1291 3464 1402 3532 sed
1431 3465 1776 3532 creationis
1805 3486 2045 3533 nomen
2074 3464 2199 3532 sibi
2230 3466 2488 3555 proprie
2514 3462 2812 3552 retinuit,
2854 3462 2984 3531 alia
3010 3484 3165 3529 vero
3203 3463 3400 3537 etiam
3427 3466 3741 3533 creaturis

570 3579 1097 3647 communicavit.
1127 3580 1203 3645 In
1226 3577 1564 3671 Scriptura
1592 3590 1808 3647 tamen
1839 3603 2006 3670 saepe
2036 3582 2308 3649 Creator
2333 3579 2648 3671 accipitur
2675 3588 2992 3670 tanquam
3012 3578 3238 3666 factor,
3271 3589 3334 3648 et
3354 3603 3574 3649 creare
3603 3590 3742 3651 tan-

575 3718 775 3787 quam
801 3696 1034 3781 facere,
1067 3695 1206 3762 sine
1230 3696 1644 3763 distinctione
1676 3695 2197 3784 significationis,

388 3851 510 3901 Quod
661 3790 1135 3880 Verumtamen
1175 3812 1509 3879 sciendum
1547 3820 1642 3879 est
1668 3821 1713 3896 ³,
1761 3812 1899 3880 haec
1927 3814 2152 3898 verba,
2184 3812 2424 3880 scilicet
2452 3833 2692 3892 creare,
2719 3812 2966 3902 facere,
3013 3833 3227 3903 aym-e,
3263 3806 3327 3880 et
3359 3812 3489 3880 alia
3513 3813 3747 3904 hujus-

336 3913 424 3954 ’Μ
454 3928 544 3957 '‘³¹’‘
576 3926 750 3994 modi
777 3926 857 3994 de
884 3927 1016 3995 Deo
1047 3949 1179 3994 non
1209 3951 1391 4018 posse
1417 3928 1542 3995 dici
1569 3928 1927 3995 secundum
1957 3952 2102 3996 eam
2130 3929 2470 4010 rationem,
2506 3951 2638 4018 qua
2667 3927 2982 3997 dicuntur
3010 3926 3089 3994 de
3118 3929 3453 3996 creaturis,
3487 3929 3743 4020 Quippe

335 3974 390 4017 ba
404 4008 414 4028 ‚
433 3978 544 4019 seili-

332 4042 541 4145 {ss‘fzffig
570 4065 722 4110 cum
748 4044 1025 4111 dicimus
1063 4066 1217 4112 eum
1260 4043 1511 4134 aliquid
1542 4044 1771 4131 facere,
1807 4068 1940 4112 non
1969 4045 2259 4136 aliquem
2288 4045 2359 4111 in
2411 4042 2739 4135 operando
2770 4050 3022 4109 motum
3050 4042 3151 4109 illi
3183 4042 3388 4111 inesse
3431 4043 3745 4133 intelligi-

332 4166 375 4202 θ*
400 4163 544 4219 huju*
570 4183 743 4245 muS,
773 4159 879 4228 vel
919 4159 1211 4251 aliquam
1254 4160 1323 4227 in
1371 4161 1730 4229 laborando
1760 4161 2148 4252 passionem,
2197 4161 2364 4229 sicut
2407 4160 2597 4255 nobis
2632 4159 2794 4226 solet
2831 4157 3143 4245 accidere,
3189 4159 3301 4226 sed
3339 4159 3479 4251 ejus
3507 4162 3745 4251 sempi-

367 4228 479 4268 modi
495 4261 508 4281 ,

357 4301 442 4329 non
472 4292 539 4333 di·
570 4281 770 4344 ternae
805 4276 1165 4344 voluntatis
1211 4299 1459 4345 novum
1501 4278 1790 4375 aliquem
1830 4277 2279 4366 significamus
2316 4277 2647 4361 effectum,
2701 4274 2771 4342 id
2819 4283 2913 4341 est
2953 4282 3196 4342 aeterna
3238 4275 3380 4366 ejus
3410 4276 3743 4345 voluntate

349 4364 415 4457 (ῗέ
420 4360 527 4462 ”1322
567 4391 819 4484 aliquid
841 4392 1097 4460 noviter
1115 4392 1410 4461 existere.
1441 4393 1609 4461 Cum
1637 4416 1791 4483 ergo
1811 4393 2062 4484 aliquid
2084 4393 2331 4461 dicitur
2359 4393 2593 4477 facere,
2625 4391 2754 4459 tale
2787 4397 2884 4458 est
2910 4412 2983 4456 ac
3011 4389 3067 4456 si
3093 4390 3372 4477 dicatur,
3386 4390 3579 4482 juxta
3602 4393 3744 4482 ejus

356 4492 511 4523 becun-

331 4543 431 4585 dum
446 4558 539 4587 em„
567 4509 997 4595 voluntatem,
1027 4510 1135 4578 vel
1162 4531 1278 4599 per
1299 4510 1440 4600 ejus
1456 4510 1862 4578 voluntatem
1891 4510 2144 4601 aliquid
2171 4509 2428 4577 noviter
2452 4508 2853 4595 contingere,
2886 4505 2991 4572 vel
3022 4527 3189 4572 esse:
3220 4506 3382 4573 utin
3411 4506 3551 4597 ipso
3573 4508 3742 4576 nihil

332 4606 538 4721 ’ζξζῗξξῗ
567 4625 725 4693 novi
750 4626 1111 4714 contingat,
1135 4626 1245 4693 sed
1274 4648 1524 4693 novum
1542 4626 1818 4721 aliquid,
1851 4626 2019 4694 sicut
2044 4626 2117 4692 in
2145 4627 2199 4716 ej
2213 4649 2287 4694 us
2306 4634 2545 4694 aeterna
2574 4623 2912 4691 voluntate
2936 4621 3175 4705 fuerat,
3209 4620 3327 4688 fiat
3352 4620 3492 4690 sine
3520 4622 3744 4713 aliqua

348 4735 540 4838 ζζζζζζ
570 4742 877 4829 motione,
910 4742 1015 4809 vel
1043 4741 1146 4809 sui
1192 4740 1573 4810 mutatione.
1621 4741 1758 4809 Nos
1802 4764 1958 4810 vero
2002 4742 2330 4834 operando
2380 4739 2624 4809 mutari
2651 4738 2962 4822 dicimur,
2990 4736 3153 4828 quia
3181 4759 3570 4806 movemur:
3608 4761 3742 4807 non

350 4856 471 4900 ‘uffi-
569 4859 746 4924 enim
773 4857 913 4925 sine
941 4865 1124 4924 motu
1151 4856 1402 4947 aliquid
1426 4853 1724 4926 facimus
1758 4859 1932 4927 Deus
1957 4882 2114 4949 ergo
2140 4858 2393 4950 aliquid
2421 4880 2638 4947 agere,
2670 4856 2778 4923 vel
2805 4854 3039 4937 facere,
3069 4852 3338 4940 dicitur,
3369 4855 3528 4945 quia
3547 4878 3742 4923 causa

568 4981 664 5040 est
689 4994 911 5041 rerum
937 4973 1193 5042 noviter
1219 4972 1667 5060 existentium,
1698 4975 1855 5042 dum
1883 4975 2024 5066 ejus
2072 4976 2408 5044 voluntate
2454 4996 2558 5041 res
2597 4994 2783 5041 novae
2828 4992 2963 5039 esse
3001 4969 3365 5060 incipiunt,
3412 4994 3560 5062 quae
3592 4979 3741 5039 ante

570 5111 705 5156 non
734 5097 943 5177 erant,
976 5091 1223 5182 absque
1246 5089 1453 5181 ipsius
1477 5089 1852 5178 agitatione,
1882 5101 1959 5160 ut
1984 5100 2166 5161 actus
2193 5091 2453 5183 proprie
2480 5089 2608 5158 dici
2640 5110 2774 5156 non
2802 5093 3023 5178 queat,
3053 5107 3204 5154 cum
3226 5086 3529 5155 videlicet
3553 5095 3738 5155 actus

572 5205 787 5273 omnis
813 5207 886 5274 in
915 5214 1099 5275 motu
1124 5206 1457 5293 consistat,
1490 5206 1562 5274 in
1589 5206 1724 5275 Deo
1752 5216 1973 5277 autem
2011 5217 2229 5278 motus
2255 5208 2484 5275 nullus
2510 5214 2628 5275 est.
2664 5204 2850 5273 Sicut
2893 5224 3049 5292 ergo
3086 5225 3169 5271 ex
3201 5202 3417 5272 calore
3440 5204 3595 5273 solis
3619 5203 3740 5272 ali-

634 5414 653 5453 t
676 5413 870 5478 cenes„
894 5428 930 5478 1,
960 5419 1004 5465 1.
1026 5398 1080 5452 -’
1106 5417 1126 5451 ²
1147 5417 1260 5467 vid.
1286 5416 1545 5479 ambros„
1574 5418 1813 5481 Heaeoem„
1834 5418 1922 5469 nb.
1944 5420 1986 5483 1,
2010 5436 2056 5469 c.
2078 5431 2114 5475 ι.
2136 5446 2197 5457 -
2216 5419 2237 5453 ³
2259 5419 2371 5471 vid.
2402 5421 2635 5481 August„
2657 5415 2717 5464 de
2739 5414 2918 5466 cenes.
2937 5411 3007 5461 αα
3024 5412 3150 5477 zat„
3171 5412 3258 5465 uh.
3279 5414 3322 5479 ι,
3345 5428 3391 5463 0.
3410 5425 3560 5479 xvm,
3581 5427 3636 5462 n.
3655 5414 3734 5463 36.
