4125 6225
943 410 1134 478 DIST.
1182 410 1473 481 mvn.
1518 409 1747 477 PART.
1792 411 1842 476 1.
1887 409 2070 475 ΛΒΤ.
2114 409 2193 476 11.
2232 408 2531 489 QUAEST.
2576 410 2626 475 Ι.
3299 410 3379 471 43

36 535 37 566 ³
126 573 235 628 ιφιῡε.
311 551 362 615 Si
386 548 535 613 dicas
557 546 729 629 quod
755 563 887 609 non
914 548 1011 610 est
1036 546 1123 610 ibi
1150 550 1342 626 totuS,
1372 547 1481 610 sed
1510 563 1732 610 secun-

251 660 369 724 dum
400 659 630 738 partem
650 701 670 730 ,
703 652 1006 734 objicitur
1037 652 1115 717 de
1148 671 1307 718 voce
1345 671 1495 736 quae
1524 656 1618 717 est
1661 653 1731 715 in

250 766 460 832 auribus
492 763 895 826 diversorum
938 765 1100 839 tota,
1143 765 1205 825 et
1249 762 1320 825 in
1359 765 1493 825 toto
1539 779 1726 825 aere:

252 881 350 938 esto
383 870 537 953 quod
570 887 704 934 vox
746 872 910 932 esset
953 869 1042 931 ita
1087 887 1324 950 magna
1342 916 1359 940 ,
1404 869 1575 949 quod
1619 885 1737 949 per

249 985 407 1045 totum
426 976 737 1041 mundum
758 976 1112 1053 audiretur,
1136 980 1290 1040 tunc
1312 978 1474 1039 esset
1495 975 1734 1057 ubique

247 1093 375 1160 tota,
405 1089 461 1147 et
500 1102 631 1147 una
662 1082 934 1165 prolatio
964 1106 979 1147 ε
1013 1084 1165 1166 quia
1202 1084 1259 1147 si
1295 1084 1515 1147 multae
1532 1132 1548 1162 ,
1584 1101 1735 1146 cum

246 1192 463 1257 infinitze
488 1191 613 1253 sint
638 1193 850 1271 partes
877 1191 1044 1253 aeris
1062 1238 1080 1270 ,
1112 1194 1176 1254 et
1199 1209 1332 1255 vox
1364 1191 1445 1253 sit
1472 1191 1540 1253 in
1572 1209 1735 1272 qua-

245 1301 365 1364 libet
398 1303 597 1381 parte,
637 1303 795 1362 tunc
839 1316 999 1380 ergo
1044 1299 1310 1363 intinitae
1358 1303 1507 1363 sunt
1547 1317 1736 1364 voces

245 1413 357 1472 actu
382 1407 584 1489 {quod
611 1412 705 1470 est
739 1406 1149 1489 Impossibile.

306 1520 354 1578 3.
403 1514 549 1577 Item
592 1514 896 1596 objicitur
938 1513 1017 1577 de
1065 1513 1280 1578 anima
1322 1532 1469 1595 quae
1524 1518 1620 1577 est
1666 1514 1736 1577 in

243 1623 479 1705 qualibet
500 1627 671 1704 parte
696 1621 991 1684 animalis
1013 1627 1174 1697 tota,
1201 1625 1275 1685 ut
1300 1639 1493 1703 supra
1513 1623 1531 1657 ¹
1558 1640 1738 1685 mon-

241 1733 473 1793 stratum
510 1732 601 1791 est
631 1732 809 1791 :esto
852 1746 1012 1809 ergo
1054 1728 1223 1809 quod
1276 1729 1455 1791 fieret
1497 1728 1737 1791 animal

241 1838 576 1919 giganteum
614 1835 703 1898 ita
740 1853 1060 1916 magnum
1103 1835 1289 1916 quasi
1333 1839 1504 1898 totus
1544 1854 1735 1899 mun-

238 1946 366 2022 dus,
412 1949 553 2006 tunc
595 1942 812 2004 anima
854 1945 1016 2005 esset
1061 1941 1298 2023 ubique
1326 1963 1341 2005 ε
1369 1960 1526 2022 ergo
1566 1942 1739 2025 quod

238 2069 343 2114 non
364 2051 472 2128 sit,
509 2050 625 2114 hoc
660 2054 754 2113 est
789 2054 1051 2132 propter
1075 2050 1389 2114 defectum
1426 2051 1735 2133 corporiS,

239 2164 289 2223 et
308 2177 431 2222 non
454 2175 656 2221 suum.

302 2264 357 2330 Si
402 2265 556 2328 dicas
582 2264 751 2346 quod
793 2267 957 2327 esset
993 2263 1063 2327 in
1107 2262 1404 2345 pluribus
1431 2268 1741 2347 tanquam

238 2373 292 2436 iu
320 2391 444 2436 uno
469 2372 631 2450 loco,
665 2373 837 2436 unde
865 2390 1203 2453 nunquam
1237 2390 1367 2435 una
1400 2373 1616 2435 anima
1649 2377 1744 2436 est

239 2480 340 2542 nisi
377 2481 443 2543 in
489 2499 615 2543 uno
662 2498 961 2562 eorpore3
1010 2480 1309 2561 objicitur
1353 2480 1431 2543 de
1480 2499 1742 2562 corpore

241 2589 472 2667 Christi,
505 2589 673 2671 quod
710 2594 916 2652 totum
947 2592 1009 2651 et
1048 2588 1379 2670 integrum
1408 2593 1503 2652 est
1539 2588 1610 2652 in
1640 2589 1741 2652 di-

241 2697 411 2760 versis
433 2697 735 2761 altaribus
759 2697 1091 2760 distinctis.

304 2808 359 2867 4.
386 2803 535 2867 item
560 2804 661 2885 obj
673 2803 864 2866 icitur
890 2821 1005 2885 per
1025 2803 1358 2867 rationem.
1382 2802 1543 2867 Cum
1569 2803 1744 2867 enim

240 2910 305 2974 de
339 2916 557 2975 natura
597 2910 947 2992 singularis
990 2911 1070 2973 sit
1111 2929 1247 2974 esse
1290 2910 1394 2973 hic
1432 2915 1493 2974 et
1537 2929 1741 2989 nunc,

238 3021 427 3081 tamen
457 3019 641 3082 alicui
678 3019 783 3082 dat
826 3017 991 3081 Deus
1025 3036 1275 3100 semper
1316 3037 1486 3097 esse,
1518 3023 1592 3082 ut
1627 3037 1745 3081 an-

240 3126 379 3206 gelis
418 3148 433 3189 :
472 3144 626 3208 ergo
672 3126 815 3209 pari
860 3126 1102 3190 ratione
1152 3126 1339 3190 alicui
1387 3126 1560 3190 dabit
1610 3145 1745 3191 esse

241 3232 468 3314 ubique.

306 3342 360 3400 5.
391 3339 558 3416 item,
590 3340 644 3403 si
671 3339 890 3422 aliqua
912 3340 1041 3403 duo
1067 3339 1569 3422 inseparabiliter
1593 3345 1749 3404 sunt

242 3447 417 3522 unita,
440 3448 828 3531 ubicumque
860 3452 954 3512 est
974 3466 1207 3524 unum,
1230 3453 1323 3511 est
1349 3453 1412 3511 et
1429 3448 1702 3512 alterum
1727 3470 1742 3512 ε

242 3555 332 3617 sed
350 3555 621 3621 humana
645 3560 901 3635 natura,
921 3562 985 3620 et
1004 3556 1245 3634 divina,
1267 3558 1335 3620 in
1364 3556 1610 3621 Christo
1639 3558 1745 3620 in-

243 3664 633 3742 separabiliter
651 3667 807 3728 sunt
824 3665 1005 3727 unita
1038 3687 1052 3727 ε
1084 3682 1242 3745 ergo
1260 3664 1373 3727 ubi
1392 3668 1486 3728 est
1503 3664 1743 3743 divina,

241 3775 321 3831 at
353 3778 409 3835 et
443 3774 725 3838 humana
753 3797 769 3836 ε
803 3774 911 3837 sed
942 3774 1163 3838 divina
1202 3779 1432 3837 natura
1470 3780 1564 3838 est
1594 3774 1747 3838 ubi-

242 3894 350 3958 que
374 3902 390 3943 z
413 3900 555 3963 ergo
583 3886 649 3946 et
677 3881 987 3946 humana.
1026 3881 1103 3945 Et
1128 3881 1246 3961 sic,
1276 3885 1397 3945 etc.
1429 3883 1451 3916 ²

719 4111 1241 4180 CONCLUSIO.

244 4270 350 4326 soh·
381 4274 472 4331 Deo
499 4278 723 4348 proprie
747 4280 800 4332 et
825 4277 1181 4346 sinqulariter
1208 4237 1455 4333 convenit
1482 4291 1586 4333 esse
1618 4278 1749 4335 ubi-

331 4378 450 4433 que,
476 4369 527 4420 et
551 4366 694 4421 nihil
722 4365 881 4421 aliud
906 4381 943 4420 a
972 4367 1078 4421 Deo
1104 4366 1302 4436 ubique
1322 4370 1503 4439 potest
1530 4382 1653 4424 esse.

320 4519 487 4606 Raep.
525 4525 603 4588 ad
642 4523 801 4606 Arg.
844 4524 1195 4589 Dicendum
1236 4527 1405 4608 quod
1443 4544 1579 4590 esse
1615 4527 1755 4591 ubi-

250 4643 392 4707 que,
424 4630 574 4693 sicut
619 4632 840 4696 dicunt
876 4632 1106 4712 sancti,
1156 4634 1451 4697 convenit
1479 4634 1597 4697 soli
1627 4634 1753 4699 Deo

252 4737 474 4817 proprie
506 4744 567 4802 et
598 4740 1034 4820 singulariter,
1073 4740 1164 4803 ita
1198 4740 1369 4822 quod
1409 4741 1570 4805 nulli
1605 4760 1753 4806 con-

252 4843 412 4904 venit
434 4845 532 4907 alii
552 4894 569 4921 ,
599 4864 720 4909 nec
752 4846 1023 4929 intelligi
1059 4851 1263 4929 potest
1292 4849 1665 4929 convenire,
1700 4849 1755 4912 si

254 4954 404 5013 recte
422 4950 821 5033 intelligatur.
844 4954 1003 5017 Nam
1022 4954 1187 5019 Deus
1207 4955 1437 5019 dicitur
1459 4974 1592 5020 esse
1617 4956 1755 5021 ubi-

256 5072 397 5135 que,
420 5056 503 5121 ita
523 5060 691 5142 quod
719 5079 798 5124 ex
824 5067 996 5143 parte
1030 5062 1140 5125 Dei
1166 5062 1546 5144 intelligitur
1573 5064 1757 5129 iden-

315 5180 332 5214 ¹
348 5180 466 5231 Dist.
486 5195 665 5247 nrm,
689 5199 739 5249 q.
766 5197 841 5246 ιη,
869 5190 963 5236 art.
989 5189 1035 5236 3.
1055 5187 1320 5237 -2Deest
1342 5201 1451 5252 arg.
1478 5190 1604 5238 6.—
1626 5189 1645 5218 ⁸
1663 5191 1755 5244 So-

256 5248 373 5327 19ϋο
404 5258 793 5320 argum.3patet
826 5272 885 5309 ex
911 5272 1052 5323 corp.
1086 5258 1479 5322 quoestioniS.-
1508 5261 1530 5296 δ
1562 5261 1673 5311 Hoc
1698 5261 1754 5310 in

256 5318 339 5369 hb.
366 5321 425 5372 de
452 5326 669 5375 Moribus
701 5328 873 5378 EccleS.
913 5344 1022 5380 non
1051 5329 1332 5395 invenitur,
1366 5331 1456 5381 sed
1496 5331 1551 5381 in
1578 5332 1670 5383 lib.
1696 5332 1758 5385 de

257 5389 427 5457 Doym.
446 5397 650 5458 Bocles„
676 5413 719 5449 e.
741 5410 812 5462 xl,
838 5401 976 5465 cujus
999 5406 1178 5453 auctor
1196 5403 1505 5456 Gennadius.

1844 545 1985 609 titas
2011 550 2076 610 et
2112 545 2417 622 totalitas,
2458 562 2543 609 ex
2588 546 2766 627 parte
2805 542 2925 607 loci
2957 541 3285 625 pluralitas
3317 544 3382 606 et

1841 654 2309 719 universalitas,
2331 653 2452 718 Per
2470 652 2894 717 conditionem
2912 649 3256 714 identitatis
3274 667 3382 712 ex·

1840 762 2122 827 cluditur
2138 761 2521 840 universale,
2543 760 2715 843 quod
2738 759 3033 843 quamvis
3054 758 3133 821 sit
3157 757 3227 820 in
3248 775 3382 820 om·

1841 870 2032 933 nibus
2064 869 2530 951 singularibus,
2568 873 2781 932 tamen
2815 866 3170 931 secundum
3208 864 3382 929 aliud

1842 980 1906 1040 et
1931 976 2107 1041 aliud
2131 978 2532 1059 suppositum
2548 1025 2565 1056 ,
2594 979 2658 1041 et
2682 977 2770 1038 ita
2795 979 3228 1039 numeratum.
3263 972 3382 1037 Per

1844 1084 2269 1148 conditionem
2297 1084 2616 1148 totalitatis
2654 1083 3016 1148 excluditur
3045 1099 3378 1146 numerus·

1843 1189 2007 1256 Nam
2048 1192 2343 1273 quamvis
2377 1209 2690 1255 numerus
2728 1191 2811 1255 sit
2848 1191 3126 1271 ubique,
3165 1193 3382 1252 tamen

1843 1298 2197 1363 secundum
2234 1299 2425 1362 aliam
2460 1303 2523 1362 et
2552 1299 2742 1362 aliam
2776 1302 3045 1379 partem.
3081 1295 3202 1359 Per
3232 1313 3382 1359 con-

1844 1405 2152 1469 ditionem
2191 1405 2566 1488 pluralitatis
2592 1425 2629 1468 a
2658 1409 2836 1487 parte
2872 1404 2988 1468 loci
3027 1402 3386 1467 excluditur

1844 1513 2106 1595 spiritus
2132 1518 2398 1588 creatuS,
2429 1513 2541 1594 qui
2568 1513 2864 1595 quamvis
2890 1511 3063 1574 sitin
3093 1510 3383 1592 pluribus

1844 1624 2132 1704 partibus
2177 1623 2493 1706 corporiS,
2535 1641 2667 1685 non
2707 1626 2924 1685 tamen
2970 1621 3038 1684 in
3085 1619 3384 1683 omnibus

1845 1730 1969 1792 nisi
2008 1734 2081 1793 ut
2124 1730 2339 1793 unitis,
2375 1728 2493 1792 Per
2534 1728 2960 1792 conditionem
2999 1725 3383 1790 universali-

1847 1840 1992 1901 tatis
2038 1839 2399 1902 excluditur
2441 1857 2672 1920 corpus
2717 1837 2943 1900 Christi
2999 1836 3121 1898 sub
3170 1853 3383 1897 sacra-

1847 1951 2095 2026 mente,
2128 1947 2296 2027 quod
2333 1946 2629 2028 quamvis
2671 1945 2750 2008 sit
2783 1945 2853 2008 in
2893 1943 3218 2026 pluribuS,
3253 1960 3386 2006 non

1847 2058 2063 2117 tamen
2088 2059 2183 2117 est
2208 2054 2275 2117 in
2303 2054 2632 2131 omnibuS,
2660 2071 2779 2117 nec
2805 2071 2939 2116 esse
2971 2054 3202 2134 potest,
3232 2050 3386 2133 quia

1847 2162 1969 2228 hoc
2012 2165 2220 2227 solum
2255 2163 2553 2227 convenit
2591 2161 2650 2225 ei
2685 2160 2805 2226 sub
2850 2163 3266 2223 sacramento.
3309 2157 3387 2221 Et

1849 2272 1939 2334 ita
1979 2276 2197 2354 patent
2224 2271 2451 2354 primae
2481 2269 2799 2333 instantiae
2821 2268 2863 2330 ⁸.

1930 2378 2110 2457 Quod
2141 2389 2354 2442 tamen
2383 2377 2680 2460 objicitur
2704 2377 2782 2440 de
2807 2392 2994 2450 voce,
3022 2373 3384 2454 intelligen-
3415 2383 3623 2504 {23:11

1849 2486 2007 2550 dum
2049 2487 2220 2567 quod
2263 2485 2589 2566 generatio
2627 2482 3021 2547 sensibilium
3064 2481 3131 2543 in
3177 2480 3386 2544 medio

1851 2597 1945 2656 est
1982 2612 2096 2675 per
2137 2593 2542 2657 diffusionem
2578 2590 2795 2655 :unde
2835 2605 2966 2652 non
3011 2591 3388 2652 numeratur

1851 2718 1981 2763 vox
1998 2748 2016 2779 ,
2046 2700 2208 2763 sicut
2250 2717 2370 2762 nec
2406 2699 2521 2762 lux
2540 2746 2555 2775 ,
2590 2698 2713 2760 nisi
2755 2697 2835 2760 ad
2873 2695 3387 2760 numerationem

1852 2807 2266 2889 susceptibilis
2291 2825 2308 2869 ε
2335 2806 2505 2869 unde
2529 2810 2688 2887 quot
2715 2808 2867 2867 sunt
2887 2822 3093 2881 aures,
3123 2806 3215 2866 tot
3239 2808 3388 2865 sunt

1856 2934 2074 2994 voces»,
2119 2915 2425 2997 quoniam
2453 2932 2583 2978 vox
2626 2914 2695 2976 in
2724 2931 2868 2976 aere
2913 2917 3048 2974 erat
3076 2911 3388 2991 multipli-

1852 3022 2107 3100 cabilis,
2156 3026 2216 3084 et
2258 3039 2389 3083 non
2434 3020 2845 3102 multiplicata
2880 3023 2990 3082 :et
3033 3018 3174 3082 ideo
3219 3021 3389 3099 patet

1853 3133 2025 3214 quod
2066 3151 2183 3196 nee
2216 3136 2346 3196 tota
2379 3132 2616 3212 ubique
2653 3136 2798 3194 ante
2838 3128 3384 3205 numerationem,

1853 3240 2018 3303 sicut
2057 3259 2175 3304 nec
2216 3239 2334 3304 lux
2371 3239 2630 3317 diffusa,
2661 3256 2781 3301 nee
2816 3237 3038 3301 eadem
3077 3254 3205 3299 vox
3251 3239 3391 3317 post

1854 3348 2364 3411 numerationem
2396 3369 2410 3411 z
2443 3351 2505 3409 et
2535 3346 2675 3409 ideo
2706 3344 3074 3426 exemplum
3103 3343 3181 3407 de
3216 3343 3392 3408 exis-

1854 3455 2051 3518 tentia
2080 3455 2254 3518 vocis
2285 3472 2412 3517 non
2439 3457 2533 3518 est
2563 3454 2843 3516 multum
2871 3453 3076 3516 simile
3102 3450 3252 3515 Deo,

1932 3565 1994 3623 4.
2028 3562 2129 3625 Ad
2158 3561 2314 3625 illud
2341 3561 2516 3643 quod
2551 3561 2851 3642 objicitur
2878 3559 3047 3642 quod
3075 3559 3239 3623 Deus
3286 3559 3395 3623 dat

1855 3668 2449 3751 sempiternitatem,
2489 3667 2829 3731 dicendum
2867 3667 3039 3748 quod
3080 3670 3212 3729 tam
3259 3683 3394 3728 esse

1855 3777 2134 3857 ubique,
2169 3794 2365 3857 quam
2400 3793 2671 3858 semper,
2713 3776 3014 3857 importat
3049 3774 3394 3857 quamdam

1855 3884 2234 3948 intinitatem
2265 3903 2281 3948 ε
2312 3888 2376 3947 et
2418 3883 2701 3947 infinitas
2744 3883 3259 3965 sempiternitatis
3301 3886 3398 3946 est

1814 4028 1819 4033 -
1855 3991 2136 4054 infinitas
2171 3991 2554 4070 durationiS,
2588 4009 2735 4074 quae
2766 3995 2861 4054 est
2889 3990 3240 4054 secundum
3280 4008 3397 4071 po-

1855 4100 2123 4163 tentiam
2158 4121 2174 4163 ς
2208 4105 2271 4163 et
2316 4099 2459 4163 haec
2502 4117 2633 4164 non
2681 4103 3001 4181 repugnat
3043 4102 3355 4162 creaturae
3372 4144 3390 4176 ,

1857 4206 2008 4288 quia
2034 4225 2166 4269 non
2197 4192 2460 4286 impedit
2489 4206 2891 4269 durationem
2921 4208 3230 4269 creaturae
3263 4222 3398 4268 esse

1857 4314 2105 4376 finitam
2142 4317 2318 4391 actu,
2351 4317 2414 4375 et
2440 4312 2757 4375 infinitam
2796 4313 3071 4394 potentia
3103 4333 3120 4376 t
3158 4317 3221 4376 et
3253 4313 3395 4376 ideo

1859 4421 2035 4484 omni
2064 4420 2385 4485 durationi
2419 4425 2727 4484 creaturae
2755 4439 3008 4485 neeesse
3037 4425 3131 4485 est
3160 4421 3399 4503 aliquid

1859 4527 2071 4610 adjici.
2105 4525 2226 4591 Sed
2259 4546 2393 4591 esse
2428 4528 2695 4610 ubique,
2727 4527 2876 4592 dicit
2905 4528 3398 4593 immensitatem

1859 4642 2028 4716 actu,
2060 4636 2215 4719 quia
2239 4637 2539 4719 importat
2565 4624 2953 4700 simultatem
2979 4636 3266 4701 locorum
3293 4660 3307 4700 :
3336 4642 3400 4700 et

1859 4742 1982 4807 hoc
2010 4746 2331 4826 repugnat
2374 4747 2683 4807 creaturae
2703 4792 2721 4821 ,
2762 4747 2825 4806 et
2852 4744 2993 4807 ideo
3025 4762 3155 4808 non
3197 4747 3400 4826 potest

1861 4849 1919 4913 ei
1946 4851 2209 4914 omnino
2234 4850 2696 4914 communicari
2730 4874 2744 4914 :
2777 4851 3283 4915 communicatur
3309 4856 3398 4914 ta-

1863 4976 2012 5021 men
2048 4958 2401 5021 seeundum
2435 4958 2910 5040 possibilitatem
2936 4964 3275 5037 creaturae,
3305 4978 3400 5022 se·

1863 5066 2146 5129 cundum
2175 5066 2346 5147 quod
2375 5066 2706 5148 participat
2735 5068 2943 5148 majus
2973 5068 3038 5128 et
3069 5066 3284 5129 minus
3323 5066 3401 5130 de

1862 5176 2094 5236 natura
2121 5174 2604 5256 spiritualitatis,
2638 5172 2800 5237 Nam
2827 5174 2986 5237 nihil
3013 5178 3109 5238 est
3132 5176 3401 5240 omnino

1861 5279 2218 5361 spirituale,
2263 5281 2385 5343 nisi
2425 5281 2600 5376 solus
2643 5280 2836 5358 DeuS,
2883 5281 3049 5345 sieut
3091 5281 3241 5345 dicit
3272 5283 3429 5346 Au·-

1862 5387 2161 5469 gustinus
2213 5386 2293 5453 de
2348 5387 2630 5454 Moribus
2682 5388 2983 5458 Ecclesia»
3019 5394 3041 5429 ⁸
3083 5412 3098 5455 :
3139 5415 3171 5452 (ι
3214 5390 3403 5457 Solus
