4125 6225
489 2537 560 2581 Ad
577 2550 683 2594 opp.

703 436 823 502 450

703 571 956 638 Constat
980 570 1152 655 quod
1172 570 1297 636 hoc
1320 585 1453 632 non
1476 565 1665 631 flebat
1689 562 1814 626 nisi
1848 560 2085 627 virtute
2107 559 2240 625 dae-

704 697 974 746 monum
994 696 1012 744 :
1031 679 1088 744 si
1113 677 1317 760 igitur
1334 676 1656 742 daemones
1677 671 1838 749 haee,
1868 668 2043 734 ethis
2061 667 2244 732 simi-

703 787 790 853 lia
824 787 1013 871 plura
1041 787 1316 866 faciunt,
1339 801 1489 868 quae
1515 781 1693 847 nullo
1741 778 1931 843 modo
1963 777 2088 841 nisi
2119 775 2239 840 mi-

703 896 990 962 raculose
1014 896 1156 961 fleri
1184 897 1471 978 possunt,
1499 908 1658 972 ergo
1697 887 1918 953 oculos
1945 887 2243 969 spectan-

704 1005 869 1070 tium
905 1005 1206 1084 illudunt,
1237 1002 1518 1068 maxime
1564 1016 1716 1063 cum
1752 995 1862 1060 illa
1899 994 2107 1059 facere
2148 991 2244 1058 vi-

704 1113 938 1178 dentur
976 1112 1058 1177 ad
1086 1129 1234 1195 quae
1261 1128 1374 1194 per
1400 1107 1720 1174 auxilium
1745 1107 1996 1169 naturae
2015 1100 2243 1186 juvari

705 1237 838 1285 non
883 1224 1170 1303 possunt.

785 1327 967 1407 Item,
996 1327 1066 1391 in
1100 1327 1274 1395 Vitis
1309 1323 1575 1393 Patrum
1601 1319 1864 1405 legitur,
1893 1318 2067 1401 quod
2100 1316 2237 1400 qui·

705 1437 854 1500 dam
871 1434 1278 1500 adduxerunt
1293 1431 1640 1518 quamdam
1657 1428 1939 1513 puellam
1967 1426 2047 1492 ad
2069 1443 2247 1491 sane-

705 1546 848 1609 tum
872 1547 1143 1628 patrem,
1185 1560 1331 1625 quae
1369 1541 1705 1609 videbatur
1734 1538 1827 1603 eis
1865 1554 2000 1601 esse
2038 1553 2241 1619 equa;

706 1652 816 1716 sed
856 1655 1114 1716 sanctus
1163 1652 1343 1733 pater
1392 1646 1807 1731 deprehendit
1855 1644 2028 1728 quod
2086 1645 2249 1709 esset

706 1759 916 1843 puella
947 1779 965 1823 ε
996 1777 1153 1841 ergo
1175 1759 1231 1822 si
1254 1758 1378 1822 hoc
1401 1756 1591 1822 flebat
1614 1758 1751 1820 arte
1777 1753 2108 1834 diabolica,
2140 1770 2249 1836 ap-

707 1872 908 1951 paret,
937 1871 1056 1933 etc.
1092 1886 1107 1929 2
1138 1885 1320 1949 ergo,
1346 1869 1467 1931 etc.

788 1974 970 2055 ltem,
1000 1976 1144 2059 plus
1170 1980 1266 2039 est
1290 1973 1579 2056 decipere
1601 1970 2019 2050 intellectum,
2046 1985 2245 2051 quam

709 2101 1010 2149 sensum:
1042 2083 1153 2147 sed
1182 2082 1506 2147 daemones
1547 2079 1783 2145 multos
1823 2077 2147 2162 decipiunt
2188 2079 2251 2141 et

710 2190 1024 2255 seducunt
1077 2193 1393 2272 quantum
1441 2188 1521 2254 ad
1578 2186 1967 2252 intellectum
2018 2207 2033 2248 z
2091 2201 2250 2267 ergo

710 2298 916 2362 multo
941 2297 1168 2362 fortius
1189 2297 1508 2376 seducere,
1533 2295 1639 2360 vel
1661 2295 1951 2375 illudere,
1984 2296 2253 2377 possunt

711 2410 1032 2489 quantum
1059 2405 1141 2470 ad
1168 2422 1453 2470 sensum.

792 2515 1021 2578 Contra
1051 2535 1068 2579 ε
1101 2518 1160 2577 1.
1191 2512 1427 2579 Sensus
1454 2510 1857 2596 particularis
1895 2528 2026 2575 non
2052 2513 2246 2587 errat,

709 2626 786 2687 ut
810 2622 963 2686 dicit
990 2621 1435 2706 Philosophus,
1473 2620 1640 2684 circa
1680 2619 2014 2702 proprium
2036 2618 2252 2702 objec-

711 2731 853 2795 tum
886 2748 1087 2812 :ergo
1108 2749 1240 2795 non
1266 2728 1536 2813 percipit
1573 2726 1693 2792 nisi
1720 2727 1877 2791 illud
1917 2725 2090 2809 quod
2137 2743 2252 2793 ve-

710 2855 862 2903 rum
882 2842 1014 2903 est:
1036 2838 1148 2903 sed
1159 2837 1402 2902 delusio
1416 2853 1726 2901 sensuum
1746 2852 1879 2899 non
1892 2838 2096 2916 potest
2119 2850 2254 2900 esse

710 2951 850 3016 sine
868 2966 1085 3017 errore
1111 2954 1175 3016 et
1205 2949 1571 3033 deceptione
1602 2965 1619 3012 τ
1654 2963 1836 3031 ergo,
1864 2950 1983 3012 etc.

791 3064 853 3127 2.
883 3058 1043 3127 Item
1061 3108 1081 3141 ‚
1126 3076 1275 3124 eum
1313 3057 1601 3124 diabolus
1642 3055 1791 3121 facit
1828 3055 2110 3139 aliquem
2150 3055 2252 3122 vi-

709 3167 860 3234 dere
882 3168 1162 3246 asinum,
1184 3166 1290 3234 vel
1328 3166 1583 3250 aliquod
1611 3165 1786 3230 aliud
1830 3163 2073 3229 animal
2098 3212 2115 3243 ‚
2142 3163 2256 3229 ubi

708 3293 843 3342 non
887 3279 982 3341 oet
1035 3274 1391 3340 secundum
1439 3274 1772 3338 veritatem
1791 3321 1809 3351 ,
1854 3290 2108 3338 necesse
2163 3275 2260 3337 est

710 3383 884 3468 quod
908 3383 1096 3448 faciat
1125 3380 1612 3448 similitudinem
1657 3380 1829 3444 illius
1872 3379 2168 3444 animalis
2187 3378 2258 3444 in

713 3490 947 3557 oculo:
977 3490 1089 3556 sed
1123 3490 1233 3555 illa
1263 3489 1611 3555 similitudo
1652 3506 1783 3553 non
1822 3491 2030 3571 potest
2052 3505 2253 3570 gene·

713 3596 845 3663 rari
881 3596 1008 3661 nisi
1043 3597 1126 3662 ab
1168 3598 1280 3663 illo
1328 3595 1614 3677 animali,
1671 3614 1822 3661 cum
1874 3614 2008 3661 non
2062 3595 2263 3679 possit

714 3703 902 3770 educi
926 3704 1005 3769 de
1030 3705 1275 3770 nihilo.
1305 3723 1467 3788 ergo
1493 3704 1598 3772 vel
1623 3707 1869 3787 oportet
1892 3703 2066 3787 quod
2102 3703 2261 3769 affe-

715 3816 817 3877 rat
839 3811 1117 3892 asinum,
1138 3813 1242 3880 vel
1268 3829 1606 3898 nunquam
1629 3812 1814 3876 faciat
1836 3830 1991 3876 eum
2015 3812 2254 3879 videri.

717 3920 826 3985 sed
868 3920 924 3985 si
963 3920 1221 4010 asinum
1246 3921 1466 4002 affert,
1499 3925 1594 3986 est
1622 3918 2011 4000 ludificatio,
1993 3939 2007 3953 ·
2039 3918 2095 3982 si
2130 3938 2263 3985 non

719 4029 924 4109 affert,
951 4047 1084 4094 non
1111 4028 1457 4094 immutat:
1500 4046 1660 4112 ergo
1693 4046 2031 4111 nunquam
2061 4031 2268 4110 potest

718 4136 1076 4205 deludendo
1110 4137 1503 4214 immutare,
1545 4135 1650 4202 vel
1694 4135 2096 4201 immutando
2124 4135 2268 4201 illu-

722 4243 893 4310 dere.

808 4356 868 4417 3.
927 4351 1088 4417 Item
1137 4370 1289 4418 cum
1326 4352 1663 4418 hominem
1703 4351 1852 4416 facit
1904 4350 2108 4418 videri
2158 4369 2271 4416 ca·

728 4479 937 4545 pram,
963 4465 1080 4526 aut
1093 4459 1440 4526 similitudo
1458 4460 1739 4526 hominis
1756 4461 2049 4544 pervenit
2067 4479 2275 4545 usque

726 4568 813 4635 ad
835 4568 1120 4649 oculum,
1145 4572 1259 4633 aut
1283 4586 1420 4633 non
1449 4590 1468 4633 z
1499 4568 1557 4632 si
1583 4568 1697 4647 sic,
1729 4586 1887 4651 ergo
1919 4587 2071 4633 cum
2090 4568 2271 4651 judi-

730 4680 830 4741 cet
854 4676 1209 4741 secundum
1235 4675 1722 4742 similitudinem
1759 4680 2080 4762 receptam
2099 4724 2118 4755 ,
2158 4678 2276 4761 ju-

725 4784 962 4852 dicabit
989 4784 1169 4850 illam
1188 4802 1324 4850 esse
1345 4783 1680 4850 hominem
1716 4801 1918 4866 :ergo
1945 4803 2080 4849 non
2109 4784 2279 4850 deci-

731 4894 967 4980 pietur.
998 4894 1066 4960 Si
1090 4914 1223 4960 non
1239 4894 1567 4979 pervenit,
1596 4911 1851 4976 quaern,
1888 4894 2048 4977 quid
2084 4894 2283 4978 impe-

730 5004 867 5068 dit?
900 5007 965 5069 et
993 5003 1248 5071 videtur
1277 5002 1450 5087 quod
1491 5001 1655 5066 nihil
1685 5001 1883 5084 possit
1913 5024 1928 5067 ε
1970 5002 2282 5068 existente

733 5111 918 5175 enim
952 5110 1160 5176 medio
1185 5111 1551 5175 illuminato
1573 5156 1593 5190 ,
1635 5127 1892 5174 necesse
1930 5113 2024 5174 est
2071 5111 2287 5193 objec-

1817 416 2439 491 SENTENTIARUM
2479 422 2629 487 LIB.
2672 420 2749 486 11.

2351 559 2528 624 nullo
2549 558 2740 624 modo
2767 555 2962 641 possit
2985 574 3121 621 esse
3147 556 3236 621 ibi
3260 555 3613 621 ludificatio
3637 574 3870 622 sensus.

2432 673 2491 731 4.
2541 668 2732 746 Item;
2780 665 3102 731 eumfacit
3137 664 3340 730 videri
3388 664 3560 748 quod
3594 683 3726 730 non
3770 670 3872 746 est,

2351 780 2466 841 aut
2488 775 2612 840 hoc
2637 775 2783 840 facit
2819 773 3219 838 immutando
3247 772 3553 839 virtutem
3572 822 3590 851 ,
3632 777 3743 837 aut
3765 774 3876 837 im-

2353 883 2661 949 mutando
2690 882 2981 961 oculum,
3013 885 3125 946 aut
3151 881 3472 963 objectum
3515 903 3530 945 ε
3572 879 3628 944 si
3652 880 3871 945 immu-

2351 993 2544 1057 tando
2562 991 2663 1074 obj
2671 993 2904 1068 ectum,
2927 1007 3084 1071 ergo
3101 993 3194 1054 est
3211 1006 3442 1054 verum
3466 988 3836 1053 miraculum
3857 1009 3870 1052 ;

2352 1118 2485 1166 non
2510 1118 2668 1182 ergo
2694 1098 3112 1185 praestigium.
3159 1097 3230 1162 Si
3258 1095 3664 1161 immutando
3697 1114 3873 1178 orga-

2354 1227 2545 1287 num,
2572 1207 2676 1273 vel
2697 1207 3034 1283 virtutem,
3060 1224 3210 1272 cum
3236 1206 3379 1270 haee
3405 1205 3530 1270 sint
3558 1204 3869 1285 digniora,

2353 1322 2509 1384 tunc
2534 1316 2655 1382 erit
2677 1317 2890 1399 maJus
2924 1315 3309 1380 miraculum
3349 1336 3364 1380 ε
3397 1330 3557 1395 ergo
3586 1312 3740 1376 falsa
3766 1312 3873 1375 mi-

2353 1425 2570 1491 racula
2593 1429 2784 1491 erunt
2809 1426 3053 1508 majora
3084 1423 3254 1491 veris
3299 1445 3313 1486 :
3353 1421 3529 1505 quod
3558 1420 3615 1484 si
3651 1420 3773 1484 hoc
3796 1424 3874 1483 est

2354 1533 2609 1613 falsum,
2636 1532 2800 1598 redit
2827 1532 2996 1598 idem
3022 1530 3196 1614 quod
3222 1530 3422 1613 prius.

2897 1804 3347 1873 CONCLUSIO.

2356 1964 2574 2021 Doemon
2598 1978 2776 2020 sensus
2799 1965 3007 2019 nostros
3033 1962 3278 2019 deludere
3299 1964 3511 2034 potest,
3540 1961 3607 2017 id
3631 1977 3733 2018 αα
3752 1977 3874 2034 prm-

2424 2072 2540 2113 sens
2569 2053 2912 2123 ostendendo,
2956 2053 3098 2125 quod
3124 2058 3305 2109 tamen
3332 2067 3440 2108 non
3467 2056 3579 2117 est,
3612 2053 3697 2108 vel
3731 2053 3872 2107 aliter

2428 2142 2740 2202 ostendendo
2764 2159 2927 2215 quam
2943 2145 3037 2214 sit,
3064 2146 3177 2199 sive
3202 2140 3568 2199 abscondendo
3598 2140 3739 2213 quod
3752 2157 3873 2214 proe-

2425 2251 2542 2292 sens
2564 2238 2659 2293 est.

2438 2410 2623 2493 Resp.
2653 2410 2733 2474 ad
2762 2409 3037 2490 Argum.
3068 2407 3167 2471 Ad
3194 2406 3648 2490 praedictorum
3674 2405 3875 2470 intelli·

2359 2517 2668 2600 gentiam,
2698 2515 3153 2580 attendendum
3178 2520 3273 2579 est
3298 2514 3473 2598 quod
3497 2515 3735 2597 absque
3760 2515 3877 2578 du·-

2358 2625 2464 2690 bio
2489 2625 2809 2689 daemones
2837 2628 3103 2706 possunt
3136 2642 3359 2688 sensus
3387 2623 3706 2702 deludere,
3735 2623 3883 2686 sicut

2359 2733 2696 2815 multiplex
2721 2731 3111 2815 experientia
3131 2731 3309 2795 docet
3340 2753 3355 2808 ;
3387 2731 3657 2795 modum
3682 2733 3879 2794 autem

2359 2840 2686 2923 assignare
2714 2842 2808 2903 est
2834 2839 3017 2906 valde
3047 2838 3298 2903 difficile
3332 2860 3347 2900 :
3381 2842 3444 2903 et
3482 2838 3567 2902 ad
3602 2838 3726 2902 hoc
3750 2837 3880 2920 plu·

2360 2968 2463 3014 res
2488 2949 2772 3015 doctores
2797 2949 3008 3013 conati
3050 2953 3200 3013 sunt
3234 2949 3689 3015 diversimode.
3743 2947 3886 3026 Qui·
3917 2965 4055 3023 ομω.

2361 3057 2510 3123 dam
2534 3075 2813 3141 namque
2836 3057 3180 3123 voluerunt
3206 3057 3472 3123 modum
3495 3057 3701 3142 hujus
3727 3056 3887 3123 delu-

2361 3166 2555 3231 sionis
2571 3166 2916 3248 assignare,
2944 3166 3220 3230 dicentes
3236 3166 3359 3230 hoc
3383 3185 3580 3250 supra
3605 3171 3888 3231 naturam

2363 3292 2527 3354 esse3
2555 3272 2888 3356 tripliciter
2906 3276 3120 3336 autem
3147 3273 3270 3338 hoc
3290 3273 3432 3337 fleri
3462 3292 3668 3356 posse.
3692 3271 3888 3339 Potest

2365 3381 2541 3447 enim
2591 3381 2715 3445 hoc
2764 3381 2967 3445 facere
3023 3382 3275 3445 daemon
3330 3398 3370 3444 a
3419 3381 3739 3465 superiori
3798 3381 3887 3444 in-

2364 3487 2651 3567 fluendo;
2677 3488 2759 3552 ab
2778 3487 3119 3553 intrinseco
3138 3488 3518 3571 phantasma
3540 3488 3884 3566 movendo;

2367 3598 2448 3662 ab
2473 3597 2825 3662 extrinseco
2848 3597 3086 3680 species
3109 3596 3487 3680 oinciendo.
3510 3599 3570 3662 A
3598 3594 3891 3681 superiori

2367 3704 2716 3783 influendo,
2744 3705 2963 3770 dicunt
2990 3705 3113 3770 hoc
3141 3707 3330 3771 modo
3354 3707 3491 3770 fleri
3523 3725 3729 3789 posse,
3756 3704 3893 3788 quia

2371 3813 2626 3879 daemon
2648 3831 2763 3896 per
2787 3818 3087 3878 naturam
3112 3814 3401 3896 superior
3426 3817 3522 3878 est
3545 3831 3738 3878 sensu
3762 3829 3893 3877 eor-

2374 3939 2566 4005 poreo
2597 3943 2613 3984 ε
2649 3924 2712 3985 et
2737 3920 2891 4004 quia
2915 3922 3243 4004 superiora
3269 3926 3421 3985 nata
3445 3925 3602 3986 sunt
3644 3921 3893 3985 influere

2374 4030 2444 4094 in
2467 4029 2788 4109 inferiora,
2816 4029 3072 4094 daemon
3093 4033 3298 4113 potest
3321 4030 3584 4112 species,
3614 4048 3769 4113 quas
3796 4029 3897 4093 ha·

2373 4138 2481 4203 bet
2505 4139 2575 4202 in
2600 4156 2668 4202 se
2690 4187 2707 4216 ,
2734 4138 2950 4202 sensui
2973 4138 3342 4221 imprimere
3369 4187 3387 4218 ‚
3426 4141 3562 4201 tam
3597 4135 3886 4215 interiori,

2378 4262 2576 4329 quam
2600 4246 2900 4311 exteriori
2923 4269 2937 4309 ε
2971 4264 3118 4329 quae
3137 4249 3352 4310 tamen
3381 4245 3599 4311 minus
3616 4249 3764 4310 sunt
3784 4243 3899 4327 spi·

2378 4352 2638 4418 rituales
2664 4354 2733 4417 in
2759 4352 3160 4436 suscipiente,
3196 4371 3393 4435 quam
3421 4351 3493 4415 in
3521 4351 3734 4431 dante,
3762 4348 3900 4433 quia

2382 4459 2554 4543 quod
2576 4460 2882 4545 recipitur
2906 4461 2975 4525 in
2999 4459 3234 4543 aliquo,
3261 4463 3357 4523 est
3380 4478 3496 4542 per
3520 4461 3786 4525 modum
3802 4476 3900 4522 re-

2384 4567 2671 4650 cipientis
2688 4618 2706 4649 ,
2738 4586 2872 4633 non
2900 4585 3014 4651 per
3040 4568 3304 4632 modum
3331 4569 3569 4652 recepti
3595 4577 3640 4634 ¹.
3677 4566 3903 4634 Simili-

2373 4681 2482 4776 ‚ter
2512 4679 2594 4743 ab
2632 4678 2917 4744 interiori
2952 4677 3399 4762 phantasmata
3431 4679 3786 4757 movendO,
3819 4674 3903 4740 di-

2389 4792 2547 4852 cunt
2568 4786 2658 4852 sic
2681 4806 2863 4871 posse
2890 4787 3190 4868 accidere,
3209 4787 3369 4852 sicut
3398 4787 3627 4852 accidit
3649 4789 3718 4851 in
3747 4802 3902 4851 som·

2391 4896 2492 4961 nis
2521 4914 2604 4960 ex
2645 4900 2828 4961 motu
2855 4895 3373 4980 phantasmatum
3392 4944 3411 4976 ,
3440 4900 3505 4961 et
3548 4896 3809 4960 defluxu
3834 4891 3904 4975 (a)

2393 5005 2474 5068 ab
2506 5023 2751 5088 organo
2768 5004 3029 5069 excitari
3050 5004 3356 5069 virtutem
3384 5004 3750 5070 sensitivam
3767 5003 3910 5066 inte·

2395 5113 2552 5193 rius,
2583 5116 2648 5176 et
2680 5112 2823 5178 fleri
2849 5113 3171 5177 somnium
3192 5161 3209 5194 ,
3248 5113 3321 5177 in
3346 5130 3480 5196 quo
3518 5113 3768 5178 videtur
3799 5110 3912 5174 bo·

740 5222 885 5284 tum
911 5218 1318 5302 multiplicari
1358 5236 1475 5301 per
1500 5215 1787 5281 medium
1810 5264 1827 5295 ‚
1864 5215 1919 5280 si
1959 5235 2094 5283 non
2127 5217 2289 5283 adsit
2399 5220 2557 5286 mini
2583 5221 2755 5303 quod
2783 5220 3012 5300 videat,
3034 5221 3135 5286 vel
3160 5220 3381 5286 audiat
3395 5221 3744 5299 veritatem,
3772 5233 3911 5283 cum

738 5344 1126 5410 corporeum
1149 5325 1549 5392 obstaculum
1591 5348 1607 5390 :
1644 5343 1802 5407 ergo
1828 5325 2086 5391 videtur
2115 5328 2291 5410 quod
2399 5329 2780 5411 phantasma
2817 5329 2912 5393 rei
2953 5326 3243 5413 pervenit
3269 5328 3351 5393 ad
3383 5346 3704 5411 organum
3727 5327 3912 5399 visus.

814 5454 833 5488 ¹
852 5451 1028 5516 Arist„
1053 5451 1116 5501 de
1140 5450 1354 5516 Anima,
1380 5450 1471 5504 lib.
1498 5451 1603 5516 ΙΙΙ,
1632 5457 1773 5504 cont.
1796 5453 1824 5502 4
1851 5454 1905 5503 et
1929 5454 1978 5504 5.

2467 5455 2535 5520 (α)
2560 5454 2684 5507 cat.
2703 5452 2825 5506 edit.
2854 5453 2920 5506 de
2939 5454 3095 5507 fluxu.
