4125 6225
714 369 833 430 198

711 517 1027 581 exponere
1063 500 1141 565 de
1167 502 1493 567 voluntate
1518 504 1910 586 beneplaciti.
1943 504 2064 570 Sed
2092 520 2243 568 cum·

708 624 839 670 non
868 614 1091 671 omnes
1118 608 1474 690 salventur,
1504 613 1569 674 et
1605 610 1902 676 voluntas
1928 611 2044 675 Dei
2064 630 2242 676 nun-

709 732 906 796 quam
924 714 1261 781 frustretur
1284 719 1366 797 (a)
1385 737 1401 796 ;
1423 717 1561 781 ideo
1575 736 1825 782 necesse
1842 724 1935 782 est
1948 719 2120 802 quod
2134 720 2245 784 fiat

708 821 809 885 vis
843 821 912 884 in
938 824 1127 888 modo
1156 824 1616 902 distribuendi,
1645 825 1748 889 vel
1790 826 1859 888 in
1904 826 2094 892 modo
2127 846 2244 891 vo-

706 927 897 992 lendi.
942 928 1021 994 Et
1050 931 1355 1012 egregius
1393 931 1608 995 doctor
1643 932 2048 1014 Augustinus
2075 942 2092 976 ¹
2120 934 2243 999 du·-

708 1034 931 1116 plicem
982 1036 1129 1101 facit
1171 1038 1306 1101 vim
1352 1038 1421 1100 in
1477 1038 1663 1102 modo
1712 1039 2130 1104 distribuendi
2174 1042 2242 1105 in

707 1141 1096 1208 Euchirz’dz'o
1124 1165 1148 1208 .·
1180 1161 1312 1208 uno
1335 1144 1522 1208 modo
1539 1192 1558 1223 ,
1585 1145 1754 1226 quod
1779 1146 2136 1211 distributio
2161 1148 2244 1211 sit

706 1251 1212 1328 accommodata,
1250 1251 1414 1315 sicut
1447 1252 1643 1318 ethic
1674 1274 1689 1316 :
1730 1275 1761 1313 α
1794 1253 2011 1316 Omnis
2045 1255 2242 1320 homo

706 1357 888 1421 timet
911 1358 980 1421 in
1005 1359 1189 1436 mari,
1214 1379 1247 1418 n
1284 1359 1635 1424 secundum
1666 1377 2073 1424 communem
2101 1380 2242 1427 mo-

706 1465 864 1530 dum
901 1466 1203 1547 loquendi
1240 1465 1649 1548 intelligitur,
1682 1467 1793 1549 qui
1820 1472 1915 1531 est
1945 1468 2015 1531 in
2052 1469 2237 1533 mari.

707 1570 1007 1637 Similiter
1046 1572 1452 1653 Augustinus
1488 1573 1907 1654 exemplificat
1926 1621 1943 1653 ,
1974 1575 2027 1638 si
2068 1574 2244 1639 dica-

707 1684 814 1743 tur
851 1701 866 1741 :
906 1703 936 1739 α
975 1679 1274 1761 Magister
1299 1680 1415 1743 iste
1438 1680 1617 1744 docet
1654 1699 1877 1746 omnes
1903 1700 2136 1764 pueros
2163 1682 2242 1748 de

706 1787 827 1850 ista
853 1785 1123 1862 civitate,
1166 1808 1198 1846 1>
1233 1786 1383 1868 quia
1416 1787 1650 1851 scilicet
1675 1787 1855 1852 docet
1878 1806 2099 1851 omnes
2127 1789 2241 1871 qui

706 1893 1040 1958 addiscunt
1093 1916 1107 1956 ε
1154 1893 1371 1960 nullus
1423 1894 1597 1958 enim
1650 1897 1907 1959 docetur
1961 1895 2082 1958 nisi
2128 1914 2242 1978 per

705 1999 941 2082 ipsum.
976 1998 1307 2080 Similiter,
1333 2000 1498 2065 Deus
1523 2000 1665 2068 vult
1689 2020 1911 2066 omnes
1948 2002 2241 2068 homines

707 2107 914 2172 salvos
937 2107 1111 2186 fleri,
1143 2107 1297 2189 quia
1339 2108 1556 2172 nullus
1579 2108 1892 2185 salvatur,
1921 2109 2045 2172 nisi
2089 2110 2243 2174 velit

706 2213 906 2294 Deus;
948 2219 1015 2280 et
1055 2214 1195 2279 ideo
1239 2214 1519 2279 orandus
1561 2222 1687 2293 est,
1735 2221 1808 2279 ut
1854 2216 2020 2280 velit.
2064 2216 2242 2282 Facit

706 2322 901 2388 etiam
928 2322 1051 2386 alio
1084 2322 1273 2387 modo
1302 2322 1434 2386 vim
1460 2323 1527 2388 in
1550 2322 1985 2387 distributione
2010 2343 2240 2389 secun-

707 2429 860 2493 dum
887 2447 1147 2494 omnem
1176 2429 1442 2493 modum
1474 2430 1915 2507 distribuendi,
1943 2450 2090 2513 quae
2116 2450 2240 2514 po-

706 2540 826 2601 test
858 2537 998 2608 fleri
1040 2555 1157 2619 pro
1198 2536 1468 2617 singulis
1511 2555 1824 2617 generum
1841 2587 1860 2617 ,
1903 2544 1966 2602 et
2012 2539 2101 2603 sic
2143 2543 2241 2604 est

703 2643 881 2721 falsa,
912 2649 976 2708 et
1000 2663 1130 2708 non
1158 2645 1456 2726 intelligit
1478 2645 1816 2728 Apostolus
1833 2646 1960 2725 sic3
1993 2648 2096 2712 vel
2121 2667 2238 2730 pro

706 2750 1048 2832 generibus
1074 2751 1515 2833 singulorum,
1542 2755 1607 2818 et
1632 2756 1726 2816 est
1759 2754 1850 2817 sic
1872 2772 2056 2832 vera,
2087 2755 2239 2837 quia

706 2856 872 2922 Deus
905 2858 984 2921 de
1013 2858 1191 2921 omni
1227 2863 1419 2938 gente
1452 2859 1689 2939 voluit,
1718 2865 1783 2924 et
1816 2861 1956 2924 vult
1993 2861 2241 2944 aliquos

706 2963 937 3028 salvari
961 3011 978 3043 ,
1009 2968 1073 3027 et
1106 2965 1183 3028 de
1225 2963 1456 3034 Graecis
1478 3012 1495 3042 ,
1532 2970 1596 3031 et
1631 2966 1709 3029 de
1754 2965 1992 3032 Latinis
2012 3017 2030 3045 ,
2058 2972 2122 3031 et
2161 2968 2240 3032 de

706 3070 1004 3152 praelatis‚
1031 3073 1094 3135 et
1109 3071 1187 3135 de
1214 3071 1294 3154 (a)
1317 3072 1605 3153 subditiS,
1630 3073 1788 3138 etde
1809 3074 1987 3138 omni
2004 3080 2237 3157 gente:

708 3179 850 3243 ideo
876 3177 1028 3241 dicit
1064 3178 1399 3261 Apostolus
1427 3198 1542 3262 pro
1567 3181 1864 3245 omnibus
1887 3199 2019 3246 esse
2044 3201 2239 3247 oran—

708 3285 886 3351 dum.
919 3283 1071 3348 Haec
1097 3288 1191 3348 est
1212 3285 1537 3367 responsio
1563 3285 1940 3368 Augustini,
1971 3290 2077 3353 cui
2107 3289 2242 3353 Ma-

708 3391 906 3472 gister
947 3391 1274 3471 innititur,
1323 3396 1385 3457 et
1423 3410 1674 3457 necesse
1717 3398 1810 3458 est
1845 3395 1962 3471 sic,
2003 3396 2105 3460 vel
2155 3397 2243 3461 sic

708 3499 953 3564 solvere
983 3518 1001 3563 ε
1029 3499 1354 3582 supposito
1382 3501 1551 3581 quod
1577 3500 1744 3565 velle
1771 3502 1940 3566 dicat
1963 3503 2052 3567 ibi
2082 3504 2242 3569 velle

707 3606 857 3683 Dei,
896 3606 1247 3671 secundum
1291 3608 1459 3688 quod
1500 3607 1729 3672 dicitur
1768 3609 1931 3673 velle
1972 3610 2201 3692 placito
2220 3660 2238 3691 ,

707 3714 986 3797 quietato
1003 3762 1022 3792 ,
1070 3714 1209 3785 sive
1256 3714 1582 3789 voluntate
1627 3716 1914 3783 absoluta
1932 3766 1950 3794 ,
2000 3719 2078 3781 de
2113 3736 2245 3801 qua

707 3838 936 3886 verum
986 3824 1080 3885 est
1131 3821 1337 3891 dicere
1384 3843 1403 3886 ι
1463 3844 1493 3884 α
1543 3822 1768 3888 Omnia
1820 3841 2244 3907 quaecumque

713 3925 909 3999 voluit
932 3927 1098 3993 fecit.
1124 3950 1154 3987 »2
1197 3927 1321 3993 Sed
1352 3929 1774 4016 Damascenus
1794 3931 1816 3965 ¹
1840 3930 1988 3995 facit
2016 3931 2150 4007 vim
2175 3933 2245 3996 in

710 4033 899 4107 modo
929 4034 1198 4107 volendi.
1229 4036 1572 4119 Distinguit
1597 4038 1856 4103 enimin
1874 4037 1995 4103 Deo
2020 4039 2246 4103 volun-

710 4143 903 4203 tatem
930 4141 1401 4205 antecedentem
1424 4190 1441 4218 ,
1489 4147 1553 4206 et
1589 4143 1980 4207 voluntatem
2018 4164 2246 4217 conse-

711 4252 1034 4329 quentem.
1064 4248 1141 4313 Et
1166 4248 1463 4313 voluntas
1489 4251 1863 4315 antecedens
1894 4254 1988 4315 est
2013 4252 2247 4316 volun-

710 4359 807 4419 tas
817 4359 1102 4436 respectu
1122 4357 1179 4437 ej
1187 4374 1263 4418 us
1282 4359 1537 4438 propter
1552 4357 1723 4438 quod
1741 4358 1905 4439 Deus
1916 4359 2244 4423 hominem

711 4461 893 4537 fecit,
933 4465 999 4525 et
1035 4465 1131 4525 est
1164 4439 1690 4543 irrefragabiliter
1729 4465 2069 4528 bonorum.
2116 4464 2246 4530 Vo-

712 4567 925 4630 luntas
965 4571 1184 4631 autem
1233 4585 1626 4650 consequens
1664 4576 1758 4633 est
1788 4570 2084 4634 voluntas
2118 4590 2247 4635 non

713 4692 862 4756 quae
907 4675 1196 4758 sequitur
1241 4676 1500 4754 merita,
1536 4677 1644 4740 sed
1679 4695 1825 4758 quae
1856 4678 1995 4741 vult
2034 4679 2249 4761 aliqua

714 4781 1071 4849 secundum
1093 4782 1422 4849 scientiam
1448 4782 1846 4851 meritorum.
1876 4770 2111 4865 Pri'ma,
2129 4786 2250 4850 sci-

713 4890 861 4957 licet
888 4890 1285 4969 antecedens,
1306 4891 1536 4957 dicitur
1557 4908 1598 4954 a
1619 4889 1933 4970 Magistris
1956 4892 2252 4959 voluntas

717 4997 1150 5067 conditionalis
1170 5044 1188 5074 ,
1239 4997 1372 5061 sive
1412 4997 1710 5069 voluntas
1746 5015 1875 5079 qua
1908 4997 2077 5061 Deus
2112 4999 2254 5063 vult

716 5108 1033 5184 quantum
1058 5103 1129 5167 in
1155 5122 1223 5169 se
1258 5108 1372 5169 est.
1417 5102 1704 5171 Secunda
1735 5106 1949 5168 autem
1971 5153 1989 5182 ,
2019 5106 2255 5170 scilicet

783 5261 802 5296 ¹
824 5262 975 5326 Aug,
1005 5262 1288 5327 Euchirid„
1311 5279 1358 5314 c.
1382 5274 1493 5315 cm.
1510 5289 1563 5300 -
1583 5264 1766 5315 noan.
1792 5262 2046 5331 Damasc„
2075 5264 2162 5318 lib.
2188 5268 2252 5332 11,

721 5347 766 5381 c.
787 5342 931 5384 xxrx.
973 5359 1033 5370 —
1053 5334 1075 5370 ⁸
1092 5336 1172 5386 Ps.
1192 5348 1372 5399 cxuv,
1405 5339 1479 5388 18.

1863 369 2485 436 513111οΝ11Αο00
2525 371 2672 438 Lm.
2717 321 2767 436 1}

2354 524 2764 588 consequenS,
2789 505 3019 570 dicitur
3042 505 3349 570 absoluta.
3379 504 3766 570 Differentia
3791 524 3910 569 au-

2351 613 2481 680 tem
2509 613 2675 676 inter
2703 612 2871 676 hanc
2892 611 3307 690 voluntatem,
3333 616 3394 676 et
3421 612 3633 689 illam,
3660 630 3799 675 11011
3815 616 3913 678 est

2353 720 2699 783 secundum
2719 718 3148 786 diversitatem
3170 719 3545 797 affectionis,
3565 720 3712 783 sive
3731 718 3909 783 modi

2354 826 2627 905 volendi,
2657 827 2769 908 qui
2796 827 2880 889 sit
2903 826 2973 888 in
3001 824 3159 903 Deo;
3192 826 3300 890 sed
3323 826 3690 890 secundum
3715 827 3910 890 ratio·

2352 952 2500 998 nem
2527 934 2929 1009 connotandj,
2953 936 3024 998 et
3042 933 3459 1014 intelligendi.
3490 932 3702 996 Prout
3730 932 3909 998 enim

2352 1041 2516 1106 Deus
2542 1042 2771 1106 dicitur
2787 1041 2949 1106 velle
2965 1041 3260 1108 omnium
3275 1041 3552 1106 salutem
3577 1045 3909 1122 quantum

2353 1147 2420 1210 111
2451 1166 2517 1212 58
2541 1152 2634 1211 851
2658 1151 2722 1211 81
2746 1148 3207 1226 antecedenter,
3234 1151 3629 1212 connotatur
3660 1147 3732 1210 in
3760 1165 3909 1211 om-

2351 1254 2542 1318 nibus
2577 1253 2886 1318 ordinatio
2928 1254 3010 1317 ad
3050 1253 3360 1333 salutem,
3418 1258 3572 1318 tum
3611 1272 3699 1317 ex
3727 1259 3908 1336 parte

2350 1359 2828 1436 naturae'datae,
2857 1363 2996 1423 tum
3037 1376 3119 1422 ex
3151 1362 3327 1441 parte
3368 1360 3608 1440 gratiae
3643 1361 3901 1424 oblatae.

2350 1465 2527 1530 Dedit
2579 1466 2753 1530 enim
2795 1466 2885 1534 eis
2931 1464 3097 1530 Deus
3140 1470 3440 1529 naturam
3459 1515 3478 1545 ,
3538 1466 3906 1530 secundum

2350 1589 2546 1654 quam
2575 1576 2825 1655 possent
2854 1590 3005 1636 eum
3031 1589 3434 1653 cognoscere,
3462 1576 3532 1637 et
3558 1573 3905 1654 cognitum

2350 1695 2665 1759 quaerere,
2699 1682 2762 1742 et
2790 1679 3132 1760 quaesitum
3167 1679 3494 1759 invenire,
3526 1683 3595 1743 et
3628 1679 3904 1743 invento

2349 1784 2684 1862 inhaerere,
2714 1803 2787 1849 ac
2812 1803 2923 1867 per
2948 1785 3071 1850 hoc
3096 1786 3364 1850 salutem
3386 1787 3710 1850 obtinere.
3742 1784 3901 1850 Gra-

2347 1891 2502 1954 tiam
2530 1891 2819 1955 similiter
2843 1893 3101 1972 obtulit,
3134 1892 3289 1960 dum
3322 1892 3568 1958 Filium
3597 1894 3809 1970 misit,
3841 1899 3902 1957 et

2348 1996 2609 2077 obtulit,
2640 2001 2827 2080 cujus
2851 2001 3126 2081 pretium
3157 2000 3454 2064 omnium
3484 2001 3686 2064 saluti
3719 2000 3903 2064 suffi-

2346 2103 2451 2167 cit.
2480 2103 2681 2185 Leges
2709 2105 2932 2184 etiam,
2962 2110 3024 2169 et
3047 2106 3344 2170 mandata
3367 2107 3601 2174 tribuit
3638 2107 3896 2185 salutis,

2346 2217 2409 2277 et
2435 2213 2725 2278 ostendit.
2770 2213 2908 2297 Ipse
2946 2215 3137 2278 etiam
3181 2219 3414 2296 praesto
3451 2219 3553 2279 est
3595 2215 3901 2280 omnibus

2345 2318 2841 2401 inquirentibus,
2877 2323 2942 2385 et
2980 2337 3177 2403 prope
3218 2327 3312 2388 est
3353 2322 3657 2388 omnibus
3709 2324 3899 2388 invo-

2345 2427 2637 2494 cantibus
2670 2444 2813 2493 eum
2836 2428 2875 2493 ⁸.
2907 2428 3078 2494 Velle
3100 2447 3260 2510 ergo
3286 2429 3624 2494 hominem
3652 2434 3897 2494 antece-

2345 2535 2564 2600 denter
2607 2536 2853 2600 salvare
2877 2584 2896 2614 ,
2943 2540 3038 2599 est
3077 2536 3441 2600 ordinatum
3484 2537 3570 2601 ad
3619 2537 3897 2601 salutem

2345 2643 2569 2722 facere,
2584 2648 2665 2719 et,
2678 2644 2916 2707 volenti
2925 2643 3277 2726 pervenire,
3289 2662 3421 2708 non
3446 2644 3692 2709 deesse.
3719 2641 3897 2706 Unde

2344 2749 2509 2814 velle
2562 2749 2999 2813 antecedenter
3054 2749 3300 2814 salvare
3318 2797 3336 2828 ,
3392 2767 3533 2814 non
3588 2752 3897 2812 connotat

2345 2855 2646 2935 salutem,
2697 2856 2805 2920 sed
2853 2855 3383 2920 ordinabilitatem
3434 2856 3519 2919 ad
3570 2855 3846 2919 salutem
3871 2874 3888 2930 ;

2345 2962 2506 3028 velle
2531 2967 2745 3028 autem
2773 2968 3248 3045 consequenter,
3281 2966 3417 3027 sive
3439 2964 3738 3026 absolute
3765 2961 3895 3024 sal-

2345 3088 2519 3150 vare,
2551 3074 2646 3137 cst
2661 3070 2823 3136 velle
2848 3071 2998 3136 dare
3016 3070 3287 3136 salutem
3303 3071 3387 3151 ei,
3409 3088 3613 3153 quem
3632 3066 3894 3153 praescit

2346 3177 2426 3247 ad
2449 3178 2719 3242 salutem
2736 3183 3196 3260 perventurum
3219 3196 3334 3260 per
3349 3196 3546 3242 suum
3566 3176 3889 3241 auxilium

2347 3287 2411 3348 et
2434 3285 2708 3363 gratiam
2725 3332 2742 3362 ,
2772 3287 2836 3347 et
2861 3289 3158 3348 connotat
3185 3283 3404 3347 salutis
3441 3286 3783 3347 eventum.
3813 3279 3891 3343 Et

2347 3390 2438 3453 sic
2477 3408 2611 3453 non
2651 3395 2746 3454 est
2783 3391 3020 3471 dicere,
3063 3392 3236 3474 quod
3279 3390 3440 3456 Deus
3464 3391 3626 3457 velit
3667 3405 3890 3454 omnes

2347 3496 2637 3560 homines
2663 3496 2869 3563 salvos
2894 3497 3059 3563 fieri.

2429 3603 2591 3669 Huic
2614 3604 3010 3687 responsioni
3034 3605 3243 3685 magis
3268 3608 3625 3669 consonant
3645 3602 3885 3684 Magis·
3917 3633 4082 3683 Respon-

2348 3711 2463 3791 tri,
2510 3712 2806 3793 quamvis
2843 3714 3113 3793 utraque
3156 3711 3324 3776 bona
3366 3712 3466 3775 sit.
3516 3692 3886 3777 Secundum
3913 3685 4096 3796 ’ζξξωζέ

2347 3817 2516 3885 hanc
2557 3834 2714 3899 ergo
2753 3818 3293 3901 respondendum,
3331 3818 3503 3901 quod
3539 3817 3710 3883 Deus
3751 3815 3888 3879 vult
3925 3811 4096 3919 ffiffig

2349 3939 2572 3986 omnes
2606 3922 2898 3987 homines
2936 3921 3143 3987 salvos
3170 3921 3308 3985 fieri
3348 3925 3670 4004 quantum
3713 3919 3784 3982 in
3821 3935 3888 3980 se

2349 4033 2444 4093 est
2477 4029 2804 4094 voluntate
2840 4030 3244 4095 antecedente
3263 4077 3282 4108 ,
3319 4047 3453 4092 non
3497 4033 3717 4093 autem
3766 4042 3886 4090 vo-

2349 4136 2590 4209 luntate
2626 4136 2912 4203 absoluta
2948 4134 3084 4201 sive
3121 4140 3547 4218 consequente
3578 4154 3596 4199 ε
3638 4138 3704 4199 81
3741 4132 3889 4216 quia

2349 4245 2458 4309 illa
2488 4262 2619 4308 non
2644 4247 2942 4309 connotat
2964 4242 3227 4307 effectus
3246 4248 3574 4322 eventum,
3598 4242 3738 4306 ideo
3755 4254 3884 4302 non

2350 4351 2693 4435 impeditur
2713 4351 2780 4413 in
2798 4351 2920 4415 hoc
2937 4352 3109 4433 quod
3130 4369 3264 4417 non
3284 4369 3509 4417 omnes
3530 4351 3879 4415 salventur.

2353 4459 2530 4525 Patet
2556 4459 2749 4525 etiam
2782 4460 3107 4540 responsio
3134 4458 3213 4523 ad
3247 4458 3408 4524 illud
3446 4458 3620 4541 quod
3662 4451 3884 4536 objici·-

2351 4572 2460 4630 tur
2489 4567 2566 4631 de
2594 4565 3165 4649 praedestinatione,
3204 4565 3339 4630 sive
3373 4565 3696 4642 electione,
3737 4559 3885 4643 quia

2353 4675 2425 4743 in
2447 4675 2571 4738 illis
2605 4673 2922 4741 clauditur
2943 4674 3242 4739 voluntas
3269 4673 3590 4752 absoluta,
3619 4687 3755 4735 11011
3777 4684 3884 4731 so-

2354 4785 2492 4851 lum
2535 4782 2929 4849 antecedens
2979 4779 3157 4847 Patet
3202 4782 3397 4846 etlam
3439 4777 3761 4863 responsio
3808 4769 3883 4836 ad

2356 4891 2659 4957 ultimum
2686 4888 2765 4955 de
2793 4892 3148 4955 connotato.
3177 4887 3272 4952 Ad
3301 4886 3457 4951 illud
3479 4891 3693 4951 tamen
3720 4876 3883 4963 quod

2358 4998 2651 5081 objicitur
2700 4995 2871 5077 quod
2922 4994 3217 5059 voluntas
3268 4994 3697 5059 conditionata
3757 5001 3881 5050 non

2359 5104 2522 5170 cadit
2550 5103 2617 5169 in
2639 5101 2862 5182 Deum,
2891 5102 3231 5173 dicendum
3257 5101 3430 5184 quod
3467 5120 3600 5166 non
3629 5096 3878 5183 ponitur

2357 5215 2428 5277 in
2463 5211 2591 5275 Deo
2617 5209 2901 5275 velleitas
2925 5214 3239 5291 quantum
3278 5209 3359 5274 ad
3397 5209 3709 5274 defectum
3745 5199 3875 5286 ple-

2422 5335 2489 5401 (a)
2518 5334 2639 5386 Goet.
2662 5333 2740 5385 ed.
2766 5334 3113 5387 trustratur.-
3135 5334 3202 5402 (ὁ)
3229 5336 3372 5387 Deest
3398 5335 3464 5387 de
3490 5336 3596 5387 cet,
3616 5329 3729 5381 edit.
