4125 6225
488 903 557 947 Ad
578 914 682 959 opp.

712 433 831 496 336

708 556 777 629 in
804 565 1031 647 angelo
1053 565 1369 648 impressit
1394 565 1838 630 similitudines
1859 569 1922 630 et
1942 565 2246 644 rationeS,

710 674 1058 739 secundum
1087 693 1246 756 quas
1271 679 1478 756 posset
1505 692 1884 755 cognoscere
1912 679 2138 737 caetera
2165 674 2251 736 fa-

710 783 931 846 cienda
959 806 972 846 :
1000 801 1157 864 ergo
1184 783 1320 846 sine
1351 783 1708 864 receptione
1735 800 1925 845 nova.

791 888 910 954 Sed
945 893 1203 954 contra¹
1256 913 1271 954 z
1324 890 1400 956 Ut
1438 892 1796 956 innotescat
1834 886 2248 971 principibus

710 1002 769 1063 et
808 999 1227 1080 potestatibus
1272 999 1687 1078 multiformis
1732 999 2061 1079 sapientia
2108 997 2246 1061 Dei.

711 1103 925 1168 Glossa
952 1106 1101 1169 dicit
1129 1107 1248 1184 ibi,
1279 1107 1448 1188 quod
1481 1129 1511 1166 α
1540 1105 1752 1186 angeli
1784 1105 1986 1167 multa
2015 1103 2250 1166 didice-

708 1217 862 1276 runt
897 1213 978 1276 ab
1019 1212 1335 1277 Ecclesia:
1364 1236 1394 1272 ι)
1426 1232 1585 1295 ergo
1622 1213 1972 1278 multorum
2012 1210 2251 1293 species

708 1325 1086 1404 receperunt
1110 1325 1172 1385 et
1198 1322 1657 1404 acquisierunt.

786 1433 846 1493 2.
881 1429 1035 1493 Item
1054 1477 1071 1506 ,
1101 1428 1155 1492 si
1184 1448 1298 1512 per
1323 1428 1561 1510 species
1586 1428 1834 1491 innatas
1860 1425 2078 1489 omnia
2101 1443 2250 1506 cog-

704 1536 942 1614 noscit,
972 1555 1130 1617 ergo
1158 1555 1197 1599 a
1224 1540 1456 1598 natura
1491 1554 1608 1598 sua
1641 1535 1861 1599 omnia
1897 1533 2011 1596 scit
2044 1553 2059 1595 :
2092 1550 2249 1612 ergo

701 1644 1037 1725 praesentia
1062 1648 1125 1706 et
1151 1644 1387 1717 futura,
1414 1641 1764 1705 necessaria
1791 1646 1853 1704 et
1876 1641 2250 1721 contingen-

702 1749 822 1822 tia,
854 1749 1172 1812 naturalia
1196 1754 1259 1812 et
1284 1749 1643 1813 voluntaria
1676 1772 1690 1812 :
1720 1749 1887 1830 quod
1919 1750 2248 1812 manifeste

700 1855 931 1919 falsum
959 1858 1082 1934 est,
1115 1859 1180 1919 et
1205 1860 1422 1918 contra
1452 1854 1826 1937 Scripturas,

785 1967 845 2026 3.
895 1962 1089 2041 Item,
1134 1963 1190 2026 si
1231 1962 1449 2026 omnia
1491 1964 1815 2043 cognoscit
1857 1982 1972 2045 per
2009 1962 2248 2043 species

704 2072 984 2147 innatas,
1015 2071 1205 2134 habet
1235 2089 1430 2151 penes
1456 2070 1734 2152 seipsum
1762 2071 2074 2133 rationem
2102 2089 2255 2151 cog<

703 2178 996 2241 noscendi
1027 2176 1245 2240 omnia
1274 2198 1289 2238 :
1320 2194 1478 2257 ergo
1506 2177 1593 2239 ita
1621 2177 1780 2240 bene
1809 2178 2115 2257 cognovit
2141 2177 2250 2240 ab-

704 2285 936 2362 sentia,
964 2285 1126 2349 sicut
1156 2286 1518 2366 praesentia3
1557 2284 1646 2346 ita
1669 2284 2055 2365 longinqua,
2085 2285 2249 2348 sicut

705 2393 1065 2475 propinqua
1086 2412 1274 2473 :ergo
1297 2391 1585 2454 diabolus
1608 2391 1883 2454 existens
1908 2392 1976 2453 in
1998 2393 2248 2455 inferno

707 2501 823 2563 scit
862 2500 1168 2582 quidquid
1211 2502 1282 2562 fit
1327 2499 1394 2561 in
1427 2499 1699 2574 mundo·,
1733 2504 1795 2562 et
1832 2501 2106 2580 angelus
2137 2500 2247 2582 qui

706 2613 802 2672 est
828 2609 963 2688 hic,
995 2607 1306 2690 quidquid
1334 2607 1408 2668 flt
1436 2607 1500 2668 in
1528 2606 1765 2686 Anglia
1797 2627 1810 2669 ε
1840 2607 2008 2687 quod
2043 2608 2249 2670 mani-

703 2715 858 2779 feste
884 2716 1118 2778 falsum
1146 2717 1212 2776 et
1244 2716 1365 2790 est,
1393 2715 1612 2775 contra
1637 2712 2028 2794 Scripturam
2045 2761 2063 2792 ,
2100 2733 2248 2797 quae

707 2823 786 2887 de
824 2822 1154 2904 multiplici
1184 2821 1482 2884 missione
1524 2820 1906 2900 angelorum
1941 2821 2245 2904 loquitur.

788 2934 849 2993 4.
900 2929 1092 3007 Item,
1132 2929 1185 2991 si
1229 2928 1446 2991 omnia
1490 2927 1815 3008 cognoscit
1860 2946 1972 3009 per
2012 2931 2251 3011 species

708 3038 987 3118 innatas,
1029 3041 1144 3100 aut
1178 3054 1309 3099 non
1351 3036 1675 3118 cognoscit
1713 3035 2098 3117 singularia,
2140 3041 2251 3101 aut

706 3145 898 3209 habet
917 3145 1155 3227 species
1173 3143 1465 3207 omnium
1484 3143 1910 3223 singularium
1931 3165 1944 3207 :
1964 3143 2249 3235 primum

707 3258 803 3317 est
846 3253 1072 3315 falsum
1093 3300 1110 3330 ,
1158 3254 1222 3314 et
1265 3251 1724 3313 inconveniens
1765 3250 1935 3332 quod
1980 3251 2251 3331 angelus

708 3359 1063 3440 singularia
1102 3376 1233 3422 non
1274 3362 1650 3439 cognoscat,
1690 3375 1840 3421 cum
1882 3358 2251 3423 hominibus

708 3466 1080 3549 specialibus
1120 3465 1464 3546 ministret,
1496 3470 1560 3528 et
1597 3464 1678 3529 ad
1700 3464 1993 3548 specialia
2028 3470 2093 3530 et
2117 3466 2249 3530 sin-

710 3574 963 3654 gularia
988 3572 1337 3635 ministeria
1361 3572 1706 3654 dirigatur;
1738 3573 1792 3636 si
1814 3578 2031 3637 autem
2058 3575 2251 3639 habet

711 3680 948 3762 species
970 3680 1262 3742 omnium
1286 3679 1735 3760 singularium,
1762 3700 1921 3762 ergo
1943 3701 2095 3745 cum
2119 3701 2253 3765 pos·

712 3785 839 3850 sint
869 3803 1021 3866 aug‹
1040 3784 1098 3847 ri
1126 3784 1194 3846 in
1221 3785 1578 3863 infinitum,
1610 3787 1871 3850 habebit
1898 3789 2135 3870 species
2162 3790 2255 3851 in-

714 3891 947 3972 finitas,
978 3897 1089 3955 aut
1116 3893 1227 3955 fiet
1250 3892 1589 3974 aliquando
1618 3893 1872 3975 aliquod
1899 3896 2249 3977 singulare,

715 4000 887 4081 quod
924 4017 1054 4063 non
1090 4001 1318 4082 poterit
1350 3999 1663 4080 cogitare,
1702 4019 1817 4065 seu
1845 4020 2249 4083 cognoscere.

716 4104 786 4169 Si
827 4111 902 4170 tu
939 4107 1111 4171 dicas
1146 4107 1317 4189 quod
1357 4108 1629 4189 angelus
1664 4110 1986 4190 cognoscit
2024 4111 2252 4193 singu-

715 4214 876 4278 laria
919 4234 1034 4297 per
1077 4215 1314 4298 species
1353 4216 1844 4295 universalium3
1884 4222 2105 4282 contra
2135 4235 2151 4279 ε
2181 4217 2255 4282 In

713 4322 920 4404 specie
938 4323 1399 4386 universalium
1417 4342 1547 4387 non
1567 4324 2053 4406 distinguuntur
2067 4349 2081 4390 :
2095 4345 2254 4408 ergo

715 4448 848 4493 non
866 4431 1191 4511 cognoscit
1207 4430 1515 4495 distincte.
1533 4430 1845 4496 Praeterea
1861 4434 2100 4515 species
2116 4437 2256 4499 uni·

714 4539 977 4603 versalis
1026 4557 1159 4602 non
1202 4539 1590 4603 assimilatur
1637 4541 1894 4605 cuilibet
1941 4542 2253 4623 singulari

713 4648 1163 4712 assimilatione
1194 4648 1469 4730 perfecta
1499 4668 1515 4711 ε
1544 4666 1702 4730 ergo
1734 4650 2072 4731 perfectius
2098 4669 2255 4732 cog-

713 4755 916 4819 noscit
942 4754 1136 4819 homo
1162 4773 1358 4837 quam
1382 4755 1672 4836 angelus
1702 4755 1767 4819 Si
1796 4759 1867 4820 tu
1890 4756 2058 4821 dicas
2084 4758 2255 4841 quod

712 4862 986 4943 angelus
1023 4860 1390 4944 appropriat
1430 4860 1570 4924 illas
1608 4862 1845 4945 species
1882 4864 2254 4947 applicando

714 4971 791 5034 ad
810 4969 1193 5051 singularia3
1214 4973 1433 5033 contra
1455 4991 1470 5033 ι
1490 4970 1757 5034 Omnem
1769 4971 2254 5054 applicationem

713 5096 847 5141 non
893 5078 1220 5142 fortuitam
1275 5077 1575 5160 praecedit
1620 5078 1942 5159 cogniti03
1987 5080 2040 5143 si
2078 5082 2253 5145 enim

715 5203 846 5248 non
872 5185 1196 5266 cognoscit
1239 5184 1422 5248 illum
1456 5185 1561 5249 cui
1586 5185 1886 5267 applicat,
1931 5189 2254 5269 quomodo

714 5295 856 5357 vult
869 5295 961 5357 illi
982 5294 1256 5378 speciem
1277 5293 1632 5377 applicare?
1662 5293 1741 5357 Et
1766 5294 2026 5378 iterum,
2050 5315 2254 5380 quare

785 5420 804 5455 ¹
819 5421 1113 5488 Ephes.,m‚
1134 5426 1275 5473 10.—
1291 5425 1354 5486 ‹a›
1380 5421 1523 5473 Edit.
1544 5421 1660 5472 Ven.
1681 5421 1815 5473 deest
1840 5422 2056 5489 et.-(b)
2083 5424 2145 5476 lt.
2165 5423 2256 5475 Ιια-

1827 428 2457 496 SENTENTIARUM
2495 430 2644 496 LlB.
2690 433 2770 498 11.

2366 567 2573 648 magis
2629 568 2719 630 illi
2764 568 3080 650 singulari
3122 569 3460 652 applicabit
3500 572 3777 653 speciem
3826 571 3901 651 (b)

2361 674 2663 754 hominiS,
2697 695 2894 757 quam
2920 677 3124 740 asini?
3160 677 3333 760 Ergo
3365 684 3511 743 ante
3537 679 3907 761 applicatio-

2360 800 2509 844 nem
2533 786 2858 865 cognoscit
2887 786 3238 866 singulare.
3267 786 3584 852 Praeterea
3610 792 3726 851 aut
3751 806 3908 869 cog-

2360 890 2562 953 noscit
2595 897 2734 972 post
2762 892 3283 975 applicationem,
3314 899 3427 958 aut
3453 914 3584 959 non
3611 914 3628 958 :
3656 895 3709 958 si
3742 913 3902 969 non,

2360 1014 2517 1077 ergo
2552 998 2822 1079 angelus
2850 1019 2981 1064 non
3020 1005 3225 1083 potest
3253 1006 3468 1066 tenere
3494 1003 3563 1066 in
3597 1002 3908 1065 memoria

2359 1105 2792 1184 cognitionem
2828 1107 3098 1190 alicujus
3134 1108 3516 1190 singulam,
3555 1110 3732 1191 quod
3770 1128 3907 1173 ma-

2360 1211 2581 1276 nifeste
2627 1213 2857 1278 falsum
2893 1220 3018 1293 aet3
3060 1216 3111 1278 si
3159 1217 3285 1292 sic,
3323 1235 3481 1297 ergo
3515 1221 3810 1281 remanet
3845 1217 3909 1280 in

2360 1320 2670 1383 memoria
2706 1321 2920 1404 aliqua
2962 1341 3132 1386 nova
3171 1323 3438 1405 species,
3478 1342 3628 1386 cum
3667 1323 3908 1405 aliquid

2361 1427 2685 1506 cognoscit
2707 1428 2880 1510 quod
2908 1429 3083 1511 prius
3110 1448 3244 1493 non
3269 1433 3600 1512 cognovit,
3631 1436 3697 1495 et
3730 1436 3819 1496 ita
3843 1432 3907 1494 in

2357 1533 2469 1596 illa
2495 1536 2730 1617 recepit
2757 1536 3039 1619 aliquam
3064 1538 3379 1621 speciem:
3411 1557 3594 1620 ergo,
3622 1543 3748 1603 etc.

2908 1727 3361 1796 CONCLUSIO.

2359 1875 2600 1943 Angelus
2616 1875 2828 1946 quidem
2851 1891 2950 1949 per
2972 1879 3198 1934 innatas
3216 1881 3415 1950 species
3441 1879 3712 1949 intelligit
3745 1883 3907 1935 natis·

2429 1963 2579 2017 ralia
2611 1970 2774 2034 atque
2808 1968 3141 2032 necessaria,
3181 1971 3234 2021 et
3256 1983 3358 2039 per
3381 1967 3684 2024 earumdem
3713 1970 3904 2041 appli-

2429 2055 2692 2110 cationem
2732 2060 2895 2126 atque
2935 2059 3443 2134 appropriationem
3494 2059 3818 2127 singularia
3857 2062 3906 2113 et

2431 2146 2823 2213 contingentia.

2440 2277 2624 2361 Resp.
2661 2281 2738 2342 ad
2780 2282 3053 2362 Argum.
3087 2281 3435 2347 Dicendum
3469 2284 3640 2365 quod
3682 2302 3907 2348 omnes

2358 2387 2472 2467 qui
2518 2387 2760 2468 aliquid
2813 2389 3265 2454 intellexerunt
3290 2439 3307 2466 ,
3368 2392 3488 2454 boc
3522 2397 3902 2472 posuerunt,

2357 2494 2528 2576 quod
2560 2497 2829 2577 angelus
2862 2501 3186 2579 cognoscit
3212 2519 3313 2563 res
3340 2505 3580 2562 creatas
3609 2517 3725 2581 per
3755 2517 3906 2580 spe-

2359 2602 2516 2680 cieS‚
2543 2604 2664 2666 nisi
2685 2605 2812 2667 sint
2827 2605 2977 2668 tales
2992 2625 3140 2688 quae
3155 2607 3567 2670 essentialiter
3586 2607 3715 2668 sint
3740 2607 3813 2688 (c)
3839 2606 3907 2670 in

2358 2711 2610 2791 angelo.
2648 2710 3041 2792 Cognoscere
3077 2719 3293 2777 autem
3324 2731 3461 2776 rem
3495 2714 3765 2778 omnino
3793 2732 3908 2796 per

2357 2817 2669 2897 seipsum,
2700 2817 2823 2880 hoc
2853 2824 2947 2881 est
2984 2820 3178 2882 solius
3214 2820 3417 2898 illius,
3451 2820 3565 2902 qui
3597 2823 3693 2883 est
3724 2828 3905 2883 actus

2359 2941 2564 3004 purus
2607 2929 2671 2987 et
2720 2926 3245 3006 perfectissimuS,
3294 2932 3359 2991 et
3402 2927 3545 2990 ideo
3581 2927 3755 2989 idem
3809 2929 3904 2990 est

2358 3047 2551 3093 causa
2588 3033 2909 3112 omnium,
2958 3037 3021 3096 et
3060 3035 3364 3110 efficienS,
3410 3038 3473 3096 et
3520 3034 3903 3117 exemplaris

2358 3139 2587 3220 seipso,
2610 3159 2741 3204 non
2762 3142 2887 3204 alio
2909 3143 3212 3224 quoda‘m.
3243 3141 3359 3205 Sed
3381 3146 3599 3205 tamen
3618 3142 3686 3204 in
3714 3143 3902 3205 modo

2359 3247 2635 3328 ponendi
2698 3248 2933 3329 species
2990 3247 3391 3313 diversificati
3451 3253 3625 3311 sunt.
3687 3247 3903 3330 Aliqui

2359 3355 2532 3418 enim
2570 3359 2954 3437 posuerunt,
2985 3356 3157 3438 quod
3202 3356 3475 3437 angelus
3504 3355 3726 3419 omnia
3753 3372 3903 3437 quae

2358 3465 2540 3529 novit
2573 3484 2686 3548 per
2721 3466 2989 3548 species,
3019 3466 3139 3529 scit
3171 3483 3284 3548 per
3326 3465 3566 3547 species
3609 3465 3898 3542 innatas3

2364 3575 2429 3634 et
2451 3572 2565 3654 huj
2579 3592 2653 3636 us
2681 3573 3008 3655 positionis
3043 3572 3305 3637 tradunt
3332 3573 3621 3647 modum,
3652 3575 3717 3636 et
3744 3589 3905 3635 cau-

2359 3697 2520 3743 sam.
2543 3679 2767 3744 Modus
2791 3680 2964 3743 enim
2982 3680 3087 3742 hic
3110 3684 3205 3743 est
3232 3701 3246 3741 ε
3274 3680 3571 3761 quamvis
3588 3678 3658 3742 in
3674 3678 3903 3759 angelo

2360 3789 2491 3850 sint
2515 3788 2755 3851 innatae
2783 3788 3020 3870 species
3047 3787 3115 3850 in
3140 3804 3410 3851 numero
3438 3787 3646 3865 finito,
3671 3787 3904 3850 scilicet

2360 3912 2579 3958 rerum
2603 3943 2619 3974 ,
2666 3912 2813 3978 quae
2864 3898 3015 3958 sunt
3068 3895 3146 3959 de
3177 3878 3407 3977 ⁸prima
3453 3894 3902 3958 constitutione

2359 4001 2630 4079 mundi;
2661 4006 2877 4066 tamen
2904 4002 3070 4065 sicut
3114 4002 3283 4065 Deus
3320 4002 3391 4065 in
3435 4001 3646 4084 prima
3681 4001 3903 4065 condi-

2358 4109 2532 4172 tione
2569 4108 2793 4173 indidit
2831 4109 3103 4172 rationes
3146 4110 3428 4172 causales
3473 4111 3539 4172 et
3572 4108 3903 4172 seminales

2363 4216 2561 4279 rebus
2588 4216 2665 4278 ad
2682 4234 2748 4278 se
2767 4215 3297 4297 multiplicandas,
3321 4216 3410 4278 ita
3435 4215 3690 4279 tradidit
3710 4216 3902 4280 etiam

2361 4324 2688 4405 speciebus
2720 4342 2879 4405 quas
2915 4323 3234 4404 impressit
3273 4325 3354 4401 (a)
3392 4323 3681 4403 angelico
3718 4323 3904 4388 intel-

2361 4430 2559 4509 lectu,
2594 4436 2656 4495 et
2697 4431 2787 4494 ita
2828 4430 3047 4495 omnia
3083 4434 3345 4512 possunt
3388 4429 3526 4493 sine
3550 4431 3903 4496 extrinseca

2361 4539 2720 4621 receptione
2745 4556 3147 4619 cognoscere.
3173 4526 3680 4601 Causam'autem
3705 4539 3903 4622 hujus

2362 4645 2734 4725 assignant:
2764 4645 2917 4728 quia
2932 4664 3083 4709 cum
3106 4645 3376 4727 receptio
3397 4647 3504 4708 ssat
3534 4663 3649 4727 per
3676 4666 3901 4728 quam-

2363 4752 2512 4817 dam
2541 4751 3027 4816 abstractionem
3044 4756 3107 4817 et
3125 4751 3623 4834 proportionem,
3654 4753 3735 4818 ad
3755 4772 3901 4838 quae

2363 4867 2777 4942 concurrunt,
2812 4869 3120 4945 tanquam
3163 4863 3548 4946 dispositiva,
3581 4883 3903 4946 organum

2362 4972 2427 5034 et
2455 4970 2738 5034 medium
2765 4974 2829 5034 et
2856 4971 3123 5035 virtutes
3154 4970 3506 5047 inferioreS,
3534 4978 3597 5035 et
3618 4973 3743 5037 hoc
3773 4992 3902 5037 non

2363 5078 2444 5140 sit
2468 5078 2536 5140 in
2563 5078 2794 5159 angelo
2818 5079 3126 5161 reperire;
3157 5077 3405 5154 dicunt,
3431 5079 3606 5160 quod
3633 5080 3794 5144 nihil
3822 5081 3899 5144 ab

2362 5190 2545 5249 extra
2582 5190 2787 5269 potest
2824 5187 3123 5268 recipere.
3172 5184 3292 5250 Sed
3329 5186 3529 5269 hujus
3576 5188 3899 5270 positionis

2365 5352 2443 5403 bet
2470 5353 2677 5417 speciei.
2707 5382 2768 5391 —
2789 5353 2852 5418 (c)
2876 5354 2938 5404 1t.
2971 5353 3037 5404 sit
3065 5353 3178 5403 talis
3203 5367 3319 5418 quae
3348 5367 3448 5403 ess.
3485 5353 3567 5403 sit.
3597 5354 3779 5418 Suppl.
3813 5355 3893 5416 in,

2361 5424 2442 5476 vel
2467 5425 2566 5490 leq.
2589 5425 2820 5490 angelico
2853 5425 3154 5476 intellectui.

3931 3295 4063 3343 pontio
4072 3295 4100 3334 t.

3955 5246 4101 5298 lapm-

3923 5311 4042 5354 batur.
