4125 6225
1512 328 1888 399 DISTINCT.
1931 329 2141 395 XLIV.

3308 339 3425 403 159

214 461 400 531 «Iste
428 472 672 556 potest
698 467 920 555 legere
960 467 1155 539 hodie
1183 492 1200 551 3
1233 492 1270 532 »
1300 473 1365 536 et
1406 465 1691 534 dicentes
1716 487 1855 535 cras
1887 490 1902 533 :
1945 465 2135 532 «Iste
2164 472 2372 556 potest
2399 464 2661 561 legere3
2691 490 2727 529 n
2761 487 2897 533 non
2936 467 3112 539 idem
3138 520 3159 555 ,
3187 469 3301 538 sed
3328 469 3428 539 di·
3476 518 3491 533 .

213 601 402 648 versa
431 582 739 651 dicimus
767 605 924 651 eum
953 606 1161 675 posse.
1193 582 1543 650 Fateamur
1571 603 1726 669 ergo
1753 580 1965 648 Deum
1994 603 2250 672 semper
2276 603 2460 673 posse
2487 580 2812 673 quidquid
2841 584 3042 653 semel
3071 586 3284 676 potuit
3305 638 3322 671 ,
3358 586 3426 655 id

221 706 305 766 est
323 752 344 783 ,
373 698 646 767 habere
674 722 942 768 omnem
973 700 1158 769 illam
1187 698 1544 791 potentiam
1573 720 1775 789 quam
1800 697 2001 765 semel
2031 697 2264 765 habuit
2286 749 2305 783 ,
2337 706 2401 765 et
2428 698 2613 766 illius
2656 699 2871 767 omnis
2918 701 3012 769 rei
3037 703 3424 793 potentiam,

225 814 418 905 cujus
463 816 677 884 semel
720 817 993 903 habuit3
1045 816 1157 885 sed
1193 839 1329 884 non
1363 837 1619 906 semper
1662 828 1846 905 posse
1895 813 2105 881 facere
2144 837 2337 883 omne
2375 814 2547 883 illud
2593 815 2772 906 quod
2810 816 3165 910 aliquando
3215 820 3430 910 potuit

229 929 473 999 iacere.
525 932 750 1000 Potest
784 932 1055 1024 quidem
1092 932 1336 1016 facere,
1368 940 1483 1000 aut
1523 930 1745 998 fecisse
1790 928 2177 1021 aliquando,
2224 929 2401 1022 quod
2449 931 2683 1022 potuit.
2736 931 3056 1002 Similiter
3102 935 3431 1027 quidquid

234 1047 492 1132 voluit,
525 1056 594 1116 et
617 1047 813 1133 vult,
841 1048 907 1117 id
936 1056 1031 1117 est
1049 1102 1067 1137 ,
1099 1071 1364 1117 omnem
1407 1069 1608 1138 quam
1639 1044 1870 1113 habuit
1894 1045 2336 1132 voluntatem,
2366 1054 2431 1115 et
2459 1047 2655 1115 modo
2691 1047 2889 1116 habet
2920 1073 2935 1115 ε
2970 1058 3035 1118 et
3060 1051 3433 1142 cujuscum-

244 1186 370 1254 que
395 1163 499 1231 rei
525 1163 937 1231 voluntatem
967 1164 1230 1250 habuit,
1263 1173 1328 1232 et
1353 1162 1549 1231 modo
1577 1161 1816 1246 habet;
1848 1183 1980 1229 non
2023 1168 2240 1229 tamen
2284 1162 2432 1231 vult
2459 1185 2632 1249 esse,
2663 1163 2770 1232 vel
2798 1164 2945 1233 fieri
2971 1218 2988 1251 ,
3022 1189 3217 1235 omne
3250 1167 3429 1259 quod

246 1279 606 1371 aliquando
633 1279 848 1348 voluit
874 1303 1008 1349 esse
1032 1333 1050 1368 ,
1081 1281 1188 1350 vel
1227 1280 1418 1367 fieri3
1452 1279 1565 1348 sed
1591 1280 1740 1348 vult
1778 1276 1977 1346 fuisse
2002 1330 2021 1366 ‚
2062 1278 2168 1347 vel
2214 1278 2461 1348 factum
2489 1301 2650 1350 esse.
2683 1281 2782 1351 Ita
2809 1291 2873 1351 et
2899 1281 2980 1352 de
3020 1282 3289 1352 scientia
3314 1283 3434 1352 Dei

251 1394 603 1465 dicendum
637 1403 756 1464 est.

635 1626 1047 1694 EXPOSlTlO
1085 1626 1412 1692 TEXTUS.

501 1799 646 1849 Nunc
671 1797 797 1849 illud
821 1800 984 1850 restat
1008 1798 1380 1849 discutiendum
1395 1834 1413 1863 ‚
1442 1800 1540 1849 etc.

336 1951 544 2035 Supra
571 1952 704 2033 egit
731 1950 1037 2032 Magister
1073 1951 1150 2015 de
1184 1951 1466 2034 potentia
1502 1951 1571 2014 in
1614 1968 1790 2015 com-

258 2062 578 2146 paratione
590 2061 670 2125 ad
687 2059 983 2145 possibile
1002 2060 1357 2125 secundum
1369 2059 1792 2124 substantiam

259 2172 324 2232 et
360 2168 811 2251 quantitatem;
855 2167 965 2230 hic
995 2168 1179 2232 tertio
1214 2168 1353 2250 agit
1392 2167 1470 2231 de
1511 2167 1793 2250 potentia

258 2280 576 2358 quantum
618 2275 698 2338 ad
738 2274 1006 2339 modum
1026 2322 1043 2352 ,
1089 2275 1226 2339 sive
1270 2274 1637 2356 qualitatem
1683 2291 1792 2337 re-

90 2400 226 2445 susm.
261 2401 446 2447 rum:
478 2387 539 2447 et
565 2383 702 2447 haec
724 2401 875 2465 pars
899 2383 1092 2449 habet
1117 2384 1279 2448 duas
1302 2386 1532 2465 partes.
1561 2381 1633 2445 In
1662 2382 1795 2464 pri-

263 2509 366 2553 ma
408 2491 546 2573 agit
589 2490 890 2572 Magister
930 2491 1008 2555 de
1045 2491 1326 2573 potentia
1365 2492 1683 2573 quantum
1714 2489 1795 2553 ad

261 2598 626 2680 qualitatem
647 2597 1046 2681 possibilium
1061 2646 1078 2677 ,
1101 2617 1249 2680 quae
1268 2597 1524 2683 quidem
1548 2600 1642 2661 est
1661 2614 1797 2659 ma-

253 2705 361 2785 j0r
385 2710 446 2769 et
476 2707 689 2771 minor
719 2706 1002 2786 bonitas;
1030 2706 1099 2769 in
1129 2704 1405 2770 secunda
1439 2706 1546 2784 (a),
1585 2722 1794 2786 quan-

260 2817 398 2876 tum
438 2813 518 2877 ad
549 2813 925 2896 qualitatem
969 2813 1300 2895 potentiae,
1343 2830 1491 2895 quae
1537 2811 1795 2895 quidem

264 2923 354 2983 est
377 2920 882 2999 immutabilitas,
912 2921 1000 2984 ibi
1031 2944 1046 2985 :
1077 2921 1388 2987 Proezerea
1414 2920 1623 3003 quoeri
1643 2918 1797 2985 solet

267 3036 477 3094 utrum
500 3030 665 3095 Deus
677 3077 701 3109 ‚
729 3032 851 3093 etc.
879 3026 1092 3093 Prima
1116 3046 1264 3111 pars
1292 3027 1484 3091 habet
1504 3027 1664 3092 duas
1687 3048 1704 3091 t
1726 3028 1797 3091 in

264 3138 464 3220 prima
486 3139 756 3221 quaerit,
786 3141 1012 3204 utrum
1044 3137 1210 3201 Deus
1247 3136 1525 3224 potuerit
1557 3136 1797 3220 aliquid

267 3245 487 3310 melius
497 3245 733 3324 facere,
756 3264 955 3328 quam
972 3245 1145 3324 facit3
1169 3244 1236 3310 in
1249 3244 1551 3323 secunda,
1571 3247 1797 3312 utrum

266 3368 387 3428 res,
404 3371 569 3438 quas
583 3352 757 3433 fecit,
775 3351 975 3438 possit
983 3352 1188 3416 facere
1205 3351 1452 3416 meliori
1467 3350 1682 3432 mod0,
1695 3351 1795 3416 vel

269 3458 388 3523 alio
405 3460 595 3524 modo
619 3508 636 3536 ,
665 3445 728 3525 et
753 3458 878 3524 hoc
902 3458 990 3522 ibi
1022 3480 1039 3522 :
1074 3459 1218 3526 Post
1238 3456 1368 3526 Itoec
1390 3456 1798 3526 consideran·

273 3565 420 3632 dum
447 3575 570 3648 est,
595 3572 740 3649 etc.,
769 3567 886 3634 ubi
907 3567 1046 3649 agit
1059 3572 1376 3650 quantum
1404 3566 1484 3631 ad
1510 3568 1795 3634 modum.

275 3674 569 3746 Similiter
587 3678 864 3744 secunda
887 3696 1057 3764 pars,
1078 3678 1189 3744 ubi
1212 3677 1444 3762 quaerit
1469 3678 1547 3742 de
1565 3677 1800 3744 divinae

272 3787 558 3868 potentiae
619 3785 1134 3850 immutabilitate
1151 3834 1169 3866 ,
1226 3802 1522 3868 quaerens
1578 3788 1800 3852 utrum

277 3889 434 3957 Deus
454 3893 651 3980 possit
675 3892 991 3980 quidquid
1017 3892 1253 3975 potuit,
1283 3892 1475 3956 habet
1498 3892 1656 3957 duas
1686 3915 1703 3957 ι
1731 3893 1801 3956 in

275 4000 473 4082 prima
518 4001 785 4084 quaerit,
832 4004 1055 4065 utrum
1095 3998 1262 4065 Deus
1311 4017 1562 4082 semper
1609 3999 1805 4083 possit

281 4123 458 4174 omne
483 4108 652 4194 quod
679 4108 836 4172 olim
854 4107 1065 4190 potuit
1080 4155 1100 4187 ,
1118 4110 1182 4171 et
1196 4105 1460 4190 opponit
1479 4107 1652 4189 quod
1670 4125 1804 4172 non

282 4216 494 4298 possin
536 4216 607 4280 in
650 4215 931 4280 secunda
972 4232 1127 4279 vero
1146 4260 1164 4292 ,
1207 4212 1510 4278 solvendo
1551 4218 1805 4277 contra-

285 4319 476 4405 rium,
507 4324 729 4391 asserit
751 4322 846 4390 ibi
877 4344 895 4387 t
923 4320 1026 4390 Ad
1052 4319 1228 4406 quod
1251 4320 1569 4402 dicimus,
1601 4324 1720 4390 etc.

922 4535 1060 4581 DUB.
1105 4534 1153 4581 1.

297 4640 401 4693 ⁸011
431 4643 557 4700 valet
588 4645 744 4712 hujus
783 4644 1131 4698 similitudinis
1172 4643 1429 4710 inductio,
1467 4643 1589 4711 quia
1627 4643 1808 4696 Filium

666 4717 849 4783 genuit
880 4716 945 4768 de
978 4731 1073 4768 sua
1106 4715 1402 4768 substantia.

367 4860 611 4934 metm
627 4864 958 4950 responsio
979 4864 1101 4932 ista
1118 4882 1250 4932 non
1272 4881 1408 4932 esse
1433 4863 1755 4932 sufficiens
1783 4887 1799 4929 :

299 4985 434 5042 nam
454 4973 686 5046 invidia
714 4976 925 5060 potest
962 4970 1202 5042 attendi
1243 4974 1533 5056 respectu
1568 4971 1806 5040 diversi

359 5162 546 5232 'Eecli.,
571 5180 736 5227 xxxl,
772 5168 853 5217 10.
874 5189 937 5203 -
956 5165 978 5198 ²
998 5166 1148 5228 Aug„
1176 5162 1238 5213 de
1265 5177 1383 5212 vera
1413 5162 1591 5228 Reliq„
1623 5178 1670 5214 c.
1697 5176 1805 5226 ΧΠ,

292 5249 342 5290 n.
361 5243 443 5305 273
469 5245 641 5296 nescio
664 5256 799 5293 vero
829 5255 897 5291 an
924 5243 976 5292 et
1001 5240 1054 5290 in
1081 5253 1186 5304 quo
1213 5238 1345 5290 libro
1383 5239 1467 5292 vel
1494 5239 1659 5308 capite
1685 5253 1813 5310 ope-

287 5322 409 5379 rum,
433 5315 536 5366 sive
558 5315 622 5368 de
649 5316 836 5368 Genes.
863 5311 933 5362 ud
959 5310 1087 5377 liu„
1114 5310 1224 5364 sive
1247 5309 1314 5366 de
1336 5309 1495 5366 civit,
1521 5309 1638 5368 Dei.

1895 1626 1964 1689 in
1990 1626 2342 1691 substantia
2367 1631 2430 1692 et
2455 1630 2720 1708 natura,
2753 1629 2919 1695 sicut
2953 1631 3241 1713 Angelus
3263 1633 3435 1699 invi-

1896 1735 1989 1799 dit
2012 1736 2262 1800 homini
2292 1756 2310 1802 z
2341 1756 2499 1819 ergo
2531 1743 2790 1820 propter
2814 1738 2939 1803 hoc
2970 1758 3104 1804 non
3140 1741 3433 1807 excludi-

1897 1845 2005 1904 tur
2026 1842 2267 1907 invidia
2295 1863 2334 1907 a
2357 1843 2483 1907 Deo
2515 1848 2807 1927 respectu
2834 1851 3168 1911 creaturae.

1950 2039 1953 2043 .
1977 1949 2164 2033 Resp.
2194 1951 2542 2017 Dicendum
2560 1953 2728 2034 quod
2749 1952 2828 2017 ad
2848 1954 3156 2019 invidiam
3170 1957 3289 2022 ista
3307 1957 3436 2023 duo

1899 2061 2325 2138 concurrunt,
2346 2059 2724 2141 possibilitas
2750 2060 2985 2126 scilicet
3009 2063 3089 2127 ad
3112 2065 3436 2146 aequalita-

1899 2171 2061 2245 tem,
2089 2170 2154 2230 et
2177 2166 2507 2247 exigentia
2532 2167 2626 2231 rei
2664 2167 2865 2231 factae.
2900 2166 2954 2231 N
2958 2188 3043 2235 on
3070 2170 3246 2234 enim
3271 2172 3436 2235 invi-

1899 2273 2005 2337 det
2045 2272 2275 2359 aliquis
2326 2273 2514 2336 alicui
2535 2321 2553 2350 ,
2601 2273 2725 2337 nisi
2768 2274 2923 2357 quia
2963 2278 3331 2359 parificatur
3375 2279 3437 2345 ei

1900 2379 2128 2462 aliquis
2145 2430 2162 2459 ,
2194 2379 2297 2445 vel
2324 2380 2598 2460 excedit,
2629 2380 2733 2445 vel
2757 2382 2912 2463 quia
2936 2382 3120 2447 timet
3145 2403 3226 2448 ne
3254 2386 3431 2468 pari-

1901 2488 2149 2551 ficetur.
2177 2488 2335 2552 Item
2358 2488 2586 2551 artifex
2610 2472 2740 2551 non
2758 2488 2994 2554 dicitur
3015 2489 3291 2571 inviduS,
3316 2493 3438 2558 nisi

1901 2596 2157 2679 quando
2178 2614 2311 2660 non
2327 2596 2476 2659 facit
2493 2614 2629 2663 rem
2649 2597 3001 2661 secundum
3022 2600 3194 2682 quod
3212 2601 3436 2683 exigit,

1903 2707 1966 2766 et
1994 2703 2129 2786 ipse
2157 2707 2361 2785 potest
2390 2721 2407 2765 ι
2437 2708 2501 2766 et
2523 2708 2780 2786 propter
2800 2703 2952 2785 hoc,
2983 2707 3135 2788 quia
3155 2726 3239 2771 ex
3263 2714 3441 2791 parte

1903 2828 2122 2873 rerum
2152 2828 2285 2873 non
2319 2814 2455 2874 erat
2480 2810 2840 2891 exigentia,
2871 2816 2936 2875 et
2970 2810 3125 2895 quia
3161 2814 3231 2878 in
3265 2816 3442 2881 nullo

1903 2923 2149 3002 poterat
2169 2920 2244 3001 (b)
2265 2913 2610 3004 parificari;
2635 2921 2773 2986 ideo
2797 2923 3016 3005 quales
3046 2944 3322 3009 cumque
3349 2928 3443 2991 fa-

1904 3029 2103 3105 ceret,
2142 3044 2277 3090 non
2303 3027 2703 3092 convincitur
2723 3030 2793 3092 in
2821 3029 2949 3095 Deo
2974 3048 3111 3095 esse
3156 3032 3403 3099 invidia
3419 3082 3436 3110 ,

1905 3135 2158 3199 etiamsi
2185 3135 2398 3200 nullas
2433 3155 2537 3201 res
2569 3137 2804 3202 faceret
2841 3157 2859 3202 z
2889 3140 3094 3203 sedin
3125 3139 3287 3206 Filio
3333 3141 3441 3206 Dei

1908 3246 2045 3307 erat
2088 3243 2372 3327 potentia
2416 3243 2498 3308 ad
2547 3244 3008 3327 aequalitatem,
3058 3253 3122 3312 et
3171 3249 3444 3318 ulterius

1906 3349 2230 3432 exigentia
2244 3400 2262 3430 ,
2287 3355 2547 3435 propter
2562 3353 2685 3418 hoc
2703 3354 2875 3437 quod
2897 3359 3033 3448 erat
3054 3357 3133 3420 de
3150 3356 3441 3421 substan-

1905 3457 1995 3522 tia
2021 3457 2246 3523 Patris.
2274 3459 2438 3525 Hinc
2465 3464 2562 3525 est
2598 3462 2769 3544 quod
2807 3481 2939 3528 non
2966 3467 3061 3528 est
3085 3465 3294 3530 simile
3310 3517 3328 3546 ,
3372 3471 3447 3531 ut

1907 3565 2059 3630 dicit
2098 3565 2425 3649 Magister,
2457 3572 2644 3636 otest
2678 3571 3007 3653 responsio
3050 3575 3194 3655 ejus
3227 3574 3396 3637 bona
3425 3595 3441 3638 ε

1907 3674 2088 3758 ponit
2104 3674 2281 3738 enim
2304 3675 2678 3740 antecedens
2696 3694 2814 3759 pro
2837 3683 3288 3763 consequente,
3311 3698 3445 3745 non

1910 3781 2063 3863 quia
2094 3780 2244 3847 velit
2270 3781 2482 3848 dicere
2506 3783 2679 3865 quod
2701 3784 2942 3854 invidia
2966 3787 3048 3854 sit
3073 3787 3287 3853 solum
3303 3836 3324 3870 ,
3342 3790 3448 3854 vel

1910 3886 2113 3970 possit
2152 3905 2287 3951 esse
2327 3895 2618 3973 respectu
2653 3890 2877 3958 similis
2915 3892 2988 3957 in
3033 3899 3296 3977 natura3
3339 3895 3450 3962 sed

1910 3998 2170 4078 propter
2248 3995 2562 4061 rationem
2625 3999 3028 4081 praedictam,
3104 4004 3452 4085 exigentiae

1912 4102 2180 4182 scilicet,
2209 4106 2273 4172 et
2311 4104 2689 4186 aequalitatis
2705 4154 2725 4187 ,
2755 4125 2903 4190 quae
2928 4111 3113 4174 erant
3149 4109 3217 4174 in
3251 4130 3454 4193 gene-

1911 4210 2164 4280 ratione
2188 4208 2369 4289 Filii,
2399 4211 2555 4300 quia
2579 4218 2716 4280 erat
2743 4214 2822 4279 de
2843 4216 3200 4287 substantia
3225 4216 3450 4284 Patris.

2564 4383 2702 4431 DUB.
2745 4385 2815 4431 11.

1912 4491 2088 4543 Talem
2114 4492 2281 4556 potnit
2307 4493 2442 4543 Deus
2469 4492 2737 4546 hominem
2762 4496 2964 4561 fecisse,
2992 4498 3082 4563 qui
3110 4511 3209 4549 1100
3241 4511 3457 4562 peccare

1974 4570 2170 4630 posset,
2196 4579 2293 4615 nec
2320 4565 2504 4632 vellet3
2532 4569 2584 4616 et
2622 4568 2667 4618 si
2689 4568 2846 4622 talem
2872 4570 3093 4636 fecisset,
3121 4570 3234 4636 quis
3261 4571 3459 4626 dubitat

1975 4652 2097 4688 eum
2122 4637 2390 4688 meliorem
2422 4638 2577 4690 fuisse
2592 4641 2620 4689 *ἓ

1993 4747 2261 4816 Videtur
2277 4750 2403 4816 dici
2421 4753 2815 4824 contrarium
2832 4753 2915 4832 ei.
2935 4755 3107 4837 quod
3126 4753 3362 4824 dicitur
3386 4754 3406 4794 ¹
3435 4774 3454 4820 t

1915 4859 2135 4926 Potuit
2166 4861 2533 4944 transqredi
2546 4909 2567 4940 ,
2600 4868 2661 4929 et
2679 4878 2812 4928 non
2846 4869 2942 4930 est
2969 4868 3407 4948 truncare-esua
3433 4885 3460 4930 .·

1919 4969 2045 5034 hoc
2067 4968 2222 5034 dicit
2242 4968 2312 5032 in
2336 4967 2594 5034 laudem
2624 4970 2827 5034 sancti
2855 4970 3001 5038 viri.
3026 4969 3106 5036 Et
3138 4971 3460 5052 Augusti—

1918 5093 2045 5146 nus
2071 5076 2208 5159 ipse
2241 5074 2393 5144 dicit
2416 5081 2473 5158 ¹,
2503 5093 2698 5162 super
2725 5077 3010 5146 Genesim
3027 5077 3119 5146 ad
3143 5079 3456 5159 litteram,

1982 5235 2048 5299 (α)
2074 5234 2220 5286 Edit.
2250 5235 2408 5286 Faue.
2451 5236 2722 5301 Somnd03
2752 5237 2894 5289 ldie.
2932 5238 3050 5290 Ven.
3080 5242 3202 5291 ¹758
3222 5274 3238 5304 ,
3265 5242 3461 5293 Secun-

1917 5308 2062 5364 dum.
2097 5333 2161 5348 —·-
2180 5305 2249 5371 (ὁ)
2282 5307 2404 5358 Edit
2439 5307 2557 5366 Ven.
2585 5312 2840 5376 poterant.
