4125 6225
635 449 756 514 602

629 585 694 648 et
717 580 1239 662 contingentiam.
1280 582 1445 647 Dicit
1478 582 1652 647 enim
1687 582 1781 646 sic
1803 582 1874 646 in
1897 581 2062 645 libro
2088 578 2169 646 de

636 689 1078 756 Consolatione
1105 695 1123 728 ¹
1155 710 1180 751 .·
1220 713 1253 752 «ι
1289 688 1693 755 Providentia
1733 692 1961 755 cuncta
1998 686 2173 772 pari-

631 799 750 876 ter,
771 797 1073 879 quamvis
1093 773 1366 876 diversa,
1388 797 1683 879 quamvis
1706 796 1982 872 infinita,
2003 813 2173 858 com·

631 903 929 986 plectitur
952 923 969 983 ;
997 904 1200 968 fatum
1231 922 1384 968 vero
1410 904 1669 986 singula
1691 904 1918 985 dirigit
1942 903 2010 966 in
2038 920 2175 966 mo-

633 1015 798 1089 tum,
823 1010 997 1088 locis,
1025 1011 1267 1089 formiS,
1298 1015 1362 1075 et
1391 1011 1785 1094 temporibus
1814 1010 2169 1074 distributa.

633 1119 715 1182 Et
738 1120 878 1183 haec
906 1120 1269 1202 temporalis
1294 1121 1532 1185 ordinis
1550 1119 1887 1202 explicatio
1914 1119 1984 1182 in
2012 1119 2178 1182 divi-

636 1243 740 1291 nae
788 1226 1016 1290 mentis
1055 1227 1335 1290 adunata
1377 1233 1733 1310 prospectu,
1778 1227 2178 1310 providentia

636 1335 773 1396 est:
806 1332 1029 1397 eadem
1057 1352 1212 1398 vero
1233 1335 1536 1399 adunatio
1566 1336 1813 1417 digesta
1838 1339 2031 1417 atque
2058 1353 2178 1400 ex-

637 1439 866 1522 plicata
907 1431 1323 1524 temporibus,
1368 1443 1573 1507 fatum
1600 1446 1886 1508 vocatur.
1908 1466 1939 1502 ι)
1968 1442 2047 1506 Et
2091 1442 2180 1506 sic

640 1552 831 1631 patet,
862 1550 1036 1633 quod
1075 1548 1334 1613 Boetius
1375 1550 1580 1615 fatum
1605 1550 1830 1633 accipit
1866 1551 2183 1632 generali-

641 1661 738 1719 ter
774 1655 852 1719 ad
892 1675 1226 1738 egressum
1260 1661 1323 1720 et
1362 1657 1704 1721 decursum
1749 1658 2044 1721 omnium
2084 1676 2183 1721 re·

643 1781 815 1840 rum,
845 1763 982 1828 sive
1012 1764 1555 1842 voluntariarum,
1584 1765 1720 1829 sive
1748 1765 2179 1843 naturalium,

642 1869 781 1935 sive
801 1871 1325 1948 necessariarum,
1343 1872 1479 1937 sive
1495 1874 2027 1954 contingentium.
2052 1874 2186 1938 Au-

645 1977 947 2057 gustinus
972 1996 1128 2042 vero
1170 1978 1239 2041 in
1283 1979 1445 2043 libro
1471 1978 1557 2056 V,
1600 1980 1680 2046 de
1727 1981 2001 2048 Ciuitate
2041 1981 2181 2060 Dei,

645 2083 875 2168 accipit
898 2083 1102 2148 fatum
1133 2087 1489 2150 secundum
1520 2088 2009 2152 aestimationem
2037 2089 2188 2171 phi-

646 2190 1062 2273 losophorum
1080 2240 1098 2272 ,
1133 2193 1248 2275 qui
1271 2198 1505 2258 vocant
1530 2195 1733 2259 fatum
1765 2195 1898 2260 vim
1926 2197 2188 2279 positio·

649 2297 753 2361 nis
782 2297 1070 2363 siderum
1112 2303 1177 2364 et
1199 2302 1748 2367 constellationum
1770 2352 1787 2381 ,
1830 2305 2189 2369 secundum

651 2421 848 2486 quam
878 2410 1108 2469 cuncta
1140 2408 1495 2472 necessario
1521 2408 1830 2474 eveniunt
1863 2410 1936 2474 in
1962 2411 2063 2474 his
2087 2411 2194 2474 in-

652 2512 1010 2593 ferioribus,
1041 2517 1104 2579 et
1135 2515 1225 2578 sic
1251 2516 1453 2580 fatum
1481 2516 1644 2580 nihil
1668 2521 1784 2582 est.
1812 2516 1891 2582 Et
1915 2518 2193 2584 ostendit

652 2619 811 2702 ipse,
847 2621 1015 2703 quod
1043 2622 1205 2685 nihil
1231 2623 1313 2687 sit
1348 2645 1364 2687 t
1395 2626 1460 2689 et
1485 2625 1572 2688 ita
1611 2628 1942 2708 aequivoce
1968 2626 2195 2709 accipit

654 2727 856 2791 fatum
885 2726 1139 2793 Boetius
1156 2733 1219 2792 et
1240 2728 1640 2811 Augustinus
1662 2781 1681 2812 ,
1708 2739 1772 2797 et
1787 2737 2046 2817 propter
2071 2734 2195 2798 hoc

657 2853 787 2899 non
837 2837 911 2899 fit
965 2839 1317 2920 assumptio
1364 2840 1485 2903 sub
1529 2841 1771 2921 medio,
1821 2843 1929 2906 sed
1987 2843 2199 2924 magis

657 2942 1178 3025 aequivocationis
1204 2945 1509 3030 deceptio,
1547 2953 1806 3030 propter
1830 2968 2028 3031 quam
2075 2951 2195 3014 tol·

657 3050 911 3116 leudam
939 3051 1017 3116 de
1040 3052 1249 3118 medio
1277 3054 1430 3118 dicit
1453 3053 1860 3138 Augustinus
1880 3058 1950 3121 in
1974 3058 2088 3122 lib.
2117 3057 2195 3139 V,

658 3159 737 3226 de
784 3160 1063 3227 civitate
1091 3162 1246 3242 Dei,
1277 3162 1449 3244 quod
1486 3164 1542 3226 si
1585 3164 1731 3246 quis
1763 3165 1968 3230 fatum
2014 3172 2202 3231 vocat

659 3267 950 3331 ordinem
1005 3286 1377 3349 causarum,
1426 3288 1621 3351 quem
1667 3271 1836 3335 Deus
1879 3272 2194 3353 instituit;

660 3392 809 3436 cum
836 3374 959 3438 hoc
999 3375 1080 3437 sit
1126 3393 1356 3439 verum
1375 3423 1392 3452 ,
1441 3378 1819 3441 sententiam
1848 3381 2094 3458 teneat,
2139 3384 2205 3444 et

660 3486 957 3568 linguam
984 3487 1295 3568 corrigat,
1343 3489 1495 3571 quia
1521 3490 1875 3555 secundum
1903 3510 2202 3558 commu-

661 3612 812 3657 nem
840 3612 1032 3658 usum
1072 3595 1164 3658 sic
1187 3596 1497 3678 accipitur
1518 3645 1536 3678 ,
1569 3597 1735 3662 sicut
1770 3600 2203 3665 mathematici

663 3702 944 3785 accipere
970 3707 1465 3768 consueverunt.

745 3814 806 3873 2.
837 3810 936 3875 Ad
959 3811 1114 3875 illud
1141 3812 1311 3894 quod
1339 3812 1657 3893 oincitur,
1676 3815 1849 3897 quod
1875 3815 2039 3879 bella
2061 3835 2209 3880 cau-

677 3921 900 3980 santur
924 3936 1006 3981 ex
1033 3921 1172 4001 conj
1184 3919 1480 3983 unctione
1505 3920 1789 3984 siderum
1809 3970 1826 4000 ,
1864 3922 2207 3987 dicendum

666 4025 836 4107 quod
884 4025 1040 4089 illud
1079 4028 1353 4091 verbum
1402 4026 1771 4112 Philosophi
1812 4048 1942 4094 non
1983 4032 2210 4097 tribuit

667 4132 837 4196 aliud
850 4132 2209 4220 sideribusquamquamdamdispositionem

670 4240 750 4306 ad
792 4240 948 4304 tales
990 4243 1252 4307 effectus
1271 4292 1290 4323 ,
1331 4262 1414 4308 ex
1440 4245 1674 4326 quibus
1698 4245 1863 4309 bella
1889 4264 2211 4327 generan-

669 4351 800 4411 tur.
831 4346 927 4410 Ex
957 4350 1242 4413 motione
1269 4351 1443 4413 enim
1470 4350 1741 4434 alicujus
1769 4351 2064 4416 humoris
2089 4372 2212 4437 po-

670 4457 792 4517 test
821 4453 1036 4536 aliqua
1065 4454 1312 4519 affectio
1340 4456 1407 4519 in
1435 4457 1652 4521 anima
1679 4458 1944 4522 excitari
1961 4509 1978 4539 ,
2013 4479 2213 4544 quam

671 4565 887 4624 tamen
928 4579 1060 4625 non
1102 4579 1354 4627 necesse
1389 4568 1485 4628 est
1507 4582 1744 4647 ponere
1771 4612 1788 4641 ,
1819 4566 1972 4647 quia
1997 4568 2216 4633 anima

673 4670 877 4750 potest
922 4686 1067 4732 eam
1101 4670 1450 4752 reprimere
1483 4696 1498 4736 :
1535 4671 1644 4735 sed
1672 4672 1826 4754 quia
1850 4673 2216 4740 multisunt

676 4780 1064 4845 insecutores
1103 4782 1473 4864 passionum
1495 4832 1513 4863 ,
1545 4788 1608 4848 et
1638 4785 1732 4848 eis
1754 4832 1772 4862 ,
1802 4784 2040 4866 quihus
2066 4804 2215 4869 pos-

677 4894 826 4954 sunt
860 4889 1196 4970 dominari,
1228 4890 1466 4973 seipsos
1489 4891 1881 4974 subjiciunt3
1913 4892 2067 4957 hinc
2096 4899 2211 4976 est,

678 4997 850 5080 quod
910 4997 1131 5060 multis
1180 5017 1248 5062 se
1294 4998 1643 5080 subjiciunt
1687 4999 2217 5080 impressionibus

679 5109 1000 5169 astrorum
1031 5125 1047 5169 t
1081 5111 1144 5172 et
1167 5107 1311 5171 ideo
1338 5108 1706 5189 frequenter
1726 5108 2032 5190 astrologi
2051 5129 2216 5184 ,vera

679 5212 1059 5293 praedicunt,
1086 5216 1370 5279 maxime
1410 5215 1576 5279 circa
1596 5213 1895 5280 homines
1920 5217 2219 5283 animali-

750 5374 768 5407 ¹
794 5375 961 5435 Boet„
987 5376 1048 5425 de
1071 5375 1341 5440 Consolat„
1361 5376 1448 5427 lib.
1465 5379 1551 5440 lv,
1579 5391 1720 5443 pros.
1739 5389 1812 5429 v1.
1835 5379 2133 5485 ’Damasc.,
2160 5380 2222 5433 de

687 5444 1050 5510 tideortlood„
1074 5448 1162 5497 lib.
1188 5450 1265 5512 11,
1295 5460 1492 5500 c.xv11.

1757 439 2383 511 SENTENTIARUM
2421 439 2572 506 Lm.
2618 441 2695 506 ΙΙ.

2275 581 2374 643 ter
2386 577 2677 644 viventes
2704 598 2721 642 t
2750 576 2925 641 circa
2946 593 3107 641 vero
3122 575 3537 660 spiritualiter
3558 578 3811 662 sapien·

2277 688 2395 762 tes,
2417 684 2958 768 quidominantur
2982 684 3407 767 passionibus,
3439 704 3643 768 pauca
3675 706 3819 770 pos·

2280 795 2434 855 sunt
2495 808 2650 856 vcra
2707 790 3098 873 praedicere3
3155 790 3359 856 immo
3377 838 3396 867 ‚
3452 792 3618 856 sicut
3664 793 3824 857 dicit

2282 915 2562 978 magnus
2594 902 3000 962 astronomus
3028 895 3447 965 Ptolemaeus:
3478 922 3510 962 ι
3549 899 3821 984 Sapiens

2283 1006 2718 1072 dominabitur
2745 1007 2953 1070 astris.
2987 1027 3018 1065 n

2365 1116 2425 1177 3.
2457 1112 2556 1177 Ad
2584 1112 2744 1178 illud
2771 1113 2943 1196 quod
2971 1111 3292 1194 objicitur,
3322 1114 3494 1196 quod
3521 1113 3830 1180 Dominus

2286 1225 2477 1284 natus
2535 1220 2655 1284 ruit
2720 1220 2842 1284 sub
2912 1219 3383 1284 constellatione
3405 1241 3422 1299 ;
3486 1220 3827 1287 dicendum

2287 1332 2457 1416 quod
2486 1332 2717 1396 falsum
2742 1337 2858 1411 est,
2889 1350 3009 1395 nec
3035 1331 3335 1414 apparuit
3359 1331 3541 1395 stella
3566 1332 3688 1396 sub
3712 1351 3835 1397 cu-

2280 1441 2396 1521 jus
2422 1440 2738 1521 regimine
2764 1443 3152 1517 nasceretur,
3178 1456 3297 1502 nec
3318 1438 3387 1501 in
3408 1438 3704 1521 patiendo
3722 1458 3835 1503 ex-

2288 1548 2566 1629 pectavit
2584 1548 2812 1612 horam
2831 1546 3086 1612 fatalem
3108 1564 3126 1610 t
3147 1546 3343 1611 sedin
3364 1546 3696 1610 nativitate
3718 1563 3835 1629 ap-

2291 1656 2505 1737 paruit
2548 1655 2727 1719 stella
2744 1705 2762 1735 ,
2793 1659 2868 1719 ut
2906 1656 3204 1736 signum;
3247 1655 3319 1719 in
3358 1655 3651 1737 passione
3679 1674 3837 1721 vero

2291 1768 2546 1845 tempus
2568 1764 2926 1847 expectavit
2941 1763 3060 1826 sibi
3078 1781 3118 1826 a
3140 1760 3269 1826 Deo
3286 1761 3834 1845 praedestinatum,

2293 1879 2357 1939 et
2383 1876 2613 1957 figuris
2629 1875 2945 1957 legalibus
2968 1874 3459 1958 praesignatum.
3481 1872 3559 1937 Et
3579 1874 3632 1937 si
3652 1891 3838 1957 quae-

2295 2000 2419 2059 ras,
2449 1982 2620 2047 unde
2647 1980 2771 2046 hoc
2798 1987 2913 2058 est,
2941 1980 3115 2063 quod
3142 1980 3320 2061 magi
3342 1998 3458 2062 per
3480 1980 3656 2044 illam
3684 1981 3839 2045 stel-

2293 2088 2425 2153 lam
2478 2092 2924 2170 cognoverunt
2951 2087 3221 2169 Regem;
3269 2086 3609 2152 dicendum
3659 2088 3837 2169 quod

2296 2195 2421 2260 hoc
2446 2213 2580 2259 non
2599 2197 2810 2260 solum
2839 2195 3132 2259 humana
3160 2192 3531 2259 inventione
3552 2193 3696 2273 fuit,
3724 2192 3840 2258 sed

2297 2319 2434 2367 suae
2460 2303 2692 2367 mentis
2711 2303 3075 2382 attentione,
3094 2306 3157 2366 et
3182 2300 3402 2365 divina
3428 2299 3838 2364 revelatione.

2301 2408 2638 2489 Praeterea,
2674 2410 2784 2475 illa
2813 2410 2992 2474 stella
3016 2428 3151 2473 non
3184 2408 3310 2472 fuit
3337 2424 3487 2472 cum
3519 2406 3660 2470 aliis
3688 2406 3843 2470 stel-

2297 2517 2378 2581 lis
2402 2522 2612 2582 creata
2632 2537 2649 2598 ;
2680 2518 2883 2582 sedin
2909 2516 3238 2581 nativitate
3263 2512 3516 2579 Domini
3538 2513 3661 2577 fuit
3691 2531 3847 2595 pro-

2301 2625 2514 2706 ducta,
2534 2643 2652 2690 nec
2666 2630 2915 2690 motum
2943 2623 3169 2688 habuit
3194 2622 3468 2687 aliarum
3482 2621 3839 2701 stellarum,

2304 2733 2468 2796 sicut
2483 2732 2633 2797 dicit
2660 2733 3167 2816 ChrysostomuS,
3198 2750 3316 2797 nec
3342 2733 3538 2796 fuisse
3565 2732 3851 2797 creditur

2304 2840 2377 2903 in
2394 2840 2658 2904 orbibus
2682 2841 2955 2904 aliarum
2984 2840 3457 2916 stellarum,sed
3467 2840 3660 2921 longe
3678 2839 3852 2904 infe-

2305 2947 2466 3027 rius;
2485 2948 2643 3012 adeo
2656 2951 2731 3011 ut
2745 2948 2976 3012 directe
2994 2949 3329 3029 appareret
3341 2964 3535 3028 super
3550 2946 3845 3011 domum.

2386 3059 2449 3120 4.
2493 3054 2590 3120 Ad
2640 3055 2798 3120 illud
2843 3054 3018 3138 quod
3056 3052 3373 3136 objicitur,
3423 3053 3596 3137 quod
3641 3054 3852 3120 multa

2307 3186 2463 3233 vera
2493 3168 2880 3250 praedicunt,
2908 3171 2972 3231 et
2997 3167 3279 3230 maxime
3314 3165 3438 3229 hoc
3477 3170 3737 3250 apparet
3774 3168 3851 3231 in

2308 3276 2489 3341 stella
2514 3280 2780 3356 cometa,
2806 3293 2955 3360 quae
2972 3278 3233 3358 apparet
3250 3274 3317 3337 in
3343 3279 3549 3339 morte
3573 3293 3847 3357 regum;

2309 3389 2651 3456 dicendum
2682 3389 2852 3472 quod
2891 3389 2962 3452 in
3000 3388 3133 3465 his,
3174 3407 3322 3471 quae
3368 3387 3856 3452 considerantur

2311 3495 2476 3558 circa
2503 3496 2753 3557 motum
2784 3491 3132 3556 coelestium
3160 3508 3522 3574 corporum,
3549 3490 3859 3555 infallibi-

2310 3601 2456 3665 liter
2478 3603 2743 3682 possunt
2781 3618 2933 3663 vera
2976 3598 3322 3682 praedicere
3343 3647 3360 3676 ,
3390 3602 3455 3662 et
3485 3616 3599 3680 per
3625 3602 3857 3679 artem,

2312 3709 2476 3772 sicut
2500 3708 2578 3771 de
2604 3707 2820 3789 eclipsi
2860 3705 3025 3771 Solis
3066 3710 3129 3770 et
3155 3704 3353 3770 Lunae
3388 3726 3403 3770 :
3444 3704 3513 3769 in
3547 3704 3648 3769 his
3676 3724 3859 3786 vero,

2312 3834 2460 3899 quae
2492 3815 2968 3879 considerantur
2991 3814 3159 3878 circa
3184 3814 3484 3877 effectum
3515 3832 3733 3878 rerum
3761 3814 3864 3878 iu·

2315 3925 2654 3999 feriorum,
2691 3941 2841 4006 quae
2887 3922 2978 3986 eis
3018 3920 3323 3999 subsunt,
3351 3919 3756 4003 probabiliter
3796 3926 3867 3986 et

2317 4051 2431 4114 per
2458 4035 2662 4095 artem
2696 4033 2961 4113 possunt
2990 4046 3145 4093 vera
3188 4028 3532 4110 praedicere
3550 4077 3567 4107 ‚
3594 4046 3725 4092 non
3762 4032 3867 4093 ta-

2317 4157 2468 4203 men
2496 4156 2768 4221 semper,
2807 4136 2970 4200 sicut
3005 4135 3172 4198 circa
3210 4138 3643 4217 tempestateS,
3672 4139 3734 4199 et
3763 4154 3863 4200 se·

2319 4248 2638 4326 renitates,
2668 4249 2729 4310 et
2786 4241 3181 4326 hujusmodi.
3233 4242 3306 4306 In
3356 4242 3457 4305 his
3496 4260 3650 4307 vero
3668 4288 3685 4322 ,
3712 4261 3865 4325 quae

2320 4359 2472 4421 sunt
2518 4354 2700 4418 liberi
2752 4351 3032 4430 arbitrii,
3088 4352 3454 4433 frequenter
3496 4351 3587 4414 ita
3644 4350 3869 4415 dicunt

2296 4463 2497 4551 ‘falsa,
2527 4463 2690 4525 sicut
2715 4464 2777 4524 et
2813 4477 2997 4536 vera;
3029 4456 3173 4521 etsi
3199 4456 3541 4539 aliquando
3568 4475 3722 4523 vera
3767 4460 3870 4522 vi-

2320 4572 2590 4637 deantur
2623 4568 2859 4642 dicere,
2883 4565 3007 4629 hoc
3031 4568 3126 4629 est
3155 4564 3259 4629 vel
3292 4580 3478 4644 casu,
3507 4564 3611 4630 vel
3639 4565 3869 4631 diabo-

2321 4679 2441 4743 lico
2464 4676 2788 4740 instinctu.
2821 4670 2984 4736 Nam
3010 4671 3217 4737 diabol
3227 4689 3335 4751 uS,
3360 4672 3525 4736 sicut
3551 4672 3699 4737 dicit
3726 4672 3867 4738 Au-

2322 4785 2644 4867 gustinus,
2675 4798 2741 4844 se
2768 4780 3035 4843 libenter
3058 4779 3373 4842 immiscet
3394 4777 3462 4842 in
3492 4778 3873 4861 hujusmodi

2323 4887 2841 4957 divinationibus,
2872 4884 3001 4950 Nec
3018 4885 3188 4949 valet
3203 4885 3359 4949 illud
3378 4886 3550 4969 quod
3570 4887 3873 4970 objicitur

2324 5002 2403 5066 de
2430 4998 2609 5064 stella
2638 4998 2907 5073 cometa,
2939 4994 3092 5077 quia
3117 4996 3311 5076 prout
3332 4993 3658 5075 significat
3684 5014 3872 5060 mor-

2326 5113 2455 5174 tem
2477 5104 2671 5186 regiS,
2702 5121 2835 5166 non
2870 5103 2944 5165 fit
2972 5104 3226 5177 natura,
3266 5100 3375 5164 sed
3411 5101 3628 5165 divino
3647 5104 3871 5186 jussu,

2326 5222 2402 5283 ut
2421 5216 2571 5281 dicit
2613 5213 3038 5277 Damascenus
3075 5212 3121 5274 ¹.
3159 5209 3227 5275 Si
3275 5209 3450 5274 enim
3494 5212 3878 5280 naturaliter

2326 5325 2422 5400 nt,
2450 5341 2586 5386 non
2611 5320 2862 5385 videtur
2881 5319 3070 5398 ratio,
3100 5335 3301 5400 quare
3332 5319 3544 5400 magis
3569 5325 3884 5401 appareat

2329 5433 2397 5498 in
2419 5433 2623 5495 morte
2650 5427 2953 5511 principis
2973 5474 2993 5507 ,
3018 5445 3216 5509 quam
3251 5426 3320 5490 in
3361 5430 3566 5491 morte
3594 5428 3819 5493 rustici
3854 5449 3877 5494 ε
