<?xml version="1.0" encoding="UTF-8"?>
<!DOCTYPE html PUBLIC "-//W3C//DTD XHTML 1.0 Transitional//EN"
    "http://www.w3.org/TR/xhtml1/DTD/xhtml1-transitional.dtd">
<html xmlns="http://www.w3.org/1999/xhtml" xml:lang="en" lang="en">
 <head>
  <title>
</title>
<meta http-equiv="Content-Type" content="text/html;charset=utf-8" />
  <meta name='ocr-system' content='tesseract 3.04.00' />
  <meta name='ocr-capabilities' content='ocr_page ocr_carea ocr_par ocr_line ocrx_word'/>
</head>
<body>
  <div class='ocr_page' id='page_1' title='image "./srecardinalissb01peltgoog_0691.png"; bbox 0 0 4125 6225; ppageno 0'>
   <div class='ocr_carea' id='block_1_1' title="bbox 1380 408 2549 488">
    <p class='ocr_par' dir='ltr' id='par_1_1' title="bbox 1380 408 2549 488">
     <span class='ocr_line' id='line_1_1' title="bbox 1380 408 2549 488; baseline -0.003 -10"><span class='ocrx_word' id='word_1_1' title='bbox 1380 411 1580 480; x_wconf 89' lang='lat' dir='ltr'><strong>DIST.</strong></span> <span class='ocrx_word' id='word_1_2' title='bbox 1623 409 1753 480; x_wconf 80' lang='lat' dir='ltr'><strong>XV.</strong></span> <span class='ocrx_word' id='word_1_3' title='bbox 1795 408 1979 478; x_wconf 83' lang='lat' dir='ltr'><strong>ART.</strong></span> <span class='ocrx_word' id='word_1_4' title='bbox 2025 409 2075 473; x_wconf 92' lang='lat' dir='ltr'><strong>l.</strong></span> <span class='ocrx_word' id='word_1_5' title='bbox 2126 408 2426 488; x_wconf 82' lang='lat' dir='ltr'><strong>QUAEST.</strong></span> <span class='ocrx_word' id='word_1_6' title='bbox 2470 411 2549 475; x_wconf 87' lang='grc' dir='ltr'><strong>ΙΙ.</strong></span> 
     </span>
    </p>
   </div>
   <div class='ocr_carea' id='block_1_2' title="bbox 368 544 1907 846">
    <p class='ocr_par' dir='ltr' id='par_1_2' title="bbox 368 544 1907 846">
     <span class='ocr_line' id='line_1_2' title="bbox 369 544 1906 629; baseline -0.003 -17"><span class='ocrx_word' id='word_1_7' title='bbox 369 548 454 612; x_wconf 83' lang='lat' dir='ltr'><strong>sit</strong></span> <span class='ocrx_word' id='word_1_8' title='bbox 501 547 990 629; x_wconf 82' lang='lat' dir='ltr'><strong>frigidissimum</strong></span> <span class='ocrx_word' id='word_1_9' title='bbox 1012 594 1030 626; x_wconf 91' lang='lat'><strong>,</strong></span> <span class='ocrx_word' id='word_1_10' title='bbox 1084 546 1435 614; x_wconf 83' lang='lat' dir='ltr'><strong>necessario</strong></span> <span class='ocrx_word' id='word_1_11' title='bbox 1487 545 1749 611; x_wconf 86' lang='lat' dir='ltr'><strong>haberet</strong></span> <span class='ocrx_word' id='word_1_12' title='bbox 1816 544 1906 608; x_wconf 91' lang='lat' dir='ltr'><strong>ibi</strong></span> 
     </span>
     <span class='ocr_line' id='line_1_3' title="bbox 369 654 1907 739; baseline -0.001 -20"><span class='ocrx_word' id='word_1_13' title='bbox 369 654 702 736; x_wconf 87' lang='lat' dir='ltr'><strong>extingui,</strong></span> <span class='ocrx_word' id='word_1_14' title='bbox 735 658 802 719; x_wconf 92' lang='lat' dir='ltr'><strong>et</strong></span> <span class='ocrx_word' id='word_1_15' title='bbox 837 655 965 720; x_wconf 87' lang='lat' dir='ltr'><strong>alia</strong></span> <span class='ocrx_word' id='word_1_16' title='bbox 1010 656 1199 739; x_wconf 88' lang='lat' dir='ltr'><strong>plura</strong></span> <span class='ocrx_word' id='word_1_17' title='bbox 1231 658 1651 738; x_wconf 79' lang='lat' dir='ltr'><strong>sequerentur</strong></span> <span class='ocrx_word' id='word_1_18' title='bbox 1686 654 1907 717; x_wconf 88' lang='lat' dir='ltr'><strong>incon·</strong></span> 
     </span>
     <span class='ocr_line' id='line_1_4' title="bbox 368 763 1098 846; baseline 0.001 -18"><span class='ocrx_word' id='word_1_19' title='bbox 368 763 687 828; x_wconf 81' lang='lat' dir='ltr'><strong>venientia</strong></span> <span class='ocrx_word' id='word_1_20' title='bbox 722 785 738 828; x_wconf 72' lang='grc' dir='ltr'><strong><em>ι</em></strong></span> <span class='ocrx_word' id='word_1_21' title='bbox 769 782 950 846; x_wconf 82' lang='lat' dir='ltr'><strong>erge,</strong></span> <span class='ocrx_word' id='word_1_22' title='bbox 979 769 1098 830; x_wconf 86' lang='lat' dir='ltr'><strong>etc.</strong></span> 
     </span>
    </p>
   </div>
   <div class='ocr_carea' id='block_1_3' title="bbox 103 870 1906 955">
    <p class='ocr_par' dir='ltr' id='par_1_3' title="bbox 103 870 1906 955">
     <span class='ocr_line' id='line_1_5' title="bbox 103 870 1906 955; baseline -0.001 -22"><span class='ocrx_word' id='word_1_23' title='bbox 103 878 336 924; x_wconf 69' lang='lat' dir='ltr'><strong>ruadm-</strong></span> <span class='ocrx_word' id='word_1_24' title='bbox 445 870 544 936; x_wconf 89' lang='lat' dir='ltr'><strong>Ad</strong></span> <span class='ocrx_word' id='word_1_25' title='bbox 583 872 947 955; x_wconf 89' lang='lat' dir='ltr'><strong>oppositum</strong></span> <span class='ocrx_word' id='word_1_26' title='bbox 987 872 1284 954; x_wconf 82' lang='lat' dir='ltr'><strong>arguitur</strong></span> <span class='ocrx_word' id='word_1_27' title='bbox 1328 873 1418 936; x_wconf 90' lang='lat' dir='ltr'><strong>sic</strong></span> <span class='ocrx_word' id='word_1_28' title='bbox 1470 895 1484 936; x_wconf 92' lang='lat'>:</span> <span class='ocrx_word' id='word_1_29' title='bbox 1537 871 1774 936; x_wconf 88' lang='lat' dir='ltr'><strong>Sensus</strong></span> <span class='ocrx_word' id='word_1_30' title='bbox 1811 872 1906 934; x_wconf 87' lang='lat' dir='ltr'><strong>est</strong></span> 
     </span>
    </p>
   </div>
   <div class='ocr_carea' id='block_1_4' title="bbox 345 979 1903 4197">
    <p class='ocr_par' dir='ltr' id='par_1_4' title="bbox 359 979 1903 1598">
     <span class='ocr_line' id='line_1_6' title="bbox 366 979 1903 1063; baseline -0.001 -20"><span class='ocrx_word' id='word_1_31' title='bbox 366 979 646 1060; x_wconf 88' lang='lat' dir='ltr'><strong>operatio</strong></span> <span class='ocrx_word' id='word_1_32' title='bbox 674 980 910 1044; x_wconf 85' lang='lat' dir='ltr'><strong>animae</strong></span> <span class='ocrx_word' id='word_1_33' title='bbox 941 980 1010 1044; x_wconf 92' lang='lat' dir='ltr'><strong>in</strong></span> <span class='ocrx_word' id='word_1_34' title='bbox 1051 998 1313 1063; x_wconf 91' lang='lat' dir='ltr'><strong>corpore</strong></span> <span class='ocrx_word' id='word_1_35' title='bbox 1355 979 1708 1044; x_wconf 88' lang='lat' dir='ltr'><strong>secundum</strong></span> <span class='ocrx_word' id='word_1_36' title='bbox 1744 997 1903 1042; x_wconf 89' lang='lat' dir='ltr'><strong>con-</strong></span> 
     </span>
     <span class='ocr_line' id='line_1_7' title="bbox 363 1087 1902 1171; baseline -0.002 -17"><span class='ocrx_word' id='word_1_37' title='bbox 363 1087 748 1154; x_wconf 82' lang='lat' dir='ltr'><strong>formitatem</strong></span> <span class='ocrx_word' id='word_1_38' title='bbox 774 1091 1004 1171; x_wconf 88' lang='lat' dir='ltr'><strong>organi</strong></span> <span class='ocrx_word' id='word_1_39' title='bbox 1025 1090 1106 1153; x_wconf 92' lang='lat' dir='ltr'><strong>ad</strong></span> <span class='ocrx_word' id='word_1_40' title='bbox 1133 1091 1490 1171; x_wconf 87' lang='lat' dir='ltr'><strong>objectum:</strong></span> <span class='ocrx_word' id='word_1_41' title='bbox 1518 1089 1627 1154; x_wconf 88' lang='lat' dir='ltr'><strong>sed</strong></span> <span class='ocrx_word' id='word_1_42' title='bbox 1650 1088 1902 1171; x_wconf 89' lang='lat' dir='ltr'><strong>quodli-</strong></span> 
     </span>
     <span class='ocr_line' id='line_1_8' title="bbox 361 1194 1900 1279; baseline -0.001 -19"><span class='ocrx_word' id='word_1_43' title='bbox 361 1194 468 1260; x_wconf 88' lang='lat' dir='ltr'><strong>bet</strong></span> <span class='ocrx_word' id='word_1_44' title='bbox 493 1196 730 1262; x_wconf 87' lang='lat' dir='ltr'><strong>animal</strong></span> <span class='ocrx_word' id='word_1_45' title='bbox 753 1197 945 1260; x_wconf 91' lang='lat' dir='ltr'><strong>babet</strong></span> <span class='ocrx_word' id='word_1_46' title='bbox 966 1201 1229 1276; x_wconf 86' lang='lat' dir='ltr'><strong>tactum,</strong></span> <span class='ocrx_word' id='word_1_47' title='bbox 1255 1197 1368 1279; x_wconf 86' lang='lat' dir='ltr'><strong>qui</strong></span> <span class='ocrx_word' id='word_1_48' title='bbox 1386 1200 1481 1260; x_wconf 87' lang='lat' dir='ltr'><strong>est</strong></span> <span class='ocrx_word' id='word_1_49' title='bbox 1499 1195 1900 1279; x_wconf 88' lang='lat' dir='ltr'><strong>perceptivus</strong></span> 
     </span>
     <span class='ocr_line' id='line_1_9' title="bbox 360 1303 1900 1386; baseline 0.003 -22"><span class='ocrx_word' id='word_1_50' title='bbox 360 1308 639 1384; x_wconf 89' lang='lat' dir='ltr'><strong>quatuor</strong></span> <span class='ocrx_word' id='word_1_51' title='bbox 663 1304 1064 1385; x_wconf 75' lang='lat' dir='ltr'><strong>qualitatum,</strong></span> <span class='ocrx_word' id='word_1_52' title='bbox 1090 1308 1154 1368; x_wconf 89' lang='lat' dir='ltr'><strong>et</strong></span> <span class='ocrx_word' id='word_1_53' title='bbox 1179 1303 1497 1370; x_wconf 88' lang='lat' dir='ltr'><strong>radicatur</strong></span> <span class='ocrx_word' id='word_1_54' title='bbox 1522 1304 1593 1368; x_wconf 89' lang='lat' dir='ltr'><strong>in</strong></span> <span class='ocrx_word' id='word_1_55' title='bbox 1625 1308 1900 1386; x_wconf 86' lang='lat' dir='ltr'><strong>quatuor</strong></span> 
     </span>
     <span class='ocr_line' id='line_1_10' title="bbox 359 1409 1898 1493; baseline 0.001 -21"><span class='ocrx_word' id='word_1_56' title='bbox 359 1409 684 1473; x_wconf 83' lang='lat' dir='ltr'><strong>elementis</strong></span> <span class='ocrx_word' id='word_1_57' title='bbox 716 1430 733 1473; x_wconf 75' lang='lat' dir='ltr'><em>z</em></span> <span class='ocrx_word' id='word_1_58' title='bbox 759 1429 917 1493; x_wconf 88' lang='lat' dir='ltr'><strong>ergo</strong></span> <span class='ocrx_word' id='word_1_59' title='bbox 935 1410 1258 1493; x_wconf 84' lang='lat' dir='ltr'><strong>quodlibet</strong></span> <span class='ocrx_word' id='word_1_60' title='bbox 1283 1410 1520 1476; x_wconf 86' lang='lat' dir='ltr'><strong>animal</strong></span> <span class='ocrx_word' id='word_1_61' title='bbox 1545 1413 1789 1475; x_wconf 88' lang='lat' dir='ltr'><strong>constat</strong></span> <span class='ocrx_word' id='word_1_62' title='bbox 1816 1427 1898 1474; x_wconf 89' lang='lat' dir='ltr'><strong>ex</strong></span> 
     </span>
     <span class='ocr_line' id='line_1_11' title="bbox 360 1517 1004 1598; baseline 0.003 -20"><span class='ocrx_word' id='word_1_63' title='bbox 360 1520 634 1598; x_wconf 88' lang='lat' dir='ltr'><strong>quatuor</strong></span> <span class='ocrx_word' id='word_1_64' title='bbox 657 1517 1004 1582; x_wconf 78' lang='lat' dir='ltr'><strong>elementiS.</strong></span> 
     </span>
    </p>

    <p class='ocr_par' dir='ltr' id='par_1_5' title="bbox 360 1620 1899 2136">
     <span class='ocr_line' id='line_1_12' title="bbox 441 1620 1893 1709; baseline 0.003 -23"><span class='ocrx_word' id='word_1_65' title='bbox 441 1620 599 1687; x_wconf 89' lang='lat' dir='ltr'><strong>Item</strong></span> <span class='ocrx_word' id='word_1_66' title='bbox 626 1641 817 1690; x_wconf 90' lang='lat' dir='ltr'><strong>omne</strong></span> <span class='ocrx_word' id='word_1_67' title='bbox 834 1626 1071 1690; x_wconf 85' lang='lat' dir='ltr'><strong>animal</strong></span> <span class='ocrx_word' id='word_1_68' title='bbox 1089 1626 1301 1709; x_wconf 87' lang='lat' dir='ltr'><strong>aliquo</strong></span> <span class='ocrx_word' id='word_1_69' title='bbox 1328 1631 1509 1690; x_wconf 91' lang='lat' dir='ltr'><strong>motu</strong></span> <span class='ocrx_word' id='word_1_70' title='bbox 1527 1630 1622 1690; x_wconf 88' lang='lat' dir='ltr'><strong>est</strong></span> <span class='ocrx_word' id='word_1_71' title='bbox 1639 1625 1893 1706; x_wconf 86' lang='lat' dir='ltr'><strong>mobile,</strong></span> 
     </span>
     <span class='ocr_line' id='line_1_13' title="bbox 361 1730 1897 1814; baseline 0.003 -19"><span class='ocrx_word' id='word_1_72' title='bbox 361 1730 464 1795; x_wconf 87' lang='lat' dir='ltr'><strong>vel</strong></span> <span class='ocrx_word' id='word_1_73' title='bbox 501 1735 903 1814; x_wconf 88' lang='lat' dir='ltr'><strong>progressivo</strong></span> <span class='ocrx_word' id='word_1_74' title='bbox 925 1783 943 1814; x_wconf 86' lang='lat'><strong>,</strong></span> <span class='ocrx_word' id='word_1_75' title='bbox 978 1735 1082 1799; x_wconf 85' lang='lat' dir='ltr'><strong>vel</strong></span> <span class='ocrx_word' id='word_1_76' title='bbox 1124 1734 1564 1813; x_wconf 84' lang='lat' dir='ltr'><strong>constrictiv0,</strong></span> <span class='ocrx_word' id='word_1_77' title='bbox 1595 1736 1700 1800; x_wconf 87' lang='lat' dir='ltr'><strong>vel</strong></span> <span class='ocrx_word' id='word_1_78' title='bbox 1729 1735 1897 1799; x_wconf 91' lang='lat' dir='ltr'><strong>dila-</strong></span> 
     </span>
     <span class='ocr_line' id='line_1_14' title="bbox 360 1838 1899 1908; baseline 0.003 -5"><span class='ocrx_word' id='word_1_79' title='bbox 360 1838 559 1903; x_wconf 87' lang='lat' dir='ltr'><strong>tativo</strong></span> <span class='ocrx_word' id='word_1_80' title='bbox 590 1861 605 1903; x_wconf 74' lang='grc' dir='ltr'>ε</span> <span class='ocrx_word' id='word_1_81' title='bbox 638 1841 748 1904; x_wconf 90' lang='lat' dir='ltr'><strong>sed</strong></span> <span class='ocrx_word' id='word_1_82' title='bbox 773 1842 1029 1906; x_wconf 91' lang='lat' dir='ltr'><strong>nullum</strong></span> <span class='ocrx_word' id='word_1_83' title='bbox 1072 1843 1460 1908; x_wconf 87' lang='lat' dir='ltr'><strong>elementum</strong></span> <span class='ocrx_word' id='word_1_84' title='bbox 1486 1843 1564 1907; x_wconf 89' lang='lat' dir='ltr'><strong>de</strong></span> <span class='ocrx_word' id='word_1_85' title='bbox 1591 1861 1660 1907; x_wconf 89' lang='lat' dir='ltr'><strong>se</strong></span> <span class='ocrx_word' id='word_1_86' title='bbox 1687 1845 1783 1907; x_wconf 88' lang='lat' dir='ltr'><strong>est</strong></span> <span class='ocrx_word' id='word_1_87' title='bbox 1807 1844 1899 1907; x_wconf 89' lang='lat' dir='ltr'><strong>sic</strong></span> 
     </span>
     <span class='ocr_line' id='line_1_15' title="bbox 362 1944 1898 2030; baseline 0.004 -21"><span class='ocrx_word' id='word_1_88' title='bbox 362 1944 594 2010; x_wconf 88' lang='lat' dir='ltr'><strong>mobile</strong></span> <span class='ocrx_word' id='word_1_89' title='bbox 644 1969 658 2010; x_wconf 92' lang='lat'>:</span> <span class='ocrx_word' id='word_1_90' title='bbox 703 1966 861 2030; x_wconf 90' lang='lat' dir='ltr'><strong>ergo</strong></span> <span class='ocrx_word' id='word_1_91' title='bbox 902 1967 1154 2014; x_wconf 87' lang='lat' dir='ltr'><strong>necesse</strong></span> <span class='ocrx_word' id='word_1_92' title='bbox 1184 1953 1279 2014; x_wconf 90' lang='lat' dir='ltr'><strong>est</strong></span> <span class='ocrx_word' id='word_1_93' title='bbox 1329 1950 1567 2015; x_wconf 85' lang='lat' dir='ltr'><strong>animal</strong></span> <span class='ocrx_word' id='word_1_94' title='bbox 1611 1955 1898 2016; x_wconf 79' lang='lat' dir='ltr'><strong>constare</strong></span> 
     </span>
     <span class='ocr_line' id='line_1_16' title="bbox 363 2053 1151 2136; baseline 0.006 -19"><span class='ocrx_word' id='word_1_95' title='bbox 363 2070 445 2117; x_wconf 90' lang='lat' dir='ltr'><strong>ex</strong></span> <span class='ocrx_word' id='word_1_96' title='bbox 482 2053 774 2136; x_wconf 86' lang='lat' dir='ltr'><strong>pluribus</strong></span> <span class='ocrx_word' id='word_1_97' title='bbox 804 2055 1151 2122; x_wconf 65' lang='lat' dir='ltr'><strong>elementis</strong></span> 
     </span>
    </p>

    <p class='ocr_par' dir='ltr' id='par_1_6' title="bbox 345 2158 1898 3437">
     <span class='ocr_line' id='line_1_17' title="bbox 441 2158 1896 2248; baseline 0.006 -24"><span class='ocrx_word' id='word_1_98' title='bbox 441 2158 602 2226; x_wconf 89' lang='lat' dir='ltr'><strong>ltem</strong></span> <span class='ocrx_word' id='word_1_99' title='bbox 628 2168 867 2244; x_wconf 91' lang='lat' dir='ltr'><strong>quanto</strong></span> <span class='ocrx_word' id='word_1_100' title='bbox 905 2164 1111 2228; x_wconf 87' lang='lat' dir='ltr'><strong>forma</strong></span> <span class='ocrx_word' id='word_1_101' title='bbox 1149 2169 1245 2229; x_wconf 88' lang='lat' dir='ltr'><strong>est</strong></span> <span class='ocrx_word' id='word_1_102' title='bbox 1276 2165 1691 2248; x_wconf 80' lang='lat' dir='ltr'><strong>spiritualior,</strong></span> <span class='ocrx_word' id='word_1_103' title='bbox 1721 2170 1896 2233; x_wconf 84' lang='lat' dir='ltr'><strong>tanto</strong></span> 
     </span>
     <span class='ocr_line' id='line_1_18' title="bbox 359 2270 1898 2355; baseline 0.003 -21"><span class='ocrx_word' id='word_1_104' title='bbox 359 2271 454 2334; x_wconf 87' lang='lat' dir='ltr'><strong>est</strong></span> <span class='ocrx_word' id='word_1_105' title='bbox 483 2270 770 2352; x_wconf 91' lang='lat' dir='ltr'><strong>plurium</strong></span> <span class='ocrx_word' id='word_1_106' title='bbox 811 2272 1256 2353; x_wconf 82' lang='lat' dir='ltr'><strong>operationum</strong></span> <span class='ocrx_word' id='word_1_107' title='bbox 1295 2273 1680 2355; x_wconf 90' lang='lat' dir='ltr'><strong>principium</strong></span> <span class='ocrx_word' id='word_1_108' title='bbox 1723 2295 1738 2337; x_wconf 90' lang='lat'>:</span> <span class='ocrx_word' id='word_1_109' title='bbox 1788 2274 1898 2339; x_wconf 91' lang='lat' dir='ltr'><strong>sed</strong></span> 
     </span>
     <span class='ocr_line' id='line_1_19' title="bbox 357 2377 1891 2464; baseline 0.005 -24"><span class='ocrx_word' id='word_1_110' title='bbox 357 2377 572 2441; x_wconf 86' lang='lat' dir='ltr'><strong>anima</strong></span> <span class='ocrx_word' id='word_1_111' title='bbox 597 2378 908 2442; x_wconf 88' lang='lat' dir='ltr'><strong>sensibilis</strong></span> <span class='ocrx_word' id='word_1_112' title='bbox 937 2383 1031 2442; x_wconf 88' lang='lat' dir='ltr'><strong>est</strong></span> <span class='ocrx_word' id='word_1_113' title='bbox 1051 2381 1258 2443; x_wconf 81' lang='lat' dir='ltr'><strong>forma</strong></span> <span class='ocrx_word' id='word_1_114' title='bbox 1278 2381 1464 2445; x_wconf 86' lang='lat' dir='ltr'><strong>valde</strong></span> <span class='ocrx_word' id='word_1_115' title='bbox 1499 2382 1842 2464; x_wconf 87' lang='lat' dir='ltr'><strong>spiritualis</strong></span> <span class='ocrx_word' id='word_1_116' title='bbox 1874 2401 1891 2446; x_wconf 74' lang='grc' dir='ltr'>ε</span> 
     </span>
     <span class='ocr_line' id='line_1_20' title="bbox 357 2490 1891 2576; baseline 0.004 -22"><span class='ocrx_word' id='word_1_117' title='bbox 357 2507 513 2571; x_wconf 90' lang='lat' dir='ltr'><strong>ergo</strong></span> <span class='ocrx_word' id='word_1_118' title='bbox 534 2494 629 2553; x_wconf 88' lang='lat' dir='ltr'><strong>est</strong></span> <span class='ocrx_word' id='word_1_119' title='bbox 655 2490 1042 2572; x_wconf 87' lang='lat' dir='ltr'><strong>principium</strong></span> <span class='ocrx_word' id='word_1_120' title='bbox 1069 2491 1438 2575; x_wconf 85' lang='lat' dir='ltr'><strong>multiplicis</strong></span> <span class='ocrx_word' id='word_1_121' title='bbox 1454 2495 1839 2576; x_wconf 82' lang='lat' dir='ltr'><strong>operationis</strong></span> <span class='ocrx_word' id='word_1_122' title='bbox 1873 2515 1891 2560; x_wconf 71' lang='grc' dir='ltr'><strong><em>ε</em></strong></span> 
     </span>
     <span class='ocr_line' id='line_1_21' title="bbox 358 2598 1892 2680; baseline 0.003 -18"><span class='ocrx_word' id='word_1_123' title='bbox 358 2598 468 2662; x_wconf 88' lang='lat' dir='ltr'><strong>sed</strong></span> <span class='ocrx_word' id='word_1_124' title='bbox 497 2615 729 2680; x_wconf 91' lang='lat' dir='ltr'><strong>corpus</strong></span> <span class='ocrx_word' id='word_1_125' title='bbox 769 2599 989 2663; x_wconf 89' lang='lat' dir='ltr'><strong>datum</strong></span> <span class='ocrx_word' id='word_1_126' title='bbox 1019 2605 1113 2664; x_wconf 88' lang='lat' dir='ltr'><strong>est</strong></span> <span class='ocrx_word' id='word_1_127' title='bbox 1156 2601 1234 2664; x_wconf 90' lang='lat' dir='ltr'><strong>ad</strong></span> <span class='ocrx_word' id='word_1_128' title='bbox 1278 2602 1892 2667; x_wconf 89' lang='lat' dir='ltr'><strong>subministrandum</strong></span> 
     </span>
     <span class='ocr_line' id='line_1_22' title="bbox 357 2706 1894 2794; baseline 0.003 -23"><span class='ocrx_word' id='word_1_129' title='bbox 357 2706 456 2771; x_wconf 87' lang='lat' dir='ltr'><strong>ei:</strong></span> <span class='ocrx_word' id='word_1_130' title='bbox 488 2725 644 2789; x_wconf 89' lang='lat' dir='ltr'><strong>ergo</strong></span> <span class='ocrx_word' id='word_1_131' title='bbox 671 2727 923 2774; x_wconf 86' lang='lat' dir='ltr'><strong>necesse</strong></span> <span class='ocrx_word' id='word_1_132' title='bbox 949 2715 1043 2774; x_wconf 89' lang='lat' dir='ltr'><strong>est</strong></span> <span class='ocrx_word' id='word_1_133' title='bbox 1073 2711 1240 2793; x_wconf 89' lang='lat' dir='ltr'><strong>quod</strong></span> <span class='ocrx_word' id='word_1_134' title='bbox 1275 2729 1507 2793; x_wconf 90' lang='lat' dir='ltr'><strong>corpus</strong></span> <span class='ocrx_word' id='word_1_135' title='bbox 1550 2711 1633 2774; x_wconf 87' lang='lat' dir='ltr'><strong>sit</strong></span> <span class='ocrx_word' id='word_1_136' title='bbox 1674 2716 1894 2794; x_wconf 87' lang='lat' dir='ltr'><strong>aptum</strong></span> 
     </span>
     <span class='ocr_line' id='line_1_23' title="bbox 357 2815 1895 2900; baseline 0.005 -23"><span class='ocrx_word' id='word_1_137' title='bbox 357 2816 421 2878; x_wconf 89' lang='lat' dir='ltr'><strong>et</strong></span> <span class='ocrx_word' id='word_1_138' title='bbox 444 2815 747 2880; x_wconf 89' lang='lat' dir='ltr'><strong>idoneum</strong></span> <span class='ocrx_word' id='word_1_139' title='bbox 766 2818 844 2882; x_wconf 87' lang='lat' dir='ltr'><strong>ad</strong></span> <span class='ocrx_word' id='word_1_140' title='bbox 865 2817 1142 2881; x_wconf 87' lang='lat' dir='ltr'><strong>diversas</strong></span> <span class='ocrx_word' id='word_1_141' title='bbox 1159 2818 1557 2900; x_wconf 86' lang='lat' dir='ltr'><strong>operationes</strong></span> <span class='ocrx_word' id='word_1_142' title='bbox 1586 2838 1604 2881; x_wconf 73' lang='grc' dir='ltr'><strong><em>ε</em></strong></span> <span class='ocrx_word' id='word_1_143' title='bbox 1626 2820 1736 2883; x_wconf 90' lang='lat' dir='ltr'><strong>sed</strong></span> <span class='ocrx_word' id='word_1_144' title='bbox 1763 2837 1895 2885; x_wconf 89' lang='lat' dir='ltr'><strong>non</strong></span> 
     </span>
     <span class='ocr_line' id='line_1_24' title="bbox 359 2924 1896 3010; baseline 0.005 -25"><span class='ocrx_word' id='word_1_145' title='bbox 359 2924 453 2986; x_wconf 88' lang='lat' dir='ltr'><strong>est</strong></span> <span class='ocrx_word' id='word_1_146' title='bbox 476 2927 699 3005; x_wconf 84' lang='lat' dir='ltr'><strong>aptum</strong></span> <span class='ocrx_word' id='word_1_147' title='bbox 728 2926 810 2988; x_wconf 87' lang='lat' dir='ltr'><strong>ad</strong></span> <span class='ocrx_word' id='word_1_148' title='bbox 851 2926 1131 2989; x_wconf 87' lang='lat' dir='ltr'><strong>diversas</strong></span> <span class='ocrx_word' id='word_1_149' title='bbox 1156 2926 1551 3008; x_wconf 84' lang='lat' dir='ltr'><strong>operationes</strong></span> <span class='ocrx_word' id='word_1_150' title='bbox 1568 2975 1586 3006; x_wconf 89' lang='lat'><strong>,</strong></span> <span class='ocrx_word' id='word_1_151' title='bbox 1626 2927 1750 2990; x_wconf 91' lang='lat' dir='ltr'><strong>nisi</strong></span> <span class='ocrx_word' id='word_1_152' title='bbox 1781 2945 1896 3010; x_wconf 92' lang='lat' dir='ltr'><strong>per</strong></span> 
     </span>
     <span class='ocr_line' id='line_1_25' title="bbox 358 3028 1889 3117; baseline 0.004 -25"><span class='ocrx_word' id='word_1_153' title='bbox 358 3028 641 3093; x_wconf 88' lang='lat' dir='ltr'><strong>diversas</strong></span> <span class='ocrx_word' id='word_1_154' title='bbox 671 3030 966 3109; x_wconf 84' lang='lat' dir='ltr'><strong>virtutes3</strong></span> <span class='ocrx_word' id='word_1_155' title='bbox 999 3050 1116 3095; x_wconf 91' lang='lat' dir='ltr'><strong>nec</strong></span> <span class='ocrx_word' id='word_1_156' title='bbox 1152 3032 1231 3095; x_wconf 88' lang='lat' dir='ltr'><strong>ad</strong></span> <span class='ocrx_word' id='word_1_157' title='bbox 1270 3032 1553 3096; x_wconf 88' lang='lat' dir='ltr'><strong>diversas</strong></span> <span class='ocrx_word' id='word_1_158' title='bbox 1596 3033 1889 3117; x_wconf 77' lang='lat' dir='ltr'><strong>virtuteS,</strong></span> 
     </span>
     <span class='ocr_line' id='line_1_26' title="bbox 357 3137 1892 3219; baseline 0.004 -19"><span class='ocrx_word' id='word_1_159' title='bbox 357 3137 481 3201; x_wconf 87' lang='lat' dir='ltr'><strong>nisi</strong></span> <span class='ocrx_word' id='word_1_160' title='bbox 516 3157 630 3219; x_wconf 90' lang='lat' dir='ltr'><strong>per</strong></span> <span class='ocrx_word' id='word_1_161' title='bbox 656 3138 938 3202; x_wconf 88' lang='lat' dir='ltr'><strong>diversas</strong></span> <span class='ocrx_word' id='word_1_162' title='bbox 966 3144 1265 3219; x_wconf 84' lang='lat' dir='ltr'><strong>naturas3</strong></span> <span class='ocrx_word' id='word_1_163' title='bbox 1300 3159 1417 3204; x_wconf 89' lang='lat' dir='ltr'><strong>nec</strong></span> <span class='ocrx_word' id='word_1_164' title='bbox 1452 3140 1645 3205; x_wconf 89' lang='lat' dir='ltr'><strong>habet</strong></span> <span class='ocrx_word' id='word_1_165' title='bbox 1670 3143 1892 3208; x_wconf 88' lang='lat' dir='ltr'><strong>diver-</strong></span> 
     </span>
     <span class='ocr_line' id='line_1_27' title="bbox 345 3247 1890 3335; baseline 0.002 -21"><span class='ocrx_word' id='word_1_166' title='bbox 345 3263 457 3314; x_wconf 66' lang='lat' dir='ltr'><strong>sas</strong></span> <span class='ocrx_word' id='word_1_167' title='bbox 485 3250 768 3326; x_wconf 84' lang='lat' dir='ltr'><strong>naturas,</strong></span> <span class='ocrx_word' id='word_1_168' title='bbox 798 3247 920 3311; x_wconf 91' lang='lat' dir='ltr'><strong>nisi</strong></span> <span class='ocrx_word' id='word_1_169' title='bbox 948 3249 1100 3330; x_wconf 88' lang='lat' dir='ltr'><strong>quia</strong></span> <span class='ocrx_word' id='word_1_170' title='bbox 1120 3267 1203 3313; x_wconf 88' lang='lat' dir='ltr'><strong>ex</strong></span> <span class='ocrx_word' id='word_1_171' title='bbox 1232 3250 1497 3315; x_wconf 85' lang='lat' dir='ltr'><strong>diversis</strong></span> <span class='ocrx_word' id='word_1_172' title='bbox 1523 3254 1618 3315; x_wconf 91' lang='lat' dir='ltr'><strong>est</strong></span> <span class='ocrx_word' id='word_1_173' title='bbox 1637 3270 1890 3335; x_wconf 89' lang='lat' dir='ltr'><strong>compo-</strong></span> 
     </span>
     <span class='ocr_line' id='line_1_28' title="bbox 354 3354 963 3437; baseline 0.008 -22"><span class='ocrx_word' id='word_1_174' title='bbox 354 3354 550 3417; x_wconf 86' lang='lat' dir='ltr'><strong>situm</strong></span> <span class='ocrx_word' id='word_1_175' title='bbox 582 3372 599 3415; x_wconf 74' lang='grc' dir='ltr'><strong><em>ε</em></strong></span> <span class='ocrx_word' id='word_1_176' title='bbox 632 3373 812 3437; x_wconf 87' lang='lat' dir='ltr'><strong>erg0,</strong></span> <span class='ocrx_word' id='word_1_177' title='bbox 846 3360 963 3420; x_wconf 91' lang='lat' dir='ltr'><strong>etc.</strong></span> 
     </span>
    </p>

    <p class='ocr_par' dir='ltr' id='par_1_7' title="bbox 346 3458 1891 4197">
     <span class='ocr_line' id='line_1_29' title="bbox 434 3458 1887 3548; baseline 0.006 -25"><span class='ocrx_word' id='word_1_178' title='bbox 434 3458 628 3540; x_wconf 84' lang='lat' dir='ltr'><strong>Item,</strong></span> <span class='ocrx_word' id='word_1_179' title='bbox 658 3468 898 3544; x_wconf 88' lang='lat' dir='ltr'><strong>quanto</strong></span> <span class='ocrx_word' id='word_1_180' title='bbox 933 3464 1137 3528; x_wconf 81' lang='lat' dir='ltr'><strong>forma</strong></span> <span class='ocrx_word' id='word_1_181' title='bbox 1161 3465 1470 3546; x_wconf 85' lang='lat' dir='ltr'><strong>posterior</strong></span> <span class='ocrx_word' id='word_1_182' title='bbox 1498 3469 1563 3529; x_wconf 88' lang='lat' dir='ltr'><strong>et</strong></span> <span class='ocrx_word' id='word_1_183' title='bbox 1601 3467 1887 3548; x_wconf 89' lang='lat' dir='ltr'><strong>ulterior,</strong></span> 
     </span>
     <span class='ocr_line' id='line_1_30' title="bbox 353 3570 1891 3653; baseline 0.007 -23"><span class='ocrx_word' id='word_1_184' title='bbox 353 3570 528 3632; x_wconf 86' lang='lat' dir='ltr'><strong>tanto</strong></span> <span class='ocrx_word' id='word_1_185' title='bbox 567 3570 860 3649; x_wconf 88' lang='lat' dir='ltr'><strong>nobilior,</strong></span> <span class='ocrx_word' id='word_1_186' title='bbox 892 3587 1009 3653; x_wconf 89' lang='lat' dir='ltr'><strong>pro</strong></span> <span class='ocrx_word' id='word_1_187' title='bbox 1053 3589 1128 3634; x_wconf 89' lang='lat' dir='ltr'><strong>eo</strong></span> <span class='ocrx_word' id='word_1_188' title='bbox 1157 3572 1330 3653; x_wconf 92' lang='lat' dir='ltr'><strong>quod</strong></span> <span class='ocrx_word' id='word_1_189' title='bbox 1372 3573 1689 3638; x_wconf 87' lang='lat' dir='ltr'><strong>anteriora</strong></span> <span class='ocrx_word' id='word_1_190' title='bbox 1741 3582 1891 3641; x_wconf 90' lang='lat' dir='ltr'><strong>sunt</strong></span> 
     </span>
     <span class='ocr_line' id='line_1_31' title="bbox 352 3677 1889 3764; baseline 0.006 -25"><span class='ocrx_word' id='word_1_191' title='bbox 352 3677 701 3740; x_wconf 86' lang='lat' dir='ltr'><strong>materialia</strong></span> <span class='ocrx_word' id='word_1_192' title='bbox 717 3682 1006 3760; x_wconf 87' lang='lat' dir='ltr'><strong>respectu</strong></span> <span class='ocrx_word' id='word_1_193' title='bbox 1033 3680 1456 3760; x_wconf 90' lang='lat' dir='ltr'><strong>posteriorum</strong></span> <span class='ocrx_word' id='word_1_194' title='bbox 1487 3704 1501 3744; x_wconf 72' lang='grc' dir='ltr'>ε</span> <span class='ocrx_word' id='word_1_195' title='bbox 1527 3700 1686 3764; x_wconf 86' lang='lat' dir='ltr'><strong>ergo</strong></span> <span class='ocrx_word' id='word_1_196' title='bbox 1704 3684 1889 3748; x_wconf 90' lang='lat' dir='ltr'><strong>nobi-</strong></span> 
     </span>
     <span class='ocr_line' id='line_1_32' title="bbox 349 3782 1884 3868; baseline 0.007 -22"><span class='ocrx_word' id='word_1_197' title='bbox 349 3782 470 3847; x_wconf 89' lang='lat' dir='ltr'><strong>lior</strong></span> <span class='ocrx_word' id='word_1_198' title='bbox 499 3789 592 3848; x_wconf 90' lang='lat' dir='ltr'><strong>est</strong></span> <span class='ocrx_word' id='word_1_199' title='bbox 611 3786 816 3849; x_wconf 85' lang='lat' dir='ltr'><strong>forma</strong></span> <span class='ocrx_word' id='word_1_200' title='bbox 842 3786 1048 3861; x_wconf 82' lang='lat' dir='ltr'><strong>mixti,</strong></span> <span class='ocrx_word' id='word_1_201' title='bbox 1077 3805 1276 3868; x_wconf 91' lang='lat' dir='ltr'><strong>quam</strong></span> <span class='ocrx_word' id='word_1_202' title='bbox 1301 3788 1507 3853; x_wconf 78' lang='lat' dir='ltr'><strong>forma</strong></span> <span class='ocrx_word' id='word_1_203' title='bbox 1538 3790 1833 3855; x_wconf 89' lang='lat' dir='ltr'><strong>elementi</strong></span> <span class='ocrx_word' id='word_1_204' title='bbox 1866 3811 1884 3855; x_wconf 68' lang='grc' dir='ltr'><strong><em>ε</em></strong></span> 
     </span>
     <span class='ocr_line' id='line_1_33' title="bbox 350 3890 1886 3973; baseline 0.007 -20"><span class='ocrx_word' id='word_1_205' title='bbox 350 3890 402 3953; x_wconf 88' lang='lat' dir='ltr'><strong>si</strong></span> <span class='ocrx_word' id='word_1_206' title='bbox 427 3910 584 3973; x_wconf 88' lang='lat' dir='ltr'><strong>ergo</strong></span> <span class='ocrx_word' id='word_1_207' title='bbox 608 3893 823 3957; x_wconf 89' lang='lat' dir='ltr'><strong>anima</strong></span> <span class='ocrx_word' id='word_1_208' title='bbox 848 3893 1158 3958; x_wconf 88' lang='lat' dir='ltr'><strong>sensibilis</strong></span> <span class='ocrx_word' id='word_1_209' title='bbox 1180 3942 1197 3971; x_wconf 92' lang='lat'><strong>,</strong></span> <span class='ocrx_word' id='word_1_210' title='bbox 1227 3913 1376 3959; x_wconf 91' lang='lat' dir='ltr'><strong>cum</strong></span> <span class='ocrx_word' id='word_1_211' title='bbox 1408 3897 1490 3959; x_wconf 88' lang='lat' dir='ltr'><strong>sit</strong></span> <span class='ocrx_word' id='word_1_212' title='bbox 1531 3900 1738 3963; x_wconf 85' lang='lat' dir='ltr'><strong>forma</strong></span> <span class='ocrx_word' id='word_1_213' title='bbox 1766 3918 1886 3963; x_wconf 91' lang='lat' dir='ltr'><strong>no-</strong></span> 
     </span>
     <span class='ocr_line' id='line_1_34' title="bbox 346 3996 1884 4087; baseline 0.007 -27"><span class='ocrx_word' id='word_1_214' title='bbox 346 3996 513 4078; x_wconf 84' lang='lat' dir='ltr'><strong>hilis,</strong></span> <span class='ocrx_word' id='word_1_215' title='bbox 544 3999 727 4064; x_wconf 89' lang='lat' dir='ltr'><strong>debet</strong></span> <span class='ocrx_word' id='word_1_216' title='bbox 750 3999 985 4065; x_wconf 91' lang='lat' dir='ltr'><strong>habere</strong></span> <span class='ocrx_word' id='word_1_217' title='bbox 1013 4020 1241 4085; x_wconf 90' lang='lat' dir='ltr'><strong>corpus</strong></span> <span class='ocrx_word' id='word_1_218' title='bbox 1268 4004 1478 4068; x_wconf 88' lang='lat' dir='ltr'><strong>nobile</strong></span> <span class='ocrx_word' id='word_1_219' title='bbox 1500 4004 1526 4085; x_wconf 64' lang='lat'><strong>;&gt;</strong></span> <span class='ocrx_word' id='word_1_220' title='bbox 1560 4025 1716 4087; x_wconf 86' lang='lat' dir='ltr'><strong>ergo</strong></span> <span class='ocrx_word' id='word_1_221' title='bbox 1744 4026 1884 4073; x_wconf 88' lang='lat' dir='ltr'><strong>cor-</strong></span> 
     </span>
     <span class='ocr_line' id='line_1_35' title="bbox 347 4107 1877 4197; baseline 0.007 -28"><span class='ocrx_word' id='word_1_222' title='bbox 347 4123 468 4187; x_wconf 90' lang='lat' dir='ltr'><strong>pus</strong></span> <span class='ocrx_word' id='word_1_223' title='bbox 485 4107 778 4171; x_wconf 84' lang='lat' dir='ltr'><strong>animalis</strong></span> <span class='ocrx_word' id='word_1_224' title='bbox 793 4127 922 4173; x_wconf 91' lang='lat' dir='ltr'><strong>non</strong></span> <span class='ocrx_word' id='word_1_225' title='bbox 949 4113 1202 4174; x_wconf 87' lang='lat' dir='ltr'><strong>tantum</strong></span> <span class='ocrx_word' id='word_1_226' title='bbox 1224 4115 1319 4175; x_wconf 80' lang='lat' dir='ltr'><strong>est</strong></span> <span class='ocrx_word' id='word_1_227' title='bbox 1333 4131 1563 4195; x_wconf 89' lang='lat' dir='ltr'><strong>corpus</strong></span> <span class='ocrx_word' id='word_1_228' title='bbox 1584 4112 1877 4197; x_wconf 84' lang='lat' dir='ltr'><strong>simplex,</strong></span> 
     </span>
    </p>
   </div>
   <div class='ocr_carea' id='block_1_5' title="bbox 344 4218 1493 4289">
    <p class='ocr_par' dir='ltr' id='par_1_8' title="bbox 344 4218 1493 4289">
     <span class='ocr_line' id='line_1_36' title="bbox 344 4218 1493 4289; baseline 0.007 -8"><span class='ocrx_word' id='word_1_229' title='bbox 344 4218 454 4281; x_wconf 87' lang='lat' dir='ltr'><strong>sed</strong></span> <span class='ocrx_word' id='word_1_230' title='bbox 481 4225 723 4284; x_wconf 89' lang='lat' dir='ltr'><strong>constat</strong></span> <span class='ocrx_word' id='word_1_231' title='bbox 749 4239 833 4285; x_wconf 87' lang='lat' dir='ltr'><strong>ex</strong></span> <span class='ocrx_word' id='word_1_232' title='bbox 858 4221 1121 4288; x_wconf 85' lang='lat' dir='ltr'><strong>diversis</strong></span> <span class='ocrx_word' id='word_1_233' title='bbox 1147 4224 1493 4289; x_wconf 88' lang='lat' dir='ltr'><strong>elementis.</strong></span> 
     </span>
    </p>
   </div>
   <div class='ocr_carea' id='block_1_6' title="bbox 884 4459 1332 4528">
    <p class='ocr_par' dir='ltr' id='par_1_9' title="bbox 884 4459 1332 4528">
     <span class='ocr_line' id='line_1_37' title="bbox 884 4459 1332 4528; baseline 0.004 -2"><span class='ocrx_word' id='word_1_234' title='bbox 884 4459 1332 4528; x_wconf 88' lang='lat' dir='ltr'><strong>CONCLUSIO.</strong></span> 
     </span>
    </p>
   </div>
   <div class='ocr_carea' id='block_1_7' title="bbox 337 4610 1880 4867">
    <p class='ocr_par' dir='ltr' id='par_1_10' title="bbox 337 4610 1880 4867">
     <span class='ocr_line' id='line_1_38' title="bbox 337 4610 1880 4688; baseline 0.009 -21"><span class='ocrx_word' id='word_1_235' title='bbox 337 4610 699 4669; x_wconf 82' lang='lat' dir='ltr'><strong>Animalium·</strong></span> <span class='ocrx_word' id='word_1_236' title='bbox 737 4629 961 4687; x_wconf 68' lang='lat' dir='ltr'><strong>corpora</strong></span> <span class='ocrx_word' id='word_1_237' title='bbox 1011 4631 1078 4672; x_wconf 72' lang='lat' dir='ltr'><strong>ex</strong></span> <span class='ocrx_word' id='word_1_238' title='bbox 1130 4622 1362 4688; x_wconf 78' lang='lat' dir='ltr'><strong>quatuor</strong></span> <span class='ocrx_word' id='word_1_239' title='bbox 1417 4623 1691 4680; x_wconf 79' lang='lat' dir='ltr'><strong>elementis</strong></span> <span class='ocrx_word' id='word_1_240' title='bbox 1752 4628 1880 4681; x_wconf 77' lang='lat' dir='ltr'><strong>sunt</strong></span> 
     </span>
     <span class='ocr_line' id='line_1_39' title="bbox 409 4705 1876 4783; baseline 0.011 -28"><span class='ocrx_word' id='word_1_241' title='bbox 409 4706 729 4773; x_wconf 82' lang='lat' dir='ltr'><strong>composita,</strong></span> <span class='ocrx_word' id='word_1_242' title='bbox 758 4712 818 4760; x_wconf 80' lang='lat' dir='ltr'><strong>ut</strong></span> <span class='ocrx_word' id='word_1_243' title='bbox 846 4705 920 4759; x_wconf 81' lang='lat' dir='ltr'><strong>ad</strong></span> <span class='ocrx_word' id='word_1_244' title='bbox 944 4721 1151 4762; x_wconf 81' lang='lat' dir='ltr'><strong>sensum</strong></span> <span class='ocrx_word' id='word_1_245' title='bbox 1182 4712 1234 4763; x_wconf 84' lang='lat' dir='ltr'><strong>et</strong></span> <span class='ocrx_word' id='word_1_246' title='bbox 1267 4713 1468 4765; x_wconf 81' lang='lat' dir='ltr'><strong>motum</strong></span> <span class='ocrx_word' id='word_1_247' title='bbox 1495 4714 1610 4767; x_wconf 76' lang='lat' dir='ltr'><strong>sint</strong></span> <span class='ocrx_word' id='word_1_248' title='bbox 1643 4712 1837 4770; x_wconf 80' lang='lat' dir='ltr'><strong>idonea</strong></span> <span class='ocrx_word' id='word_1_249' title='bbox 1854 4758 1876 4783; x_wconf 78' lang='lat'><strong>,</strong></span> 
     </span>
     <span class='ocr_line' id='line_1_40' title="bbox 409 4791 1481 4867; baseline 0.01 -22"><span class='ocrx_word' id='word_1_250' title='bbox 409 4793 459 4846; x_wconf 80' lang='lat' dir='ltr'><strong>et</strong></span> <span class='ocrx_word' id='word_1_251' title='bbox 487 4791 562 4846; x_wconf 83' lang='lat' dir='ltr'><strong>ad</strong></span> <span class='ocrx_word' id='word_1_252' title='bbox 586 4795 961 4864; x_wconf 79' lang='lat' dir='ltr'><strong>operationum</strong></span> <span class='ocrx_word' id='word_1_253' title='bbox 986 4796 1481 4867; x_wconf 74' lang='lat' dir='ltr'><strong>multiplicitatem.</strong></span> 
     </span>
    </p>
   </div>
   <div class='ocr_carea' id='block_1_8' title="bbox 332 4947 1876 5470">
    <p class='ocr_par' dir='ltr' id='par_1_11' title="bbox 332 4947 1876 5470">
     <span class='ocr_line' id='line_1_41' title="bbox 417 4947 1874 5044; baseline 0.009 -31"><span class='ocrx_word' id='word_1_254' title='bbox 417 4947 604 5032; x_wconf 89' lang='lat' dir='ltr'><strong>Resp.</strong></span> <span class='ocrx_word' id='word_1_255' title='bbox 662 4951 742 5014; x_wconf 91' lang='lat' dir='ltr'><strong>ad</strong></span> <span class='ocrx_word' id='word_1_256' title='bbox 785 4953 945 5033; x_wconf 90' lang='lat' dir='ltr'><strong>Arg.</strong></span> <span class='ocrx_word' id='word_1_257' title='bbox 1010 4952 1356 5020; x_wconf 88' lang='lat' dir='ltr'><strong>Dicendum</strong></span> <span class='ocrx_word' id='word_1_258' title='bbox 1410 4958 1583 5040; x_wconf 91' lang='lat' dir='ltr'><strong>quod</strong></span> <span class='ocrx_word' id='word_1_259' title='bbox 1634 4960 1874 5044; x_wconf 80' lang='lat' dir='ltr'><strong>absque</strong></span> 
     </span>
     <span class='ocr_line' id='line_1_42' title="bbox 334 5056 1876 5140; baseline 0.009 -20"><span class='ocrx_word' id='word_1_260' title='bbox 334 5056 530 5122; x_wconf 88' lang='lat' dir='ltr'><strong>dubio</strong></span> <span class='ocrx_word' id='word_1_261' title='bbox 562 5076 826 5140; x_wconf 90' lang='lat' dir='ltr'><strong>corpora</strong></span> <span class='ocrx_word' id='word_1_262' title='bbox 852 5060 1225 5125; x_wconf 89' lang='lat' dir='ltr'><strong>animalium</strong></span> <span class='ocrx_word' id='word_1_263' title='bbox 1255 5064 1493 5130; x_wconf 87' lang='lat' dir='ltr'><strong>babent</strong></span> <span class='ocrx_word' id='word_1_264' title='bbox 1511 5067 1581 5130; x_wconf 90' lang='lat' dir='ltr'><strong>in</strong></span> <span class='ocrx_word' id='word_1_265' title='bbox 1610 5073 1876 5133; x_wconf 90' lang='lat' dir='ltr'><strong>senatu-</strong></span> 
     </span>
     <span class='ocr_line' id='line_1_43' title="bbox 332 5165 1873 5247; baseline 0.01 -22"><span class='ocrx_word' id='word_1_266' title='bbox 332 5178 475 5226; x_wconf 89' lang='lat' dir='ltr'><strong>ram</strong></span> <span class='ocrx_word' id='word_1_267' title='bbox 510 5168 785 5246; x_wconf 89' lang='lat' dir='ltr'><strong>quatuor</strong></span> <span class='ocrx_word' id='word_1_268' title='bbox 822 5165 1284 5232; x_wconf 86' lang='lat' dir='ltr'><strong>elementorum</strong></span> <span class='ocrx_word' id='word_1_269' title='bbox 1299 5218 1316 5247; x_wconf 91' lang='lat'>‚</span> <span class='ocrx_word' id='word_1_270' title='bbox 1347 5171 1511 5235; x_wconf 89' lang='lat' dir='ltr'><strong>sicut</strong></span> <span class='ocrx_word' id='word_1_271' title='bbox 1549 5179 1873 5239; x_wconf 88' lang='lat' dir='ltr'><strong>ostensum</strong></span> 
     </span>
     <span class='ocr_line' id='line_1_44' title="bbox 333 5272 1869 5363; baseline 0.01 -32"><span class='ocrx_word' id='word_1_272' title='bbox 333 5274 428 5332; x_wconf 89' lang='lat' dir='ltr'><strong>est</strong></span> <span class='ocrx_word' id='word_1_273' title='bbox 462 5288 577 5353; x_wconf 90' lang='lat' dir='ltr'><strong>per</strong></span> <span class='ocrx_word' id='word_1_274' title='bbox 603 5273 879 5353; x_wconf 85' lang='lat' dir='ltr'><strong>quatuor</strong></span> <span class='ocrx_word' id='word_1_275' title='bbox 917 5272 1233 5340; x_wconf 88' lang='lat' dir='ltr'><strong>rationes:</strong></span> <span class='ocrx_word' id='word_1_276' title='bbox 1260 5279 1404 5341; x_wconf 91' lang='lat' dir='ltr'><strong>tum</strong></span> <span class='ocrx_word' id='word_1_277' title='bbox 1444 5286 1702 5363; x_wconf 89' lang='lat' dir='ltr'><strong>propter</strong></span> <span class='ocrx_word' id='word_1_278' title='bbox 1727 5282 1869 5363; x_wconf 90' lang='lat' dir='ltr'><strong>hoc,</strong></span> 
     </span>
     <span class='ocr_line' id='line_1_45' title="bbox 333 5377 1868 5470; baseline 0.009 -31"><span class='ocrx_word' id='word_1_279' title='bbox 333 5379 410 5439; x_wconf 87' lang='lat' dir='ltr'><strong>ut</strong></span> <span class='ocrx_word' id='word_1_280' title='bbox 435 5378 562 5467; x_wconf 74' lang='lat' dir='ltr'><strong>sint</strong></span> <span class='ocrx_word' id='word_1_281' title='bbox 584 5377 811 5443; x_wconf 89' lang='lat' dir='ltr'><strong>idonea</strong></span> <span class='ocrx_word' id='word_1_282' title='bbox 835 5380 916 5444; x_wconf 88' lang='lat' dir='ltr'><strong>ad</strong></span> <span class='ocrx_word' id='word_1_283' title='bbox 937 5398 1233 5465; x_wconf 88' lang='lat' dir='ltr'><strong>sensum;</strong></span> <span class='ocrx_word' id='word_1_284' title='bbox 1270 5387 1413 5450; x_wconf 90' lang='lat' dir='ltr'><strong>tum</strong></span> <span class='ocrx_word' id='word_1_285' title='bbox 1439 5386 1700 5470; x_wconf 79' lang='lat' dir='ltr'><strong>propter</strong></span> <span class='ocrx_word' id='word_1_286' title='bbox 1724 5388 1868 5469; x_wconf 87' lang='lat' dir='ltr'><strong>hoc,</strong></span> 
     </span>
    </p>
   </div>
   <div class='ocr_carea' id='block_1_9' title="bbox 3441 418 3561 480">
    <p class='ocr_par' dir='ltr' id='par_1_12' title="bbox 3441 418 3561 480">
     <span class='ocr_line' id='line_1_46' title="bbox 3441 418 3561 480; baseline 0.017 -2"><span class='ocrx_word' id='word_1_287' title='bbox 3441 418 3561 480; x_wconf 71' lang='lat'><strong>615</strong></span> 
     </span>
    </p>
   </div>
   <div class='ocr_carea' id='block_1_10' title="bbox 1979 544 3559 5475">
    <p class='ocr_par' dir='ltr' id='par_1_13' title="bbox 2002 544 3559 2780">
     <span class='ocr_line' id='line_1_47' title="bbox 2016 544 3556 628; baseline 0.005 -21"><span class='ocrx_word' id='word_1_288' title='bbox 2016 548 2093 608; x_wconf 91' lang='lat' dir='ltr'><strong>ut</strong></span> <span class='ocrx_word' id='word_1_289' title='bbox 2116 544 2243 610; x_wconf 86' lang='lat' dir='ltr'><strong>sint</strong></span> <span class='ocrx_word' id='word_1_290' title='bbox 2269 545 2495 609; x_wconf 86' lang='lat' dir='ltr'><strong>idonea</strong></span> <span class='ocrx_word' id='word_1_291' title='bbox 2538 545 2618 610; x_wconf 90' lang='lat' dir='ltr'><strong>ad</strong></span> <span class='ocrx_word' id='word_1_292' title='bbox 2643 548 2923 625; x_wconf 89' lang='lat' dir='ltr'><strong>motum;</strong></span> <span class='ocrx_word' id='word_1_293' title='bbox 2952 551 3097 610; x_wconf 90' lang='lat' dir='ltr'><strong>tum</strong></span> <span class='ocrx_word' id='word_1_294' title='bbox 3127 549 3386 628; x_wconf 89' lang='lat' dir='ltr'><strong>propter</strong></span> <span class='ocrx_word' id='word_1_295' title='bbox 3413 546 3556 628; x_wconf 88' lang='lat' dir='ltr'><strong>hoc,</strong></span> 
     </span>
     <span class='ocr_line' id='line_1_48' title="bbox 2016 652 3554 736; baseline 0.004 -21"><span class='ocrx_word' id='word_1_296' title='bbox 2016 655 2092 716; x_wconf 88' lang='lat' dir='ltr'><strong>ut</strong></span> <span class='ocrx_word' id='word_1_297' title='bbox 2109 652 2236 716; x_wconf 89' lang='lat' dir='ltr'><strong>sint</strong></span> <span class='ocrx_word' id='word_1_298' title='bbox 2251 652 2478 717; x_wconf 90' lang='lat' dir='ltr'><strong>idonea</strong></span> <span class='ocrx_word' id='word_1_299' title='bbox 2495 653 2575 717; x_wconf 87' lang='lat' dir='ltr'><strong>ad</strong></span> <span class='ocrx_word' id='word_1_300' title='bbox 2590 653 3120 736; x_wconf 87' lang='lat' dir='ltr'><strong>multiplicitatem</strong></span> <span class='ocrx_word' id='word_1_301' title='bbox 3135 654 3554 736; x_wconf 83' lang='lat' dir='ltr'><strong>operationis;</strong></span> 
     </span>
     <span class='ocr_line' id='line_1_49' title="bbox 2012 760 3555 843; baseline 0.003 -21"><span class='ocrx_word' id='word_1_302' title='bbox 2012 763 2156 840; x_wconf 71' lang='lat' dir='ltr'><strong>mm</strong></span> <span class='ocrx_word' id='word_1_303' title='bbox 2181 763 2439 843; x_wconf 90' lang='lat' dir='ltr'><strong>propter</strong></span> <span class='ocrx_word' id='word_1_304' title='bbox 2464 760 2608 837; x_wconf 90' lang='lat' dir='ltr'><strong>hoc,</strong></span> <span class='ocrx_word' id='word_1_305' title='bbox 2643 765 2718 825; x_wconf 91' lang='lat' dir='ltr'><strong>ut</strong></span> <span class='ocrx_word' id='word_1_306' title='bbox 2758 760 2825 824; x_wconf 91' lang='lat' dir='ltr'><strong>in</strong></span> <span class='ocrx_word' id='word_1_307' title='bbox 2866 779 2935 825; x_wconf 84' lang='lat' dir='ltr'><strong>se</strong></span> <span class='ocrx_word' id='word_1_308' title='bbox 2959 760 3237 825; x_wconf 88' lang='lat' dir='ltr'><strong>habeant</strong></span> <span class='ocrx_word' id='word_1_309' title='bbox 3276 761 3555 843; x_wconf 88' lang='lat' dir='ltr'><strong>dignita-</strong></span> 
     </span>
     <span class='ocr_line' id='line_1_50' title="bbox 2011 865 3559 952; baseline 0.004 -22"><span class='ocrx_word' id='word_1_310' title='bbox 2011 865 2144 932; x_wconf 79' lang='lat' dir='ltr'><strong>t&#39;em</strong></span> <span class='ocrx_word' id='word_1_311' title='bbox 2184 869 2639 952; x_wconf 83' lang='lat' dir='ltr'><strong>complexionis</strong></span> <span class='ocrx_word' id='word_1_312' title='bbox 2688 888 2707 931; x_wconf 73' lang='grc' dir='ltr'><strong><em>ε</em></strong></span> <span class='ocrx_word' id='word_1_313' title='bbox 2739 886 2888 950; x_wconf 85' lang='lat' dir='ltr'><strong>quae</strong></span> <span class='ocrx_word' id='word_1_314' title='bbox 2933 869 3154 932; x_wconf 94' lang='lat' dir='ltr'><strong>omnia</strong></span> <span class='ocrx_word' id='word_1_315' title='bbox 3189 872 3559 951; x_wconf 87' lang='lat' dir='ltr'><strong>competunt</strong></span> 
     </span>
     <span class='ocr_line' id='line_1_51' title="bbox 2009 973 3553 1057; baseline 0.002 -20"><span class='ocrx_word' id='word_1_316' title='bbox 2009 973 2106 1037; x_wconf 90' lang='lat' dir='ltr'><strong>illi</strong></span> <span class='ocrx_word' id='word_1_317' title='bbox 2138 974 2424 1057; x_wconf 91' lang='lat' dir='ltr'><strong>corpori,</strong></span> <span class='ocrx_word' id='word_1_318' title='bbox 2454 974 2627 1057; x_wconf 89' lang='lat' dir='ltr'><strong>quod</strong></span> <span class='ocrx_word' id='word_1_319' title='bbox 2650 975 2975 1057; x_wconf 85' lang='lat' dir='ltr'><strong>perficitur</strong></span> <span class='ocrx_word' id='word_1_320' title='bbox 3009 975 3227 1040; x_wconf 90' lang='lat' dir='ltr'><strong>anima</strong></span> <span class='ocrx_word' id='word_1_321' title='bbox 3252 976 3553 1041; x_wconf 88' lang='lat' dir='ltr'><strong>sensibili.</strong></span> 
     </span>
     <span class='ocr_line' id='line_1_52' title="bbox 2010 1081 3556 1167; baseline 0.003 -21"><span class='ocrx_word' id='word_1_322' title='bbox 2010 1081 2090 1146; x_wconf 87' lang='lat' dir='ltr'><strong>Et</strong></span> <span class='ocrx_word' id='word_1_323' title='bbox 2125 1086 2383 1165; x_wconf 88' lang='lat' dir='ltr'><strong>propter</strong></span> <span class='ocrx_word' id='word_1_324' title='bbox 2407 1083 2530 1147; x_wconf 90' lang='lat' dir='ltr'><strong>hoc</strong></span> <span class='ocrx_word' id='word_1_325' title='bbox 2562 1083 2791 1147; x_wconf 88' lang='lat' dir='ltr'><strong>dicitur</strong></span> <span class='ocrx_word' id='word_1_326' title='bbox 2821 1084 3056 1148; x_wconf 85' lang='lat' dir='ltr'><strong>habere</strong></span> <span class='ocrx_word' id='word_1_327' title='bbox 3084 1085 3371 1167; x_wconf 87' lang='lat' dir='ltr'><strong>aliquem</strong></span> <span class='ocrx_word' id='word_1_328' title='bbox 3398 1103 3556 1166; x_wconf 86' lang='lat' dir='ltr'><strong>gra-</strong></span> 
     </span>
     <span class='ocr_line' id='line_1_53' title="bbox 2009 1189 3554 1273; baseline 0.004 -20"><span class='ocrx_word' id='word_1_329' title='bbox 2009 1189 2168 1253; x_wconf 88' lang='lat' dir='ltr'><strong>dum</strong></span> <span class='ocrx_word' id='word_1_330' title='bbox 2203 1191 2553 1273; x_wconf 87' lang='lat' dir='ltr'><strong>perfectum</strong></span> <span class='ocrx_word' id='word_1_331' title='bbox 2591 1190 2954 1271; x_wconf 74' lang='lat' dir='ltr'><strong>mixtioniS,</strong></span> <span class='ocrx_word' id='word_1_332' title='bbox 2984 1191 3099 1256; x_wconf 90' lang='lat' dir='ltr'><strong>ubi</strong></span> <span class='ocrx_word' id='word_1_333' title='bbox 3136 1210 3272 1256; x_wconf 89' lang='lat' dir='ltr'><strong>non</strong></span> <span class='ocrx_word' id='word_1_334' title='bbox 3302 1195 3554 1259; x_wconf 87' lang='lat' dir='ltr'><strong>tantum</strong></span> 
     </span>
     <span class='ocr_line' id='line_1_54' title="bbox 2008 1296 3555 1383; baseline 0.004 -24"><span class='ocrx_word' id='word_1_335' title='bbox 2008 1296 2090 1359; x_wconf 87' lang='lat' dir='ltr'><strong>sit</strong></span> <span class='ocrx_word' id='word_1_336' title='bbox 2113 1297 2367 1374; x_wconf 85' lang='lat' dir='ltr'><strong>mixtio,</strong></span> <span class='ocrx_word' id='word_1_337' title='bbox 2397 1297 2507 1362; x_wconf 88' lang='lat' dir='ltr'><strong>sed</strong></span> <span class='ocrx_word' id='word_1_338' title='bbox 2532 1299 2725 1362; x_wconf 89' lang='lat' dir='ltr'><strong>etiam</strong></span> <span class='ocrx_word' id='word_1_339' title='bbox 2744 1299 3080 1382; x_wconf 86' lang='lat' dir='ltr'><strong>completio</strong></span> <span class='ocrx_word' id='word_1_340' title='bbox 3106 1301 3417 1383; x_wconf 82' lang='lat' dir='ltr'><strong>:perfecta</strong></span> <span class='ocrx_word' id='word_1_341' title='bbox 3444 1320 3555 1366; x_wconf 89' lang='lat' dir='ltr'><strong>au·</strong></span> 
     </span>
     <span class='ocr_line' id='line_1_55' title="bbox 2006 1404 3556 1489; baseline 0.005 -23"><span class='ocrx_word' id='word_1_342' title='bbox 2006 1406 2141 1467; x_wconf 91' lang='lat' dir='ltr'><strong>tem</strong></span> <span class='ocrx_word' id='word_1_343' title='bbox 2180 1404 2406 1469; x_wconf 87' lang='lat' dir='ltr'><strong>mixtio</strong></span> <span class='ocrx_word' id='word_1_344' title='bbox 2447 1423 2580 1468; x_wconf 91' lang='lat' dir='ltr'><strong>non</strong></span> <span class='ocrx_word' id='word_1_345' title='bbox 2623 1409 2759 1486; x_wconf 88' lang='lat' dir='ltr'><strong>est,</strong></span> <span class='ocrx_word' id='word_1_346' title='bbox 2790 1425 3126 1489; x_wconf 87' lang='lat' dir='ltr'><strong>quousque</strong></span> <span class='ocrx_word' id='word_1_347' title='bbox 3169 1412 3556 1474; x_wconf 83' lang='lat' dir='ltr'><strong>concurrant</strong></span> 
     </span>
     <span class='ocr_line' id='line_1_56' title="bbox 2007 1512 3553 1597; baseline 0.005 -22"><span class='ocrx_word' id='word_1_348' title='bbox 2007 1514 2288 1594; x_wconf 87' lang='lat' dir='ltr'><strong>quatuor</strong></span> <span class='ocrx_word' id='word_1_349' title='bbox 2305 1512 2639 1578; x_wconf 88' lang='lat' dir='ltr'><strong>elementa.</strong></span> <span class='ocrx_word' id='word_1_350' title='bbox 2672 1512 2858 1597; x_wconf 88' lang='lat' dir='ltr'><strong>Aqua</strong></span> <span class='ocrx_word' id='word_1_351' title='bbox 2886 1516 3083 1592; x_wconf 88' lang='lat' dir='ltr'><strong>enim,</strong></span> <span class='ocrx_word' id='word_1_352' title='bbox 3114 1533 3265 1579; x_wconf 92' lang='lat' dir='ltr'><strong>cum</strong></span> <span class='ocrx_word' id='word_1_353' title='bbox 3288 1516 3370 1580; x_wconf 88' lang='lat' dir='ltr'><strong>sit</strong></span> <span class='ocrx_word' id='word_1_354' title='bbox 3398 1517 3553 1582; x_wconf 90' lang='lat' dir='ltr'><strong>sub-</strong></span> 
     </span>
     <span class='ocr_line' id='line_1_57' title="bbox 2005 1619 3553 1705; baseline 0.004 -21"><span class='ocrx_word' id='word_1_355' title='bbox 2005 1619 2178 1684; x_wconf 86' lang='lat' dir='ltr'><strong>tilior</strong></span> <span class='ocrx_word' id='word_1_356' title='bbox 2204 1624 2376 1684; x_wconf 89' lang='lat' dir='ltr'><strong>terra</strong></span> <span class='ocrx_word' id='word_1_357' title='bbox 2402 1621 2468 1683; x_wconf 90' lang='lat' dir='ltr'><strong>in</strong></span> <span class='ocrx_word' id='word_1_358' title='bbox 2495 1621 2762 1705; x_wconf 88' lang='lat' dir='ltr'><strong>decupla</strong></span> <span class='ocrx_word' id='word_1_359' title='bbox 2788 1622 3197 1705; x_wconf 86' lang='lat' dir='ltr'><strong>proportione</strong></span> <span class='ocrx_word' id='word_1_360' title='bbox 3213 1671 3233 1703; x_wconf 90' lang='lat'><strong>,</strong></span> <span class='ocrx_word' id='word_1_361' title='bbox 3263 1627 3553 1705; x_wconf 87' lang='lat' dir='ltr'><strong>penetrat</strong></span> 
     </span>
     <span class='ocr_line' id='line_1_58' title="bbox 2006 1729 3553 1814; baseline 0.005 -23"><span class='ocrx_word' id='word_1_362' title='bbox 2006 1731 2217 1809; x_wconf 87' lang='lat' dir='ltr'><strong>partes</strong></span> <span class='ocrx_word' id='word_1_363' title='bbox 2244 1732 2463 1806; x_wconf 86' lang='lat' dir='ltr'><strong>terrae;</strong></span> <span class='ocrx_word' id='word_1_364' title='bbox 2496 1729 2606 1793; x_wconf 92' lang='lat' dir='ltr'><strong>sed</strong></span> <span class='ocrx_word' id='word_1_365' title='bbox 2635 1748 2765 1793; x_wconf 89' lang='lat' dir='ltr'><strong>non</strong></span> <span class='ocrx_word' id='word_1_366' title='bbox 2792 1731 3095 1812; x_wconf 81' lang='lat' dir='ltr'><strong>perfecte,</strong></span> <span class='ocrx_word' id='word_1_367' title='bbox 3126 1748 3242 1813; x_wconf 92' lang='lat' dir='ltr'><strong>pro</strong></span> <span class='ocrx_word' id='word_1_368' title='bbox 3277 1749 3354 1795; x_wconf 93' lang='lat' dir='ltr'><strong>eo</strong></span> <span class='ocrx_word' id='word_1_369' title='bbox 3381 1731 3553 1814; x_wconf 89' lang='lat' dir='ltr'><strong>quod</strong></span> 
     </span>
     <span class='ocr_line' id='line_1_59' title="bbox 2003 1834 3553 1920; baseline 0.005 -23"><span class='ocrx_word' id='word_1_370' title='bbox 2003 1834 2288 1917; x_wconf 90' lang='lat' dir='ltr'><strong>aliquam</strong></span> <span class='ocrx_word' id='word_1_371' title='bbox 2316 1835 2546 1899; x_wconf 85' lang='lat' dir='ltr'><strong>habeat</strong></span> <span class='ocrx_word' id='word_1_372' title='bbox 2563 1836 2945 1917; x_wconf 85' lang='lat' dir='ltr'><strong>grossitiem.</strong></span> <span class='ocrx_word' id='word_1_373' title='bbox 2966 1838 3095 1901; x_wconf 89' lang='lat' dir='ltr'><strong>Aer</strong></span> <span class='ocrx_word' id='word_1_374' title='bbox 3118 1856 3296 1916; x_wconf 86' lang='lat' dir='ltr'><strong>vero,</strong></span> <span class='ocrx_word' id='word_1_375' title='bbox 3319 1840 3432 1920; x_wconf 91' lang='lat' dir='ltr'><strong>qui</strong></span> <span class='ocrx_word' id='word_1_376' title='bbox 3459 1842 3553 1904; x_wconf 83' lang='lat' dir='ltr'><strong>est</strong></span> 
     </span>
     <span class='ocr_line' id='line_1_60' title="bbox 2003 1942 3552 2028; baseline 0.003 -22"><span class='ocrx_word' id='word_1_377' title='bbox 2003 1942 2295 2008; x_wconf 89' lang='lat' dir='ltr'><strong>subtilior</strong></span> <span class='ocrx_word' id='word_1_378' title='bbox 2316 1943 2385 2007; x_wconf 92' lang='lat' dir='ltr'><strong>in</strong></span> <span class='ocrx_word' id='word_1_379' title='bbox 2429 1944 2724 2027; x_wconf 88' lang='lat' dir='ltr'><strong>centupla</strong></span> <span class='ocrx_word' id='word_1_380' title='bbox 2750 1946 3188 2028; x_wconf 86' lang='lat' dir='ltr'><strong>proportione,</strong></span> <span class='ocrx_word' id='word_1_381' title='bbox 3218 1945 3430 2010; x_wconf 88' lang='lat' dir='ltr'><strong>adhuc</strong></span> <span class='ocrx_word' id='word_1_382' title='bbox 3454 1946 3552 2012; x_wconf 91' lang='lat' dir='ltr'><strong>in-</strong></span> 
     </span>
     <span class='ocr_line' id='line_1_61' title="bbox 2007 2050 3550 2137; baseline 0.005 -25"><span class='ocrx_word' id='word_1_383' title='bbox 2007 2050 2227 2116; x_wconf 89' lang='lat' dir='ltr'><strong>timius</strong></span> <span class='ocrx_word' id='word_1_384' title='bbox 2251 2069 2317 2115; x_wconf 92' lang='lat' dir='ltr'><strong>se</strong></span> <span class='ocrx_word' id='word_1_385' title='bbox 2340 2052 2702 2135; x_wconf 82' lang='lat' dir='ltr'><strong>profundat.</strong></span> <span class='ocrx_word' id='word_1_386' title='bbox 2747 2051 2870 2117; x_wconf 91' lang='lat' dir='ltr'><strong>Sed</strong></span> <span class='ocrx_word' id='word_1_387' title='bbox 2898 2052 3102 2135; x_wconf 84' lang='lat' dir='ltr'><strong>ignis,</strong></span> <span class='ocrx_word' id='word_1_388' title='bbox 3132 2052 3246 2137; x_wconf 89' lang='lat' dir='ltr'><strong>qui</strong></span> <span class='ocrx_word' id='word_1_389' title='bbox 3271 2058 3366 2117; x_wconf 86' lang='lat' dir='ltr'><strong>est</strong></span> <span class='ocrx_word' id='word_1_390' title='bbox 3392 2053 3550 2119; x_wconf 90' lang='lat' dir='ltr'><strong>sub—</strong></span> 
     </span>
     <span class='ocr_line' id='line_1_62' title="bbox 2002 2159 3551 2246; baseline 0.005 -23"><span class='ocrx_word' id='word_1_391' title='bbox 2002 2159 2176 2224; x_wconf 85' lang='lat' dir='ltr'><strong>tilior</strong></span> <span class='ocrx_word' id='word_1_392' title='bbox 2193 2165 2258 2225; x_wconf 90' lang='lat' dir='ltr'><strong>et</strong></span> <span class='ocrx_word' id='word_1_393' title='bbox 2275 2163 2481 2226; x_wconf 87' lang='lat' dir='ltr'><strong>rarior</strong></span> <span class='ocrx_word' id='word_1_394' title='bbox 2498 2163 2570 2226; x_wconf 90' lang='lat' dir='ltr'><strong>in</strong></span> <span class='ocrx_word' id='word_1_395' title='bbox 2593 2163 2932 2227; x_wconf 89' lang='lat' dir='ltr'><strong>millesima</strong></span> <span class='ocrx_word' id='word_1_396' title='bbox 2948 2163 3381 2246; x_wconf 90' lang='lat' dir='ltr'><strong>proportione,</strong></span> <span class='ocrx_word' id='word_1_397' title='bbox 3402 2166 3551 2231; x_wconf 90' lang='lat' dir='ltr'><strong>sub-</strong></span> 
     </span>
     <span class='ocr_line' id='line_1_63' title="bbox 2005 2268 3549 2352; baseline 0.003 -21"><span class='ocrx_word' id='word_1_398' title='bbox 2005 2268 2233 2332; x_wconf 86' lang='lat' dir='ltr'><strong>tilitate</strong></span> <span class='ocrx_word' id='word_1_399' title='bbox 2258 2287 2375 2334; x_wconf 87' lang='lat' dir='ltr'><strong>sua</strong></span> <span class='ocrx_word' id='word_1_400' title='bbox 2405 2272 2692 2352; x_wconf 87' lang='lat' dir='ltr'><strong>penetrat</strong></span> <span class='ocrx_word' id='word_1_401' title='bbox 2713 2288 2917 2352; x_wconf 85' lang='lat' dir='ltr'><strong>usque</strong></span> <span class='ocrx_word' id='word_1_402' title='bbox 2959 2270 3041 2333; x_wconf 91' lang='lat' dir='ltr'><strong>ad</strong></span> <span class='ocrx_word' id='word_1_403' title='bbox 3076 2268 3306 2334; x_wconf 82' lang='lat' dir='ltr'><strong>intima</strong></span> <span class='ocrx_word' id='word_1_404' title='bbox 3323 2320 3341 2351; x_wconf 91' lang='lat'><strong>,</strong></span> <span class='ocrx_word' id='word_1_405' title='bbox 3374 2275 3438 2336; x_wconf 91' lang='lat' dir='ltr'><strong>et</strong></span> <span class='ocrx_word' id='word_1_406' title='bbox 3459 2272 3549 2336; x_wconf 87' lang='lat' dir='ltr'><strong>sic</strong></span> 
     </span>
     <span class='ocr_line' id='line_1_64' title="bbox 2003 2375 3548 2459; baseline 0.003 -20"><span class='ocrx_word' id='word_1_407' title='bbox 2003 2376 2078 2438; x_wconf 83' lang='lat' dir='ltr'><strong>flt</strong></span> <span class='ocrx_word' id='word_1_408' title='bbox 2095 2375 2291 2440; x_wconf 87' lang='lat' dir='ltr'><strong>altera</strong></span> <span class='ocrx_word' id='word_1_409' title='bbox 2299 2377 2386 2439; x_wconf 91' lang='lat' dir='ltr'><strong>tio</strong></span> <span class='ocrx_word' id='word_1_410' title='bbox 2401 2377 2586 2459; x_wconf 89' lang='lat' dir='ltr'><strong>plena</strong></span> <span class='ocrx_word' id='word_1_411' title='bbox 2605 2395 2811 2459; x_wconf 92' lang='lat' dir='ltr'><strong>usque</strong></span> <span class='ocrx_word' id='word_1_412' title='bbox 2825 2377 2905 2441; x_wconf 88' lang='lat' dir='ltr'><strong>ad</strong></span> <span class='ocrx_word' id='word_1_413' title='bbox 2923 2376 3216 2454; x_wconf 89' lang='lat' dir='ltr'><strong>minima,</strong></span> <span class='ocrx_word' id='word_1_414' title='bbox 3237 2382 3302 2441; x_wconf 88' lang='lat' dir='ltr'><strong>et</strong></span> <span class='ocrx_word' id='word_1_415' title='bbox 3320 2379 3548 2444; x_wconf 89' lang='lat' dir='ltr'><strong>mixtio</strong></span> 
     </span>
     <span class='ocr_line' id='line_1_65' title="bbox 2004 2483 3545 2568; baseline 0.004 -23"><span class='ocrx_word' id='word_1_416' title='bbox 2004 2483 2276 2564; x_wconf 78' lang='lat' dir='ltr'><strong>perfecta</strong></span> <span class='ocrx_word' id='word_1_417' title='bbox 2293 2531 2313 2563; x_wconf 89' lang='lat'><strong>,</strong></span> <span class='ocrx_word' id='word_1_418' title='bbox 2341 2483 2496 2565; x_wconf 91' lang='lat' dir='ltr'><strong>quia</strong></span> <span class='ocrx_word' id='word_1_419' title='bbox 2541 2483 2877 2552; x_wconf 89' lang='lat' dir='ltr'><strong>miscibilia</strong></span> <span class='ocrx_word' id='word_1_420' title='bbox 2915 2488 3069 2548; x_wconf 88' lang='lat' dir='ltr'><strong>sunt</strong></span> <span class='ocrx_word' id='word_1_421' title='bbox 3094 2485 3363 2568; x_wconf 82' lang='lat' dir='ltr'><strong>perfecte</strong></span> <span class='ocrx_word' id='word_1_422' title='bbox 3389 2487 3545 2550; x_wconf 89' lang='lat' dir='ltr'><strong>alte·</strong></span> 
     </span>
     <span class='ocr_line' id='line_1_66' title="bbox 2002 2590 3544 2684; baseline 0.003 -32"><span class='ocrx_word' id='word_1_423' title='bbox 2002 2594 2143 2654; x_wconf 89' lang='lat' dir='ltr'><strong>rata</strong></span> <span class='ocrx_word' id='word_1_424' title='bbox 2177 2612 2192 2654; x_wconf 75' lang='grc' dir='ltr'>ε</span> <span class='ocrx_word' id='word_1_425' title='bbox 2225 2590 2406 2655; x_wconf 84' lang='lat' dir='ltr'><strong>etsie</strong></span> <span class='ocrx_word' id='word_1_426' title='bbox 2449 2594 2622 2673; x_wconf 88' lang='lat' dir='ltr'><strong>patet</strong></span> <span class='ocrx_word' id='word_1_427' title='bbox 2643 2592 2813 2684; x_wconf 86' lang='lat' dir='ltr'><strong>quod</strong></span> <span class='ocrx_word' id='word_1_428' title='bbox 2842 2592 3052 2656; x_wconf 87' lang='lat' dir='ltr'><strong>taliter</strong></span> <span class='ocrx_word' id='word_1_429' title='bbox 3093 2592 3324 2657; x_wconf 89' lang='lat' dir='ltr'><strong>debent</strong></span> <span class='ocrx_word' id='word_1_430' title='bbox 3362 2612 3544 2658; x_wconf 89' lang='lat' dir='ltr'><strong>com-</strong></span> 
     </span>
     <span class='ocr_line' id='line_1_67' title="bbox 2002 2696 3538 2780; baseline 0.004 -20"><span class='ocrx_word' id='word_1_431' title='bbox 2002 2696 2156 2779; x_wconf 91' lang='lat' dir='ltr'><strong>poni</strong></span> <span class='ocrx_word' id='word_1_432' title='bbox 2183 2715 2448 2780; x_wconf 90' lang='lat' dir='ltr'><strong>corpora</strong></span> <span class='ocrx_word' id='word_1_433' title='bbox 2473 2697 2856 2779; x_wconf 84' lang='lat' dir='ltr'><strong>perficienda</strong></span> <span class='ocrx_word' id='word_1_434' title='bbox 2883 2699 2964 2762; x_wconf 89' lang='lat' dir='ltr'><strong>ab</strong></span> <span class='ocrx_word' id='word_1_435' title='bbox 2988 2699 3206 2764; x_wconf 88' lang='lat' dir='ltr'><strong>anima</strong></span> <span class='ocrx_word' id='word_1_436' title='bbox 3228 2700 3538 2766; x_wconf 89' lang='lat' dir='ltr'><strong>sensibili.</strong></span> 
     </span>
    </p>

    <p class='ocr_par' dir='ltr' id='par_1_14' title="bbox 1999 2804 3543 3210">
     <span class='ocr_line' id='line_1_68' title="bbox 2085 2804 3543 2888; baseline 0.005 -22"><span class='ocrx_word' id='word_1_437' title='bbox 2085 2807 2144 2867; x_wconf 94' lang='lat'><strong>1.</strong></span> <span class='ocrx_word' id='word_1_438' title='bbox 2171 2805 2267 2869; x_wconf 87' lang='lat' dir='ltr'><strong>Ad</strong></span> <span class='ocrx_word' id='word_1_439' title='bbox 2299 2804 2458 2869; x_wconf 89' lang='lat' dir='ltr'><strong>illud</strong></span> <span class='ocrx_word' id='word_1_440' title='bbox 2484 2823 2640 2870; x_wconf 86' lang='lat' dir='ltr'><strong>vero</strong></span> <span class='ocrx_word' id='word_1_441' title='bbox 2675 2805 2847 2888; x_wconf 90' lang='lat' dir='ltr'><strong>quod</strong></span> <span class='ocrx_word' id='word_1_442' title='bbox 2874 2806 3173 2888; x_wconf 86' lang='lat' dir='ltr'><strong>objicitur</strong></span> <span class='ocrx_word' id='word_1_443' title='bbox 3203 2808 3282 2872; x_wconf 89' lang='lat' dir='ltr'><strong>de</strong></span> <span class='ocrx_word' id='word_1_444' title='bbox 3315 2812 3543 2873; x_wconf 88' lang='lat' dir='ltr'><strong>aucto-</strong></span> 
     </span>
     <span class='ocr_line' id='line_1_69' title="bbox 2001 2910 3542 2995; baseline 0.004 -21"><span class='ocrx_word' id='word_1_445' title='bbox 2001 2910 2186 2976; x_wconf 88' lang='lat' dir='ltr'><strong>ritate</strong></span> <span class='ocrx_word' id='word_1_446' title='bbox 2217 2911 2504 2987; x_wconf 80' lang='lat' dir='ltr'><strong>Genesi8;</strong></span> <span class='ocrx_word' id='word_1_447' title='bbox 2536 2912 2877 2978; x_wconf 88' lang='lat' dir='ltr'><strong>dicendum</strong></span> <span class='ocrx_word' id='word_1_448' title='bbox 2913 2912 3084 2995; x_wconf 90' lang='lat' dir='ltr'><strong>quod</strong></span> <span class='ocrx_word' id='word_1_449' title='bbox 3119 2913 3275 2977; x_wconf 89' lang='lat' dir='ltr'><strong>illud</strong></span> <span class='ocrx_word' id='word_1_450' title='bbox 3300 2914 3542 2980; x_wconf 88' lang='lat' dir='ltr'><strong>dictum</strong></span> 
     </span>
     <span class='ocr_line' id='line_1_70' title="bbox 2001 3019 3543 3106; baseline 0.003 -24"><span class='ocrx_word' id='word_1_451' title='bbox 2001 3022 2097 3082; x_wconf 87' lang='lat' dir='ltr'><strong>est</strong></span> <span class='ocrx_word' id='word_1_452' title='bbox 2121 3036 2235 3101; x_wconf 91' lang='lat' dir='ltr'><strong>per</strong></span> <span class='ocrx_word' id='word_1_453' title='bbox 2270 3020 2615 3102; x_wconf 87' lang='lat' dir='ltr'><strong>quamdam</strong></span> <span class='ocrx_word' id='word_1_454' title='bbox 2641 3019 3257 3103; x_wconf 79' lang='lat' dir='ltr'><strong>praedominanfiam,</strong></span> <span class='ocrx_word' id='word_1_455' title='bbox 3289 3021 3543 3106; x_wconf 87' lang='lat' dir='ltr'><strong>siveap-</strong></span> 
     </span>
     <span class='ocr_line' id='line_1_71' title="bbox 1999 3128 3445 3210; baseline 0.001 -18"><span class='ocrx_word' id='word_1_456' title='bbox 1999 3128 2521 3210; x_wconf 89' lang='lat' dir='ltr'><strong>propriationem,</strong></span> <span class='ocrx_word' id='word_1_457' title='bbox 2550 3128 2714 3192; x_wconf 88' lang='lat' dir='ltr'><strong>sicut</strong></span> <span class='ocrx_word' id='word_1_458' title='bbox 2739 3128 2968 3191; x_wconf 89' lang='lat' dir='ltr'><strong>melius</strong></span> <span class='ocrx_word' id='word_1_459' title='bbox 2996 3128 3232 3209; x_wconf 90' lang='lat' dir='ltr'><strong>patebit</strong></span> <span class='ocrx_word' id='word_1_460' title='bbox 3257 3128 3445 3194; x_wconf 78' lang='lat' dir='ltr'><strong>infra.</strong></span> 
     </span>
    </p>

    <p class='ocr_par' dir='ltr' id='par_1_15' title="bbox 1990 3234 3547 4177">
     <span class='ocr_line' id='line_1_72' title="bbox 2081 3234 3544 3319; baseline 0.004 -20"><span class='ocrx_word' id='word_1_461' title='bbox 2081 3240 2141 3299; x_wconf 78' lang='lat'><strong>2.</strong></span> <span class='ocrx_word' id='word_1_462' title='bbox 2173 3236 2272 3299; x_wconf 90' lang='lat' dir='ltr'><strong>Ad</strong></span> <span class='ocrx_word' id='word_1_463' title='bbox 2291 3236 2446 3302; x_wconf 90' lang='lat' dir='ltr'><strong>illud</strong></span> <span class='ocrx_word' id='word_1_464' title='bbox 2477 3236 2649 3319; x_wconf 89' lang='lat' dir='ltr'><strong>quod</strong></span> <span class='ocrx_word' id='word_1_465' title='bbox 2666 3234 2983 3318; x_wconf 88' lang='lat' dir='ltr'><strong>objicitur,</strong></span> <span class='ocrx_word' id='word_1_466' title='bbox 3015 3236 3187 3317; x_wconf 90' lang='lat' dir='ltr'><strong>quod</strong></span> <span class='ocrx_word' id='word_1_467' title='bbox 3208 3236 3414 3302; x_wconf 86' lang='lat' dir='ltr'><strong>forma</strong></span> <span class='ocrx_word' id='word_1_468' title='bbox 3440 3240 3544 3304; x_wconf 87' lang='lat' dir='ltr'><strong>de-</strong></span> 
     </span>
     <span class='ocr_line' id='line_1_73' title="bbox 1998 3341 3547 3427; baseline 0.003 -20"><span class='ocrx_word' id='word_1_469' title='bbox 1998 3343 2107 3407; x_wconf 87' lang='lat' dir='ltr'><strong>bet</strong></span> <span class='ocrx_word' id='word_1_470' title='bbox 2145 3343 2613 3426; x_wconf 88' lang='lat' dir='ltr'><strong>proportionari</strong></span> <span class='ocrx_word' id='word_1_471' title='bbox 2642 3341 2960 3420; x_wconf 80' lang='lat' dir='ltr'><strong>materiae3</strong></span> <span class='ocrx_word' id='word_1_472' title='bbox 3002 3341 3339 3407; x_wconf 89' lang='lat' dir='ltr'><strong>dicendum</strong></span> <span class='ocrx_word' id='word_1_473' title='bbox 3365 3345 3547 3427; x_wconf 84' lang='lat' dir='ltr'><strong>quod</strong></span> 
     </span>
     <span class='ocr_line' id='line_1_74' title="bbox 1997 3449 3541 3534; baseline -0.001 -17"><span class='ocrx_word' id='word_1_474' title='bbox 1997 3468 2230 3517; x_wconf 83' lang='lat' dir='ltr'><strong>verum</strong></span> <span class='ocrx_word' id='word_1_475' title='bbox 2256 3452 2444 3515; x_wconf 91' lang='lat' dir='ltr'><strong>estin</strong></span> <span class='ocrx_word' id='word_1_476' title='bbox 2471 3449 2936 3515; x_wconf 89' lang='lat' dir='ltr'><strong>conditionibus</strong></span> <span class='ocrx_word' id='word_1_477' title='bbox 2954 3497 2971 3529; x_wconf 91' lang='lat'><strong>,</strong></span> <span class='ocrx_word' id='word_1_478' title='bbox 2998 3468 3145 3531; x_wconf 82' lang='lat' dir='ltr'><strong>quae</strong></span> <span class='ocrx_word' id='word_1_479' title='bbox 3172 3455 3541 3534; x_wconf 90' lang='lat' dir='ltr'><strong>competunt</strong></span> 
     </span>
     <span class='ocr_line' id='line_1_75' title="bbox 1998 3557 3539 3640; baseline 0.001 -19"><span class='ocrx_word' id='word_1_480' title='bbox 1998 3559 2208 3639; x_wconf 89' lang='lat' dir='ltr'><strong>magis</strong></span> <span class='ocrx_word' id='word_1_481' title='bbox 2237 3557 2360 3640; x_wconf 90' lang='lat' dir='ltr'><strong>ipsi</strong></span> <span class='ocrx_word' id='word_1_482' title='bbox 2409 3557 2635 3621; x_wconf 79' lang='lat' dir='ltr'><strong>formae</strong></span> <span class='ocrx_word' id='word_1_483' title='bbox 2671 3578 2686 3620; x_wconf 72' lang='grc' dir='ltr'>ε</span> <span class='ocrx_word' id='word_1_484' title='bbox 2718 3557 2933 3621; x_wconf 90' lang='lat' dir='ltr'><strong>anima</strong></span> <span class='ocrx_word' id='word_1_485' title='bbox 2974 3561 3213 3637; x_wconf 88' lang='lat' dir='ltr'><strong>autem,</strong></span> <span class='ocrx_word' id='word_1_486' title='bbox 3264 3577 3415 3622; x_wconf 89' lang='lat' dir='ltr'><strong>cum</strong></span> <span class='ocrx_word' id='word_1_487' title='bbox 3458 3559 3539 3623; x_wconf 90' lang='lat' dir='ltr'><strong>sit</strong></span> 
     </span>
     <span class='ocr_line' id='line_1_76' title="bbox 1995 3664 3537 3749; baseline 0 -19"><span class='ocrx_word' id='word_1_488' title='bbox 1995 3665 2268 3747; x_wconf 86' lang='lat' dir='ltr'><strong>simplex</strong></span> <span class='ocrx_word' id='word_1_489' title='bbox 2307 3665 2378 3729; x_wconf 90' lang='lat' dir='ltr'><strong>in</strong></span> <span class='ocrx_word' id='word_1_490' title='bbox 2407 3664 2794 3744; x_wconf 85' lang='lat' dir='ltr'><strong>substantia,</strong></span> <span class='ocrx_word' id='word_1_491' title='bbox 2827 3666 3165 3749; x_wconf 84' lang='lat' dir='ltr'><strong>multiplex</strong></span> <span class='ocrx_word' id='word_1_492' title='bbox 3185 3670 3279 3730; x_wconf 90' lang='lat' dir='ltr'><strong>est</strong></span> <span class='ocrx_word' id='word_1_493' title='bbox 3318 3666 3385 3729; x_wconf 90' lang='lat' dir='ltr'><strong>in</strong></span> <span class='ocrx_word' id='word_1_494' title='bbox 3411 3668 3537 3731; x_wconf 91' lang='lat' dir='ltr'><strong>vir-</strong></span> 
     </span>
     <span class='ocr_line' id='line_1_77' title="bbox 1995 3772 3538 3855; baseline 0.002 -20"><span class='ocrx_word' id='word_1_495' title='bbox 1995 3774 2131 3836; x_wconf 90' lang='lat' dir='ltr'><strong>tute</strong></span> <span class='ocrx_word' id='word_1_496' title='bbox 2164 3794 2178 3836; x_wconf 92' lang='lat'>:</span> <span class='ocrx_word' id='word_1_497' title='bbox 2212 3777 2276 3836; x_wconf 89' lang='lat' dir='ltr'><strong>et</strong></span> <span class='ocrx_word' id='word_1_498' title='bbox 2306 3772 2448 3837; x_wconf 90' lang='lat' dir='ltr'><strong>ideo</strong></span> <span class='ocrx_word' id='word_1_499' title='bbox 2476 3790 2609 3836; x_wconf 91' lang='lat' dir='ltr'><strong>non</strong></span> <span class='ocrx_word' id='word_1_500' title='bbox 2645 3773 2945 3854; x_wconf 88' lang='lat' dir='ltr'><strong>competit</strong></span> <span class='ocrx_word' id='word_1_501' title='bbox 2980 3776 3055 3836; x_wconf 91' lang='lat' dir='ltr'><strong>ut</strong></span> <span class='ocrx_word' id='word_1_502' title='bbox 3089 3790 3318 3855; x_wconf 90' lang='lat' dir='ltr'><strong>corpus</strong></span> <span class='ocrx_word' id='word_1_503' title='bbox 3344 3773 3402 3837; x_wconf 91' lang='lat' dir='ltr'><strong>ei</strong></span> <span class='ocrx_word' id='word_1_504' title='bbox 3428 3792 3538 3838; x_wconf 89' lang='lat' dir='ltr'><strong>as-</strong></span> 
     </span>
     <span class='ocr_line' id='line_1_78' title="bbox 1993 3877 3535 3960; baseline 0.001 -19"><span class='ocrx_word' id='word_1_505' title='bbox 1993 3878 2307 3943; x_wconf 88' lang='lat' dir='ltr'><strong>similetur</strong></span> <span class='ocrx_word' id='word_1_506' title='bbox 2334 3878 2401 3941; x_wconf 90' lang='lat' dir='ltr'><strong>in</strong></span> <span class='ocrx_word' id='word_1_507' title='bbox 2444 3877 2846 3959; x_wconf 86' lang='lat' dir='ltr'><strong>simplicitate</strong></span> <span class='ocrx_word' id='word_1_508' title='bbox 2867 3926 2885 3957; x_wconf 91' lang='lat'><strong>,</strong></span> <span class='ocrx_word' id='word_1_509' title='bbox 2927 3895 3043 3960; x_wconf 90' lang='lat' dir='ltr'><strong>pro</strong></span> <span class='ocrx_word' id='word_1_510' title='bbox 3070 3896 3147 3943; x_wconf 93' lang='lat' dir='ltr'><strong>eo</strong></span> <span class='ocrx_word' id='word_1_511' title='bbox 3172 3878 3343 3960; x_wconf 90' lang='lat' dir='ltr'><strong>quod</strong></span> <span class='ocrx_word' id='word_1_512' title='bbox 3374 3879 3535 3944; x_wconf 86' lang='lat' dir='ltr'><strong>sim·-</strong></span> 
     </span>
     <span class='ocr_line' id='line_1_79' title="bbox 1992 3987 3536 4070; baseline 0.001 -18"><span class='ocrx_word' id='word_1_513' title='bbox 1992 3987 2236 4070; x_wconf 90' lang='lat' dir='ltr'><strong>plicitas</strong></span> <span class='ocrx_word' id='word_1_514' title='bbox 2287 3987 2631 4070; x_wconf 87' lang='lat' dir='ltr'><strong>corporalis</strong></span> <span class='ocrx_word' id='word_1_515' title='bbox 2700 3989 3024 4068; x_wconf 88' lang='lat' dir='ltr'><strong>repugnat</strong></span> <span class='ocrx_word' id='word_1_516' title='bbox 3084 3987 3536 4070; x_wconf 89' lang='lat' dir='ltr'><strong>multiplicitati</strong></span> 
     </span>
     <span class='ocr_line' id='line_1_80' title="bbox 1990 4088 3152 4177; baseline -0.002 -18"><span class='ocrx_word' id='word_1_517' title='bbox 1990 4088 2248 4159; x_wconf 81' lang='lat' dir='ltr'><strong>virtutis</strong></span> <span class='ocrx_word' id='word_1_518' title='bbox 2276 4114 2294 4158; x_wconf 70' lang='grc' dir='ltr'><strong><em>ε</em></strong></span> <span class='ocrx_word' id='word_1_519' title='bbox 2327 4099 2390 4160; x_wconf 92' lang='lat' dir='ltr'><strong>et</strong></span> <span class='ocrx_word' id='word_1_520' title='bbox 2413 4112 2528 4177; x_wconf 89' lang='lat' dir='ltr'><strong>per</strong></span> <span class='ocrx_word' id='word_1_521' title='bbox 2553 4095 2674 4159; x_wconf 90' lang='lat' dir='ltr'><strong>hoc</strong></span> <span class='ocrx_word' id='word_1_522' title='bbox 2696 4097 2868 4176; x_wconf 88' lang='lat' dir='ltr'><strong>patet</strong></span> <span class='ocrx_word' id='word_1_523' title='bbox 2896 4094 3152 4159; x_wconf 86' lang='lat' dir='ltr'><strong>solutio.</strong></span> 
     </span>
    </p>

    <p class='ocr_par' dir='ltr' id='par_1_16' title="bbox 1979 4201 3536 5475">
     <span class='ocr_line' id='line_1_81' title="bbox 2072 4201 3535 4288; baseline 0.005 -23"><span class='ocrx_word' id='word_1_524' title='bbox 2072 4206 2131 4265; x_wconf 92' lang='lat'><strong>3.</strong></span> <span class='ocrx_word' id='word_1_525' title='bbox 2184 4203 2283 4265; x_wconf 90' lang='lat' dir='ltr'><strong>Ad</strong></span> <span class='ocrx_word' id='word_1_526' title='bbox 2328 4201 2487 4267; x_wconf 90' lang='lat' dir='ltr'><strong>illud</strong></span> <span class='ocrx_word' id='word_1_527' title='bbox 2541 4201 2711 4284; x_wconf 85' lang='lat' dir='ltr'><strong>quod</strong></span> <span class='ocrx_word' id='word_1_528' title='bbox 2759 4202 2947 4266; x_wconf 90' lang='lat' dir='ltr'><strong>tertio</strong></span> <span class='ocrx_word' id='word_1_529' title='bbox 2992 4202 3318 4286; x_wconf 86' lang='lat' dir='ltr'><strong>objicitur,</strong></span> <span class='ocrx_word' id='word_1_530' title='bbox 3365 4207 3535 4288; x_wconf 90' lang='lat' dir='ltr'><strong>quod</strong></span> 
     </span>
     <span class='ocr_line' id='line_1_82' title="bbox 1987 4309 3535 4392; baseline 0.003 -19"><span class='ocrx_word' id='word_1_531' title='bbox 1987 4315 2230 4392; x_wconf 88' lang='lat' dir='ltr'><strong>quanto</strong></span> <span class='ocrx_word' id='word_1_532' title='bbox 2283 4309 2525 4392; x_wconf 87' lang='lat' dir='ltr'><strong>aliquid</strong></span> <span class='ocrx_word' id='word_1_533' title='bbox 2579 4309 2990 4390; x_wconf 89' lang='lat' dir='ltr'><strong>compositius</strong></span> <span class='ocrx_word' id='word_1_534' title='bbox 3009 4358 3027 4389; x_wconf 92' lang='lat'><strong>,</strong></span> <span class='ocrx_word' id='word_1_535' title='bbox 3085 4314 3262 4375; x_wconf 86' lang='lat' dir='ltr'><strong>tanto</strong></span> <span class='ocrx_word' id='word_1_536' title='bbox 3316 4314 3535 4379; x_wconf 90' lang='lat' dir='ltr'><strong>minus</strong></span> 
     </span>
     <span class='ocr_line' id='line_1_83' title="bbox 1987 4415 3536 4501; baseline 0.004 -20"><span class='ocrx_word' id='word_1_537' title='bbox 1987 4418 2371 4501; x_wconf 80' lang='lat' dir='ltr'><strong>perfectum3</strong></span> <span class='ocrx_word' id='word_1_538' title='bbox 2402 4415 2743 4481; x_wconf 87' lang='lat' dir='ltr'><strong>dicendum</strong></span> <span class='ocrx_word' id='word_1_539' title='bbox 2779 4416 2952 4498; x_wconf 90' lang='lat' dir='ltr'><strong>quod</strong></span> <span class='ocrx_word' id='word_1_540' title='bbox 2991 4417 3107 4481; x_wconf 87' lang='lat' dir='ltr'><strong>etsi</strong></span> <span class='ocrx_word' id='word_1_541' title='bbox 3144 4418 3267 4483; x_wconf 92' lang='lat' dir='ltr'><strong>hoc</strong></span> <span class='ocrx_word' id='word_1_542' title='bbox 3306 4419 3536 4487; x_wconf 86' lang='lat' dir='ltr'><strong>babeat</strong></span> 
     </span>
     <span class='ocr_line' id='line_1_84' title="bbox 1987 4521 3533 4607; baseline 0.002 -18"><span class='ocrx_word' id='word_1_543' title='bbox 1987 4524 2319 4589; x_wconf 85' lang='lat' dir='ltr'><strong>veritatem</strong></span> <span class='ocrx_word' id='word_1_544' title='bbox 2362 4523 2434 4586; x_wconf 89' lang='lat' dir='ltr'><strong>in</strong></span> <span class='ocrx_word' id='word_1_545' title='bbox 2483 4521 2815 4605; x_wconf 89' lang='lat' dir='ltr'><strong>spiritibus</strong></span> <span class='ocrx_word' id='word_1_546' title='bbox 2832 4571 2852 4602; x_wconf 92' lang='lat'><strong>,</strong></span> <span class='ocrx_word' id='word_1_547' title='bbox 2903 4541 3182 4605; x_wconf 90' lang='lat' dir='ltr'><strong>quorum</strong></span> <span class='ocrx_word' id='word_1_548' title='bbox 3234 4527 3533 4607; x_wconf 78' lang='lat' dir='ltr'><strong>perfectio</strong></span> 
     </span>
     <span class='ocr_line' id='line_1_85' title="bbox 1984 4630 3526 4716; baseline 0.002 -20"><span class='ocrx_word' id='word_1_549' title='bbox 1984 4631 2335 4697; x_wconf 86' lang='lat' dir='ltr'><strong>attenditur</strong></span> <span class='ocrx_word' id='word_1_550' title='bbox 2361 4649 2475 4713; x_wconf 93' lang='lat' dir='ltr'><strong>per</strong></span> <span class='ocrx_word' id='word_1_551' title='bbox 2497 4648 2820 4695; x_wconf 87' lang='lat' dir='ltr'><strong>accessum</strong></span> <span class='ocrx_word' id='word_1_552' title='bbox 2845 4630 2927 4695; x_wconf 87' lang='lat' dir='ltr'><strong>ad</strong></span> <span class='ocrx_word' id='word_1_553' title='bbox 2954 4649 3208 4697; x_wconf 89' lang='lat' dir='ltr'><strong>summe</strong></span> <span class='ocrx_word' id='word_1_554' title='bbox 3232 4633 3526 4716; x_wconf 84' lang='lat' dir='ltr'><strong>simplex,</strong></span> 
     </span>
     <span class='ocr_line' id='line_1_86' title="bbox 1985 4740 3527 4825; baseline 0 -18"><span class='ocrx_word' id='word_1_555' title='bbox 1985 4762 2118 4807; x_wconf 90' lang='lat' dir='ltr'><strong>non</strong></span> <span class='ocrx_word' id='word_1_556' title='bbox 2151 4746 2367 4806; x_wconf 90' lang='lat' dir='ltr'><strong>tamen</strong></span> <span class='ocrx_word' id='word_1_557' title='bbox 2406 4740 2599 4804; x_wconf 87' lang='lat' dir='ltr'><strong>habet</strong></span> <span class='ocrx_word' id='word_1_558' title='bbox 2632 4741 2967 4805; x_wconf 86' lang='lat' dir='ltr'><strong>veritatem</strong></span> <span class='ocrx_word' id='word_1_559' title='bbox 3006 4741 3077 4806; x_wconf 88' lang='lat' dir='ltr'><strong>in</strong></span> <span class='ocrx_word' id='word_1_560' title='bbox 3118 4744 3490 4825; x_wconf 89' lang='lat' dir='ltr'><strong>corporibus</strong></span> <span class='ocrx_word' id='word_1_561' title='bbox 3509 4792 3527 4822; x_wconf 93' lang='lat'><strong>,</strong></span> 
     </span>
     <span class='ocr_line' id='line_1_87' title="bbox 1983 4847 3528 4933; baseline -0.001 -18"><span class='ocrx_word' id='word_1_562' title='bbox 1983 4851 2054 4915; x_wconf 88' lang='lat' dir='ltr'><strong>in</strong></span> <span class='ocrx_word' id='word_1_563' title='bbox 2100 4852 2334 4933; x_wconf 90' lang='lat' dir='ltr'><strong>quibus</strong></span> <span class='ocrx_word' id='word_1_564' title='bbox 2377 4848 2829 4930; x_wconf 82' lang='lat' dir='ltr'><strong>magnificatur</strong></span> <span class='ocrx_word' id='word_1_565' title='bbox 2866 4847 3075 4913; x_wconf 85' lang='lat' dir='ltr'><strong>virtus</strong></span> <span class='ocrx_word' id='word_1_566' title='bbox 3119 4867 3202 4913; x_wconf 92' lang='lat' dir='ltr'><strong>ex</strong></span> <span class='ocrx_word' id='word_1_567' title='bbox 3246 4851 3528 4932; x_wconf 90' lang='lat' dir='ltr'><strong>partium</strong></span> 
     </span>
     <span class='ocr_line' id='line_1_88' title="bbox 1983 4956 3525 5041; baseline 0 -18"><span class='ocrx_word' id='word_1_568' title='bbox 1983 4960 2450 5041; x_wconf 88' lang='lat' dir='ltr'><strong>magnitudine,</strong></span> <span class='ocrx_word' id='word_1_569' title='bbox 2472 4958 2639 5023; x_wconf 90' lang='lat' dir='ltr'><strong>sicut</strong></span> <span class='ocrx_word' id='word_1_570' title='bbox 2658 4956 2865 5038; x_wconf 89' lang='lat' dir='ltr'><strong>magis</strong></span> <span class='ocrx_word' id='word_1_571' title='bbox 2884 4958 3013 5021; x_wconf 89' lang='lat' dir='ltr'><strong>urit</strong></span> <span class='ocrx_word' id='word_1_572' title='bbox 3033 4976 3312 5040; x_wconf 87' lang='lat' dir='ltr'><strong>magnus</strong></span> <span class='ocrx_word' id='word_1_573' title='bbox 3329 4959 3525 5041; x_wconf 79' lang='lat' dir='ltr'><strong>igniS,</strong></span> 
     </span>
     <span class='ocr_line' id='line_1_89' title="bbox 1981 5064 3525 5149; baseline -0.001 -18"><span class='ocrx_word' id='word_1_574' title='bbox 1981 5086 2180 5149; x_wconf 88' lang='lat' dir='ltr'><strong>quam</strong></span> <span class='ocrx_word' id='word_1_575' title='bbox 2233 5084 2506 5149; x_wconf 85' lang='lat' dir='ltr'><strong>parvus;</strong></span> <span class='ocrx_word' id='word_1_576' title='bbox 2556 5070 2619 5129; x_wconf 89' lang='lat' dir='ltr'><strong>et</strong></span> <span class='ocrx_word' id='word_1_577' title='bbox 2665 5064 3064 5147; x_wconf 80' lang='lat' dir='ltr'><strong>plurificatur</strong></span> <span class='ocrx_word' id='word_1_578' title='bbox 3111 5084 3194 5130; x_wconf 91' lang='lat' dir='ltr'><strong>ex</strong></span> <span class='ocrx_word' id='word_1_579' title='bbox 3242 5067 3525 5149; x_wconf 87' lang='lat' dir='ltr'><strong>partium</strong></span> 
     </span>
     <span class='ocr_line' id='line_1_90' title="bbox 1981 5172 3530 5257; baseline 0.001 -19"><span class='ocrx_word' id='word_1_580' title='bbox 1981 5174 2392 5239; x_wconf 89' lang='lat' dir='ltr'><strong>multitudine</strong></span> <span class='ocrx_word' id='word_1_581' title='bbox 2408 5222 2425 5251; x_wconf 92' lang='lat'><strong>,</strong></span> <span class='ocrx_word' id='word_1_582' title='bbox 2456 5174 2620 5237; x_wconf 89' lang='lat' dir='ltr'><strong>sicut</strong></span> <span class='ocrx_word' id='word_1_583' title='bbox 2644 5172 2905 5254; x_wconf 85' lang='lat' dir='ltr'><strong>majoris</strong></span> <span class='ocrx_word' id='word_1_584' title='bbox 2931 5172 3187 5238; x_wconf 86' lang='lat' dir='ltr'><strong>virtutis</strong></span> <span class='ocrx_word' id='word_1_585' title='bbox 3215 5178 3310 5238; x_wconf 89' lang='lat' dir='ltr'><strong>est</strong></span> <span class='ocrx_word' id='word_1_586' title='bbox 3336 5193 3530 5257; x_wconf 86' lang='lat' dir='ltr'><strong>syru-</strong></span> 
     </span>
     <span class='ocr_line' id='line_1_91' title="bbox 1979 5280 3527 5366; baseline 0.001 -18"><span class='ocrx_word' id='word_1_587' title='bbox 1979 5301 2105 5366; x_wconf 90' lang='lat' dir='ltr'><strong>pus</strong></span> <span class='ocrx_word' id='word_1_588' title='bbox 2129 5281 2539 5365; x_wconf 88' lang='lat' dir='ltr'><strong>compositus,</strong></span> <span class='ocrx_word' id='word_1_589' title='bbox 2569 5298 2766 5363; x_wconf 86' lang='lat' dir='ltr'><strong>quam</strong></span> <span class='ocrx_word' id='word_1_590' title='bbox 2790 5280 3006 5362; x_wconf 89' lang='lat' dir='ltr'><strong>liquor</strong></span> <span class='ocrx_word' id='word_1_591' title='bbox 3030 5281 3485 5365; x_wconf 86' lang='lat' dir='ltr'><strong>impermixtus</strong></span> <span class='ocrx_word' id='word_1_592' title='bbox 3512 5307 3527 5349; x_wconf 91' lang='lat'>:</span> 
     </span>
     <span class='ocr_line' id='line_1_92' title="bbox 1985 5386 3536 5475; baseline 0.004 -20"><span class='ocrx_word' id='word_1_593' title='bbox 1985 5394 2051 5455; x_wconf 93' lang='lat' dir='ltr'><strong>et</strong></span> <span class='ocrx_word' id='word_1_594' title='bbox 2080 5389 2221 5456; x_wconf 90' lang='lat' dir='ltr'><strong>ideo</strong></span> <span class='ocrx_word' id='word_1_595' title='bbox 2242 5388 2452 5470; x_wconf 72' lang='lat' dir='ltr'><strong>⁸homo</strong></span> <span class='ocrx_word' id='word_1_596' title='bbox 2465 5435 2485 5466; x_wconf 93' lang='lat'><strong>,</strong></span> <span class='ocrx_word' id='word_1_597' title='bbox 2514 5386 2629 5469; x_wconf 87' lang='lat' dir='ltr'><strong>qui</strong></span> <span class='ocrx_word' id='word_1_598' title='bbox 2659 5386 2825 5452; x_wconf 81' lang='lat' dir='ltr'><strong>inter</strong></span> <span class='ocrx_word' id='word_1_599' title='bbox 2850 5390 3079 5454; x_wconf 68' lang='lat' dir='ltr'><strong>caetera</strong></span> <span class='ocrx_word' id='word_1_600' title='bbox 3103 5389 3407 5457; x_wconf 81' lang='lat' dir='ltr'><strong>animalia</strong></span> <span class='ocrx_word' id='word_1_601' title='bbox 3431 5394 3536 5475; x_wconf 76' lang='lat' dir='ltr'><strong>est</strong></span> 
     </span>
    </p>
   </div>
  </div>
 </body>
</html>
