<?xml version="1.0" encoding="UTF-8"?>
<!DOCTYPE html PUBLIC "-//W3C//DTD XHTML 1.0 Transitional//EN"
    "http://www.w3.org/TR/xhtml1/DTD/xhtml1-transitional.dtd">
<html xmlns="http://www.w3.org/1999/xhtml" xml:lang="en" lang="en">
 <head>
  <title>
</title>
<meta http-equiv="Content-Type" content="text/html;charset=utf-8" />
  <meta name='ocr-system' content='tesseract 3.04.00' />
  <meta name='ocr-capabilities' content='ocr_page ocr_carea ocr_par ocr_line ocrx_word'/>
</head>
<body>
  <div class='ocr_page' id='page_1' title='image "./srecardinalissb01peltgoog_0596.png"; bbox 0 0 4125 6225; ppageno 0'>
   <div class='ocr_carea' id='block_1_1' title="bbox 668 452 788 513">
    <p class='ocr_par' dir='ltr' id='par_1_1' title="bbox 668 452 788 513">
     <span class='ocr_line' id='line_1_1' title="bbox 668 452 788 513; baseline 0 0"><span class='ocrx_word' id='word_1_1' title='bbox 668 452 788 513; x_wconf 66' lang='lat'><strong>524</strong></span> 
     </span>
    </p>
   </div>
   <div class='ocr_carea' id='block_1_2' title="bbox 661 581 2214 3682">
    <p class='ocr_par' dir='ltr' id='par_1_2' title="bbox 661 581 2214 3682">
     <span class='ocr_line' id='line_1_2' title="bbox 666 581 2205 667; baseline 0.001 -21"><span class='ocrx_word' id='word_1_2' title='bbox 666 602 798 663; x_wconf 90' lang='lat' dir='ltr'><strong>ras,</strong></span> <span class='ocrx_word' id='word_1_3' title='bbox 825 602 1024 666; x_wconf 89' lang='lat' dir='ltr'><strong>quare</strong></span> <span class='ocrx_word' id='word_1_4' title='bbox 1048 584 1158 649; x_wconf 90' lang='lat' dir='ltr'><strong>illa</strong></span> <span class='ocrx_word' id='word_1_5' title='bbox 1183 586 1312 649; x_wconf 90' lang='lat' dir='ltr'><strong>duo</strong></span> <span class='ocrx_word' id='word_1_6' title='bbox 1341 584 1705 667; x_wconf 77' lang='lat' dir='ltr'><strong>distinguit,</strong></span> <span class='ocrx_word' id='word_1_7' title='bbox 1735 581 1923 666; x_wconf 89' lang='lat' dir='ltr'><strong>plana</strong></span> <span class='ocrx_word' id='word_1_8' title='bbox 1950 587 2043 646; x_wconf 88' lang='lat' dir='ltr'><strong>est</strong></span> <span class='ocrx_word' id='word_1_9' title='bbox 2070 600 2205 647; x_wconf 81' lang='lat' dir='ltr'><strong>res-</strong></span> 
     </span>
     <span class='ocr_line' id='line_1_3' title="bbox 665 690 2207 775; baseline 0 -21"><span class='ocrx_word' id='word_1_10' title='bbox 665 692 888 774; x_wconf 88' lang='lat' dir='ltr'><strong>ponsio</strong></span> <span class='ocrx_word' id='word_1_11' title='bbox 921 713 936 756; x_wconf 87' lang='lat'>:</span> <span class='ocrx_word' id='word_1_12' title='bbox 969 693 1122 775; x_wconf 88' lang='lat' dir='ltr'><strong>quia</strong></span> <span class='ocrx_word' id='word_1_13' title='bbox 1149 694 1382 758; x_wconf 87' lang='lat' dir='ltr'><strong>coelum</strong></span> <span class='ocrx_word' id='word_1_14' title='bbox 1412 709 1791 775; x_wconf 80' lang='lat' dir='ltr'><strong>empyreum</strong></span> <span class='ocrx_word' id='word_1_15' title='bbox 1817 690 2207 774; x_wconf 86' lang='lat' dir='ltr'><strong>completum</strong></span> 
     </span>
     <span class='ocr_line' id='line_1_4' title="bbox 666 798 2206 879; baseline -0.001 -17"><span class='ocrx_word' id='word_1_16' title='bbox 666 803 802 863; x_wconf 89' lang='lat' dir='ltr'><strong>erat</strong></span> <span class='ocrx_word' id='word_1_17' title='bbox 844 802 909 863; x_wconf 93' lang='lat' dir='ltr'><strong>et</strong></span> <span class='ocrx_word' id='word_1_18' title='bbox 949 800 1344 866; x_wconf 72' lang='lat' dir='ltr'><strong>immutabile</strong></span> <span class='ocrx_word' id='word_1_19' title='bbox 1361 849 1380 879; x_wconf 92' lang='lat'><strong>,</strong></span> <span class='ocrx_word' id='word_1_20' title='bbox 1423 803 1487 865; x_wconf 89' lang='lat' dir='ltr'><strong>et</strong></span> <span class='ocrx_word' id='word_1_21' title='bbox 1527 800 1800 864; x_wconf 87' lang='lat' dir='ltr'><strong>habebat</strong></span> <span class='ocrx_word' id='word_1_22' title='bbox 1845 798 2206 862; x_wconf 89' lang='lat' dir='ltr'><strong>mensurari</strong></span> 
     </span>
     <span class='ocr_line' id='line_1_5' title="bbox 666 906 2208 983; baseline -0.001 -12"><span class='ocrx_word' id='word_1_23' title='bbox 666 907 1085 973; x_wconf 84' lang='lat' dir='ltr'><strong>aeviternitate</strong></span> <span class='ocrx_word' id='word_1_24' title='bbox 1137 927 1287 973; x_wconf 88' lang='lat' dir='ltr'><strong>cum</strong></span> <span class='ocrx_word' id='word_1_25' title='bbox 1343 908 1477 972; x_wconf 86' lang='lat' dir='ltr'><strong>suis</strong></span> <span class='ocrx_word' id='word_1_26' title='bbox 1533 907 1882 983; x_wconf 83' lang='lat' dir='ltr'><strong>contentis·,</strong></span> <span class='ocrx_word' id='word_1_27' title='bbox 1940 906 2208 970; x_wconf 88' lang='lat' dir='ltr'><strong>materia</strong></span> 
     </span>
     <span class='ocr_line' id='line_1_6' title="bbox 664 1014 2204 1099; baseline -0.001 -21"><span class='ocrx_word' id='word_1_28' title='bbox 664 1032 820 1079; x_wconf 89' lang='lat' dir='ltr'><strong>vero</strong></span> <span class='ocrx_word' id='word_1_29' title='bbox 846 1016 956 1079; x_wconf 90' lang='lat' dir='ltr'><strong>illa</strong></span> <span class='ocrx_word' id='word_1_30' title='bbox 981 1015 1365 1099; x_wconf 78' lang='lat' dir='ltr'><strong>incompleta</strong></span> <span class='ocrx_word' id='word_1_31' title='bbox 1391 1018 1558 1093; x_wconf 87' lang='lat' dir='ltr'><strong>erat,</strong></span> <span class='ocrx_word' id='word_1_32' title='bbox 1591 1018 1656 1078; x_wconf 90' lang='lat' dir='ltr'><strong>et</strong></span> <span class='ocrx_word' id='word_1_33' title='bbox 1681 1014 1965 1095; x_wconf 86' lang='lat' dir='ltr'><strong>subjecta</strong></span> <span class='ocrx_word' id='word_1_34' title='bbox 1994 1017 2204 1077; x_wconf 88' lang='lat' dir='ltr'><strong>muta-</strong></span> 
     </span>
     <span class='ocr_line' id='line_1_7' title="bbox 665 1122 2206 1207; baseline 0.001 -22"><span class='ocrx_word' id='word_1_35' title='bbox 665 1122 889 1187; x_wconf 85' lang='lat' dir='ltr'><strong>bilitati</strong></span> <span class='ocrx_word' id='word_1_36' title='bbox 906 1172 924 1203; x_wconf 98' lang='lat'><strong>,</strong></span> <span class='ocrx_word' id='word_1_37' title='bbox 954 1128 1086 1188; x_wconf 91' lang='lat' dir='ltr'><strong>tam</strong></span> <span class='ocrx_word' id='word_1_38' title='bbox 1110 1125 1248 1207; x_wconf 87' lang='lat' dir='ltr'><strong>ipsa</strong></span> <span class='ocrx_word' id='word_1_39' title='bbox 1266 1172 1283 1201; x_wconf 90' lang='lat'><strong>,</strong></span> <span class='ocrx_word' id='word_1_40' title='bbox 1315 1142 1514 1207; x_wconf 88' lang='lat' dir='ltr'><strong>quam</strong></span> <span class='ocrx_word' id='word_1_41' title='bbox 1545 1141 1621 1187; x_wconf 91' lang='lat' dir='ltr'><strong>ea</strong></span> <span class='ocrx_word' id='word_1_42' title='bbox 1646 1140 1793 1206; x_wconf 81' lang='lat' dir='ltr'><strong>quae</strong></span> <span class='ocrx_word' id='word_1_43' title='bbox 1818 1139 1900 1186; x_wconf 79' lang='lat' dir='ltr'><strong>ex</strong></span> <span class='ocrx_word' id='word_1_44' title='bbox 1930 1122 2068 1204; x_wconf 87' lang='lat' dir='ltr'><strong>ipsa</strong></span> <span class='ocrx_word' id='word_1_45' title='bbox 2098 1122 2206 1186; x_wconf 86' lang='lat' dir='ltr'><strong>fu-</strong></span> 
     </span>
     <span class='ocr_line' id='line_1_8' title="bbox 661 1230 2207 1297; baseline -0.001 -3"><span class='ocrx_word' id='word_1_46' title='bbox 661 1233 810 1295; x_wconf 89' lang='lat' dir='ltr'><strong>tura</strong></span> <span class='ocrx_word' id='word_1_47' title='bbox 834 1236 1018 1295; x_wconf 86' lang='lat' dir='ltr'><strong>erant</strong></span> <span class='ocrx_word' id='word_1_48' title='bbox 1045 1252 1061 1297; x_wconf 71' lang='grc' dir='ltr'><strong>ε</strong></span> <span class='ocrx_word' id='word_1_49' title='bbox 1091 1237 1157 1296; x_wconf 94' lang='lat' dir='ltr'><strong>et</strong></span> <span class='ocrx_word' id='word_1_50' title='bbox 1182 1233 1323 1297; x_wconf 90' lang='lat' dir='ltr'><strong>ideo</strong></span> <span class='ocrx_word' id='word_1_51' title='bbox 1358 1230 1624 1296; x_wconf 90' lang='lat' dir='ltr'><strong>debebat</strong></span> <span class='ocrx_word' id='word_1_52' title='bbox 1653 1230 2012 1295; x_wconf 89' lang='lat' dir='ltr'><strong>mensurari</strong></span> <span class='ocrx_word' id='word_1_53' title='bbox 2040 1233 2207 1293; x_wconf 92' lang='lat' dir='ltr'><strong>tem-</strong></span> 
     </span>
     <span class='ocr_line' id='line_1_9' title="bbox 663 1337 2207 1424; baseline -0.001 -21"><span class='ocrx_word' id='word_1_54' title='bbox 663 1356 837 1420; x_wconf 83' lang='lat' dir='ltr'><strong>pore.</strong></span> <span class='ocrx_word' id='word_1_55' title='bbox 866 1339 944 1403; x_wconf 84' lang='lat' dir='ltr'><strong>Et</strong></span> <span class='ocrx_word' id='word_1_56' title='bbox 969 1359 1079 1424; x_wconf 90' lang='lat' dir='ltr'><strong>per</strong></span> <span class='ocrx_word' id='word_1_57' title='bbox 1101 1341 1222 1405; x_wconf 90' lang='lat' dir='ltr'><strong>hoc</strong></span> <span class='ocrx_word' id='word_1_58' title='bbox 1246 1345 1417 1424; x_wconf 90' lang='lat' dir='ltr'><strong>patet</strong></span> <span class='ocrx_word' id='word_1_59' title='bbox 1437 1340 1608 1423; x_wconf 90' lang='lat' dir='ltr'><strong>quod</strong></span> <span class='ocrx_word' id='word_1_60' title='bbox 1631 1337 1959 1421; x_wconf 81' lang='lat' dir='ltr'><strong>Scriptura</strong></span> <span class='ocrx_word' id='word_1_61' title='bbox 1984 1338 2207 1403; x_wconf 87' lang='lat' dir='ltr'><strong>distin-</strong></span> 
     </span>
     <span class='ocr_line' id='line_1_10' title="bbox 662 1447 2203 1529; baseline -0.001 -19"><span class='ocrx_word' id='word_1_62' title='bbox 662 1448 762 1511; x_wconf 84' lang='lat' dir='ltr'><strong>xit</strong></span> <span class='ocrx_word' id='word_1_63' title='bbox 782 1448 890 1513; x_wconf 88' lang='lat' dir='ltr'><strong>illa</strong></span> <span class='ocrx_word' id='word_1_64' title='bbox 916 1450 1046 1514; x_wconf 88' lang='lat' dir='ltr'><strong>duo</strong></span> <span class='ocrx_word' id='word_1_65' title='bbox 1072 1450 1258 1514; x_wconf 88' lang='lat' dir='ltr'><strong>valde</strong></span> <span class='ocrx_word' id='word_1_66' title='bbox 1283 1448 1741 1514; x_wconf 83' lang='lat' dir='ltr'><strong>rationabiliter</strong></span> <span class='ocrx_word' id='word_1_67' title='bbox 1765 1451 1828 1512; x_wconf 90' lang='lat' dir='ltr'><strong>et</strong></span> <span class='ocrx_word' id='word_1_68' title='bbox 1855 1447 2203 1529; x_wconf 80' lang='lat' dir='ltr'><strong>eleganter,</strong></span> 
     </span>
     <span class='ocr_line' id='line_1_11' title="bbox 663 1554 2203 1640; baseline -0.001 -21"><span class='ocrx_word' id='word_1_69' title='bbox 663 1574 813 1620; x_wconf 89' lang='lat' dir='ltr'><strong>cum</strong></span> <span class='ocrx_word' id='word_1_70' title='bbox 844 1558 911 1620; x_wconf 91' lang='lat' dir='ltr'><strong>in</strong></span> <span class='ocrx_word' id='word_1_71' title='bbox 952 1557 1259 1640; x_wconf 90' lang='lat' dir='ltr'><strong>primaria</strong></span> <span class='ocrx_word' id='word_1_72' title='bbox 1292 1557 1657 1621; x_wconf 89' lang='lat' dir='ltr'><strong>conditione</strong></span> <span class='ocrx_word' id='word_1_73' title='bbox 1682 1556 1967 1621; x_wconf 85' lang='lat' dir='ltr'><strong>diversas</strong></span> <span class='ocrx_word' id='word_1_74' title='bbox 2006 1554 2203 1619; x_wconf 89' lang='lat' dir='ltr'><strong>habe-</strong></span> 
     </span>
     <span class='ocr_line' id='line_1_12' title="bbox 662 1663 2209 1746; baseline 0.001 -19"><span class='ocrx_word' id='word_1_75' title='bbox 662 1667 805 1727; x_wconf 88' lang='lat' dir='ltr'><strong>rent</strong></span> <span class='ocrx_word' id='word_1_76' title='bbox 834 1683 1197 1745; x_wconf 73' lang='lat' dir='ltr'><strong>mensurae,</strong></span> <span class='ocrx_word' id='word_1_77' title='bbox 1241 1664 1594 1730; x_wconf 90' lang='lat' dir='ltr'><strong>secundum</strong></span> <span class='ocrx_word' id='word_1_78' title='bbox 1622 1682 1783 1746; x_wconf 90' lang='lat' dir='ltr'><strong>quas</strong></span> <span class='ocrx_word' id='word_1_79' title='bbox 1809 1663 1889 1728; x_wconf 89' lang='lat' dir='ltr'><strong>ad</strong></span> <span class='ocrx_word' id='word_1_80' title='bbox 1927 1664 2209 1729; x_wconf 89' lang='lat' dir='ltr'><strong>invicem</strong></span> 
     </span>
     <span class='ocr_line' id='line_1_13' title="bbox 663 1771 2209 1850; baseline 0.001 -15"><span class='ocrx_word' id='word_1_81' title='bbox 663 1771 1027 1850; x_wconf 86' lang='lat' dir='ltr'><strong>differrent,</strong></span> <span class='ocrx_word' id='word_1_82' title='bbox 1064 1773 1200 1837; x_wconf 90' lang='lat' dir='ltr'><strong>sive</strong></span> <span class='ocrx_word' id='word_1_83' title='bbox 1245 1791 1469 1838; x_wconf 90' lang='lat' dir='ltr'><strong>eorum</strong></span> <span class='ocrx_word' id='word_1_84' title='bbox 1511 1772 1884 1837; x_wconf 68' lang='lat' dir='ltr'><strong>differentiae</strong></span> <span class='ocrx_word' id='word_1_85' title='bbox 1924 1772 2209 1836; x_wconf 84' lang='lat' dir='ltr'><strong>innotes-</strong></span> 
     </span>
     <span class='ocr_line' id='line_1_14' title="bbox 664 1879 2205 1962; baseline 0.001 -21"><span class='ocrx_word' id='word_1_86' title='bbox 664 1884 907 1958; x_wconf 88' lang='lat' dir='ltr'><strong>cerent;</strong></span> <span class='ocrx_word' id='word_1_87' title='bbox 939 1884 1003 1943; x_wconf 90' lang='lat' dir='ltr'><strong>et</strong></span> <span class='ocrx_word' id='word_1_88' title='bbox 1029 1897 1143 1961; x_wconf 90' lang='lat' dir='ltr'><strong>per</strong></span> <span class='ocrx_word' id='word_1_89' title='bbox 1165 1880 1289 1943; x_wconf 89' lang='lat' dir='ltr'><strong>hoc</strong></span> <span class='ocrx_word' id='word_1_90' title='bbox 1311 1883 1530 1962; x_wconf 89' lang='lat' dir='ltr'><strong>patent</strong></span> <span class='ocrx_word' id='word_1_91' title='bbox 1553 1880 1681 1943; x_wconf 90' lang='lat' dir='ltr'><strong>duo</strong></span> <span class='ocrx_word' id='word_1_92' title='bbox 1707 1879 1952 1962; x_wconf 85' lang='lat' dir='ltr'><strong>objecta</strong></span> <span class='ocrx_word' id='word_1_93' title='bbox 1971 1881 2205 1961; x_wconf 90' lang='lat' dir='ltr'><strong>prima.</strong></span> 
     </span>
     <span class='ocr_line' id='line_1_15' title="bbox 665 1985 2210 2069; baseline 0.003 -21"><span class='ocrx_word' id='word_1_94' title='bbox 665 1985 762 2049; x_wconf 88' lang='lat' dir='ltr'><strong>Ad</strong></span> <span class='ocrx_word' id='word_1_95' title='bbox 806 1986 963 2051; x_wconf 87' lang='lat' dir='ltr'><strong>illud</strong></span> <span class='ocrx_word' id='word_1_96' title='bbox 1004 1986 1175 2069; x_wconf 90' lang='lat' dir='ltr'><strong>quod</strong></span> <span class='ocrx_word' id='word_1_97' title='bbox 1218 1986 1568 2068; x_wconf 83' lang='lat' dir='ltr'><strong>quaeritur,</strong></span> <span class='ocrx_word' id='word_1_98' title='bbox 1613 2005 1812 2068; x_wconf 88' lang='lat' dir='ltr'><strong>quare</strong></span> <span class='ocrx_word' id='word_1_99' title='bbox 1857 1986 1960 2049; x_wconf 90' lang='lat' dir='ltr'><strong>bis</strong></span> <span class='ocrx_word' id='word_1_100' title='bbox 2001 1987 2210 2052; x_wconf 87' lang='lat' dir='ltr'><strong>tribus</strong></span> 
     </span>
     <span class='ocr_line' id='line_1_16' title="bbox 664 2092 2206 2177; baseline 0.002 -21"><span class='ocrx_word' id='word_1_101' title='bbox 664 2092 1036 2157; x_wconf 89' lang='lat' dir='ltr'><strong>nominibus</strong></span> <span class='ocrx_word' id='word_1_102' title='bbox 1082 2092 1393 2176; x_wconf 89' lang='lat' dir='ltr'><strong>appellata</strong></span> <span class='ocrx_word' id='word_1_103' title='bbox 1437 2096 1564 2171; x_wconf 89' lang='lat' dir='ltr'><strong>est;</strong></span> <span class='ocrx_word' id='word_1_104' title='bbox 1613 2093 1951 2158; x_wconf 89' lang='lat' dir='ltr'><strong>dicendum</strong></span> <span class='ocrx_word' id='word_1_105' title='bbox 1997 2094 2206 2177; x_wconf 90' lang='lat' dir='ltr'><strong>quod,</strong></span> 
     </span>
     <span class='ocr_line' id='line_1_17' title="bbox 664 2199 2209 2283; baseline 0.001 -19"><span class='ocrx_word' id='word_1_106' title='bbox 664 2200 778 2264; x_wconf 87' lang='lat' dir='ltr'><strong>etsi</strong></span> <span class='ocrx_word' id='word_1_107' title='bbox 809 2200 888 2264; x_wconf 89' lang='lat' dir='ltr'><strong>ad</strong></span> <span class='ocrx_word' id='word_1_108' title='bbox 925 2199 1048 2265; x_wconf 88' lang='lat' dir='ltr'><strong>hoc</strong></span> <span class='ocrx_word' id='word_1_109' title='bbox 1075 2201 1225 2264; x_wconf 88' lang='lat' dir='ltr'><strong>satis</strong></span> <span class='ocrx_word' id='word_1_110' title='bbox 1262 2200 1648 2265; x_wconf 80' lang='lat' dir='ltr'><strong>sufficienter</strong></span> <span class='ocrx_word' id='word_1_111' title='bbox 1674 2201 2051 2283; x_wconf 89' lang='lat' dir='ltr'><strong>respondeat</strong></span> <span class='ocrx_word' id='word_1_112' title='bbox 2076 2201 2209 2265; x_wconf 85' lang='lat' dir='ltr'><strong>Ma-</strong></span> 
     </span>
     <span class='ocr_line' id='line_1_18' title="bbox 664 2308 2211 2391; baseline 0.002 -20"><span class='ocrx_word' id='word_1_113' title='bbox 664 2308 863 2389; x_wconf 86' lang='lat' dir='ltr'><strong>gister</strong></span> <span class='ocrx_word' id='word_1_114' title='bbox 891 2310 959 2372; x_wconf 88' lang='lat' dir='ltr'><strong>in</strong></span> <span class='ocrx_word' id='word_1_115' title='bbox 994 2308 1203 2372; x_wconf 86' lang='lat' dir='ltr'><strong>littera</strong></span> <span class='ocrx_word' id='word_1_116' title='bbox 1220 2358 1237 2388; x_wconf 93' lang='lat'>‚</span> <span class='ocrx_word' id='word_1_117' title='bbox 1272 2311 1478 2391; x_wconf 87' lang='lat' dir='ltr'><strong>potest</strong></span> <span class='ocrx_word' id='word_1_118' title='bbox 1505 2313 1721 2373; x_wconf 91' lang='lat' dir='ltr'><strong>tamen</strong></span> <span class='ocrx_word' id='word_1_119' title='bbox 1758 2308 1882 2372; x_wconf 89' lang='lat' dir='ltr'><strong>dici</strong></span> <span class='ocrx_word' id='word_1_120' title='bbox 1907 2309 2078 2391; x_wconf 90' lang='lat' dir='ltr'><strong>quod</strong></span> <span class='ocrx_word' id='word_1_121' title='bbox 2107 2310 2211 2373; x_wconf 91' lang='lat' dir='ltr'><strong>in-</strong></span> 
     </span>
     <span class='ocr_line' id='line_1_19' title="bbox 665 2414 2212 2498; baseline 0.002 -21"><span class='ocrx_word' id='word_1_122' title='bbox 665 2415 957 2479; x_wconf 89' lang='lat' dir='ltr'><strong>sinuatur</strong></span> <span class='ocrx_word' id='word_1_123' title='bbox 1001 2417 1140 2498; x_wconf 90' lang='lat' dir='ltr'><strong>ipsa</strong></span> <span class='ocrx_word' id='word_1_124' title='bbox 1186 2415 1454 2479; x_wconf 87' lang='lat' dir='ltr'><strong>materia</strong></span> <span class='ocrx_word' id='word_1_125' title='bbox 1492 2414 1784 2480; x_wconf 84' lang='lat' dir='ltr'><strong>informis</strong></span> <span class='ocrx_word' id='word_1_126' title='bbox 1826 2416 1965 2479; x_wconf 89' lang='lat' dir='ltr'><strong>istis</strong></span> <span class='ocrx_word' id='word_1_127' title='bbox 2003 2416 2212 2480; x_wconf 86' lang='lat' dir='ltr'><strong>tribus</strong></span> 
     </span>
     <span class='ocr_line' id='line_1_20' title="bbox 668 2523 2210 2607; baseline 0.002 -22"><span class='ocrx_word' id='word_1_128' title='bbox 668 2523 1034 2586; x_wconf 88' lang='lat' dir='ltr'><strong>nominibus</strong></span> <span class='ocrx_word' id='word_1_129' title='bbox 1066 2525 1186 2587; x_wconf 91' lang='lat' dir='ltr'><strong>sub</strong></span> <span class='ocrx_word' id='word_1_130' title='bbox 1220 2524 1451 2607; x_wconf 90' lang='lat' dir='ltr'><strong>triplici</strong></span> <span class='ocrx_word' id='word_1_131' title='bbox 1488 2524 1846 2588; x_wconf 90' lang='lat' dir='ltr'><strong>conditione</strong></span> <span class='ocrx_word' id='word_1_132' title='bbox 1880 2542 1947 2588; x_wconf 92' lang='lat' dir='ltr'><strong>se</strong></span> <span class='ocrx_word' id='word_1_133' title='bbox 1974 2523 2210 2589; x_wconf 88' lang='lat' dir='ltr'><strong>habere</strong></span> 
     </span>
     <span class='ocr_line' id='line_1_21' title="bbox 667 2630 2211 2715; baseline 0.003 -23"><span class='ocrx_word' id='word_1_134' title='bbox 667 2631 737 2693; x_wconf 91' lang='lat' dir='ltr'><strong>in</strong></span> <span class='ocrx_word' id='word_1_135' title='bbox 768 2630 1239 2713; x_wconf 89' lang='lat' dir='ltr'><strong>comparatione</strong></span> <span class='ocrx_word' id='word_1_136' title='bbox 1264 2632 1342 2696; x_wconf 91' lang='lat' dir='ltr'><strong>ad</strong></span> <span class='ocrx_word' id='word_1_137' title='bbox 1370 2631 1666 2695; x_wconf 87' lang='lat' dir='ltr'><strong>formam.</strong></span> <span class='ocrx_word' id='word_1_138' title='bbox 1701 2631 1844 2715; x_wconf 89' lang='lat' dir='ltr'><strong>Ipsa</strong></span> <span class='ocrx_word' id='word_1_139' title='bbox 1869 2632 2045 2695; x_wconf 90' lang='lat' dir='ltr'><strong>enim</strong></span> <span class='ocrx_word' id='word_1_140' title='bbox 2078 2650 2211 2697; x_wconf 88' lang='lat' dir='ltr'><strong>ma-</strong></span> 
     </span>
     <span class='ocr_line' id='line_1_22' title="bbox 668 2737 2211 2823; baseline 0.003 -23"><span class='ocrx_word' id='word_1_141' title='bbox 668 2737 826 2802; x_wconf 86' lang='lat' dir='ltr'><strong>teria</strong></span> <span class='ocrx_word' id='word_1_142' title='bbox 870 2737 977 2802; x_wconf 90' lang='lat' dir='ltr'><strong>dat</strong></span> <span class='ocrx_word' id='word_1_143' title='bbox 1024 2738 1251 2803; x_wconf 85' lang='lat' dir='ltr'><strong>formae</strong></span> <span class='ocrx_word' id='word_1_144' title='bbox 1295 2740 1602 2805; x_wconf 84' lang='lat' dir='ltr'><strong>fixionem</strong></span> <span class='ocrx_word' id='word_1_145' title='bbox 1621 2788 1638 2817; x_wconf 88' lang='lat'>‚</span> <span class='ocrx_word' id='word_1_146' title='bbox 1683 2745 1745 2804; x_wconf 92' lang='lat' dir='ltr'><strong>et</strong></span> <span class='ocrx_word' id='word_1_147' title='bbox 1787 2743 2047 2823; x_wconf 89' lang='lat' dir='ltr'><strong>propter</strong></span> <span class='ocrx_word' id='word_1_148' title='bbox 2090 2741 2211 2805; x_wconf 90' lang='lat' dir='ltr'><strong>hoc</strong></span> 
     </span>
     <span class='ocr_line' id='line_1_23' title="bbox 667 2845 2213 2928; baseline 0.002 -20"><span class='ocrx_word' id='word_1_149' title='bbox 667 2845 1021 2928; x_wconf 89' lang='lat' dir='ltr'><strong>appellatur</strong></span> <span class='ocrx_word' id='word_1_150' title='bbox 1051 2847 1310 2911; x_wconf 90' lang='lat' dir='ltr'><strong>nomine</strong></span> <span class='ocrx_word' id='word_1_151' title='bbox 1342 2850 1530 2911; x_wconf 84' lang='lat' dir='ltr'><strong>terrae</strong></span> <span class='ocrx_word' id='word_1_152' title='bbox 1550 2895 1568 2923; x_wconf 88' lang='lat'><strong>,</strong></span> <span class='ocrx_word' id='word_1_153' title='bbox 1606 2864 1755 2928; x_wconf 87' lang='lat' dir='ltr'><strong>quae</strong></span> <span class='ocrx_word' id='word_1_154' title='bbox 1786 2847 1950 2910; x_wconf 90' lang='lat' dir='ltr'><strong>inter</strong></span> <span class='ocrx_word' id='word_1_155' title='bbox 1980 2850 2213 2911; x_wconf 78' lang='lat' dir='ltr'><strong>caetera</strong></span> 
     </span>
     <span class='ocr_line' id='line_1_24' title="bbox 668 2954 2210 3039; baseline 0.001 -22"><span class='ocrx_word' id='word_1_156' title='bbox 668 2954 979 3019; x_wconf 89' lang='lat' dir='ltr'><strong>elementa</strong></span> <span class='ocrx_word' id='word_1_157' title='bbox 1003 2955 1144 3039; x_wconf 87' lang='lat' dir='ltr'><strong>plus</strong></span> <span class='ocrx_word' id='word_1_158' title='bbox 1166 2955 1355 3020; x_wconf 88' lang='lat' dir='ltr'><strong>habet</strong></span> <span class='ocrx_word' id='word_1_159' title='bbox 1378 2956 1455 3020; x_wconf 89' lang='lat' dir='ltr'><strong>de</strong></span> <span class='ocrx_word' id='word_1_160' title='bbox 1476 2955 1830 3020; x_wconf 84' lang='lat' dir='ltr'><strong>stabilitate.</strong></span> <span class='ocrx_word' id='word_1_161' title='bbox 1856 2955 1997 3036; x_wconf 88' lang='lat' dir='ltr'><strong>Ipsa</strong></span> <span class='ocrx_word' id='word_1_162' title='bbox 2017 2955 2210 3019; x_wconf 90' lang='lat' dir='ltr'><strong>etiam</strong></span> 
     </span>
     <span class='ocr_line' id='line_1_25' title="bbox 670 3061 2212 3145; baseline 0.002 -21"><span class='ocrx_word' id='word_1_163' title='bbox 670 3062 933 3126; x_wconf 88' lang='lat' dir='ltr'><strong>materia</strong></span> <span class='ocrx_word' id='word_1_164' title='bbox 950 3081 990 3126; x_wconf 91' lang='lat' dir='ltr'><strong>a</strong></span> <span class='ocrx_word' id='word_1_165' title='bbox 1007 3063 1212 3127; x_wconf 90' lang='lat' dir='ltr'><strong>forma</strong></span> <span class='ocrx_word' id='word_1_166' title='bbox 1229 3062 1452 3145; x_wconf 80' lang='lat' dir='ltr'><strong>recipit</strong></span> <span class='ocrx_word' id='word_1_167' title='bbox 1471 3061 1934 3145; x_wconf 84' lang='lat' dir='ltr'><strong>speciositatem</strong></span> <span class='ocrx_word' id='word_1_168' title='bbox 1955 3066 2019 3126; x_wconf 91' lang='lat' dir='ltr'><strong>et</strong></span> <span class='ocrx_word' id='word_1_169' title='bbox 2040 3080 2212 3127; x_wconf 91' lang='lat' dir='ltr'><strong>com-</strong></span> 
     </span>
     <span class='ocr_line' id='line_1_26' title="bbox 668 3170 2214 3254; baseline 0.003 -22"><span class='ocrx_word' id='word_1_170' title='bbox 668 3170 1009 3251; x_wconf 87' lang='lat' dir='ltr'><strong>pletionem</strong></span> <span class='ocrx_word' id='word_1_171' title='bbox 1028 3219 1044 3248; x_wconf 90' lang='lat'><strong>,</strong></span> <span class='ocrx_word' id='word_1_172' title='bbox 1084 3174 1148 3235; x_wconf 91' lang='lat' dir='ltr'><strong>et</strong></span> <span class='ocrx_word' id='word_1_173' title='bbox 1188 3190 1302 3254; x_wconf 87' lang='lat' dir='ltr'><strong>per</strong></span> <span class='ocrx_word' id='word_1_174' title='bbox 1343 3190 1411 3235; x_wconf 88' lang='lat' dir='ltr'><strong>se</strong></span> <span class='ocrx_word' id='word_1_175' title='bbox 1451 3175 1546 3235; x_wconf 89' lang='lat' dir='ltr'><strong>est</strong></span> <span class='ocrx_word' id='word_1_176' title='bbox 1582 3170 1768 3253; x_wconf 85' lang='lat' dir='ltr'><strong>quasi</strong></span> <span class='ocrx_word' id='word_1_177' title='bbox 1807 3171 2071 3235; x_wconf 87' lang='lat' dir='ltr'><strong>tenebra</strong></span> <span class='ocrx_word' id='word_1_178' title='bbox 2102 3193 2117 3235; x_wconf 76' lang='lat' dir='ltr'><em>z</em></span> <span class='ocrx_word' id='word_1_179' title='bbox 2150 3176 2214 3236; x_wconf 91' lang='lat' dir='ltr'><strong>et</strong></span> 
     </span>
     <span class='ocr_line' id='line_1_27' title="bbox 669 3277 2206 3361; baseline 0.003 -21"><span class='ocrx_word' id='word_1_180' title='bbox 669 3277 813 3341; x_wconf 92' lang='lat' dir='ltr'><strong>ideo</strong></span> <span class='ocrx_word' id='word_1_181' title='bbox 860 3278 1225 3359; x_wconf 87' lang='lat' dir='ltr'><strong>assignatur</strong></span> <span class='ocrx_word' id='word_1_182' title='bbox 1270 3278 1531 3342; x_wconf 89' lang='lat' dir='ltr'><strong>nomine</strong></span> <span class='ocrx_word' id='word_1_183' title='bbox 1574 3277 1787 3361; x_wconf 87' lang='lat' dir='ltr'><strong>abyssi</strong></span> <span class='ocrx_word' id='word_1_184' title='bbox 1831 3279 2206 3344; x_wconf 71' lang='lat' dir='ltr'><strong>tenebrosae.</strong></span> 
     </span>
     <span class='ocr_line' id='line_1_28' title="bbox 670 3384 2214 3470; baseline 0.002 -22"><span class='ocrx_word' id='word_1_185' title='bbox 670 3384 813 3467; x_wconf 88' lang='lat' dir='ltr'><strong>Ipsa</strong></span> <span class='ocrx_word' id='word_1_186' title='bbox 835 3402 1092 3467; x_wconf 90' lang='lat' dir='ltr'><strong>quoque</strong></span> <span class='ocrx_word' id='word_1_187' title='bbox 1119 3385 1385 3448; x_wconf 88' lang='lat' dir='ltr'><strong>materia</strong></span> <span class='ocrx_word' id='word_1_188' title='bbox 1412 3384 1488 3448; x_wconf 91' lang='lat' dir='ltr'><strong>ad</strong></span> <span class='ocrx_word' id='word_1_189' title='bbox 1527 3385 1800 3449; x_wconf 90' lang='lat' dir='ltr'><strong>formam</strong></span> <span class='ocrx_word' id='word_1_190' title='bbox 1831 3385 2022 3449; x_wconf 88' lang='lat' dir='ltr'><strong>habet</strong></span> <span class='ocrx_word' id='word_1_191' title='bbox 2045 3388 2214 3470; x_wconf 90' lang='lat' dir='ltr'><strong>apti-</strong></span> 
     </span>
     <span class='ocr_line' id='line_1_29' title="bbox 668 3491 2213 3574; baseline 0.003 -20"><span class='ocrx_word' id='word_1_192' title='bbox 668 3492 958 3556; x_wconf 88' lang='lat' dir='ltr'><strong>tudinem</strong></span> <span class='ocrx_word' id='word_1_193' title='bbox 995 3494 1057 3554; x_wconf 89' lang='lat' dir='ltr'><strong>et</strong></span> <span class='ocrx_word' id='word_1_194' title='bbox 1090 3491 1604 3570; x_wconf 86' lang='lat' dir='ltr'><strong>inclinationem,</strong></span> <span class='ocrx_word' id='word_1_195' title='bbox 1643 3495 1707 3555; x_wconf 89' lang='lat' dir='ltr'><strong>et</strong></span> <span class='ocrx_word' id='word_1_196' title='bbox 1741 3491 1831 3555; x_wconf 87' lang='lat' dir='ltr'><strong>ita</strong></span> <span class='ocrx_word' id='word_1_197' title='bbox 1867 3493 2213 3574; x_wconf 89' lang='lat' dir='ltr'><strong>quamdam</strong></span> 
     </span>
     <span class='ocr_line' id='line_1_30' title="bbox 669 3599 2089 3682; baseline 0.001 -20"><span class='ocrx_word' id='word_1_198' title='bbox 669 3599 1021 3663; x_wconf 85' lang='lat' dir='ltr'><strong>fluxionem</strong></span> <span class='ocrx_word' id='word_1_199' title='bbox 1039 3647 1055 3677; x_wconf 92' lang='lat'><strong>,</strong></span> <span class='ocrx_word' id='word_1_200' title='bbox 1089 3616 1237 3680; x_wconf 84' lang='lat' dir='ltr'><strong>quae</strong></span> <span class='ocrx_word' id='word_1_201' title='bbox 1265 3599 1562 3680; x_wconf 84' lang='lat' dir='ltr'><strong>signatur</strong></span> <span class='ocrx_word' id='word_1_202' title='bbox 1588 3599 1851 3664; x_wconf 91' lang='lat' dir='ltr'><strong>nomine</strong></span> <span class='ocrx_word' id='word_1_203' title='bbox 1879 3618 2089 3682; x_wconf 86' lang='lat' dir='ltr'><strong>aquae.</strong></span> 
     </span>
    </p>
   </div>
   <div class='ocr_carea' id='block_1_3' title="bbox 1312 3788 1559 3835">
    <p class='ocr_par' dir='ltr' id='par_1_3' title="bbox 1312 3788 1559 3835">
     <span class='ocr_line' id='line_1_31' title="bbox 1312 3788 1559 3835; baseline 0 -2"><span class='ocrx_word' id='word_1_204' title='bbox 1312 3788 1449 3835; x_wconf 72' lang='grc' dir='ltr'><strong>ΗΠΒ.</strong></span> <span class='ocrx_word' id='word_1_205' title='bbox 1490 3789 1559 3833; x_wconf 89' lang='lat'><strong>11.</strong></span> 
     </span>
    </p>
   </div>
   <div class='ocr_carea' id='block_1_4' title="bbox 978 3905 1890 3971">
    <p class='ocr_par' dir='ltr' id='par_1_4' title="bbox 978 3905 1890 3971">
     <span class='ocr_line' id='line_1_32' title="bbox 978 3905 1890 3971; baseline -0.002 -13"><span class='ocrx_word' id='word_1_206' title='bbox 978 3906 1093 3958; x_wconf 85' lang='lat' dir='ltr'><strong>Non</strong></span> <span class='ocrx_word' id='word_1_207' title='bbox 1117 3905 1257 3956; x_wconf 89' lang='lat' dir='ltr'><strong>enim</strong></span> <span class='ocrx_word' id='word_1_208' title='bbox 1286 3906 1515 3957; x_wconf 81' lang='lat' dir='ltr'><strong>tenebrae</strong></span> <span class='ocrx_word' id='word_1_209' title='bbox 1542 3905 1733 3971; x_wconf 87' lang='lat' dir='ltr'><strong>aliquid</strong></span> <span class='ocrx_word' id='word_1_210' title='bbox 1755 3909 1890 3957; x_wconf 86' lang='lat' dir='ltr'><strong>sunt.</strong></span> 
     </span>
    </p>
   </div>
   <div class='ocr_carea' id='block_1_5' title="bbox 663 4030 2219 5298">
    <p class='ocr_par' dir='ltr' id='par_1_5' title="bbox 663 4030 2219 5298">
     <span class='ocr_line' id='line_1_33' title="bbox 748 4030 2216 4112; baseline 0.001 -17"><span class='ocrx_word' id='word_1_211' title='bbox 748 4030 979 4095; x_wconf 87' lang='lat' dir='ltr'><strong>Contra</strong></span> <span class='ocrx_word' id='word_1_212' title='bbox 1007 4048 1024 4092; x_wconf 73' lang='grc' dir='ltr'><strong><em>ε</em></strong></span> <span class='ocrx_word' id='word_1_213' title='bbox 1056 4030 1109 4093; x_wconf 88' lang='lat' dir='ltr'><strong>si</strong></span> <span class='ocrx_word' id='word_1_214' title='bbox 1137 4030 1396 4094; x_wconf 85' lang='lat' dir='ltr'><strong>tenebra</strong></span> <span class='ocrx_word' id='word_1_215' title='bbox 1422 4030 1588 4094; x_wconf 88' lang='lat' dir='ltr'><strong>nihil</strong></span> <span class='ocrx_word' id='word_1_216' title='bbox 1615 4035 1740 4110; x_wconf 88' lang='lat' dir='ltr'><strong>est,</strong></span> <span class='ocrx_word' id='word_1_217' title='bbox 1774 4049 1933 4112; x_wconf 91' lang='lat' dir='ltr'><strong>ergo</strong></span> <span class='ocrx_word' id='word_1_218' title='bbox 1960 4050 2096 4096; x_wconf 90' lang='lat' dir='ltr'><strong>non</strong></span> <span class='ocrx_word' id='word_1_219' title='bbox 2121 4037 2216 4096; x_wconf 88' lang='lat' dir='ltr'><strong>est</strong></span> 
     </span>
     <span class='ocr_line' id='line_1_34' title="bbox 667 4136 2215 4220; baseline 0.001 -20"><span class='ocrx_word' id='word_1_220' title='bbox 667 4136 898 4201; x_wconf 87' lang='lat' dir='ltr'><strong>alicubi</strong></span> <span class='ocrx_word' id='word_1_221' title='bbox 928 4159 943 4200; x_wconf 72' lang='grc' dir='ltr'><strong>ι</strong></span> <span class='ocrx_word' id='word_1_222' title='bbox 973 4154 1131 4217; x_wconf 88' lang='lat' dir='ltr'><strong>ergo</strong></span> <span class='ocrx_word' id='word_1_223' title='bbox 1159 4155 1291 4200; x_wconf 90' lang='lat' dir='ltr'><strong>non</strong></span> <span class='ocrx_word' id='word_1_224' title='bbox 1313 4137 1569 4201; x_wconf 89' lang='lat' dir='ltr'><strong>videtur</strong></span> <span class='ocrx_word' id='word_1_225' title='bbox 1592 4137 1761 4219; x_wconf 91' lang='lat' dir='ltr'><strong>quod</strong></span> <span class='ocrx_word' id='word_1_226' title='bbox 1788 4141 1996 4201; x_wconf 88' lang='lat' dir='ltr'><strong>essent</strong></span> <span class='ocrx_word' id='word_1_227' title='bbox 2020 4156 2215 4220; x_wconf 89' lang='lat' dir='ltr'><strong>super</strong></span> 
     </span>
     <span class='ocr_line' id='line_1_35' title="bbox 666 4243 2215 4327; baseline 0 -19"><span class='ocrx_word' id='word_1_228' title='bbox 666 4245 890 4308; x_wconf 85' lang='lat' dir='ltr'><strong>faciem</strong></span> <span class='ocrx_word' id='word_1_229' title='bbox 927 4243 1158 4327; x_wconf 83' lang='lat' dir='ltr'><strong>abyssi.</strong></span> <span class='ocrx_word' id='word_1_230' title='bbox 1202 4243 1362 4307; x_wconf 88' lang='lat' dir='ltr'><strong>Item</strong></span> <span class='ocrx_word' id='word_1_231' title='bbox 1400 4245 1660 4308; x_wconf 86' lang='lat' dir='ltr'><strong>tenebra</strong></span> <span class='ocrx_word' id='word_1_232' title='bbox 1704 4244 1869 4308; x_wconf 84' lang='lat' dir='ltr'><strong>nihil</strong></span> <span class='ocrx_word' id='word_1_233' title='bbox 1905 4243 2058 4307; x_wconf 89' lang='lat' dir='ltr'><strong>dicit</strong></span> <span class='ocrx_word' id='word_1_234' title='bbox 2092 4245 2215 4308; x_wconf 88' lang='lat' dir='ltr'><strong>nisi</strong></span> 
     </span>
     <span class='ocr_line' id='line_1_36' title="bbox 665 4350 2215 4435; baseline 0.001 -20"><span class='ocrx_word' id='word_1_235' title='bbox 665 4352 1074 4434; x_wconf 84' lang='lat' dir='ltr'><strong>negationem</strong></span> <span class='ocrx_word' id='word_1_236' title='bbox 1097 4351 1452 4435; x_wconf 80' lang='lat' dir='ltr'><strong>praesentiae</strong></span> <span class='ocrx_word' id='word_1_237' title='bbox 1478 4352 1639 4415; x_wconf 90' lang='lat' dir='ltr'><strong>lucis</strong></span> <span class='ocrx_word' id='word_1_238' title='bbox 1663 4350 2008 4434; x_wconf 85' lang='lat' dir='ltr'><strong>corporalis</strong></span> <span class='ocrx_word' id='word_1_239' title='bbox 2027 4370 2043 4414; x_wconf 72' lang='grc' dir='ltr'><strong><em>ε</em></strong></span> <span class='ocrx_word' id='word_1_240' title='bbox 2061 4370 2215 4416; x_wconf 90' lang='lat' dir='ltr'><strong>cum</strong></span> 
     </span>
     <span class='ocr_line' id='line_1_37' title="bbox 666 4460 2216 4541; baseline -0.001 -15"><span class='ocrx_word' id='word_1_241' title='bbox 666 4479 826 4541; x_wconf 90' lang='lat' dir='ltr'><strong>ergo</strong></span> <span class='ocrx_word' id='word_1_242' title='bbox 852 4461 932 4524; x_wconf 90' lang='lat' dir='ltr'><strong>ab</strong></span> <span class='ocrx_word' id='word_1_243' title='bbox 961 4465 1201 4526; x_wconf 84' lang='lat' dir='ltr'><strong>aeterno</strong></span> <span class='ocrx_word' id='word_1_244' title='bbox 1223 4465 1385 4525; x_wconf 90' lang='lat' dir='ltr'><strong>esset</strong></span> <span class='ocrx_word' id='word_1_245' title='bbox 1407 4479 1635 4525; x_wconf 90' lang='lat' dir='ltr'><strong>verum</strong></span> <span class='ocrx_word' id='word_1_246' title='bbox 1666 4460 1875 4525; x_wconf 90' lang='lat' dir='ltr'><strong>dicere</strong></span> <span class='ocrx_word' id='word_1_247' title='bbox 1900 4460 2074 4541; x_wconf 90' lang='lat' dir='ltr'><strong>quod</strong></span> <span class='ocrx_word' id='word_1_248' title='bbox 2099 4460 2216 4524; x_wconf 84' lang='lat' dir='ltr'><strong>lux</strong></span> 
     </span>
     <span class='ocr_line' id='line_1_38' title="bbox 666 4566 2215 4651; baseline -0.001 -19"><span class='ocrx_word' id='word_1_249' title='bbox 666 4567 1005 4651; x_wconf 87' lang='lat' dir='ltr'><strong>corporalis</strong></span> <span class='ocrx_word' id='word_1_250' title='bbox 1043 4587 1173 4632; x_wconf 92' lang='lat' dir='ltr'><strong>non</strong></span> <span class='ocrx_word' id='word_1_251' title='bbox 1213 4570 1348 4632; x_wconf 91' lang='lat' dir='ltr'><strong>erat</strong></span> <span class='ocrx_word' id='word_1_252' title='bbox 1374 4566 1455 4630; x_wconf 89' lang='lat' dir='ltr'><strong>ab</strong></span> <span class='ocrx_word' id='word_1_253' title='bbox 1492 4572 1766 4645; x_wconf 85' lang='lat' dir='ltr'><strong>aeterno,</strong></span> <span class='ocrx_word' id='word_1_254' title='bbox 1797 4570 1959 4630; x_wconf 89' lang='lat' dir='ltr'><strong>esset</strong></span> <span class='ocrx_word' id='word_1_255' title='bbox 1984 4585 2215 4631; x_wconf 90' lang='lat' dir='ltr'><strong>verum</strong></span> 
     </span>
     <span class='ocr_line' id='line_1_39' title="bbox 665 4674 2213 4757; baseline 0 -18"><span class='ocrx_word' id='word_1_256' title='bbox 665 4674 871 4740; x_wconf 90' lang='lat' dir='ltr'><strong>dicere</strong></span> <span class='ocrx_word' id='word_1_257' title='bbox 897 4676 1068 4757; x_wconf 89' lang='lat' dir='ltr'><strong>quod</strong></span> <span class='ocrx_word' id='word_1_258' title='bbox 1096 4680 1258 4739; x_wconf 87' lang='lat' dir='ltr'><strong>esset</strong></span> <span class='ocrx_word' id='word_1_259' title='bbox 1284 4674 1551 4738; x_wconf 85' lang='lat' dir='ltr'><strong>tenebra</strong></span> <span class='ocrx_word' id='word_1_260' title='bbox 1581 4692 1598 4736; x_wconf 74' lang='grc' dir='ltr'>ε</span> <span class='ocrx_word' id='word_1_261' title='bbox 1629 4674 1801 4756; x_wconf 89' lang='lat' dir='ltr'><strong>quod</strong></span> <span class='ocrx_word' id='word_1_262' title='bbox 1836 4674 2069 4739; x_wconf 83' lang='lat' dir='ltr'><strong>falsum</strong></span> <span class='ocrx_word' id='word_1_263' title='bbox 2096 4679 2213 4739; x_wconf 87' lang='lat' dir='ltr'><strong>est.</strong></span> 
     </span>
     <span class='ocr_line' id='line_1_40' title="bbox 667 4783 2212 4866; baseline -0.001 -17"><span class='ocrx_word' id='word_1_264' title='bbox 667 4784 858 4863; x_wconf 88' lang='lat' dir='ltr'><strong>Item,</strong></span> <span class='ocrx_word' id='word_1_265' title='bbox 889 4785 941 4847; x_wconf 85' lang='lat' dir='ltr'><strong>si</strong></span> <span class='ocrx_word' id='word_1_266' title='bbox 967 4784 1230 4848; x_wconf 87' lang='lat' dir='ltr'><strong>tenebra</strong></span> <span class='ocrx_word' id='word_1_267' title='bbox 1258 4783 1420 4846; x_wconf 90' lang='lat' dir='ltr'><strong>nihil</strong></span> <span class='ocrx_word' id='word_1_268' title='bbox 1448 4786 1578 4862; x_wconf 85' lang='lat' dir='ltr'><strong>est3</strong></span> <span class='ocrx_word' id='word_1_269' title='bbox 1609 4788 1673 4847; x_wconf 91' lang='lat' dir='ltr'><strong>et</strong></span> <span class='ocrx_word' id='word_1_270' title='bbox 1697 4783 1869 4866; x_wconf 92' lang='lat' dir='ltr'><strong>quod</strong></span> <span class='ocrx_word' id='word_1_271' title='bbox 1895 4784 2061 4847; x_wconf 89' lang='lat' dir='ltr'><strong>nihil</strong></span> <span class='ocrx_word' id='word_1_272' title='bbox 2087 4789 2212 4862; x_wconf 87' lang='lat' dir='ltr'><strong>est,</strong></span> 
     </span>
     <span class='ocr_line' id='line_1_41' title="bbox 663 4890 2219 4974; baseline -0.001 -20"><span class='ocrx_word' id='word_1_273' title='bbox 663 4909 797 4955; x_wconf 88' lang='lat' dir='ltr'><strong>non</strong></span> <span class='ocrx_word' id='word_1_274' title='bbox 837 4895 1041 4974; x_wconf 89' lang='lat' dir='ltr'><strong>potest</strong></span> <span class='ocrx_word' id='word_1_275' title='bbox 1076 4892 1157 4955; x_wconf 89' lang='lat' dir='ltr'><strong>ab</strong></span> <span class='ocrx_word' id='word_1_276' title='bbox 1196 4892 1321 4955; x_wconf 88' lang='lat' dir='ltr'><strong>alio</strong></span> <span class='ocrx_word' id='word_1_277' title='bbox 1359 4891 1592 4966; x_wconf 89' lang='lat' dir='ltr'><strong>dividi;</strong></span> <span class='ocrx_word' id='word_1_278' title='bbox 1633 4910 1797 4973; x_wconf 89' lang='lat' dir='ltr'><strong>ergo</strong></span> <span class='ocrx_word' id='word_1_279' title='bbox 1833 4909 1966 4955; x_wconf 91' lang='lat' dir='ltr'><strong>non</strong></span> <span class='ocrx_word' id='word_1_280' title='bbox 2011 4890 2219 4974; x_wconf 86' lang='lat' dir='ltr'><strong>potuit</strong></span> 
     </span>
     <span class='ocr_line' id='line_1_42' title="bbox 665 4998 2212 5081; baseline 0.001 -21"><span class='ocrx_word' id='word_1_281' title='bbox 665 4998 925 5061; x_wconf 86' lang='lat' dir='ltr'><strong>tenebra</strong></span> <span class='ocrx_word' id='word_1_282' title='bbox 951 4998 1145 5062; x_wconf 89' lang='lat' dir='ltr'><strong>dividi</strong></span> <span class='ocrx_word' id='word_1_283' title='bbox 1172 5017 1211 5062; x_wconf 93' lang='lat' dir='ltr'><strong>a</strong></span> <span class='ocrx_word' id='word_1_284' title='bbox 1236 4999 1377 5063; x_wconf 90' lang='lat' dir='ltr'><strong>luce</strong></span> <span class='ocrx_word' id='word_1_285' title='bbox 1410 5018 1426 5063; x_wconf 72' lang='grc' dir='ltr'>ε</span> <span class='ocrx_word' id='word_1_286' title='bbox 1462 5000 1648 5081; x_wconf 88' lang='lat' dir='ltr'><strong>cujus</strong></span> <span class='ocrx_word' id='word_1_287' title='bbox 1675 5000 2072 5063; x_wconf 88' lang='lat' dir='ltr'><strong>contrarium</strong></span> <span class='ocrx_word' id='word_1_288' title='bbox 2098 4999 2212 5062; x_wconf 91' lang='lat' dir='ltr'><strong>ha-</strong></span> 
     </span>
     <span class='ocr_line' id='line_1_43' title="bbox 665 5106 2218 5186; baseline 0.001 -17"><span class='ocrx_word' id='word_1_289' title='bbox 665 5106 854 5170; x_wconf 89' lang='lat' dir='ltr'><strong>betur</strong></span> <span class='ocrx_word' id='word_1_290' title='bbox 896 5106 965 5170; x_wconf 91' lang='lat' dir='ltr'><strong>in</strong></span> <span class='ocrx_word' id='word_1_291' title='bbox 1015 5108 1225 5171; x_wconf 90' lang='lat' dir='ltr'><strong>littera</strong></span> <span class='ocrx_word' id='word_1_292' title='bbox 1272 5109 1553 5174; x_wconf 76' lang='lat' dir='ltr'><strong>Genesis.</strong></span> <span class='ocrx_word' id='word_1_293' title='bbox 1607 5106 1765 5171; x_wconf 89' lang='lat' dir='ltr'><strong>Item</strong></span> <span class='ocrx_word' id='word_1_294' title='bbox 1787 5155 1805 5186; x_wconf 99' lang='lat'><strong>,</strong></span> <span class='ocrx_word' id='word_1_295' title='bbox 1853 5107 1907 5170; x_wconf 89' lang='lat' dir='ltr'><strong>si</strong></span> <span class='ocrx_word' id='word_1_296' title='bbox 1954 5108 2218 5171; x_wconf 90' lang='lat' dir='ltr'><strong>tenebra</strong></span> 
     </span>
     <span class='ocr_line' id='line_1_44' title="bbox 666 5214 2219 5298; baseline 0.003 -21"><span class='ocrx_word' id='word_1_297' title='bbox 666 5214 831 5278; x_wconf 88' lang='lat' dir='ltr'><strong>nihil</strong></span> <span class='ocrx_word' id='word_1_298' title='bbox 869 5219 997 5294; x_wconf 82' lang='lat' dir='ltr'><strong>est3</strong></span> <span class='ocrx_word' id='word_1_299' title='bbox 1039 5219 1103 5279; x_wconf 92' lang='lat' dir='ltr'><strong>et</strong></span> <span class='ocrx_word' id='word_1_300' title='bbox 1142 5216 1314 5298; x_wconf 89' lang='lat' dir='ltr'><strong>quod</strong></span> <span class='ocrx_word' id='word_1_301' title='bbox 1354 5216 1520 5280; x_wconf 90' lang='lat' dir='ltr'><strong>nihil</strong></span> <span class='ocrx_word' id='word_1_302' title='bbox 1559 5220 1687 5296; x_wconf 65' lang='lat' dir='ltr'><strong>est,</strong></span> <span class='ocrx_word' id='word_1_303' title='bbox 1729 5234 1864 5280; x_wconf 89' lang='lat' dir='ltr'><strong>non</strong></span> <span class='ocrx_word' id='word_1_304' title='bbox 1903 5216 2219 5281; x_wconf 83' lang='lat' dir='ltr'><strong>benedicit</strong></span> 
     </span>
    </p>
   </div>
   <div class='ocr_carea' id='block_1_6' title="bbox 671 5376 2212 5515">
    <p class='ocr_par' dir='ltr' id='par_1_6' title="bbox 671 5376 2212 5515">
     <span class='ocr_line' id='line_1_45' title="bbox 736 5376 2212 5444; baseline -0.001 -16"><span class='ocrx_word' id='word_1_305' title='bbox 736 5379 752 5413; x_wconf 88' lang='lat'><strong>¹</strong></span> <span class='ocrx_word' id='word_1_306' title='bbox 775 5377 921 5440; x_wconf 67' lang='lat' dir='ltr'><strong>Gen„</strong></span> <span class='ocrx_word' id='word_1_307' title='bbox 950 5387 998 5438; x_wconf 83' lang='lat'><strong>1,</strong></span> <span class='ocrx_word' id='word_1_308' title='bbox 1032 5380 1078 5427; x_wconf 78' lang='lat'><strong>5.</strong></span> <span class='ocrx_word' id='word_1_309' title='bbox 1100 5403 1164 5416; x_wconf 90' lang='lat'><em>-</em></span> <span class='ocrx_word' id='word_1_310' title='bbox 1181 5378 1203 5411; x_wconf 79' lang='lat'>²</span> <span class='ocrx_word' id='word_1_311' title='bbox 1220 5376 1372 5440; x_wconf 68' lang='lat' dir='ltr'><strong>mid„</strong></span> <span class='ocrx_word' id='word_1_312' title='bbox 1394 5381 1442 5427; x_wconf 81' lang='lat'><strong>2.</strong></span> <span class='ocrx_word' id='word_1_313' title='bbox 1463 5404 1526 5416; x_wconf 89' lang='lat'><strong>—</strong></span> <span class='ocrx_word' id='word_1_314' title='bbox 1545 5377 1566 5411; x_wconf 83' lang='lat'><strong>³</strong></span> <span class='ocrx_word' id='word_1_315' title='bbox 1584 5380 1739 5443; x_wconf 64' lang='lat' dir='ltr'><strong>Aug„</strong></span> <span class='ocrx_word' id='word_1_316' title='bbox 1764 5378 1825 5428; x_wconf 82' lang='lat' dir='ltr'><strong>de</strong></span> <span class='ocrx_word' id='word_1_317' title='bbox 1854 5379 1975 5429; x_wconf 83' lang='lat' dir='ltr'><strong>Gen.</strong></span> <span class='ocrx_word' id='word_1_318' title='bbox 2007 5380 2212 5444; x_wconf 80' lang='lat' dir='ltr'><strong>imperf.</strong></span> 
     </span>
     <span class='ocr_line' id='line_1_46' title="bbox 671 5448 2162 5515; baseline 0.002 -17"><span class='ocrx_word' id='word_1_319' title='bbox 671 5448 787 5512; x_wconf 66' lang='lat' dir='ltr'><strong>lib„</strong></span> <span class='ocrx_word' id='word_1_320' title='bbox 813 5462 859 5499; x_wconf 90' lang='lat' dir='ltr'><strong>c.</strong></span> <span class='ocrx_word' id='word_1_321' title='bbox 883 5458 931 5511; x_wconf 76' lang='grc' dir='ltr'><strong>ν,</strong></span> <span class='ocrx_word' id='word_1_322' title='bbox 962 5462 1016 5499; x_wconf 90' lang='lat' dir='ltr'><strong>n.</strong></span> <span class='ocrx_word' id='word_1_323' title='bbox 1035 5451 1096 5500; x_wconf 78' lang='lat'><strong>25</strong></span> <span class='ocrx_word' id='word_1_324' title='bbox 1111 5465 1130 5512; x_wconf 87' lang='lat'>;</span> <span class='ocrx_word' id='word_1_325' title='bbox 1163 5449 1308 5500; x_wconf 71' lang='lat' dir='ltr'><strong>Cant.</strong></span> <span class='ocrx_word' id='word_1_326' title='bbox 1330 5452 1476 5515; x_wconf 70' lang='lat' dir='ltr'><strong>epist.</strong></span> <span class='ocrx_word' id='word_1_327' title='bbox 1505 5450 1744 5514; x_wconf 51' lang='grc' dir='ltr'><strong>Νικασὼ,</strong></span> <span class='ocrx_word' id='word_1_328' title='bbox 1771 5464 1816 5501; x_wconf 88' lang='lat' dir='ltr'><strong>c.</strong></span> <span class='ocrx_word' id='word_1_329' title='bbox 1840 5462 1969 5515; x_wconf 81' lang='lat' dir='ltr'><strong>xxx,</strong></span> <span class='ocrx_word' id='word_1_330' title='bbox 1997 5464 2049 5502; x_wconf 91' lang='lat' dir='ltr'><strong>n.</strong></span> <span class='ocrx_word' id='word_1_331' title='bbox 2079 5452 2162 5501; x_wconf 85' lang='grc'><strong>33.</strong></span> 
     </span>
    </p>
   </div>
   <div class='ocr_carea' id='block_1_7' title="bbox 1802 444 2737 513">
    <p class='ocr_par' dir='ltr' id='par_1_7' title="bbox 1802 444 2737 513">
     <span class='ocr_line' id='line_1_47' title="bbox 1802 444 2737 513; baseline 0.001 -1"><span class='ocrx_word' id='word_1_332' title='bbox 1802 444 2424 512; x_wconf 76' lang='lat' dir='ltr'><strong>SENTENTIARUM</strong></span> <span class='ocrx_word' id='word_1_333' title='bbox 2464 446 2613 512; x_wconf 85' lang='lat' dir='ltr'><strong>LIB.</strong></span> <span class='ocrx_word' id='word_1_334' title='bbox 2657 446 2737 513; x_wconf 84' lang='lat'><strong>11.</strong></span> 
     </span>
    </p>
   </div>
   <div class='ocr_carea' id='block_1_8' title="bbox 2313 582 3869 5514">
    <p class='ocr_par' dir='ltr' id='par_1_8' title="bbox 2314 582 3861 755">
     <span class='ocr_line' id='line_1_48' title="bbox 2316 582 3861 665; baseline 0.001 -19"><span class='ocrx_word' id='word_1_335' title='bbox 2316 582 2702 661; x_wconf 89' lang='lat' dir='ltr'><strong>Dominum;</strong></span> <span class='ocrx_word' id='word_1_336' title='bbox 2749 600 2909 665; x_wconf 88' lang='lat' dir='ltr'><strong>ergo</strong></span> <span class='ocrx_word' id='word_1_337' title='bbox 2962 582 3241 647; x_wconf 80' lang='lat' dir='ltr'><strong>tenebrae</strong></span> <span class='ocrx_word' id='word_1_338' title='bbox 3294 600 3426 647; x_wconf 90' lang='lat' dir='ltr'><strong>non</strong></span> <span class='ocrx_word' id='word_1_339' title='bbox 3475 582 3861 648; x_wconf 88' lang='lat' dir='ltr'><strong>benedicunt</strong></span> 
     </span>
     <span class='ocr_line' id='line_1_49' title="bbox 2314 689 2680 755; baseline 0.008 -3"><span class='ocrx_word' id='word_1_340' title='bbox 2314 689 2680 755; x_wconf 90' lang='lat' dir='ltr'><strong>Dominum.</strong></span> 
     </span>
    </p>

    <p class='ocr_par' dir='ltr' id='par_1_9' title="bbox 2313 796 3869 5409">
     <span class='ocr_line' id='line_1_50' title="bbox 2395 796 3862 883; baseline 0.001 -22"><span class='ocrx_word' id='word_1_341' title='bbox 2395 796 2582 881; x_wconf 86' lang='lat' dir='ltr'><strong>Resp.</strong></span> <span class='ocrx_word' id='word_1_342' title='bbox 2639 797 2990 862; x_wconf 83' lang='lat' dir='ltr'><strong>Dicendum</strong></span> <span class='ocrx_word' id='word_1_343' title='bbox 3047 797 3217 881; x_wconf 90' lang='lat' dir='ltr'><strong>quod</strong></span> <span class='ocrx_word' id='word_1_344' title='bbox 3275 798 3553 862; x_wconf 83' lang='lat' dir='ltr'><strong>tenebrae</strong></span> <span class='ocrx_word' id='word_1_345' title='bbox 3609 817 3862 883; x_wconf 87' lang='lat' dir='ltr'><strong>semper</strong></span> 
     </span>
     <span class='ocr_line' id='line_1_51' title="bbox 2314 904 3859 989; baseline 0.001 -19"><span class='ocrx_word' id='word_1_346' title='bbox 2314 905 2713 987; x_wconf 86' lang='lat' dir='ltr'><strong>accipiuntur</strong></span> <span class='ocrx_word' id='word_1_347' title='bbox 2752 904 3070 987; x_wconf 82' lang='lat' dir='ltr'><strong>privative</strong></span> <span class='ocrx_word' id='word_1_348' title='bbox 3098 907 3207 969; x_wconf 83' lang='lat' dir='ltr'><strong>:et</strong></span> <span class='ocrx_word' id='word_1_349' title='bbox 3240 905 3548 987; x_wconf 90' lang='lat' dir='ltr'><strong>quoniam</strong></span> <span class='ocrx_word' id='word_1_350' title='bbox 3587 906 3859 989; x_wconf 82' lang='lat' dir='ltr'><strong>privatio</strong></span> 
     </span>
     <span class='ocr_line' id='line_1_52' title="bbox 2314 1012 3861 1096; baseline 0.003 -20"><span class='ocrx_word' id='word_1_351' title='bbox 2314 1012 2580 1095; x_wconf 86' lang='lat' dir='ltr'><strong>requirit</strong></span> <span class='ocrx_word' id='word_1_352' title='bbox 2606 1012 3029 1076; x_wconf 83' lang='lat' dir='ltr'><strong>constantiam</strong></span> <span class='ocrx_word' id='word_1_353' title='bbox 3055 1012 3331 1095; x_wconf 88' lang='lat' dir='ltr'><strong>alicujus</strong></span> <span class='ocrx_word' id='word_1_354' title='bbox 3357 1013 3658 1096; x_wconf 85' lang='lat' dir='ltr'><strong>subjecti,</strong></span> <span class='ocrx_word' id='word_1_355' title='bbox 3687 1019 3861 1080; x_wconf 89' lang='lat' dir='ltr'><strong>tene-</strong></span> 
     </span>
     <span class='ocr_line' id='line_1_53' title="bbox 2315 1120 3855 1205; baseline 0.003 -22"><span class='ocrx_word' id='word_1_356' title='bbox 2315 1120 2431 1184; x_wconf 91' lang='lat' dir='ltr'><strong>bra</strong></span> <span class='ocrx_word' id='word_1_357' title='bbox 2456 1138 2709 1203; x_wconf 87' lang='lat' dir='ltr'><strong>semper</strong></span> <span class='ocrx_word' id='word_1_358' title='bbox 2733 1120 2976 1202; x_wconf 87' lang='lat' dir='ltr'><strong>aliquid</strong></span> <span class='ocrx_word' id='word_1_359' title='bbox 3003 1121 3441 1204; x_wconf 85' lang='lat' dir='ltr'><strong>praesupponit</strong></span> <span class='ocrx_word' id='word_1_360' title='bbox 3465 1122 3533 1185; x_wconf 92' lang='lat' dir='ltr'><strong>in</strong></span> <span class='ocrx_word' id='word_1_361' title='bbox 3565 1121 3855 1205; x_wconf 88' lang='lat' dir='ltr'><strong>obliquo:</strong></span> 
     </span>
     <span class='ocr_line' id='line_1_54' title="bbox 2314 1226 3862 1313; baseline 0.004 -24"><span class='ocrx_word' id='word_1_362' title='bbox 2314 1244 2651 1309; x_wconf 90' lang='lat' dir='ltr'><strong>nunquam</strong></span> <span class='ocrx_word' id='word_1_363' title='bbox 2688 1226 2866 1291; x_wconf 91' lang='lat' dir='ltr'><strong>enim</strong></span> <span class='ocrx_word' id='word_1_364' title='bbox 2893 1232 2988 1291; x_wconf 75' lang='lat' dir='ltr'><strong>est</strong></span> <span class='ocrx_word' id='word_1_365' title='bbox 3021 1227 3316 1304; x_wconf 89' lang='lat' dir='ltr'><strong>tenebra,</strong></span> <span class='ocrx_word' id='word_1_366' title='bbox 3356 1227 3482 1292; x_wconf 84' lang='lat' dir='ltr'><strong>nisi</strong></span> <span class='ocrx_word' id='word_1_367' title='bbox 3514 1229 3597 1293; x_wconf 92' lang='lat' dir='ltr'><strong>sit</strong></span> <span class='ocrx_word' id='word_1_368' title='bbox 3621 1229 3862 1313; x_wconf 88' lang='lat' dir='ltr'><strong>aliquid</strong></span> 
     </span>
     <span class='ocr_line' id='line_1_55' title="bbox 2314 1333 3861 1417; baseline 0.002 -19"><span class='ocrx_word' id='word_1_369' title='bbox 2314 1333 2484 1417; x_wconf 90' lang='lat' dir='ltr'><strong>quod</strong></span> <span class='ocrx_word' id='word_1_370' title='bbox 2508 1333 2900 1399; x_wconf 82' lang='lat' dir='ltr'><strong>tenebretur.</strong></span> <span class='ocrx_word' id='word_1_371' title='bbox 2920 1333 3099 1399; x_wconf 88' lang='lat' dir='ltr'><strong>Unde</strong></span> <span class='ocrx_word' id='word_1_372' title='bbox 3121 1337 3378 1400; x_wconf 86' lang='lat' dir='ltr'><strong>tenebra</strong></span> <span class='ocrx_word' id='word_1_373' title='bbox 3396 1354 3528 1400; x_wconf 90' lang='lat' dir='ltr'><strong>non</strong></span> <span class='ocrx_word' id='word_1_374' title='bbox 3551 1337 3704 1403; x_wconf 89' lang='lat' dir='ltr'><strong>dicit</strong></span> <span class='ocrx_word' id='word_1_375' title='bbox 3724 1342 3861 1401; x_wconf 85' lang='lat' dir='ltr'><strong>tan-</strong></span> 
     </span>
     <span class='ocr_line' id='line_1_56' title="bbox 2313 1441 3862 1521; baseline 0.003 -16"><span class='ocrx_word' id='word_1_376' title='bbox 2313 1444 2457 1505; x_wconf 90' lang='lat' dir='ltr'><strong>tum</strong></span> <span class='ocrx_word' id='word_1_377' title='bbox 2483 1459 2618 1506; x_wconf 88' lang='lat' dir='ltr'><strong>non</strong></span> <span class='ocrx_word' id='word_1_378' title='bbox 2656 1442 3061 1507; x_wconf 81' lang='lat' dir='ltr'><strong>existentiam</strong></span> <span class='ocrx_word' id='word_1_379' title='bbox 3095 1441 3289 1521; x_wconf 82' lang='lat' dir='ltr'><strong>lucis3</strong></span> <span class='ocrx_word' id='word_1_380' title='bbox 3338 1444 3448 1507; x_wconf 88' lang='lat' dir='ltr'><strong>sed</strong></span> <span class='ocrx_word' id='word_1_381' title='bbox 3481 1443 3677 1508; x_wconf 91' lang='lat' dir='ltr'><strong>etiam</strong></span> <span class='ocrx_word' id='word_1_382' title='bbox 3711 1464 3862 1509; x_wconf 87' lang='lat' dir='ltr'><strong>cum</strong></span> 
     </span>
     <span class='ocr_line' id='line_1_57' title="bbox 2315 1549 3856 1634; baseline 0.001 -21"><span class='ocrx_word' id='word_1_383' title='bbox 2315 1549 2440 1614; x_wconf 86' lang='lat' dir='ltr'><strong>hoc</strong></span> <span class='ocrx_word' id='word_1_384' title='bbox 2455 1550 2626 1615; x_wconf 85' lang='lat' dir='ltr'><strong>addit</strong></span> <span class='ocrx_word' id='word_1_385' title='bbox 2644 1550 3068 1634; x_wconf 86' lang='lat' dir='ltr'><strong>aptitudinem</strong></span> <span class='ocrx_word' id='word_1_386' title='bbox 3086 1551 3370 1633; x_wconf 88' lang='lat' dir='ltr'><strong>corporis</strong></span> <span class='ocrx_word' id='word_1_387' title='bbox 3387 1551 3856 1616; x_wconf 84' lang='lat' dir='ltr'><strong>illuminabilis:</strong></span> 
     </span>
     <span class='ocr_line' id='line_1_58' title="bbox 2315 1657 3861 1740; baseline 0.002 -19"><span class='ocrx_word' id='word_1_388' title='bbox 2315 1659 2471 1740; x_wconf 90' lang='lat' dir='ltr'><strong>quia</strong></span> <span class='ocrx_word' id='word_1_389' title='bbox 2511 1675 2669 1740; x_wconf 90' lang='lat' dir='ltr'><strong>ergo</strong></span> <span class='ocrx_word' id='word_1_390' title='bbox 2715 1659 2977 1723; x_wconf 89' lang='lat' dir='ltr'><strong>tenebra</strong></span> <span class='ocrx_word' id='word_1_391' title='bbox 3017 1657 3437 1740; x_wconf 88' lang='lat' dir='ltr'><strong>privationem</strong></span> <span class='ocrx_word' id='word_1_392' title='bbox 3485 1657 3671 1735; x_wconf 89' lang='lat' dir='ltr'><strong>dicit,</strong></span> <span class='ocrx_word' id='word_1_393' title='bbox 3720 1659 3861 1724; x_wconf 90' lang='lat' dir='ltr'><strong>ideo</strong></span> 
     </span>
     <span class='ocr_line' id='line_1_59' title="bbox 2316 1764 3862 1848; baseline 0.001 -18"><span class='ocrx_word' id='word_1_394' title='bbox 2316 1766 2548 1830; x_wconf 88' lang='lat' dir='ltr'><strong>dicitur</strong></span> <span class='ocrx_word' id='word_1_395' title='bbox 2588 1785 2724 1831; x_wconf 85' lang='lat' dir='ltr'><strong>esse</strong></span> <span class='ocrx_word' id='word_1_396' title='bbox 2760 1767 2958 1845; x_wconf 81' lang='lat' dir='ltr'><strong>facta3</strong></span> <span class='ocrx_word' id='word_1_397' title='bbox 3000 1766 3157 1848; x_wconf 89' lang='lat' dir='ltr'><strong>quia</strong></span> <span class='ocrx_word' id='word_1_398' title='bbox 3194 1784 3348 1831; x_wconf 90' lang='lat' dir='ltr'><strong>vero</strong></span> <span class='ocrx_word' id='word_1_399' title='bbox 3383 1764 3642 1848; x_wconf 86' lang='lat' dir='ltr'><strong>aliquod</strong></span> <span class='ocrx_word' id='word_1_400' title='bbox 3684 1767 3862 1848; x_wconf 89' lang='lat' dir='ltr'><strong>ponit</strong></span> 
     </span>
     <span class='ocr_line' id='line_1_60' title="bbox 2315 1872 3865 1956; baseline 0.001 -21"><span class='ocrx_word' id='word_1_401' title='bbox 2315 1874 2385 1935; x_wconf 90' lang='lat' dir='ltr'><strong>in</strong></span> <span class='ocrx_word' id='word_1_402' title='bbox 2411 1872 2695 1956; x_wconf 89' lang='lat' dir='ltr'><strong>obliquo,</strong></span> <span class='ocrx_word' id='word_1_403' title='bbox 2725 1873 2868 1938; x_wconf 89' lang='lat' dir='ltr'><strong>ideo</strong></span> <span class='ocrx_word' id='word_1_404' title='bbox 2893 1892 3027 1938; x_wconf 91' lang='lat' dir='ltr'><strong>non</strong></span> <span class='ocrx_word' id='word_1_405' title='bbox 3053 1878 3148 1938; x_wconf 90' lang='lat' dir='ltr'><strong>est</strong></span> <span class='ocrx_word' id='word_1_406' title='bbox 3173 1877 3436 1938; x_wconf 68' lang='lat' dir='ltr'><strong>aeterna.</strong></span> <span class='ocrx_word' id='word_1_407' title='bbox 3466 1872 3534 1939; x_wconf 89' lang='lat' dir='ltr'><strong>Si</strong></span> <span class='ocrx_word' id='word_1_408' title='bbox 3561 1892 3723 1955; x_wconf 89' lang='lat' dir='ltr'><strong>ergo</strong></span> <span class='ocrx_word' id='word_1_409' title='bbox 3749 1874 3865 1938; x_wconf 88' lang='lat' dir='ltr'><strong>ali-</strong></span> 
     </span>
     <span class='ocr_line' id='line_1_61' title="bbox 2316 1978 3864 2063; baseline 0.001 -20"><span class='ocrx_word' id='word_1_410' title='bbox 2316 1978 2469 2043; x_wconf 89' lang='lat' dir='ltr'><strong>cubi</strong></span> <span class='ocrx_word' id='word_1_411' title='bbox 2496 1980 2747 2044; x_wconf 87' lang='lat' dir='ltr'><strong>dicatur</strong></span> <span class='ocrx_word' id='word_1_412' title='bbox 2773 1980 2947 2063; x_wconf 90' lang='lat' dir='ltr'><strong>quod</strong></span> <span class='ocrx_word' id='word_1_413' title='bbox 2972 1982 3238 2046; x_wconf 86' lang='lat' dir='ltr'><strong>tenebra</strong></span> <span class='ocrx_word' id='word_1_414' title='bbox 3263 1981 3424 2045; x_wconf 89' lang='lat' dir='ltr'><strong>nihil</strong></span> <span class='ocrx_word' id='word_1_415' title='bbox 3450 1985 3579 2059; x_wconf 88' lang='lat' dir='ltr'><strong>est,</strong></span> <span class='ocrx_word' id='word_1_416' title='bbox 3614 1982 3739 2047; x_wconf 90' lang='lat' dir='ltr'><strong>hoc</strong></span> <span class='ocrx_word' id='word_1_417' title='bbox 3767 1983 3864 2047; x_wconf 90' lang='lat' dir='ltr'><strong>di-</strong></span> 
     </span>
     <span class='ocr_line' id='line_1_62' title="bbox 2317 2087 3863 2171; baseline 0.001 -20"><span class='ocrx_word' id='word_1_418' title='bbox 2317 2087 2484 2152; x_wconf 90' lang='lat' dir='ltr'><strong>citur</strong></span> <span class='ocrx_word' id='word_1_419' title='bbox 2511 2091 2826 2169; x_wconf 88' lang='lat' dir='ltr'><strong>quantum</strong></span> <span class='ocrx_word' id='word_1_420' title='bbox 2854 2088 2935 2153; x_wconf 90' lang='lat' dir='ltr'><strong>ad</strong></span> <span class='ocrx_word' id='word_1_421' title='bbox 2973 2087 3132 2153; x_wconf 89' lang='lat' dir='ltr'><strong>illud</strong></span> <span class='ocrx_word' id='word_1_422' title='bbox 3159 2089 3331 2171; x_wconf 89' lang='lat' dir='ltr'><strong>quod</strong></span> <span class='ocrx_word' id='word_1_423' title='bbox 3360 2088 3508 2153; x_wconf 89' lang='lat' dir='ltr'><strong>dicit</strong></span> <span class='ocrx_word' id='word_1_424' title='bbox 3532 2089 3863 2153; x_wconf 88' lang='lat' dir='ltr'><strong>tenebram</strong></span> 
     </span>
     <span class='ocr_line' id='line_1_63' title="bbox 2317 2194 3857 2278; baseline 0.005 -22"><span class='ocrx_word' id='word_1_425' title='bbox 2317 2194 2386 2258; x_wconf 91' lang='lat' dir='ltr'><strong>in</strong></span> <span class='ocrx_word' id='word_1_426' title='bbox 2398 2200 2590 2274; x_wconf 87' lang='lat' dir='ltr'><strong>recto,</strong></span> <span class='ocrx_word' id='word_1_427' title='bbox 2607 2195 2773 2259; x_wconf 89' lang='lat' dir='ltr'><strong>sicut</strong></span> <span class='ocrx_word' id='word_1_428' title='bbox 2783 2194 3013 2260; x_wconf 90' lang='lat' dir='ltr'><strong>dicitur</strong></span> <span class='ocrx_word' id='word_1_429' title='bbox 3022 2197 3194 2278; x_wconf 90' lang='lat' dir='ltr'><strong>quod</strong></span> <span class='ocrx_word' id='word_1_430' title='bbox 3207 2200 3288 2278; x_wconf 88' lang='grc' dir='ltr'><strong>(α)</strong></span> <span class='ocrx_word' id='word_1_431' title='bbox 3301 2197 3548 2261; x_wconf 68' lang='lat' dir='ltr'><strong>caecitas</strong></span> <span class='ocrx_word' id='word_1_432' title='bbox 3562 2198 3726 2261; x_wconf 89' lang='lat' dir='ltr'><strong>nibil</strong></span> <span class='ocrx_word' id='word_1_433' title='bbox 3739 2204 3857 2277; x_wconf 82' lang='lat' dir='ltr'><strong>est3</strong></span> 
     </span>
     <span class='ocr_line' id='line_1_64' title="bbox 2317 2302 3862 2388; baseline 0.003 -23"><span class='ocrx_word' id='word_1_434' title='bbox 2317 2302 2369 2365; x_wconf 90' lang='lat' dir='ltr'><strong>si</strong></span> <span class='ocrx_word' id='word_1_435' title='bbox 2395 2320 2548 2368; x_wconf 89' lang='lat' dir='ltr'><strong>vero</strong></span> <span class='ocrx_word' id='word_1_436' title='bbox 2564 2303 2811 2368; x_wconf 89' lang='lat' dir='ltr'><strong>dicatur</strong></span> <span class='ocrx_word' id='word_1_437' title='bbox 2829 2304 3002 2386; x_wconf 88' lang='lat' dir='ltr'><strong>quod</strong></span> <span class='ocrx_word' id='word_1_438' title='bbox 3015 2305 3294 2369; x_wconf 74' lang='lat' dir='ltr'><strong>tenebrae</strong></span> <span class='ocrx_word' id='word_1_439' title='bbox 3307 2305 3545 2388; x_wconf 87' lang='lat' dir='ltr'><strong>aliquid</strong></span> <span class='ocrx_word' id='word_1_440' title='bbox 3565 2310 3716 2370; x_wconf 83' lang='lat' dir='ltr'><strong>sunt</strong></span> <span class='ocrx_word' id='word_1_441' title='bbox 3728 2356 3747 2386; x_wconf 93' lang='lat'><strong>,</strong></span> <span class='ocrx_word' id='word_1_442' title='bbox 3765 2307 3862 2371; x_wconf 86' lang='lat' dir='ltr'><strong>vel</strong></span> 
     </span>
     <span class='ocr_line' id='line_1_65' title="bbox 2322 2410 3860 2495; baseline 0.002 -20"><span class='ocrx_word' id='word_1_443' title='bbox 2322 2410 2497 2492; x_wconf 85' lang='lat' dir='ltr'><strong>quod</strong></span> <span class='ocrx_word' id='word_1_444' title='bbox 2523 2411 2746 2475; x_wconf 80' lang='lat' dir='ltr'><strong>divisae</strong></span> <span class='ocrx_word' id='word_1_445' title='bbox 2773 2415 2928 2475; x_wconf 79' lang='lat' dir='ltr'><strong>sunt</strong></span> <span class='ocrx_word' id='word_1_446' title='bbox 2944 2459 2962 2491; x_wconf 95' lang='lat'><strong>,</strong></span> <span class='ocrx_word' id='word_1_447' title='bbox 2991 2412 3096 2476; x_wconf 90' lang='lat' dir='ltr'><strong>vel</strong></span> <span class='ocrx_word' id='word_1_448' title='bbox 3124 2413 3298 2495; x_wconf 88' lang='lat' dir='ltr'><strong>quod</strong></span> <span class='ocrx_word' id='word_1_449' title='bbox 3334 2413 3719 2478; x_wconf 88' lang='lat' dir='ltr'><strong>benedicunt</strong></span> <span class='ocrx_word' id='word_1_450' title='bbox 3744 2414 3860 2478; x_wconf 90' lang='lat' dir='ltr'><strong>Do-</strong></span> 
     </span>
     <span class='ocr_line' id='line_1_66' title="bbox 2321 2518 3860 2605; baseline 0.005 -26"><span class='ocrx_word' id='word_1_451' title='bbox 2321 2519 2574 2582; x_wconf 91' lang='lat' dir='ltr'><strong>minum</strong></span> <span class='ocrx_word' id='word_1_452' title='bbox 2590 2567 2607 2597; x_wconf 91' lang='lat'><strong>,</strong></span> <span class='ocrx_word' id='word_1_453' title='bbox 2636 2518 2759 2584; x_wconf 88' lang='lat' dir='ltr'><strong>hoc</strong></span> <span class='ocrx_word' id='word_1_454' title='bbox 2783 2518 3018 2583; x_wconf 90' lang='lat' dir='ltr'><strong>dicitur</strong></span> <span class='ocrx_word' id='word_1_455' title='bbox 3053 2520 3300 2584; x_wconf 90' lang='lat' dir='ltr'><strong>ratione</strong></span> <span class='ocrx_word' id='word_1_456' title='bbox 3325 2521 3468 2603; x_wconf 85' lang='lat' dir='ltr'><strong>ejus</strong></span> <span class='ocrx_word' id='word_1_457' title='bbox 3502 2522 3669 2587; x_wconf 88' lang='lat' dir='ltr'><strong>circa</strong></span> <span class='ocrx_word' id='word_1_458' title='bbox 3695 2523 3860 2605; x_wconf 89' lang='lat' dir='ltr'><strong>quod</strong></span> 
     </span>
     <span class='ocr_line' id='line_1_67' title="bbox 2319 2627 3862 2713; baseline 0.003 -23"><span class='ocrx_word' id='word_1_459' title='bbox 2319 2631 2470 2691; x_wconf 88' lang='lat' dir='ltr'><strong>sunt</strong></span> <span class='ocrx_word' id='word_1_460' title='bbox 2498 2649 2513 2691; x_wconf 71' lang='grc' dir='ltr'><strong><em>ε</em></strong></span> <span class='ocrx_word' id='word_1_461' title='bbox 2542 2632 2607 2691; x_wconf 89' lang='lat' dir='ltr'><strong>et</strong></span> <span class='ocrx_word' id='word_1_462' title='bbox 2632 2628 2721 2692; x_wconf 90' lang='lat' dir='ltr'><strong>sic</strong></span> <span class='ocrx_word' id='word_1_463' title='bbox 2745 2631 2961 2710; x_wconf 87' lang='lat' dir='ltr'><strong>patent</strong></span> <span class='ocrx_word' id='word_1_464' title='bbox 2981 2629 3248 2711; x_wconf 87' lang='lat' dir='ltr'><strong>objecta.</strong></span> <span class='ocrx_word' id='word_1_465' title='bbox 3277 2627 3400 2693; x_wconf 91' lang='lat' dir='ltr'><strong>Sed</strong></span> <span class='ocrx_word' id='word_1_466' title='bbox 3423 2630 3632 2694; x_wconf 89' lang='lat' dir='ltr'><strong>adbuc</strong></span> <span class='ocrx_word' id='word_1_467' title='bbox 3658 2635 3862 2713; x_wconf 86' lang='lat' dir='ltr'><strong>posset</strong></span> 
     </span>
     <span class='ocr_line' id='line_1_68' title="bbox 2320 2736 3860 2819; baseline 0.001 -19"><span class='ocrx_word' id='word_1_468' title='bbox 2320 2736 2532 2819; x_wconf 85' lang='lat' dir='ltr'><strong>objici,</strong></span> <span class='ocrx_word' id='word_1_469' title='bbox 2554 2736 2729 2818; x_wconf 91' lang='lat' dir='ltr'><strong>quod</strong></span> <span class='ocrx_word' id='word_1_470' title='bbox 2748 2736 3004 2800; x_wconf 89' lang='lat' dir='ltr'><strong>habitus</strong></span> <span class='ocrx_word' id='word_1_471' title='bbox 3025 2736 3401 2801; x_wconf 82' lang='lat' dir='ltr'><strong>naturaliter</strong></span> <span class='ocrx_word' id='word_1_472' title='bbox 3419 2737 3716 2819; x_wconf 86' lang='lat' dir='ltr'><strong>praecedit</strong></span> <span class='ocrx_word' id='word_1_473' title='bbox 3735 2737 3860 2819; x_wconf 86' lang='lat' dir='ltr'><strong>pri·</strong></span> 
     </span>
     <span class='ocr_line' id='line_1_69' title="bbox 2319 2844 3855 2929; baseline 0.003 -22"><span class='ocrx_word' id='word_1_474' title='bbox 2319 2844 2642 2908; x_wconf 89' lang='lat' dir='ltr'><strong>vationem</strong></span> <span class='ocrx_word' id='word_1_475' title='bbox 2671 2862 2689 2906; x_wconf 88' lang='lat'>:</span> <span class='ocrx_word' id='word_1_476' title='bbox 2720 2861 2879 2925; x_wconf 90' lang='lat' dir='ltr'><strong>ergo</strong></span> <span class='ocrx_word' id='word_1_477' title='bbox 2893 2891 2911 2919; x_wconf 89' lang='lat'><strong>,</strong></span> <span class='ocrx_word' id='word_1_478' title='bbox 2965 2844 3022 2907; x_wconf 90' lang='lat' dir='ltr'><strong>si</strong></span> <span class='ocrx_word' id='word_1_479' title='bbox 3065 2846 3327 2909; x_wconf 90' lang='lat' dir='ltr'><strong>tenebra</strong></span> <span class='ocrx_word' id='word_1_480' title='bbox 3372 2846 3524 2909; x_wconf 89' lang='lat' dir='ltr'><strong>dicit</strong></span> <span class='ocrx_word' id='word_1_481' title='bbox 3566 2847 3855 2929; x_wconf 83' lang='lat' dir='ltr'><strong>privatio-</strong></span> 
     </span>
     <span class='ocr_line' id='line_1_70' title="bbox 2320 2953 3864 3037; baseline 0.001 -18"><span class='ocrx_word' id='word_1_482' title='bbox 2320 2973 2471 3019; x_wconf 90' lang='lat' dir='ltr'><strong>nem</strong></span> <span class='ocrx_word' id='word_1_483' title='bbox 2517 2954 2784 3017; x_wconf 86' lang='lat' dir='ltr'><strong>luminis</strong></span> <span class='ocrx_word' id='word_1_484' title='bbox 2802 3001 2819 3030; x_wconf 88' lang='lat'><strong>,</strong></span> <span class='ocrx_word' id='word_1_485' title='bbox 2867 2953 3048 3036; x_wconf 90' lang='lat' dir='ltr'><strong>prius</strong></span> <span class='ocrx_word' id='word_1_486' title='bbox 3094 2953 3216 3018; x_wconf 85' lang='lat' dir='ltr'><strong>fuit</strong></span> <span class='ocrx_word' id='word_1_487' title='bbox 3261 2954 3377 3018; x_wconf 85' lang='lat' dir='ltr'><strong>lux</strong></span> <span class='ocrx_word' id='word_1_488' title='bbox 3420 2973 3617 3037; x_wconf 88' lang='lat' dir='ltr'><strong>quam</strong></span> <span class='ocrx_word' id='word_1_489' title='bbox 3659 2960 3864 3020; x_wconf 56' lang='lat' dir='ltr'><strong>essent</strong></span> 
     </span>
     <span class='ocr_line' id='line_1_71' title="bbox 2319 3059 3864 3128; baseline 0 0"><span class='ocrx_word' id='word_1_490' title='bbox 2319 3062 2620 3128; x_wconf 84' lang='lat' dir='ltr'><strong>tenebrae.</strong></span> <span class='ocrx_word' id='word_1_491' title='bbox 2652 3060 2972 3127; x_wconf 86' lang='lat' dir='ltr'><strong>Praeterea</strong></span> <span class='ocrx_word' id='word_1_492' title='bbox 2997 3081 3014 3125; x_wconf 77' lang='lat' dir='ltr'><strong><em>z</em></strong></span> <span class='ocrx_word' id='word_1_493' title='bbox 3045 3059 3185 3126; x_wconf 84' lang='lat' dir='ltr'><strong>Nox</strong></span> <span class='ocrx_word' id='word_1_494' title='bbox 3208 3063 3302 3126; x_wconf 87' lang='lat' dir='ltr'><strong>est</strong></span> <span class='ocrx_word' id='word_1_495' title='bbox 3323 3059 3685 3127; x_wconf 78' lang='lat' dir='ltr'><strong>differentia</strong></span> <span class='ocrx_word' id='word_1_496' title='bbox 3709 3065 3864 3128; x_wconf 88' lang='lat' dir='ltr'><strong>tem·</strong></span> 
     </span>
     <span class='ocr_line' id='line_1_72' title="bbox 2321 3169 3866 3255; baseline 0 -21"><span class='ocrx_word' id='word_1_497' title='bbox 2321 3171 2530 3254; x_wconf 88' lang='lat' dir='ltr'><strong>poris:</strong></span> <span class='ocrx_word' id='word_1_498' title='bbox 2553 3187 2712 3252; x_wconf 88' lang='lat' dir='ltr'><strong>ergo</strong></span> <span class='ocrx_word' id='word_1_499' title='bbox 2737 3188 2869 3234; x_wconf 89' lang='lat' dir='ltr'><strong>non</strong></span> <span class='ocrx_word' id='word_1_500' title='bbox 2894 3173 2988 3234; x_wconf 88' lang='lat' dir='ltr'><strong>est</strong></span> <span class='ocrx_word' id='word_1_501' title='bbox 3008 3169 3281 3252; x_wconf 88' lang='lat' dir='ltr'><strong>privatio</strong></span> <span class='ocrx_word' id='word_1_502' title='bbox 3305 3187 3505 3252; x_wconf 85' lang='lat' dir='ltr'><strong>pura:</strong></span> <span class='ocrx_word' id='word_1_503' title='bbox 3528 3170 3634 3233; x_wconf 90' lang='lat' dir='ltr'><strong>sed</strong></span> <span class='ocrx_word' id='word_1_504' title='bbox 3660 3169 3866 3255; x_wconf 91' lang='lat' dir='ltr'><strong>Scrip-</strong></span> 
     </span>
     <span class='ocr_line' id='line_1_73' title="bbox 2320 3276 3866 3359; baseline 0.001 -18"><span class='ocrx_word' id='word_1_505' title='bbox 2320 3281 2468 3342; x_wconf 85' lang='lat' dir='ltr'><strong>tura</strong></span> <span class='ocrx_word' id='word_1_506' title='bbox 2489 3277 2641 3341; x_wconf 91' lang='lat' dir='ltr'><strong>dicit</strong></span> <span class='ocrx_word' id='word_1_507' title='bbox 2662 3326 2680 3356; x_wconf 93' lang='lat'><strong>,</strong></span> <span class='ocrx_word' id='word_1_508' title='bbox 2702 3277 2874 3359; x_wconf 89' lang='lat' dir='ltr'><strong>quod</strong></span> <span class='ocrx_word' id='word_1_509' title='bbox 2901 3277 3183 3343; x_wconf 77' lang='lat' dir='ltr'><strong>tenebras</strong></span> <span class='ocrx_word' id='word_1_510' title='bbox 3207 3276 3557 3359; x_wconf 72' lang='lat' dir='ltr'><strong>appellavit</strong></span> <span class='ocrx_word' id='word_1_511' title='bbox 3579 3284 3821 3345; x_wconf 78' lang='lat' dir='ltr'><strong>noctem</strong></span> <span class='ocrx_word' id='word_1_512' title='bbox 3841 3301 3866 3343; x_wconf 93' lang='lat'><strong>.·</strong></span> 
     </span>
     <span class='ocr_line' id='line_1_74' title="bbox 2325 3385 3865 3468; baseline -0.001 -16"><span class='ocrx_word' id='word_1_513' title='bbox 2325 3405 2486 3468; x_wconf 91' lang='lat' dir='ltr'><strong>ergo</strong></span> <span class='ocrx_word' id='word_1_514' title='bbox 2519 3385 2777 3450; x_wconf 90' lang='lat' dir='ltr'><strong>videtur</strong></span> <span class='ocrx_word' id='word_1_515' title='bbox 2813 3386 2984 3468; x_wconf 89' lang='lat' dir='ltr'><strong>quod</strong></span> <span class='ocrx_word' id='word_1_516' title='bbox 3023 3385 3254 3449; x_wconf 86' lang='lat' dir='ltr'><strong>falsum</strong></span> <span class='ocrx_word' id='word_1_517' title='bbox 3295 3386 3495 3465; x_wconf 89' lang='lat' dir='ltr'><strong>dicat,</strong></span> <span class='ocrx_word' id='word_1_518' title='bbox 3531 3405 3680 3450; x_wconf 89' lang='lat' dir='ltr'><strong>cum</strong></span> <span class='ocrx_word' id='word_1_519' title='bbox 3717 3387 3865 3452; x_wconf 89' lang='lat' dir='ltr'><strong>dicit</strong></span> 
     </span>
     <span class='ocr_line' id='line_1_75' title="bbox 2321 3491 3865 3577; baseline 0.001 -21"><span class='ocrx_word' id='word_1_520' title='bbox 2321 3493 2491 3576; x_wconf 91' lang='lat' dir='ltr'><strong>quod</strong></span> <span class='ocrx_word' id='word_1_521' title='bbox 2518 3493 2797 3556; x_wconf 72' lang='lat' dir='ltr'><strong>tenebrae</strong></span> <span class='ocrx_word' id='word_1_522' title='bbox 2820 3511 2952 3556; x_wconf 90' lang='lat' dir='ltr'><strong>non</strong></span> <span class='ocrx_word' id='word_1_523' title='bbox 2976 3491 3217 3574; x_wconf 88' lang='lat' dir='ltr'><strong>aliquid</strong></span> <span class='ocrx_word' id='word_1_524' title='bbox 3239 3496 3408 3556; x_wconf 88' lang='lat' dir='ltr'><strong>sunt.</strong></span> <span class='ocrx_word' id='word_1_525' title='bbox 3438 3492 3515 3555; x_wconf 88' lang='lat' dir='ltr'><strong>Et</strong></span> <span class='ocrx_word' id='word_1_526' title='bbox 3536 3498 3865 3577; x_wconf 86' lang='lat' dir='ltr'><strong>propterea</strong></span> 
     </span>
     <span class='ocr_line' id='line_1_76' title="bbox 2321 3599 3866 3684; baseline 0 -19"><span class='ocrx_word' id='word_1_527' title='bbox 2321 3604 2570 3684; x_wconf 87' lang='lat' dir='ltr'><strong>oportet</strong></span> <span class='ocrx_word' id='word_1_528' title='bbox 2593 3601 2986 3681; x_wconf 80' lang='lat' dir='ltr'><strong>distinguere</strong></span> <span class='ocrx_word' id='word_1_529' title='bbox 2999 3649 3017 3679; x_wconf 92' lang='lat'><strong>,</strong></span> <span class='ocrx_word' id='word_1_530' title='bbox 3046 3599 3221 3682; x_wconf 90' lang='lat' dir='ltr'><strong>quod</strong></span> <span class='ocrx_word' id='word_1_531' title='bbox 3248 3600 3512 3664; x_wconf 89' lang='lat' dir='ltr'><strong>tenebra</strong></span> <span class='ocrx_word' id='word_1_532' title='bbox 3536 3601 3866 3683; x_wconf 89' lang='lat' dir='ltr'><strong>dupliciter</strong></span> 
     </span>
     <span class='ocr_line' id='line_1_77' title="bbox 2323 3708 3861 3796; baseline 0.001 -23"><span class='ocrx_word' id='word_1_533' title='bbox 2323 3713 2526 3792; x_wconf 88' lang='lat' dir='ltr'><strong>potest</strong></span> <span class='ocrx_word' id='word_1_534' title='bbox 2571 3709 2914 3796; x_wconf 82' lang='lat' dir='ltr'><strong>importare</strong></span> <span class='ocrx_word' id='word_1_535' title='bbox 2956 3708 3383 3791; x_wconf 89' lang='lat' dir='ltr'><strong>privationem</strong></span> <span class='ocrx_word' id='word_1_536' title='bbox 3413 3727 3431 3771; x_wconf 77' lang='grc' dir='ltr'><strong><em>ε</em></strong></span> <span class='ocrx_word' id='word_1_537' title='bbox 3462 3726 3598 3772; x_wconf 92' lang='lat' dir='ltr'><strong>uno</strong></span> <span class='ocrx_word' id='word_1_538' title='bbox 3644 3710 3861 3789; x_wconf 91' lang='lat' dir='ltr'><strong>modo,</strong></span> 
     </span>
     <span class='ocr_line' id='line_1_78' title="bbox 2322 3816 3866 3899; baseline 0.002 -19"><span class='ocrx_word' id='word_1_539' title='bbox 2322 3816 2478 3898; x_wconf 89' lang='lat' dir='ltr'><strong>quia</strong></span> <span class='ocrx_word' id='word_1_540' title='bbox 2503 3816 2873 3899; x_wconf 88' lang='lat' dir='ltr'><strong>simpliciter</strong></span> <span class='ocrx_word' id='word_1_541' title='bbox 2894 3816 3043 3881; x_wconf 88' lang='lat' dir='ltr'><strong>dicit</strong></span> <span class='ocrx_word' id='word_1_542' title='bbox 3067 3816 3230 3880; x_wconf 88' lang='lat' dir='ltr'><strong>lucis</strong></span> <span class='ocrx_word' id='word_1_543' title='bbox 3254 3817 3632 3896; x_wconf 81' lang='lat' dir='ltr'><strong>absentiam,</strong></span> <span class='ocrx_word' id='word_1_544' title='bbox 3658 3823 3724 3882; x_wconf 86' lang='lat' dir='ltr'><strong>et</strong></span> <span class='ocrx_word' id='word_1_545' title='bbox 3748 3819 3866 3883; x_wconf 86' lang='lat' dir='ltr'><strong>boc</strong></span> 
     </span>
     <span class='ocr_line' id='line_1_79' title="bbox 2323 3923 3861 4007; baseline 0.003 -20"><span class='ocrx_word' id='word_1_546' title='bbox 2323 3925 2513 3989; x_wconf 90' lang='lat' dir='ltr'><strong>modo</strong></span> <span class='ocrx_word' id='word_1_547' title='bbox 2540 3944 2673 3989; x_wconf 89' lang='lat' dir='ltr'><strong>non</strong></span> <span class='ocrx_word' id='word_1_548' title='bbox 2709 3925 2998 4007; x_wconf 87' lang='lat' dir='ltr'><strong>sequitur</strong></span> <span class='ocrx_word' id='word_1_549' title='bbox 3034 3923 3244 3989; x_wconf 86' lang='lat' dir='ltr'><strong>lucem</strong></span> <span class='ocrx_word' id='word_1_550' title='bbox 3276 3944 3292 3989; x_wconf 75' lang='grc' dir='ltr'>ε</span> <span class='ocrx_word' id='word_1_551' title='bbox 3320 3929 3383 3990; x_wconf 90' lang='lat' dir='ltr'><strong>et</strong></span> <span class='ocrx_word' id='word_1_552' title='bbox 3421 3927 3514 3990; x_wconf 90' lang='lat' dir='ltr'><strong>sic</strong></span> <span class='ocrx_word' id='word_1_553' title='bbox 3551 3927 3716 3991; x_wconf 88' lang='lat' dir='ltr'><strong>nihil</strong></span> <span class='ocrx_word' id='word_1_554' title='bbox 3741 3932 3861 4005; x_wconf 73' lang='lat' dir='ltr'><strong>est,</strong></span> 
     </span>
     <span class='ocr_line' id='line_1_80' title="bbox 2320 4030 3867 4116; baseline 0.002 -20"><span class='ocrx_word' id='word_1_555' title='bbox 2320 4031 2672 4096; x_wconf 87' lang='lat' dir='ltr'><strong>formaliter</strong></span> <span class='ocrx_word' id='word_1_556' title='bbox 2734 4032 3076 4115; x_wconf 80' lang='lat' dir='ltr'><strong>loquendO.</strong></span> <span class='ocrx_word' id='word_1_557' title='bbox 3143 4030 3249 4097; x_wconf 91' lang='lat' dir='ltr'><strong>Sic</strong></span> <span class='ocrx_word' id='word_1_558' title='bbox 3313 4033 3506 4097; x_wconf 90' lang='lat' dir='ltr'><strong>etiam</strong></span> <span class='ocrx_word' id='word_1_559' title='bbox 3570 4035 3867 4116; x_wconf 87' lang='lat' dir='ltr'><strong>intelligit</strong></span> 
     </span>
     <span class='ocr_line' id='line_1_81' title="bbox 2324 4138 3867 4224; baseline 0.004 -21"><span class='ocrx_word' id='word_1_560' title='bbox 2324 4138 2684 4222; x_wconf 86' lang='lat' dir='ltr'><strong>Scriptura,</strong></span> <span class='ocrx_word' id='word_1_561' title='bbox 2713 4141 2884 4223; x_wconf 91' lang='lat' dir='ltr'><strong>quod</strong></span> <span class='ocrx_word' id='word_1_562' title='bbox 2916 4141 3183 4207; x_wconf 81' lang='lat' dir='ltr'><strong>tenebroe</strong></span> <span class='ocrx_word' id='word_1_563' title='bbox 3210 4147 3394 4208; x_wconf 79' lang='lat' dir='ltr'><strong>erant</strong></span> <span class='ocrx_word' id='word_1_564' title='bbox 3422 4157 3611 4224; x_wconf 77' lang='lat' dir='ltr'><strong>super</strong></span> <span class='ocrx_word' id='word_1_565' title='bbox 3635 4144 3867 4223; x_wconf 75' lang='lat' dir='ltr'><strong>faciem</strong></span> 
     </span>
     <span class='ocr_line' id='line_1_82' title="bbox 2323 4248 3867 4331; baseline 0.001 -19"><span class='ocrx_word' id='word_1_566' title='bbox 2323 4248 2546 4328; x_wconf 72' lang='lat' dir='ltr'><strong>abyssi</strong></span> <span class='ocrx_word' id='word_1_567' title='bbox 2564 4249 2588 4283; x_wconf 82' lang='lat'>²</span> <span class='ocrx_word' id='word_1_568' title='bbox 2614 4268 2636 4308; x_wconf 80' lang='grc'><strong>.-</strong></span> <span class='ocrx_word' id='word_1_569' title='bbox 2667 4253 2730 4311; x_wconf 91' lang='lat' dir='ltr'><strong>et</strong></span> <span class='ocrx_word' id='word_1_570' title='bbox 2773 4248 2864 4311; x_wconf 89' lang='lat' dir='ltr'><strong>sic</strong></span> <span class='ocrx_word' id='word_1_571' title='bbox 2907 4248 3206 4330; x_wconf 86' lang='lat' dir='ltr'><strong>intelligit</strong></span> <span class='ocrx_word' id='word_1_572' title='bbox 3243 4251 3684 4331; x_wconf 82' lang='lat' dir='ltr'><strong>Augustinus,</strong></span> <span class='ocrx_word' id='word_1_573' title='bbox 3719 4270 3867 4315; x_wconf 91' lang='lat' dir='ltr'><strong>cum</strong></span> 
     </span>
     <span class='ocr_line' id='line_1_83' title="bbox 2325 4354 3865 4438; baseline 0.003 -21"><span class='ocrx_word' id='word_1_574' title='bbox 2325 4354 2516 4419; x_wconf 78' lang='lat' dir='ltr'><strong>dicit⁸</strong></span> <span class='ocrx_word' id='word_1_575' title='bbox 2550 4378 2564 4419; x_wconf 72' lang='grc' dir='ltr'>ε</span> <span class='ocrx_word' id='word_1_576' title='bbox 2596 4378 2627 4416; x_wconf 78' lang='grc' dir='ltr'>α</span> <span class='ocrx_word' id='word_1_577' title='bbox 2653 4354 2958 4420; x_wconf 82' lang='lat' dir='ltr'><strong>Tenebrae</strong></span> <span class='ocrx_word' id='word_1_578' title='bbox 2999 4374 3133 4419; x_wconf 91' lang='lat' dir='ltr'><strong>non</strong></span> <span class='ocrx_word' id='word_1_579' title='bbox 3180 4356 3417 4438; x_wconf 88' lang='lat' dir='ltr'><strong>aliquid</strong></span> <span class='ocrx_word' id='word_1_580' title='bbox 3460 4363 3635 4421; x_wconf 89' lang='lat' dir='ltr'><strong>sunt.</strong></span> <span class='ocrx_word' id='word_1_581' title='bbox 3664 4379 3695 4416; x_wconf 73' lang='lat' dir='ltr'><strong>n</strong></span> <span class='ocrx_word' id='word_1_582' title='bbox 3727 4358 3865 4422; x_wconf 79' lang='lat' dir='ltr'><strong>Alio</strong></span> 
     </span>
     <span class='ocr_line' id='line_1_84' title="bbox 2326 4463 3867 4546; baseline 0.001 -19"><span class='ocrx_word' id='word_1_583' title='bbox 2326 4463 2516 4527; x_wconf 89' lang='lat' dir='ltr'><strong>modo</strong></span> <span class='ocrx_word' id='word_1_584' title='bbox 2541 4463 2804 4527; x_wconf 90' lang='lat' dir='ltr'><strong>tenebra</strong></span> <span class='ocrx_word' id='word_1_585' title='bbox 2825 4463 2979 4527; x_wconf 90' lang='lat' dir='ltr'><strong>dicit</strong></span> <span class='ocrx_word' id='word_1_586' title='bbox 3005 4464 3427 4546; x_wconf 85' lang='lat' dir='ltr'><strong>privationem</strong></span> <span class='ocrx_word' id='word_1_587' title='bbox 3453 4465 3615 4529; x_wconf 89' lang='lat' dir='ltr'><strong>lucis</strong></span> <span class='ocrx_word' id='word_1_588' title='bbox 3641 4466 3711 4528; x_wconf 92' lang='lat' dir='ltr'><strong>in</strong></span> <span class='ocrx_word' id='word_1_589' title='bbox 3739 4485 3867 4529; x_wconf 89' lang='lat' dir='ltr'><strong>una</strong></span> 
     </span>
     <span class='ocr_line' id='line_1_85' title="bbox 2325 4572 3862 4655; baseline 0.003 -20"><span class='ocrx_word' id='word_1_590' title='bbox 2325 4577 2533 4655; x_wconf 90' lang='lat' dir='ltr'><strong>parte,</strong></span> <span class='ocrx_word' id='word_1_591' title='bbox 2565 4590 2716 4636; x_wconf 90' lang='lat' dir='ltr'><strong>cum</strong></span> <span class='ocrx_word' id='word_1_592' title='bbox 2741 4573 3052 4655; x_wconf 88' lang='lat' dir='ltr'><strong>positione</strong></span> <span class='ocrx_word' id='word_1_593' title='bbox 3083 4572 3568 4637; x_wconf 85' lang='lat' dir='ltr'><strong>illuminationis</strong></span> <span class='ocrx_word' id='word_1_594' title='bbox 3601 4574 3670 4637; x_wconf 91' lang='lat' dir='ltr'><strong>in</strong></span> <span class='ocrx_word' id='word_1_595' title='bbox 3699 4575 3862 4639; x_wconf 84' lang='lat' dir='ltr'><strong>alia:</strong></span> 
     </span>
     <span class='ocr_line' id='line_1_86' title="bbox 2326 4678 3866 4764; baseline 0.001 -20"><span class='ocrx_word' id='word_1_596' title='bbox 2326 4685 2388 4744; x_wconf 91' lang='lat' dir='ltr'><strong>et</strong></span> <span class='ocrx_word' id='word_1_597' title='bbox 2415 4678 2538 4743; x_wconf 92' lang='lat' dir='ltr'><strong>hoc</strong></span> <span class='ocrx_word' id='word_1_598' title='bbox 2564 4679 2753 4744; x_wconf 86' lang='lat' dir='ltr'><strong>modo</strong></span> <span class='ocrx_word' id='word_1_599' title='bbox 2779 4678 3042 4744; x_wconf 90' lang='lat' dir='ltr'><strong>tenebra</strong></span> <span class='ocrx_word' id='word_1_600' title='bbox 3067 4679 3420 4763; x_wconf 90' lang='lat' dir='ltr'><strong>appellatur</strong></span> <span class='ocrx_word' id='word_1_601' title='bbox 3441 4680 3696 4761; x_wconf 90' lang='lat' dir='ltr'><strong>umbra,</strong></span> <span class='ocrx_word' id='word_1_602' title='bbox 3722 4700 3866 4764; x_wconf 84' lang='lat' dir='ltr'><strong>quae</strong></span> 
     </span>
     <span class='ocr_line' id='line_1_87' title="bbox 2325 4769 3868 4880; baseline 0.001 -30"><span class='ocrx_word' id='word_1_603' title='bbox 2325 4769 2615 4850; x_wconf 81' lang='lat' dir='ltr'><strong>resultat‘</strong></span> <span class='ocrx_word' id='word_1_604' title='bbox 2635 4805 2719 4851; x_wconf 82' lang='lat' dir='ltr'><strong>ex</strong></span> <span class='ocrx_word' id='word_1_605' title='bbox 2764 4788 3009 4870; x_wconf 86' lang='lat' dir='ltr'><strong>objecto</strong></span> <span class='ocrx_word' id='word_1_606' title='bbox 3056 4788 3339 4870; x_wconf 90' lang='lat' dir='ltr'><strong>corporis</strong></span> <span class='ocrx_word' id='word_1_607' title='bbox 3385 4788 3564 4870; x_wconf 88' lang='lat' dir='ltr'><strong>opaci</strong></span> <span class='ocrx_word' id='word_1_608' title='bbox 3611 4808 3628 4852; x_wconf 76' lang='lat' dir='ltr'><strong><em>z</em></strong></span> <span class='ocrx_word' id='word_1_609' title='bbox 3671 4793 3733 4880; x_wconf 86' lang='lat' dir='ltr'><strong>et</strong></span> <span class='ocrx_word' id='word_1_610' title='bbox 3781 4788 3868 4852; x_wconf 86' lang='lat' dir='ltr'><strong>sic</strong></span> 
     </span>
     <span class='ocr_line' id='line_1_88' title="bbox 2325 4895 3868 4988; baseline 0.001 -30"><span class='ocrx_word' id='word_1_611' title='bbox 2325 4895 2585 4959; x_wconf 90' lang='lat' dir='ltr'><strong>tenebra</strong></span> <span class='ocrx_word' id='word_1_612' title='bbox 2600 4943 2618 4974; x_wconf 98' lang='lat'><strong>,</strong></span> <span class='ocrx_word' id='word_1_613' title='bbox 2652 4895 2766 4959; x_wconf 84' lang='lat' dir='ltr'><strong>etsi</strong></span> <span class='ocrx_word' id='word_1_614' title='bbox 2799 4895 3014 4978; x_wconf 89' lang='lat' dir='ltr'><strong>aliquo</strong></span> <span class='ocrx_word' id='word_1_615' title='bbox 3051 4895 3241 4960; x_wconf 91' lang='lat' dir='ltr'><strong>modo</strong></span> <span class='ocrx_word' id='word_1_616' title='bbox 3281 4896 3364 4959; x_wconf 86' lang='lat' dir='ltr'><strong>sit</strong></span> <span class='ocrx_word' id='word_1_617' title='bbox 3401 4895 3676 4979; x_wconf 89' lang='lat' dir='ltr'><strong>privatio</strong></span> <span class='ocrx_word' id='word_1_618' title='bbox 3691 4944 3709 4974; x_wconf 90' lang='lat'><strong>,</strong></span> <span class='ocrx_word' id='word_1_619' title='bbox 3741 4914 3868 4988; x_wconf 81' lang='lat' dir='ltr'><strong>non</strong></span> 
     </span>
     <span class='ocr_line' id='line_1_89' title="bbox 2324 5002 3868 5087; baseline 0 -21"><span class='ocrx_word' id='word_1_620' title='bbox 2324 5006 2543 5067; x_wconf 88' lang='lat' dir='ltr'><strong>tamen</strong></span> <span class='ocrx_word' id='word_1_621' title='bbox 2581 5003 2857 5085; x_wconf 89' lang='lat' dir='ltr'><strong>privatio</strong></span> <span class='ocrx_word' id='word_1_622' title='bbox 2897 5021 3060 5085; x_wconf 87' lang='lat' dir='ltr'><strong>pura</strong></span> <span class='ocrx_word' id='word_1_623' title='bbox 3092 5025 3107 5067; x_wconf 74' lang='grc' dir='ltr'>ε</span> <span class='ocrx_word' id='word_1_624' title='bbox 3139 5006 3204 5068; x_wconf 93' lang='lat' dir='ltr'><strong>et</strong></span> <span class='ocrx_word' id='word_1_625' title='bbox 3243 5022 3358 5087; x_wconf 91' lang='lat' dir='ltr'><strong>per</strong></span> <span class='ocrx_word' id='word_1_626' title='bbox 3391 5002 3563 5068; x_wconf 90' lang='lat' dir='ltr'><strong>hunc</strong></span> <span class='ocrx_word' id='word_1_627' title='bbox 3605 5004 3868 5068; x_wconf 90' lang='lat' dir='ltr'><strong>modum</strong></span> 
     </span>
     <span class='ocr_line' id='line_1_90' title="bbox 2326 5109 3869 5193; baseline -0.001 -18"><span class='ocrx_word' id='word_1_628' title='bbox 2326 5109 2691 5193; x_wconf 89' lang='lat' dir='ltr'><strong>accipiendo</strong></span> <span class='ocrx_word' id='word_1_629' title='bbox 2707 5159 2726 5190; x_wconf 92' lang='lat'><strong>,</strong></span> <span class='ocrx_word' id='word_1_630' title='bbox 2774 5129 2814 5173; x_wconf 90' lang='lat' dir='ltr'><strong>a</strong></span> <span class='ocrx_word' id='word_1_631' title='bbox 2858 5110 3002 5175; x_wconf 89' lang='lat' dir='ltr'><strong>luce</strong></span> <span class='ocrx_word' id='word_1_632' title='bbox 3052 5110 3281 5174; x_wconf 89' lang='lat' dir='ltr'><strong>dicitur</strong></span> <span class='ocrx_word' id='word_1_633' title='bbox 3328 5129 3463 5175; x_wconf 88' lang='lat' dir='ltr'><strong>esse</strong></span> <span class='ocrx_word' id='word_1_634' title='bbox 3513 5110 3719 5175; x_wconf 89' lang='lat' dir='ltr'><strong>divisa</strong></span> <span class='ocrx_word' id='word_1_635' title='bbox 3735 5160 3754 5191; x_wconf 93' lang='lat'><strong>,</strong></span> <span class='ocrx_word' id='word_1_636' title='bbox 3807 5114 3869 5174; x_wconf 91' lang='lat' dir='ltr'><strong>et</strong></span> 
     </span>
     <span class='ocr_line' id='line_1_91' title="bbox 2327 5217 3864 5300; baseline -0.001 -18"><span class='ocrx_word' id='word_1_637' title='bbox 2327 5218 2625 5300; x_wconf 87' lang='lat' dir='ltr'><strong>signatur</strong></span> <span class='ocrx_word' id='word_1_638' title='bbox 2648 5217 2909 5282; x_wconf 89' lang='lat' dir='ltr'><strong>nomine</strong></span> <span class='ocrx_word' id='word_1_639' title='bbox 2937 5218 3170 5294; x_wconf 77' lang='lat' dir='ltr'><strong>noctiS,</strong></span> <span class='ocrx_word' id='word_1_640' title='bbox 3199 5220 3263 5281; x_wconf 92' lang='lat' dir='ltr'><strong>et</strong></span> <span class='ocrx_word' id='word_1_641' title='bbox 3287 5217 3600 5282; x_wconf 89' lang='lat' dir='ltr'><strong>invitatur</strong></span> <span class='ocrx_word' id='word_1_642' title='bbox 3623 5218 3704 5282; x_wconf 86' lang='lat' dir='ltr'><strong>ad</strong></span> <span class='ocrx_word' id='word_1_643' title='bbox 3727 5217 3864 5281; x_wconf 89' lang='lat' dir='ltr'><strong>lau·</strong></span> 
     </span>
     <span class='ocr_line' id='line_1_92' title="bbox 2327 5324 3861 5409; baseline -0.001 -19"><span class='ocrx_word' id='word_1_644' title='bbox 2327 5326 2475 5391; x_wconf 89' lang='lat' dir='ltr'><strong>dem</strong></span> <span class='ocrx_word' id='word_1_645' title='bbox 2496 5324 2827 5405; x_wconf 76' lang='lat' dir='ltr'><strong>CreatoriS,</strong></span> <span class='ocrx_word' id='word_1_646' title='bbox 2852 5329 2916 5389; x_wconf 89' lang='lat' dir='ltr'><strong>et</strong></span> <span class='ocrx_word' id='word_1_647' title='bbox 2939 5325 3346 5409; x_wconf 86' lang='lat' dir='ltr'><strong>consequitur</strong></span> <span class='ocrx_word' id='word_1_648' title='bbox 3363 5325 3659 5390; x_wconf 86' lang='lat' dir='ltr'><strong>habitum</strong></span> <span class='ocrx_word' id='word_1_649' title='bbox 3682 5324 3861 5389; x_wconf 86' lang='lat' dir='ltr'><strong>lucis.</strong></span> 
     </span>
    </p>

    <p class='ocr_par' dir='ltr' id='par_1_10' title="bbox 2394 5446 3094 5514">
     <span class='ocr_line' id='line_1_93' title="bbox 2394 5446 3094 5514; baseline -0.001 -16"><span class='ocrx_word' id='word_1_650' title='bbox 2394 5449 2461 5514; x_wconf 83' lang='grc' dir='ltr'><strong>(α)</strong></span> <span class='ocrx_word' id='word_1_651' title='bbox 2484 5447 2629 5501; x_wconf 69' lang='lat' dir='ltr'><strong>Edit.</strong></span> <span class='ocrx_word' id='word_1_652' title='bbox 2651 5447 2768 5498; x_wconf 81' lang='lat' dir='ltr'><strong>Ven.</strong></span> <span class='ocrx_word' id='word_1_653' title='bbox 2783 5446 2922 5498; x_wconf 72' lang='lat' dir='ltr'><strong>deest</strong></span> <span class='ocrx_word' id='word_1_654' title='bbox 2937 5446 3094 5511; x_wconf 85' lang='lat' dir='ltr'><strong>quod.</strong></span> 
     </span>
    </p>
   </div>
  </div>
 </body>
</html>
