4125 6225
659 415 784 486 622

660 561 804 621 tum
830 558 924 620 est
939 572 1022 619 ex
1043 557 1221 638 parte
1237 553 1541 636 temporis
1560 573 1576 616 :
1596 554 1660 617 et
1676 552 1825 616 dicit
1848 551 2199 635 Scriptura,

661 667 832 752 quod
860 667 1142 734 volatilia
1177 671 1241 731 et
1269 665 1552 730 natatilia
1602 665 1764 729 facta
1801 663 2045 728 suntin
2070 680 2207 727 uno

662 775 798 855 die,
843 775 1078 839 scilicet
1123 775 1347 859 quinto
1372 795 1388 851 ;
1445 773 1802 854 gressibilia
1847 788 2006 835 vero
2051 787 2204 833 cum

663 882 923 945 homine
949 881 1110 945 facta
1136 883 1286 944 sunt
1309 881 1411 944 die
1438 879 1659 955 altero,
1690 877 1928 941 scilicet
1960 881 2161 940 sext0.

430 986 503 1030 Μ
529 997 635 1042 01²1>-
742 988 1013 1053 Contra:
1057 994 1117 1052 1.
1157 988 1358 1052 Istum
1399 986 1691 1050 ordinem
1731 985 2028 1067 objicitur
2068 983 2202 1047 sic:

663 1092 880 1160 Primo
903 1115 982 1160 ex
1013 1099 1193 1179 parte
1219 1096 1507 1177 ipsorum
1533 1092 1911 1157 animalium
1935 1089 2208 1153 sensibi-

661 1204 823 1269 lium
848 1205 916 1268 in
942 1223 1039 1284 se;
1063 1204 1340 1268 secundo
1365 1221 1519 1267 vero
1544 1203 1614 1265 in
1636 1200 2106 1283 comparatione
2128 1199 2211 1262 ad

661 1312 1016 1377 hominem.
1042 1312 1272 1377 Contra
1287 1312 1571 1393 primum
1593 1309 1894 1392 objicitur
1913 1306 2001 1371 sic
2027 1327 2043 1370 ε
2071 1304 2211 1370 Uno

664 1423 766 1488 die
805 1424 1066 1488 fuerunt
1106 1424 1325 1488 omnia
1368 1422 1682 1487 elementa
1717 1420 2030 1496 distincta,
2079 1436 2213 1481 non

665 1531 875 1595 solum
905 1549 1015 1594 aer
1041 1534 1104 1594 et
1139 1530 1332 1611 igniti,
1358 1530 1466 1593 sed
1491 1529 1681 1592 etiam
1710 1546 1877 1609 aqua
1911 1530 1975 1590 et
1997 1531 2209 1590 terra:

667 1637 873 1718 igitur
908 1637 1048 1720 pari
1084 1638 1330 1701 ratione
1354 1656 1395 1700 a
1427 1653 1684 1700 summo
1718 1635 1945 1718 opifice
1982 1632 2217 1697 debent

669 1745 862 1811 fuisse
889 1750 1159 1811 ornata:
1200 1747 1402 1827 igitur
1427 1747 1498 1810 in
1524 1764 1659 1810 uno
1684 1745 1787 1810 die
1825 1744 2046 1809 debuit
2076 1742 2216 1808 fieri

673 1858 939 1918 ornatus
966 1854 1154 1932 aeris,
1179 1857 1242 1917 et
1268 1871 1477 1936 aquae,
1505 1858 1568 1918 et
1591 1856 1802 1916 terrae.

756 1966 816 2025 2.
849 1962 1010 2026 Item
1043 1962 1359 2026 distinctio
1386 1962 1638 2026 dierum
1673 1961 1744 2023 nt
1782 1974 1977 2042 penes
2002 1956 2219 2021 diver-

675 2070 925 2135 sitatem
949 2070 1431 2153 operationum:
1459 2087 1638 2151 erg0,
1682 2068 1735 2131 si
1763 2068 1884 2130 tria
1913 2071 2064 2130 sunt
2089 2066 2219 2130 ele-

559 2185 562 2188 ‘
675 2182 896 2241 menta
924 2196 1073 2260 quae
1097 2181 1409 2240 ornantur
1436 2194 1515 2239 ex
1555 2175 1963 2252 animalibuS,
2008 2177 2072 2237 et
2099 2173 2223 2236 tria

676 2289 828 2350 sunt
854 2302 1096 2367 genera
1127 2281 1527 2362 animalium,
1557 2283 1792 2347 scilicet
1827 2280 2130 2360 volatilia,
2161 2284 2225 2344 et

676 2392 984 2471 natatilia,
1030 2396 1095 2455 et
1129 2392 1507 2473 gressibilia,
1554 2391 1813 2455 videtur
1855 2389 2029 2470 quod
2072 2405 2224 2470 pro-

678 2496 826 2561 duci
852 2498 1211 2562 debuerunt
1235 2497 1457 2561 saltem
1477 2498 1546 2560 in
1573 2497 1778 2560 tribus
1802 2495 2046 2560 diebus,

765 2610 825 2668 3.
854 2604 1012 2669 Item
1039 2609 1211 2669 terra
1239 2605 1414 2687 prior
1440 2605 1740 2669 omnibus
1758 2604 2069 2686 producta
2089 2605 2221 2667 est:

685 2729 842 2793 ergo
866 2713 1043 2794 prior
1069 2712 1370 2776 omnibus
1394 2712 1578 2777 debet
1604 2730 1740 2777 esse
1768 2715 1994 2775 ornata
2021 2732 2036 2774 ι
2071 2728 2228 2790 ergo

684 2819 989 2884 animalia
1014 2838 1162 2902 quae
1187 2825 1425 2884 terram
1467 2824 1720 2900 ornant,
1758 2819 1938 2902 prius
1965 2816 2230 2901 produci

686 2926 1068 3007 debuerunt,
1091 2946 1287 3009 quam
1310 2928 1418 2992 illa
1438 2945 1586 3010 quae
1608 2930 1843 2991 ornant
1867 2943 2104 3008 aquam
2124 2923 2230 2990 vel

685 3052 923 3099 aerem.

766 3147 829 3206 4.
862 3141 1021 3205 Item
1040 3189 1058 3219 ,
1102 3160 1254 3205 cum
1293 3140 1735 3224 producuntur
1775 3139 2079 3204 animalia
2123 3157 2232 3204 or-

686 3249 908 3314 nantia
931 3250 1263 3328 elementa,
1287 3250 1397 3311 aut
1413 3247 1856 3330 producuntur
1876 3244 2232 3309 secundum

689 3358 980 3422 ordinem
1005 3356 1354 3438 dignitatiS,
1374 3360 1450 3418 ut
1470 3352 1811 3436 incipiatur
1836 3372 1875 3417 a
1897 3370 2224 3436 supreme,

689 3468 803 3528 aut
828 3464 1182 3529 secundum
1218 3462 1508 3528 ordinem
1535 3461 1944 3539 ascensioniS,
1968 3464 2044 3524 ut
2072 3460 2235 3524 inci-

690 3572 908 3654 piatur
936 3572 1017 3635 ab
1043 3571 1304 3634 infimo:
1333 3570 1387 3633 si
1404 3569 1615 3652 primo
1633 3569 1849 3645 mod0‚
1871 3586 2029 3649 ergo
2056 3568 2236 3650 prius

692 3679 952 3744 deberet
975 3679 1120 3743 fleri
1158 3680 1427 3743 ornatus
1469 3677 1661 3759 ignia,
1707 3695 1904 3760 quam
1940 3677 2105 3741 aeris
2121 3699 2138 3755 ;
2182 3677 2236 3740 si

691 3787 971 3852 secundo
999 3787 1212 3864 mod0‚
1254 3803 1411 3867 ergo
1439 3786 1618 3868 prius
1648 3785 1905 3849 deberet
1944 3784 2085 3847 fleri
2130 3802 2235 3847 or-

695 3899 884 3959 natus
902 3899 1113 3971 terrae,
1138 3912 1334 3976 quam
1349 3911 1535 3975 aquae
1556 3915 1570 3956 :
1594 3910 1873 3975 quorum
1887 3897 2238 3975 utrumque

694 4007 1018 4085 repugnat
1060 4018 1255 4064 sacrae
1316 3998 1660 4082 Scripturae
1678 4048 1695 4078 ‚
1749 4002 1816 4063 et
1856 3999 2240 4065 ordinationi

696 4109 1134 4193 productionis
1174 4107 1354 4190 prius
1393 4108 1828 4173 determinatae
1852 4156 1870 4186 ,
1922 4111 2241 4189 quantum

696 4216 778 4281 ad
808 4215 1293 4299 productionem
1323 4215 1609 4297 ipsorum
1635 4214 2041 4279 animalium.

781 4326 841 4387 ὅ.
866 4322 1026 4387 Item
1056 4322 1351 4404 objicitur
1387 4327 1606 4386 contra
1632 4322 1924 4386 ordinem
1962 4322 2243 4405 produc-

699 4429 893 4494 tionis
917 4429 1296 4493 animalium
1322 4428 1393 4492 in
1418 4431 1886 4511 comparatione
1914 4430 1995 4493 ab
2030 4429 2241 4494 homi-

699 4556 873 4603 nem.
903 4536 1110 4602 Homo
1138 4537 1313 4600 enim
1338 4535 1484 4618 plus
1521 4537 1819 4602 convenit
1863 4555 2014 4600 cum
2041 4555 2243 4618 ange-

701 4644 802 4724 lis,
837 4663 1033 4728 quam
1072 4663 1223 4709 cum
1265 4644 1480 4708 bestiis
1512 4666 1528 4707 ι
1577 4662 1734 4726 ergo
1780 4645 1990 4726 magis
2025 4644 2245 4710 debuit

704 4753 967 4837 produci
981 4752 1205 4817 eodem
1224 4752 1324 4816 die
1344 4770 1492 4815 cum
1508 4752 1776 4833 angeliS,
1797 4772 1995 4835 quam
2019 4752 2245 4817 eodem

705 4862 807 4927 die
835 4880 986 4926 cum
1010 4861 1228 4925 bestiis
1259 4878 1274 4924 ε
1316 4877 1474 4940 ergo
1509 4859 1838 4942 productio
1865 4860 2147 4952 hominis
2184 4863 2248 4925 et

704 4969 1054 5034 bestiarum
1078 4986 1214 5032 non
1237 4971 1406 5031 recte
1432 4966 1594 5030 facta
1621 4970 1715 5030 est
1741 4968 1808 5030 in
1829 4968 2051 5032 eodem
2079 4968 2203 5033 die.

788 5081 849 5139 6.
882 5074 1040 5139 ltem
1068 5074 1215 5158 plus
1253 5073 1553 5137 convenit
1578 5074 1943 5140 irrationale
1969 5094 2120 5140 cum
2157 5076 2249 5139 ir·-

709 5184 1025 5261 rationali,
1054 5200 1250 5265 quam
1271 5201 1424 5246 cum
1449 5182 1732 5262 homine,
1756 5183 1891 5248 sive
1918 5184 2245 5248 rationali:

712 5308 872 5371 ergo
921 5291 1130 5371 magis
1180 5293 1544 5374 competens
1595 5289 1716 5354 fuit
1768 5289 1839 5353 in
1882 5291 2107 5356 eodem
2148 5291 2251 5356 die

714 5395 1064 5478 producere
1114 5397 1335 5463 omnia
1383 5395 1690 5465 animalia
1738 5396 2199 5465 irrationabilia
2226 5444 2247 5477 ,

1788 413 2413 481 SENTENTIARUM
2455 418 2605 486 LlB.
2654 419 2736 485 11.

2309 571 2507 635 quam
2534 556 2731 620 simul
2771 556 3120 639 producere
3158 557 3500 624 hominem
3536 563 3600 624 et
3633 559 3857 629 bruta.

2392 666 2451 726 7.
2481 660 2638 727 Item
2662 663 3076 748 principalius
3098 684 3260 748 opus
3282 667 3407 731 diei
3432 666 3616 731 debet
3639 670 3859 750 prImo

2312 770 2497 833 fleri:
2543 772 2653 836 sed
2696 771 2893 836 homo
2929 773 3341 864 principalius
3377 793 3540 857 opus
3582 775 3705 839 fuit
3734 776 3864 841 diei

2313 881 2508 942 sextae
2536 901 2549 943 ε
2583 896 2739 960 ergo
2771 879 2990 944 debuit
3017 883 3162 944 ante
3193 883 3358 959 fieri,
3389 901 3586 964 quam
3633 883 3867 946 flerent

2313 986 2630 1050 sensibilia
2656 988 2789 1054 sive
2829 988 3019 1051 bruta
3049 1011 3063 1052 :
3095 990 3267 1070 quod
3308 993 3403 1055 est
3439 994 3661 1054 contra
3687 988 3866 1054 ordi-

2316 1110 2467 1157 nem
2497 1112 2692 1159 sacrae
2717 1094 3086 1177 Scripturae.

2397 1201 2662 1280 8.,Item
2709 1203 3021 1285 posterius
3063 1203 3277 1284 magis
3318 1202 3565 1285 indiget
3612 1205 3867 1288 priori,

2317 1324 2515 1389 quam
2541 1329 2577 1373 e
2600 1329 2944 1378 converso:
2973 1312 3082 1376 sed
3108 1312 3300 1376 bruta
3320 1313 3621 1376 animalia
3652 1314 3871 1394 magis

2320 1415 2692 1497 indigebant
2729 1401 3010 1498 homine,
3055 1437 3253 1502 quam
3301 1419 3497 1484 homo
3544 1419 3872 1502 indigeret

2320 1524 2412 1588 eis
2438 1526 2789 1590 secundum
2823 1527 3007 1592 illum
3045 1525 3327 1591 statum:
3371 1545 3530 1609 ergo
3569 1532 3723 1592 ante
3756 1526 3873 1591 de·-

2320 1631 2510 1695 bebat
2532 1633 2726 1698 homo
2750 1633 3040 1718 produci,
3073 1653 3268 1718 quam
3294 1634 3402 1700 illa
3441 1635 3513 1699 in
3554 1653 3694 1700 esse
3724 1651 3876 1717 pro-

2322 1738 2551 1804 dirent.

2865 1975 3316 2044 CONCLUSIO.

2326 2146 2392 2201 In
2415 2144 2762 2216 productione
2796 2159 2974 2202 rerum
3000 2146 3338 2202 sensibilium
3363 2148 3606 2201 servatus
3628 2146 3711 2200 est
3749 2142 3873 2199 ordo

2399 2237 2941 2302 convenientissimus,
2975 2240 3090 2291 tam
3122 2238 3176 2290 si
3203 2234 3449 2291 attendas
3475 2236 3637 2304 finem
3676 2239 3732 2290 et
3758 2247 3873 2288 ma-

2403 2326 2616 2392 teriam,
2643 2340 2805 2395 quam
2825 2325 3249 2397 praecellentiam
3268 2326 3620 2396 perfectionis
3638 2328 3871 2380 natttrae.

2412 2491 2599 2575 Resp.
2632 2493 2711 2557 ad
2739 2493 2894 2575 Arg.
2930 2492 3280 2557 Dicendum
3296 2493 3468 2576 quod
3506 2494 3574 2556 in
3602 2493 3876 2576 produc-

2334 2599 2507 2663 tione
2547 2601 2943 2664 sensibilium
2988 2600 3228 2684 duplex
3270 2601 3617 2665 attenditur
3661 2600 3823 2664 ordo
3855 2619 3873 2663 ε

2334 2728 2529 2789 unuS,
2555 2710 2791 2774 scilicet
2818 2710 3174 2775 secundum
3198 2709 3669 2774 distinctionem
3688 2708 3816 2772 diei
3840 2724 3878 2769 a

2336 2817 2472 2896 die;
2517 2817 2720 2894 alius,
2764 2817 2998 2881 scilicet
3038 2818 3392 2882 secundum
3432 2817 3728 2881 ordinem
3772 2833 3878 2879 eo·

2336 2942 2508 3001 rum,
2538 2943 2685 3007 quae
2710 2925 2934 2989 eodem
2957 2926 3059 2989 die
3084 2925 3391 3007 producta
3411 2928 3586 2988 sunt.
3622 2924 3875 2988 Primus

2337 3035 2556 3095 autem
2577 3032 2733 3096 ordo
2751 3032 3096 3096 attenditur
3113 3031 3465 3096 secundum
3488 3031 3878 3111 exigentiam

2338 3141 2484 3204 finis
2508 3144 2571 3204 et
2597 3141 2911 3220 materiae3
2947 3143 3011 3206 et
3049 3141 3203 3223 quia
3237 3140 3519 3207 volatilia
3556 3144 3620 3203 et
3652 3139 3879 3203 natati-

2338 3249 2426 3313 lia
2450 3268 2532 3312 ex
2562 3250 2748 3331 aquis
2766 3250 3075 3333 producta
3102 3253 3277 3329 sunt,
3306 3252 3496 3337 prout
3517 3267 3690 3331 aqua
3715 3266 3879 3312 com-

2340 3357 2625 3421 muniter
2652 3357 2961 3440 accipitur
2987 3358 3068 3421 ad
3096 3356 3440 3420 humorem
3466 3360 3530 3420 et
3552 3374 3877 3439 vaporem,

2342 3467 2406 3529 et
2425 3465 2673 3529 suntad
2699 3468 2999 3529 ornatum
3032 3469 3285 3529 naturae
3315 3463 3702 3547 perspicuae3
3747 3463 3879 3527 ideo

2343 3591 2520 3637 sacra
2554 3572 2878 3657 Scriptura
2921 3574 3072 3638 dicit
3109 3592 3185 3637 ea
3214 3592 3349 3637 esse
3394 3573 3557 3638 facta
3599 3592 3734 3638 uno
3762 3572 3880 3637 die.

2346 3680 2509 3759 Quia
2533 3699 2688 3746 vero
2716 3681 3094 3762 gressibilia,
3121 3699 3254 3745 non
3281 3680 3494 3745 solum
3520 3680 3875 3758 rationalia,

2346 3789 2455 3854 sed
2482 3789 2895 3869 irrationalia,
2925 3790 3005 3853 ad
3025 3794 3477 3853 ornamentum
3505 3792 3693 3853 terrae
3718 3804 3882 3870 spec·

2347 3899 2507 3973 tant,
2551 3902 2615 3960 et
2658 3915 2740 3960 ex
2785 3896 3009 3961 eadem
3054 3896 3324 3970 materia
3369 3898 3523 3959 sunt
3558 3896 3879 3977 producta,

2349 4004 2583 4068 scilicet
2610 4006 2810 4082 terra3
2859 4002 3003 4067 ideo
3031 4022 3165 4067 non
3195 4003 3420 4067 eodem
3461 4003 3587 4079 die,
3631 4002 3741 4067 sed
3763 4001 3881 4065 alio

2350 4130 2389 4175 a
2419 4111 2736 4194 praedictis
2777 4111 2943 4175 facta
2970 4115 3121 4176 sunt
3141 4133 3158 4191 ;
3210 4111 3302 4175 ita
3344 4110 3517 4194 quod
3556 4110 3723 4175 sicut
3760 4124 3882 4173 uno

2351 4220 2453 4283 die
2487 4223 2711 4283 ornata
2736 4223 2830 4283 est
2855 4222 3083 4283 natura
3108 4218 3398 4297 coelestiS,
3431 4218 3666 4282 scilicet
3696 4232 3882 4301 quar-

2349 4330 2440 4402 to,
2485 4327 2575 4389 sic
2609 4344 2742 4390 uno
2781 4326 2883 4390 die
2924 4330 3189 4390 ornetur
3217 4330 3452 4390 natura
3494 4323 3883 4391 elementaris

2352 4433 2693 4515 perspicui,
2718 4432 2951 4496 scilicet
2978 4433 3237 4516 quinto;
3270 4436 3334 4497 et
3358 4433 3483 4498 alio
3509 4437 3703 4511 terra,
3735 4429 3881 4495 scili·

2354 4544 2453 4604 cet
2477 4543 2689 4619 sext03
2727 4544 2790 4604 et
2827 4539 2991 4605 sicut
3029 4545 3263 4605 natura
3289 4540 3556 4605 coelestis
3597 4537 3881 4623 praecedit

2351 4647 2800 4712 elementarem
2826 4648 3255 4731 perspicuam,
3292 4654 3355 4713 et
3386 4649 3722 4731 perspicua
3744 4664 3881 4729 opa-

2355 4772 2525 4833 cam;
2559 4757 2649 4819 sic
2674 4761 3055 4820 naturarum
3084 4757 3320 4821 harum
3350 4761 3725 4821 ornamenta
3746 4753 3881 4817 sunt

2354 4858 2575 4922 ordine
2634 4859 2905 4943 tempori
2970 4860 3499 4942 correspondente
3564 4858 3878 4942 producta.

2358 4963 2688 5031 Secundus
2723 4971 2940 5032 autem
2967 4967 3144 5045 ordo,
3174 4968 3287 5050 qui
3314 4972 3408 5031 est
3437 4968 3607 5032 inter
3646 4986 3720 5032 ea
3744 4977 3877 5048 quae

2357 5078 2665 5160 producta
2688 5083 2837 5143 sunt
2857 5080 3080 5143 eodem
3117 5079 3239 5155 die,
3272 5080 3623 5143 attenditur
3663 5092 3879 5142 secun-

2358 5184 2518 5249 dum
2578 5186 3067 5267 praecellentiam
3119 5186 3520 5268 perfectionis
3582 5191 3821 5250 naturae
3861 5199 3873 5242 :

2358 5295 2543 5377 prius
2579 5294 2754 5358 enim
2802 5294 3176 5377 producitur
3218 5294 3393 5376 quod
3451 5294 3872 5377 imperfectum

2361 5400 2477 5477 est,
2518 5401 2583 5462 et
2612 5396 2841 5464 deinde
2877 5397 3051 5479 quod
3092 5398 3464 5480 perfectum,
3516 5398 3673 5481 quia
3706 5396 3761 5461 is
3795 5390 3878 5457 est
