4125 6225
1173 410 1369 480 DIST.
1411 409 1676 480 xxxvl.
1719 408 1905 480 ART.
1943 407 2057 478 111.
2097 406 2394 486 QUAEs'r.
2442 408 2491 474 1.
3389 415 3468 476 2⁷

300 547 761 622 similitudinm
787 570 806 614 ε
833 548 941 618 sed
961 549 1039 618 in
1053 547 1191 618 Deo
1207 551 1309 616 est
1327 548 1529 614 homo
1548 549 1615 616 et
1633 545 1816 630 lapis,

302 664 357 724 et
374 656 487 726 alia
508 656 867 728 mumdum
890 655 1376 724 similitudinem
1404 674 1425 720 ι
1450 671 1611 737 ergo
1635 701 1656 733 ,
1695 656 1813 720 etc.

700 1013 717 1027 ·
820 917 1271 986 CONCLUSIO.

297 1095 385 1158 Βῆ
412 1094 461 1148 εἰ
495 1094 877 1164 comparentur
902 1089 980 1147 ad
1000 1093 1202 1163 seipsas
1227 1088 1512 1148 secundum
1552 1088 1820 1146 diversum

354 1181 554 1238 modim
582 1180 885 1251 metandi,
922 1180 1122 1237 habent
1146 1182 1333 1253 ‚verius
1369 1195 1472 1236 esse
1504 1181 1568 1235 in
1594 1180 1818 1252 proprio

353 1285 530 1342 periere
556 1285 723 1340 quam
748 1272 813 1325 in
845 1272 1181 1340 cognoscente
1207 1285 1228 1325 .·
1250 1271 1299 1325 si
1322 1283 1445 1326 vero
1473 1270 1820 1337 conserantur

351 1376 461 1417 ann
487 1375 586 1416 sua
610 1360 982 1416 similtudine
1008 1375 1126 1431 quoe
1150 1361 1212 1415 in
1234 1361 1341 1415 Deo
1367 1361 1475 1422 est,
1518 1362 1645 1414 tunc
1667 1358 1820 1414 simi-

352 1448 520 1506 litudo
544 1451 728 1506 venius
751 1450 915 1506 habet
941 1463 1048 1507 esse
1072 1463 1234 1520 quam
1255 1451 1378 1520 ipsa
1404 1461 1488 1503 res
1511 1449 1575 1503 in
1598 1446 1813 1504 mundo,

354 1622 542 1707 Resp.
561 1621 912 1687 Dicendum
930 1622 1105 1705 quod
1115 1620 1350 1703 triplex
1366 1621 1463 1684 est
1482 1617 1820 1683 existentia

283 1753 497 1800 rerum
510 1783 531 1814 ,
562 1733 802 1799 scilicet
846 1734 916 1798 in
956 1731 1304 1816 exemplari
1348 1735 1586 1796 aeterno
1600 1778 1617 1806 ,
1648 1734 1713 1794 et
1749 1729 1818 1791 in

286 1843 596 1908 intellectu
619 1845 853 1921 cresto,
885 1845 948 1906 et
967 1841 1192 1925 inipso
1214 1840 1479 1904 mundo.
1507 1839 1584 1903 In
1606 1856 1819 1903 exem-

285 1953 432 2037 plari
454 1957 704 2017 aeterno
722 1998 744 2033 ,
774 1954 839 2016 et
859 1951 930 2014 in
954 1933 1283 2015 intellectu*
1304 1953 1513 2014 creato
1541 1951 1692 2012 sunt
1718 1964 1820 2011 res

282 2062 631 2128 seeundum
674 2057 1196 2136 similitudinem3
1243 2058 1316 2121 in
1356 2056 1495 2139 ipso
1529 2054 1774 2120 mundo
1796 2102 1815 2133 ,

280 2168 634 2234 secundum
655 2166 985 2232 entitatem
1002 2164 1349 2249 propriam.
1372 2162 1638 2241 Quando
1660 2179 1820 2242 ergo

283 2278 617 2361 qma-itur,
643 2274 717 2340 in
741 2292 872 2358 quo
899 2274 1030 2340 sint
1052 2273 1272 2340 verius
1293 2321 1312 2352 ,
1339 2272 1463 2336 hoc
1486 2269 1820 2352 dupliciter

282 2386 474 2467 potest
518 2382 736 2466 quaeri
766 2404 783 2446 ε
814 2384 929 2448 eut
964 2380 1055 2445 ite
1082 2379 1253 2463 qnod
1282 2379 1394 2444 flat
1432 2374 1819 2459 comparatio

283 2489 566 2573 ejusdem
592 2489 689 2554 rei
729 2488 811 2553 sd
837 2506 906 2554 se
929 2487 1286 2553 secundum
1320 2485 1645 2551 diversum
1672 2499 1820 2546 mo—

281 2597 427 2664 dum
455 2597 810 2675 existendi,
842 2599 918 2660 ut
955 2596 1035 2660 sit
1062 2613 1285 2660 sensus
1315 2616 1331 2658 ε
1363 2592 1485 2658 Ubi
1511 2591 1675 2674 lapis
1703 2608 1819 2655 ve-

280 2705 407 2772 rius
428 2705 635 2770 hebet
657 2722 818 2783 esse,
848 2703 957 2770 vel
979 2721 1129 2767 cum
1157 2705 1253 2766 est
1278 2700 1349 2765 in
1372 2700 1816 2781 cognoscente,

282 2811 377 2878 vel
418 2812 826 2895 producente
842 2860 862 2892 ,
906 2810 1013 2877 vel
1043 2826 1191 2873 cum
1238 2806 1428 2872 estin
1468 2806 1577 2870 se?
1607 2808 1671 2869 et
1698 2803 1821 2872 hoc

280 2919 459 2985 modo
475 2917 969 2986 concedendum
987 2920 1082 2981 est
1104 2915 1277 2998 quod
1302 2913 1525 2979 verius
1548 2915 1644 2977 est
1664 2929 1820 2978 una-

279 3046 553 3112 quaeque
574 3045 683 3092 res
708 3025 779 3090 in
803 3024 1062 3108 proprio
1083 3040 1321 3105 genere
1346 3038 1543 3104 quam
1569 3020 1642 3083 in
1666 3018 1815 3098 De0,

281 3138 431 3202 sicut
462 3136 751 3220 probant
779 3133 1057 3199 rationes
1080 3133 1164 3197 ad
1196 3132 1319 3196 hoc
1350 3129 1648 3195 inductae.
1675 3126 1820 3191 Alio

283 3245 461 3311 modo
484 3251 506 3286 ¹
542 3247 756 3329 potest
791 3242 935 3308 fieri
973 3239 1360 3323 comparatio
1398 3237 1493 3302 rei
1523 3235 1603 3301 ad
1633 3251 1818 3300 suam

284 3351 763 3418 similitudinem
786 3400 806 3432 ,
861 3355 936 3416 ut
972 3349 1054 3414 sit
1105 3366 1330 3415 sensus
1379 3343 1750 3429 quaestionis
1799 3360 1818 3405 z

288 3458 445 3539 Quid
482 3459 685 3525 hebet
721 3476 859 3524 esse
902 3457 1125 3523 verius
1161 3460 1226 3521 et
1259 3454 1535 3523 nobilius
1548 3499 1565 3530 ,
1597 3455 1819 3516 utrum

286 3569 413 3652 ipsa
436 3587 545 3635 res
568 3617 589 3650 ,
633 3567 741 3633 vel
770 3570 915 3651 ejus
940 3565 1331 3633 similitudo?
1368 3568 1431 3628 et
1469 3559 1593 3627 hoc
1630 3557 1820 3623 modo

286 3675 651 3759 simpliciter
663 3673 1138 3740 concedendum
1159 3671 1332 3756 quod
1353 3669 1707 3735 similitudo
1727 3666 1818 3731 rei

288 3783 493 3849 verius
528 3785 598 3848 et
631 3782 915 3848 nobilius
943 3798 1080 3847 esse
1115 3781 1305 3847 babet
1331 3778 1400 3842 in
1432 3778 1592 3857 Det),
1622 3792 1821 3859 quem

285 3890 412 3975 ipsa
444 3909 553 3956 res
587 3891 660 3954 in
695 3890 942 3955 mundo
964 3936 987 3966 ,
1024 3887 1269 3953 ratione
1301 3889 1445 3970 ejus
1478 3885 1649 3969 quod
1687 3886 1817 3959 est,

286 3999 429 4082 quia
460 4002 559 4065 est
591 3999 729 4082 ipse
756 3997 931 4062 Deus
947 4044 964 4074 ,
993 3998 1058 4061 et
1086 3993 1503 4061 concedendae
1531 3995 1685 4057 sunt
1720 4007 1823 4055 rs-

288 4107 483 4173 tiones
507 4107 594 4173 ad
620 4107 747 4172 hoc
779 4105 1084 4171 inductae.
1119 4103 1345 4169 Adhuc
1371 4098 1821 4167 similitudines

288 4231 497 4279 rerum
522 4215 599 4279 in
616 4212 947 4279 intellectu
974 4214 1185 4277 creato
1204 4210 1423 4276 verius
1449 4212 1513 4273 et
1543 4206 1823 4273 nobilius

287 4322 516 4387 habent
539 4340 680 4387 esse
700 4369 719 4399 ,
747 4338 952 4404 quem
976 4336 1079 4387 res
1102 4320 1173 4384 in
1197 4318 1501 4384 universo
1522 4366 1542 4399 ,
1570 4322 1646 4383 ut
1670 4317 1825 4382 dicit

286 4428 691 4511 Augustinus
732 4430 808 4494 in
840 4428 1007 4493 libro
1034 4425 1113 4493 de
1161 4427 1508 4505 Tn'm'tate,
1538 4442 1671 4489 non
1715 4444 1823 4490 ra-

288 4537 457 4602 tione
470 4538 621 4620 ejus
635 4536 809 4619 quod
827 4538 1000 4615 sunt,
1024 4533 1131 4599 sed
1149 4532 1393 4599 ratione
1413 4535 1554 4615 ejus
1570 4534 1641 4597 in
1666 4551 1818 4617 quo,

289 4644 435 4726 quie
459 4647 619 4708 sunt
642 4641 937 4708 nobiliori
977 4645 1041 4706 et
1063 4639 1476 4723 spifitualiori
1514 4640 1705 4705 modo
1734 4641 1821 4705 si-

292 4751 677 4819 militudines
703 4751 776 4815 in
800 4748 1124 4815 intellectu
1147 4752 1596 4830 cognoscente,
1628 4767 1825 4831 quam

292 4859 409 4923 sint
428 4859 588 4944 ipsae
614 4858 816 4925 resin
840 4856 1080 4923 mundo
1105 4859 1442 4922 contentae.
1472 4856 1551 4923 Et
1587 4858 1678 4922 sic
1704 4876 1823 4942 pe-

292 4969 419 5033 tent
440 4965 726 5032 rationes
749 4964 831 5030 ed
856 4967 1195 5048 utramque
1221 4970 1491 5048 partem.
1600 4980 1607 4985 ’

366 5079 427 5141 2.
464 5073 713 5139 Temen
739 5071 825 5138 ed
852 5072 1010 5138 illud
1039 5076 1497 5155 argumentum
1537 5072 1712 5157 quod
1750 5074 1826 5138 flt

350 5199 529 5252 ¹idem
561 5199 725 5252 habet
763 5199 824 5252 S.
848 5197 1047 5261 Tbom„
1083 5198 1143 5250 de
1183 5199 1361 5265 Ver-it„
1388 5214 1443 5266 q.
1469 5210 1541 5264 lv,
1566 5202 1660 5252 ert.
1686 5203 1746 5264 63
1775 5203 1828 5252 et

297 5283 347 5333 p.
374 5272 427 5335 Ι,
451 5286 503 5336 q.
524 5281 699 5334 xvm,
739 5273 841 5321 art.
865 5272 923 5334 t,
955 5270 1020 5322 ed
1050 5273 1098 5322 3.
1122 5297 1185 5309 —
1209 5270 1330 5336 ’Cfi
1359 5273 1414 5324 S.
1440 5273 1648 5337 Thom.,
1686 5287 1739 5337 p.
1768 5274 1825 5337 1,

297 5348 576 5405 q.xv.ert.
600 5346 667 5407 33
695 5345 751 5397 et
777 5340 843 5395 de
870 5342 1119 5407 Venit-‚4
1144 5352 1226 5405 111,
1248 5345 1428 5407 srt.4;
1458 5343 1625 5409 AEgid.
1653 5346 1825 5406 Rom„

302 5412 502 5481 iscus,
526 5414 657 5471 ὥι.
686 5422 892 5475 mli,
910 5424 962 5477 p.
1005 5413 1071 5483 u,
1108 5426 1166 5486 q.
1188 5423 1277 5483 ιη
1308 5414 1596 5483 Beni-icus,
1624 5414 1821 5488 Quolib-

1876 541 1911 552 ‘
1927 545 2008 610 de
2034 544 2507 628 comparatione
2532 562 2668 611 esse
2692 547 2774 612 ed
2798 564 3183 629 cognoscere
3207 595 3226 624 ,
3260 546 3471 614 dicen·
3587 523 3590 528 ’

1928 653 2086 719 dum
2136 653 2309 737 quod
2372 652 2532 720 illud
2593 655 2977 737 generaliter
3025 654 3418 721 intellectum
3446 706 3466 738 ,

1927 759 2099 844 quod
2125 778 2228 825 res
2249 759 2339 824 ibi
2366 765 2462 826 est
2480 761 2728 840 verine,
2757 762 2873 826 ubi
2893 762 3115 829 verius
3139 764 3468 845 cognosci-

1927 871 2070 948 tur,
2096 885 2230 934 non
2257 867 2452 934 hahet
2492 869 2827 934 veritatem
2870 891 2885 933 ε
2934 870 3249 952 contingit
3294 871 3470 935 enim

1928 991 2314 1057 cognoscere
2337 976 2509 1058 qnod
2532 994 2667 1041 non
2709 981 2825 1042 est.
2877 976 2959 1042 Et
3000 978 3146 1043 ideo
3187 978 3356 1044 sicut
3389 980 3470 1045 ed

1928 1079 2230 1162 cognosci
2253 1097 2387 1145 non
2410 1080 2702 1171 sequitur
2726 1098 2864 1147 esse
2880 1129 2899 1162 ,
2930 1082 3020 1146 ita
3053 1100 3172 1147 nec
3196 1082 3278 1147 ad
3318 1100 3471 1148 vere

1928 1187 2248 1269 cognosci,
2277 1205 2429 1256 vere
2454 1205 2590 1253 esse
2612 1207 2629 1268 3
2660 1206 2779 1253 nee
2800 1189 2880 1254 ad
2903 1190 3120 1254 verius
3144 1192 3466 1273 cognosci,

1928 1294 2147 1364 verius
2163 1312 2320 1359 esse.
2344 1293 2609 1371 Quando
2627 1313 2784 1377 ergo
2805 1295 3039 1360 dicitur
3047 1296 3219 1379 quod
3233 1314 3471 1362 unum-

1928 1400 2267 1483 quodque,
2299 1400 2466 1468 sicut
2496 1400 2783 1466 sehabet
2823 1402 3103 1481 adesse,
3133 1401 3463 1467 itssdco-

1928 1508 2332 1588 gnitionem.;
2388 1507 2510 1572 hoc
2557 1506 2937 1589 intelligitur
2961 1555 2981 1587 ,
3038 1505 3193 1589 quia
3246 1506 3470 1570 eadem

1927 1614 2241 1697 principia
2268 1632 2414 1697 quae
2442 1619 2595 1678 sunt
2631 1614 2945 1697 principis
2989 1612 3276 1691 essendi,
3316 1616 3472 1678 sunt

1928 1721 2119 1788 etiam
2133 1722 2448 1805 principia
2462 1722 2884 1804 cognoscendi
2908 1744 2923 1787 ε
2942 1722 3053 1786 sed
3063 1724 3284 1790 temen
3297 1721 3472 1803 prin-

1927 1828 2095 1911 cipia
2134 1829 2466 1896 conferunt
2488 1846 2623 1893 esse
2651 1846 2764 1911 per
2792 1827 2998 1911 seipsa
3029 1850 3045 1892 ε
3093 1827 3204 1894 sed
3243 1827 3473 1909 cogni-

1926 1934 2167 2002 tionem
2194 1953 2325 2002 non
2374 1936 2706 2004 conferunt
2731 1953 2846 2018 per
2871 1954 2940 2001 se
2962 1984 2981 2015 ,
3029 1934 3139 1999 sed
3179 1952 3293 2018 per
3321 1952 3472 2001 suas

1926 2040 2400 2108 similitudines.

2378 2294 2866 2366 ARTICULUS
2911 2295 3026 2364 III.

2005 2495 2219 2562 Tertio
2243 2498 2382 2562 loco
2410 2499 2505 2562 est
2526 2495 2793 2580 quaestio
2822 2497 2900 2562 de
2942 2498 3130 2563 tertio
3156 2497 3430 2562 articulo
3448 2546 3469 2578 ,

1924 2606 2161 2672 scilicet
2184 2606 2596 2688 generalitate
2626 2606 2941 2671 existente
2967 2625 3190 2671 rerum
3216 2607 3286 2671 in
3314 2607 3466 2684 Deo,

1926 2717 1991 2778 et
2024 2714 2190 2778 circa
2218 2714 2338 2778 hoc
2362 2717 2746 2796 quaeruntur
2771 2713 2902 2777 duo
2935 2733 2951 2776 ε
2984 2712 3195 2796 primo
3222 2713 3472 2795 quaeri-

1927 2817 2054 2891 tur,
2079 2817 2304 2878 utrum
2322 2793 2493 2877 mela
2512 2811 2722 2876 sintin
2749 2811 2907 2888 Deo;
2935 2811 3213 2876 secundo
3240 2816 3466 2876 utrum

1924 2923 1994 2987 in
2018 2923 2148 2988 Deo
2173 2924 2302 2987 sint
2324 2923 2694 3007 imperfecta
2731 2922 3090 2987 secundum
3127 2922 3298 3005 qnod
3334 2922 3461 2987 hu·

1919 3035 2230 3118 jusmodi.

2466 3160 2824 3240 QUAESTIO
2868 3162 2919 3227 1.

2347 3317 2443 3373 An
2467 3317 2620 3372 mala
2643 3318 2756 3372 sint
2781 3317 2845 3372 in
2872 3317 2980 3373 Deo
3001 3314 3044 3373 ².

2006 3462 2186 3541 Quod
2213 3462 2380 3528 male
2405 3480 2538 3527 non
2574 3463 2704 3526 sint
2737 3461 2808 3525 in
2839 3460 2968 3527 Deo
2987 3508 3007 3542 ,
3053 3461 3311 3526 videtur
3353 3479 3471 3545 per
3497 3488 3709 3535 mm

1924 3571 2385 3654 Augustinum‚
2417 3569 2495 3636 dc
2518 3569 2713 3636 libero
2745 3568 3018 3635 arbitrio
3044 3569 3110 3632 ⁸:
3154 3591 3186 3630 α
3212 3568 3288 3633 In
3315 3572 3466 3633 tan-

1924 3682 2067 3744 tum
2118 3695 2223 3743 res
2273 3680 2441 3742 recte
2484 3677 2954 3758 vituperentur,
3014 3676 3088 3739 in
3139 3680 3460 3758 quantum

1925 3804 2151 3851 earum
2173 3785 2570 3867 vituperator
2591 3786 2819 3863 artem,
2849 3783 2922 3846 in
2943 3800 3074 3865 que
3102 3783 3266 3847 sacta
3288 3787 3463 3861 sunt,

1925 3895 2121 3970 videt,
2149 3897 2223 3959 ut
2260 3893 2385 3957 hoc
2421 3892 2492 3956 in
2521 3891 2613 3955 eis
2640 3890 2996 3972 vituperet,
3025 3890 3200 3973 quod
3225 3890 3295 3954 in
3332 3894 3469 3957 erte

1925 4018 2058 4065 non
2082 3999 2277 4066 videt.
2306 4019 2338 4058 n
2372 3997 2441 4064 Si
2483 4015 2641 4080 ergo
2664 3997 3118 4080 vituperantur
3150 4000 3468 4079 quantum

1927 4108 2005 4172 ad
2028 4107 2360 4184 malitiam,
2389 4105 2525 4170 sive
2552 4105 2622 4168 in
2651 4108 2968 4188 quantum
2997 4103 3168 4167 mela
3185 4152 3205 4183 ,
3240 4107 3305 4168 et
3346 4103 3470 4169 hoc

1926 4216 2119 4282 modo
2140 4234 2272 4281 non
2292 4215 2596 4281 videntur
2619 4215 2690 4279 in
2732 4214 2882 4292 Dec,
2916 4230 3075 4295 ergo
3111 4212 3236 4278 hoc
3277 4212 3470 4279 modo

1928 4343 2060 4389 non
2087 4324 2332 4388 suntin
2356 4322 2511 4387 Deo.

2010 4431 2191 4511 Item,
2221 4447 2452 4495 «omne
2465 4427 2637 4511 quod
2657 4429 2754 4493 est
2776 4427 2846 4491 in
2861 4425 3014 4504 Dec,
3031 4429 3127 4491 est
3142 4444 3227 4491 ex
3250 4426 3392 4510 ipso
3409 4432 3472 4492 et

1928 4557 2047 4623 per
2081 4540 2318 4621 ipsum,
2342 4558 2373 4597 ιο
2404 4540 2479 4601 ut
2516 4535 2666 4600 dicit
2703 4535 3110 4617 Augustinus
3135 4540 3182 4615 ⁴,
3230 4537 3296 4599 et
3336 4533 3470 4600 Ms-

1929 4648 2129 4728 gister
2153 4646 2225 4710 in
2245 4645 2452 4709 littera
2477 4663 2495 4708 ε
2522 4644 2628 4708 sed
2654 4642 2821 4707 mala
2841 4660 3180 4725 nunquam
3207 4644 3359 4706 sunt
3384 4659 3469 4707 ex

1931 4753 2057 4818 Deo
2076 4802 2094 4833 ,
2122 4770 2241 4817 nec
2265 4770 2381 4835 per
2405 4751 2608 4816 Deum
2643 4772 2658 4816 ε
2689 4767 2848 4831 ergo
2871 4767 2992 4814 nec
3017 4751 3086 4813 in
3112 4749 3261 4813 Deo.

2012 4859 2195 4938 item,
2226 4877 2415 4924 omne
2440 4857 2615 4941 quod
2639 4863 2734 4922 est
2760 4856 2832 4920 in
2856 4856 3015 4936 Deo,
3050 4858 3161 4920 sut
3182 4857 3277 4918 est
3301 4852 3469 4919 sicut

1932 4968 2001 5032 in
2026 4967 2340 5052 principio
2364 4965 2784 5050 producente,
2814 4968 2926 5029 sut
2952 4962 3114 5027 sicut
3141 4961 3214 5024 in
3241 4978 3470 5025 exem-

1933 5132 2055 5196 Vll,
2084 5145 2136 5197 q.
2158 5142 2207 5194 13
2231 5128 2491 5192 Richsrd„
2519 5128 2537 5179 1
2563 5128 2724 5190 sent„
2751 5125 2870 5176 dist.
2892 5132 3082 5185 xxxvx,
3106 5134 3160 5186 q.
3184 5130 3255 5183 113
3285 5120 3465 5184 Steph.

1933 5203 2144 5268 Brulet.‚
2173 5203 2194 5253 1
2224 5203 2382 5263 Seni„
2412 5200 2530 5251 dist.
2549 5210 2710 5252 xxxvl
2724 5234 2744 5263 ‚
2772 5211 2824 5262 q.
2845 5206 2878 5245 v
2887 5211 2904 5260 3
2945 5197 3125 5247 Petrus
3145 5192 3210 5244 de
3238 5193 3466 5256 Terent„

1935 5276 1955 5331 1
1984 5275 2144 5336 sent„
2172 5274 2290 5327 dist.
2309 5284 2503 5339 xxxw,
2540 5286 2594 5339 q.
2621 5282 2735 5324 vm.
2760 5294 2822 5313 «-
2848 5267 2871 5311 ⁸
2889 5268 3044 5331 Aug„
3069 5263 3131 5314 de
3162 5262 3255 5317 lib.
3285 5261 3467 5329 arbit„

1932 5346 2022 5398 lib.
2042 5348 2107 5397 ΙΙΙ
2123 5378 2138 5405 ,
2162 5357 2313 5469 ξὸιν,
2336 5344 2391 5396 in
2406 5344 2626 5409 princip.
2642 5367 2705 5380 —
2723 5341 2747 5377 ⁸
2762 5342 2914 5417 Aug„
2932 5337 2993 5388 de
3013 5334 3248 5401 Prodest.
3273 5335 3468 5415 Sama,

1933 5431 1981 5473 c.
2002 5429 2066 5485 x,
2085 5429 2142 5470 n·
2226 5451 2239 5475 2
