4125 6225
686 443 805 507 646

1793 433 2419 506 SENTENTIARUM
2456 431 2606 504 LlB.
2651 434 2730 503 11.

685 577 892 643 nitate
919 582 966 640 ¹.
997 574 1078 639 Et
1104 575 1161 640 si
1184 577 1261 641 tu
1282 574 1541 658 objicias
1567 573 1740 658 quod
1768 574 2108 657 Apostolus
2131 575 2221 638 lo·
2329 574 2599 656 imagini
2624 572 2959 638 creationis
3000 592 3015 636 :
3053 571 3162 636 sed
3201 571 3418 652 imago
3460 565 3866 633 reformatio-
3897 579 3966 625 aa
3980 590 4071 635 01²1»-

686 683 911 771 quitur
934 683 1013 747 de
1052 683 1197 749 viro
1234 688 1299 749 et
1337 682 1603 747 muliere
1649 682 1732 746 ad
1770 681 2079 761 litteram,
2127 681 2226 746 di·
2331 682 2452 760 niS,
2485 699 2632 763 quae
2659 679 2919 764 quidem
2946 683 3041 743 est
3068 678 3294 760 gratia,
3335 674 3750 760 principalius
3773 675 3874 737 est

691 791 961 863 cendum
989 792 1159 876 quod
1186 792 1470 875 loquitur
1487 791 1565 856 de
1595 791 1689 856 eis
1710 809 1846 856 non
1872 791 2226 857 secundum
2333 789 2405 852 in
2442 788 2768 865 affectiva,
2813 805 3010 871 quam
3050 786 3121 850 in
3167 786 3490 868 cognitiva
3536 805 3553 849 z
3602 799 3765 864 ergo
3813 782 3876 844 et

692 910 782 978 se,
813 900 921 963 sed
944 899 1296 964 secundum
1314 899 1845 980 significationem
1869 921 1884 962 ε
1909 900 2011 965 vir
2028 897 2224 976 enim,

693 1008 848 1093 quia
872 1007 1052 1071 fortis
1081 1011 1197 1088 est,
1224 1012 1287 1072 et
1311 1008 1604 1092 praesidet
1632 1006 1913 1084 mulieri,
1950 1005 2230 1088 superio-

2335 898 2552 978 imago
2580 897 2937 961 creationis,

2416 1008 2478 1068 2.
2509 1001 2666 1067 Item
2691 1003 2759 1067 in
2791 1022 2866 1068 eo
2895 1002 3323 1087 principaliter
3343 999 3630 1065 consistit
3657 1015 3788 1072 res»,
3810 996 3877 1059 in

693 1133 832 1179 rem
859 1114 1125 1179 rationis
1152 1119 1397 1198 partem
1428 1114 1782 1197 significat3
1820 1114 2055 1179 mulier
2077 1130 2233 1178 vero
2340 1130 2470 1194 quo
2483 1112 2762 1176 consistit
2780 1114 2923 1194 ejus
2939 1111 3507 1193 complementum:
3531 1108 3642 1172 sed
3661 1107 3883 1186 imago

696 1222 1086 1289 inferiorem.
1133 1220 1284 1287 Inde
1329 1222 1520 1286 etiam
1569 1225 1664 1286 est
1712 1222 1780 1285 in
1829 1220 2236 1286 matrimonio
2342 1221 2694 1302 completur
2720 1221 2788 1284 in
2812 1219 3161 1298 voluntate,
3193 1222 3255 1282 et
3289 1216 3592 1282 voluntas
3617 1233 3686 1279 se
3712 1217 3887 1279 tenet

700 1327 870 1410 quod
898 1328 1003 1394 vir
1037 1328 1355 1410 significat
1381 1327 1584 1393 Deum
1609 1375 1626 1405 ,
1664 1332 1728 1392 et
1767 1329 1999 1393 mulier
2030 1326 2233 1408 signi-

702 1437 849 1499 ficat
878 1433 1220 1501 Ecclesiam
1242 1485 1261 1517 ,
1307 1436 1443 1501 sive
1475 1435 1761 1500 animam
1809 1459 1825 1499 ι
1873 1437 1997 1500 hoc
2022 1439 2240 1499 autem

703 1547 798 1606 est
821 1545 1065 1608 ratione
1087 1543 1406 1609 virilitatis
1432 1561 1515 1607 ex
1547 1547 1726 1627 parte
1752 1561 1883 1607 una
1902 1591 1923 1620 ,
1966 1546 2029 1607 et
2058 1542 2240 1605 intir-

2345 1343 2427 1389 ex
2450 1331 2627 1409 parte
2650 1328 2956 1393 affectivae
2994 1350 3008 1391 :
3041 1345 3221 1409 ergo,
3251 1329 3368 1391 etc.

2426 1436 2485 1496 3.
2509 1432 2666 1497 Item
2685 1434 2902 1516 imago
2919 1439 3012 1498 est
3036 1433 3507 1499 nobilissimum
3523 1432 3596 1495 in
3618 1429 3845 1494 anima
3870 1444 3887 1489 ε

2347 1556 2506 1621 ergo
2533 1541 2814 1605 consistit
2856 1560 3050 1624 penes
3084 1541 3147 1605 id
3169 1590 3188 1620 ,
3219 1541 3390 1623 quod
3424 1545 3519 1603 est
3552 1539 3624 1602 in
3672 1537 3891 1600 anima

704 1652 940 1715 mitatis
994 1654 1059 1716 et
1108 1651 1468 1733 fragilitatis
1514 1669 1597 1715 ex
1633 1651 1830 1716 altera
1878 1668 2076 1733 :quae
2110 1667 2243 1714 non
2347 1647 2813 1712 nobilissimum
2846 1670 2862 1712 ε
2894 1648 3002 1712 sed
3028 1648 3304 1712 liberum
3330 1646 3676 1711 arbitrium
3695 1695 3713 1724 ,
3755 1644 3892 1708 sive

705 1758 1054 1841 respiciunt
1079 1758 1436 1840 imaginem
1465 1759 1819 1823 secundum
1858 1776 1926 1822 se
1949 1806 1966 1837 ,
1996 1757 2107 1822 sed
2134 1775 2245 1820 ra-

705 1867 876 1930 tione
913 1866 1195 1948 corporis
1235 1866 1472 1930 annexi
1486 1915 1505 1947 ,
1536 1870 1600 1930 et
1625 1867 1716 1931 ita
1742 1885 1874 1931 non
1899 1863 2249 1932 essentiali-

705 1976 826 2053 ter,
854 1973 965 2038 sed
986 1973 1470 2038 accidentaliter.

1210 2148 1566 2229 QUAESTIO
1609 2151 1717 2217 III.

710 2282 804 2341 An
829 2285 1009 2353 imago
1027 2284 1397 2356 principalius
1438 2286 1513 2339 sit
1555 2286 1604 2340 ii
1649 2284 1960 2355 cognitiva,
2000 2298 2163 2355 quam
2188 2286 2250 2340 in

1311 2372 1570 2443 affectiva
1610 2371 1654 2428 ¹.

477 2524 687 2569 ranam.
795 2509 1025 2574 Utrum
1074 2509 1292 2591 imago
1336 2484 1751 2593 principalius
1794 2510 1875 2573 sit
1915 2509 1983 2573 in
2028 2509 2252 2591 cogni-

713 2618 881 2699 tiva,
933 2636 1129 2700 quam
1178 2618 1246 2681 in
1292 2618 1534 2681 motiva
1557 2664 1574 2694 ,
1615 2618 1750 2681 sive
1803 2616 2134 2696 affectiva3
2193 2622 2256 2682 et

715 2725 886 2809 quod
930 2725 1341 2809 principalius
1376 2725 1456 2788 sit
1497 2725 1569 2787 in
1610 2724 1934 2806 cognitiva
1955 2772 1971 2803 ‚
2002 2724 2254 2789 videtur

716 2855 832 2920 per
872 2835 1031 2899 illud
1060 2835 1232 2919 quod
1271 2833 1423 2899 dicit
1456 2832 1858 2914 Augustinus
1903 2851 1919 2893 ι
1955 2855 1987 2893 α
2009 2831 2254 2913 ,Imago

718 2942 912 3007 estin
937 2942 1218 3025 potentia
1245 2939 1696 3022 cognoscendi,
1725 2943 1790 3004 et
1813 2939 2159 3005 similitudo
2186 2940 2256 3003 in

718 3051 1001 3133 potentia
1032 3048 1342 3131 diligendi
1376 3072 1391 3112 :
1423 3070 1454 3108 n
1509 3048 1619 3112 sed
1660 3047 1784 3111 hoc
1821 3065 1955 3114 non
1987 3052 2084 3112 est
2124 3047 2258 3111 dic-

719 3161 859 3221 tum
878 3207 897 3238 ,
932 3156 1104 3241 quod
1143 3156 1411 3222 omnino
1451 3156 1630 3219 sitin
1668 3155 1950 3238 potentia
1986 3172 2258 3236 cognos-

718 3264 900 3329 cendi
938 3286 953 3328 :
986 3281 1145 3347 ergo
1185 3263 1427 3329 dictum
1469 3266 1564 3328 est
1585 3310 1604 3343 ,
1651 3262 1807 3345 quia
1848 3261 2260 3346 principalius

717 3375 811 3437 ost
840 3371 954 3436 ibi.

798 3476 955 3542 Item
989 3477 1208 3559 imago
1233 3476 1443 3560 primo
1471 3479 1535 3541 et
1560 3473 1993 3559 principaliter
2018 3494 2260 3542 conve-

716 3588 813 3653 nit
843 3588 966 3672 ipsi
986 3586 1194 3654 Verbo
1221 3590 1466 3652 aeterno
1499 3605 1704 3669 :ergo
1730 3586 1792 3651 ei
1830 3586 2259 3671 principaliter

717 3696 926 3776 magis
948 3693 1268 3771 convenit,
1300 3694 1473 3777 quod
1499 3694 1590 3757 illi
1614 3692 1822 3760 Verbo
1858 3698 2098 3759 aeterno
2124 3713 2261 3760 res-

717 3802 952 3884 pondet
984 3822 1000 3864 :
1052 3802 1177 3866 hoc
1220 3805 1438 3890 autem
1483 3805 1578 3866 est
1621 3801 1759 3884 ipsa
1804 3800 2219 3883 intelligentia
2236 3851 2256 3883 ,

718 3926 866 3993 quae
884 3912 981 3973 est
1000 3909 1072 3972 in
1093 3909 1231 3991 ipsa
1243 3909 1528 3992 potentia
1547 3908 1877 3991 cognitiva
1896 3930 1912 3974 ε
1934 3926 2114 3991 ergo,
2138 3913 2256 3974 etc.

800 4013 958 4080 Item
1004 4018 1225 4097 imago
1268 4016 1549 4081 consistit
1581 4017 1652 4080 in
1691 4017 2037 4095 memoria,
2075 4017 2264 4081 intel-

718 4122 1007 4205 ligentia,
1059 4128 1122 4187 et
1175 4123 1506 4188 voluntate
1564 4145 1580 4188 z
1638 4123 1748 4187 sed
1798 4123 1944 4188 duae
1991 4124 2261 4189 istarum

720 4231 1177 4315 potentiarum,
1211 4229 1446 4296 scilicet
1472 4232 1784 4296 memoria
1814 4236 1879 4296 et
1904 4232 2264 4315 intelligen-

719 4338 810 4403 tia
831 4386 850 4418 ,
878 4341 1095 4402 tenent
1120 4355 1188 4402 se
1232 4355 1315 4401 ex
1352 4340 1531 4419 parte
1571 4337 1914 4420 cognitivae
1946 4359 1961 4403 ε
2002 4355 2160 4421 ergo
2200 4343 2265 4404 et

721 4445 940 4527 imago
983 4444 1130 4528 plus
1190 4463 1258 4509 se
1308 4448 1482 4509 tenet
1524 4463 1606 4510 ex
1657 4450 1834 4529 parte
1881 4446 2223 4527 cognitivae
2241 4495 2260 4527 ,

723 4565 919 4633 quam
948 4550 1282 4616 affectivae.

803 4656 962 4723 Item
1001 4661 1213 4742 imaqo
1257 4658 1406 4724 dicit
1437 4659 1783 4743 quamdam
1809 4661 2264 4743 configuratio-

722 4784 875 4832 nem
931 4770 995 4830 et
1042 4765 1507 4831 distinctionem
1565 4788 1581 4831 ι
1637 4767 1749 4832 sed
1806 4767 2117 4835 aflectivae
2170 4774 2265 4837 est

724 4875 933 4953 unire,
960 4876 1025 4937 et
1044 4873 1386 4956 cognitivae
1410 4873 1840 4957 distinguere:
1862 4895 2019 4959 ergo
2045 4878 2264 4960 imago

722 4981 1137 5066 principalius
1201 4980 1281 5066 (a)
1332 4981 1564 5048 residet
1602 5000 1796 5067 penes
1838 4985 2257 5069 cognitivam,

724 5109 921 5175 quam
939 5108 1132 5175 penes
1156 5089 1537 5157 affectivam.

806 5197 1069 5264 Contra:
1105 5201 1136 5261 1
1149 5245 1165 5261 .
1193 5195 1415 5279 Imago
1440 5197 1905 5263 reformationis
1922 5199 2262 5283 respondet

793 5358 814 5394 ¹
832 5361 1064 5424 August„
1102 5357 1162 5408 de
1192 5358 1394 5421 Trinit„
1434 5357 1522 5408 lib.
1547 5359 1637 5409 XII
1654 5396 1673 5423 ,
1708 5372 1823 5425 cap.
1847 5372 1947 5413 xm
1968 5398 1982 5424 ,
2011 5375 2066 5415 n.
2093 5365 2174 5413 20.
2202 5389 2265 5400 —

726 5431 749 5466 ¹
768 5430 850 5495 Cf.
879 5430 1111 5495 AEgidius
1139 5431 1312 5494 Rom.‚
1349 5431 1394 5481 11
1431 5431 1590 5502 Sem„
1632 5446 1684 5496 p.
1718 5433 1792 5496 11,
1820 5433 1938 5484 diet.
1963 5445 2052 5484 xv1
2068 5471 2085 5499 ‚
2115 5449 2167 5499 q.
2188 5447 2263 5500 11,

2351 1756 2668 1836 voluntas,
2700 1760 2794 1820 est
2818 1755 3283 1820 nobilissimum
3308 1754 3481 1836 quod
3522 1757 3616 1817 est
3644 1753 3716 1816 in
3741 1753 3894 1815 ani-

2352 1882 2461 1929 ma
2481 1885 2499 1929 t
2520 1883 2676 1947 ergo
2707 1865 3139 1949 principaliter
3159 1864 3437 1928 consistit
3453 1863 3676 1943 imago
3695 1877 3895 1944 penes

2355 1974 2696 2039 arbitrium
2717 2022 2735 2053 ,
2788 1974 2922 2039 sive
2974 1972 3365 2037 voluntatem
3423 1994 3438 2034 ε
3493 1972 3620 2035 hoc
3672 1974 3897 2034 autem

2356 2081 2783 2165 principaliter
2821 2079 3073 2163 respicit
3099 2078 3458 2143 affectivam
3492 2097 3511 2142 ι
3544 2096 3738 2159 erge,
3770 2081 3899 2141 etc.

2436 2196 2496 2254 4.
2531 2189 2688 2254 Item
2726 2189 3071 2253 similitudo
3095 2191 3211 2251 'est
3254 2188 3319 2250 in
3366 2188 3547 2269 pluS‚
3588 2205 3789 2268 quam
3818 2185 3901 2248 sit

2356 2299 2604 2379 imago;
2654 2315 2786 2362 non
2831 2297 3001 2360 enim
3051 2295 3353 2378 quaelibet
3403 2294 3755 2358 similitudo
3802 2297 3900 2358 est

2356 2405 2575 2486 imago
2598 2453 2615 2482 ,
2653 2404 2761 2468 sed
2802 2404 3146 2467 similitudo
3185 2420 3479 2484 expressa
3521 2403 3590 2465 in
3617 2402 3899 2483 quadam

2357 2512 2861 2592 configuratione
2885 2514 2948 2575 et
2972 2509 3323 2573 imitatione
3360 2531 3374 2572 ε
3407 2527 3564 2590 ergo
3592 2509 3896 2572 ubicum-

2358 2639 2485 2703 que
2515 2624 2608 2683 est
2647 2620 2863 2700 imago
2883 2667 2899 2696 ,
2942 2622 3121 2683 estet
3160 2616 3503 2681 similitudo
3539 2640 3555 2680 ι
3593 2635 3754 2698 ergo
3780 2616 3896 2681 ubi

2359 2728 2786 2811 principaliter
2803 2731 2900 2791 est
2914 2726 3151 2807 imago,
3172 2724 3602 2808 principaliter
3618 2731 3711 2789 est
3726 2724 3901 2787 simi·

2358 2835 2563 2901 litudo
2597 2860 2612 2899 ε
2649 2834 2758 2898 sed
2784 2833 3131 2897 similitudo
3173 2850 3307 2898 non
3345 2836 3441 2895 est
3465 2832 3899 2914 principaliter

2359 2962 2556 3028 penes
2591 2942 3021 3023 cognitionem
3039 2989 3060 3020 ‚
3086 2939 3195 3004 sed
3236 2958 3429 3022 penes
3455 2939 3854 3004 affectionem
3876 2987 3896 3017 ,

2362 3070 2514 3116 cum
2540 3049 2886 3115 similitudo
2913 3050 2993 3112 sit
3015 3048 3086 3111 in
3104 3048 3424 3131 gratuitis„
3444 3065 3593 3130 quae
3615 3049 3899 3112 maxime

2360 3157 2707 3242 respiciunt
2748 3157 3095 3240 potentiam
3135 3155 3494 3222 affectivam
3525 3179 3540 3221 ε
3574 3175 3733 3239 ergo
3761 3156 3901 3240 pari

2361 3268 2606 3333 ratione
2631 3266 2869 3348 imago.
2910 3262 3106 3329 Juxta
3143 3264 3265 3328 hoc
3292 3265 3607 3347 quaeritur
3645 3284 3794 3349 quae
3822 3265 3903 3329 sit

2362 3375 2715 3441 differentia
2771 3373 2939 3437 inter
2989 3371 3344 3453 imaginem
3409 3376 3473 3435 et
3532 3371 3904 3436 similitudi-

2364 3501 2514 3548 nem
2548 3505 2564 3547 z
2595 3499 2744 3546 cum
2772 3480 2945 3545 enim
2973 3479 3117 3562 plus
3156 3478 3237 3543 sit
3273 3478 3622 3569 similitudo
3639 3529 3657 3560 ,
3704 3499 3902 3563 quam

2366 3592 2583 3672 imago
2605 3639 2623 3670 ,
2672 3589 2836 3653 sicut
2875 3587 3147 3652 ostendit
3173 3586 3612 3668 Augustinus»,
3640 3586 3712 3650 in
3740 3586 3907 3652 libro

2363 3697 2707 3766 LXXXIII
2751 3696 3179 3770 Quoestionum
3240 3703 3286 3774 ⁸,
3338 3697 3400 3757 et
3436 3694 3734 3775 superius
3772 3711 3906 3757 non

2364 3807 2588 3873 debeat
2626 3801 3075 3870 connumerari
3115 3819 3233 3866 suo
3282 3798 3566 3863 inferiori
3587 3847 3606 3878 ,
3648 3799 3906 3864 videtur

2366 3915 2540 3999 quod
2566 3913 2732 3979 male
2757 3913 2987 3977 dicitur
3011 3910 3208 3975 homo
3227 3908 3430 3972 factus
3448 3907 3527 3972 ad
3550 3906 3904 3989 imaginem

2367 4027 2432 4087 et
2458 4020 2961 4085 similitudinem.

2449 4133 2510 4193 5.
2544 4128 2699 4192 Item
2717 4177 2736 4210 ,
2765 4144 2914 4191 cum
2951 4125 3097 4191 duae
3122 4124 3248 4187 sint
3273 4121 3574 4206 potentiae
3616 4139 3701 4185 ex
3726 4123 3907 4204 parte

2369 4235 2715 4302 affectionis
2734 4283 2754 4316 ‚
2784 4233 3017 4299 scilicet
3041 4230 3372 4296 irascibilis
3412 4233 3475 4295 et
3506 4228 3909 4311 concupisci-

2368 4343 2513 4409 bilis
2528 4392 2547 4423 ,
2589 4347 2653 4407 et
2688 4342 2833 4406 duae
2868 4359 2952 4404 ex
2992 4341 3170 4423 part'e
3205 4335 3590 4419 cognitionIs
3607 4384 3624 4413 ,
3673 4335 3910 4401 scilicet

2370 4448 2684 4516 memoria
2707 4453 2770 4513 et
2793 4447 3210 4528 intelligentia
3229 4466 3247 4525 ;
3276 4443 3544 4529 quaestio
3566 4447 3682 4523 est,
3706 4461 3907 4526 quare

2369 4558 2440 4623 in
2462 4558 2707 4622 ratione
2740 4554 3044 4638 imaginis
3078 4554 3291 4636 potius
3328 4551 3734 4635 accipiuntur
3758 4551 3907 4616 duae

2369 4665 2670 4749 potentiae
2696 4682 2780 4729 ex
2795 4665 2972 4746 parte
2994 4660 3359 4742 cognitivae,
3385 4661 3449 4724 et
3466 4677 3601 4722 una
3621 4675 3705 4722 ex
3727 4661 3903 4741 parte

2371 4771 2701 4837 affectivae.
2729 4769 2993 4837 Videtur
3029 4767 3205 4832 enim
3240 4765 3410 4850 quod
3443 4765 3656 4848 potius
3681 4765 3908 4830 debeat

2372 4898 2511 4946 esse
2529 4899 2567 4945 e
2606 4895 2911 4945 converso
2930 4924 2951 4955 ,
2989 4894 3139 4941 cum
3172 4878 3300 4939 trae
3341 4873 3614 4938 virtutes
3662 4871 3903 4938 theolo-

2370 4987 2534 5070 gicae
2548 5035 2567 5065 ,
2599 5003 2746 5070 quae
2768 4984 3115 5049 reformant
3138 4980 3490 5063 imaginem
3517 4979 3784 5061 animae,
3813 4980 3904 5046 sic

2372 5190 2467 5236 art.
2492 5186 2552 5251 33
2593 5185 2775 5236 Thom.
2803 5185 2947 5247 Arg„
2988 5183 3031 5233 11
3072 5181 3229 5245 Sent„
3256 5179 3375 5231 dist.
3399 5190 3522 5242 xvt,
3566 5193 3620 5244 q.
3644 5192 3697 5244 1,
3726 5182 3825 5230 art.
3848 5181 3902 5244 43

2373 5256 2548 5321 Steph.
2573 5256 2779 5314 Brulef.,
2812 5257 2848 5305 ΙΙ
2875 5254 3033 5318 δεηί.,
3062 5252 3180 5303 dist.
3200 5263 3309 5314 xvi,
3338 5265 3389 5316 q.
3412 5264 3482 5304 V1.
3522 5277 3585 5288 —
3616 5251 3641 5286 ⁸
3673 5254 3824 5317 Aug„
3846 5250 3905 5301 de

2371 5329 2472 5380 div.
2498 5328 2678 5390 Quoest.
2698 5327 2971 5388 LXXXIII,
2997 5340 3050 5390 q.
3070 5335 3256 5376 Lxxm.

2439 5438 2502 5502 (α)
2520 5434 2659 5488 Edit.
2692 5434 2805 5486 νεα.
2826 5431 3191 5499 principaliter.
