4125 6225
685 445 811 510 ‘608

1329 659 1471 707 DUB.
1518 659 1612 707 IV.

976 778 1176 830 Novam
1200 784 1490 832 creaturam
1511 781 1679 830 facere
1703 777 1939 831 cessavit.

764 900 1165 968 Contrarium
1202 905 1432 970 dicitur
1475 905 1547 968 in
1585 903 1905 968 Hieremia
1951 909 1970 943 ¹
2006 923 2021 964 t
2092 899 2227 966 No-

682 1026 834 1076 vum
860 1013 1054 1091 faciet
1095 1015 1407 1080 Dominus
1449 1029 1639 1096 super
1674 1019 1930 1078 terram.
1969 1008 2130 1072 Item
2153 1009 2176 1043 ¹
2206 1028 2222 1070 z

682 1119 766 1183 In
821 1119 1073 1186 Christo
1116 1122 1289 1186 enim
1338 1122 1527 1198 lesu,
1576 1135 1777 1200 neque
1822 1117 2227 1184 circumcisio

684 1225 941 1307 aliquid
966 1226 1169 1309 valet,
1199 1244 1399 1310 neque
1429 1229 1826 1309 proeputium
1838 1243 1867 1307 ;
1892 1223 2006 1291 sed
2046 1239 2228 1291 crea-

619 1393 634 1398 -
684 1338 837 1401 tura
864 1349 1054 1401 nova.

763 1439 949 1524 Resp.
982 1441 1333 1506 Dicendum
1367 1441 1540 1524 quod
1565 1457 1802 1508 novum
1833 1439 2067 1504 dicitur
2105 1438 2225 1504 du·

681 1545 927 1630 pliciter
970 1567 986 1611 ε
1030 1566 1164 1612 uno
1209 1549 1399 1613 modo
1449 1548 1679 1612 dicitur
1722 1563 1960 1614 novum
2006 1550 2227 1611 contra

679 1655 1122 1737 antiquitatem
1148 1673 1372 1720 cursus
1403 1659 1685 1732 naturae,
1715 1659 1781 1718 et
1818 1652 2227 1718 consuetudi-

681 1779 832 1824 nem
874 1762 1201 1827 rationalis
1251 1766 1562 1827 creaturae
1592 1785 1606 1824 ε
1649 1766 1713 1825 et
1751 1762 1840 1824 sic
1882 1761 2049 1827 Deus
2090 1779 2225 1829 non

680 1870 946 1932 cessavit
977 1870 1043 1933 in
1069 1889 1182 1934 sex
1208 1870 1432 1935 diebus
1471 1872 1674 1934 facere
1703 1888 1943 1934 novam
1972 1873 2227 1934 creatu-

678 1995 844 2056 ram,
875 1978 1074 2043 immo
1116 1979 1323 2044 multa
1347 1980 1493 2043 facit
1522 1979 1900 2043 miraculose
1935 1982 1998 2042 et
2023 1979 2225 2042 mira-

680 2083 888 2149 biliter
941 2090 1160 2150 contra
1207 2087 1465 2151 solitum
1508 2105 1773 2152 cursum
1822 2091 2104 2166 naturae,
2161 2091 2225 2149 et

680 2193 1154 2257 consuetudinis
1195 2194 1500 2259 humanae
1542 2218 1557 2259 ε
1608 2201 1672 2259 et
1717 2195 1838 2258 ista
1882 2210 2052 2261 nova
2095 2194 2220 2258 dici

678 2305 966 2380 possunt.
1016 2300 1159 2363 Alio
1208 2301 1399 2366 modo
1441 2301 1675 2366 dicitur
1718 2317 1990 2380 novum,
2034 2302 2222 2382 cujus

678 2405 859 2468 nulla
883 2406 1237 2471 similitudo
1256 2409 1597 2491 praecessit,
1617 2426 1736 2471 nec
1752 2410 1939 2472 etiam
1962 2408 2221 2490 aliquod

677 2514 1068 2597 principium
1095 2520 1405 2593 creatum,
1427 2511 1599 2598 quo'd
1617 2513 1782 2579 esset
1806 2515 2009 2598 ipsius
2036 2515 2222 2579 semi-

675 2619 935 2683 narium
969 2643 984 2684 ι
1018 2622 1195 2685 etsie
1234 2622 1385 2686 dicit
1424 2621 1725 2703 Magister
1751 2620 1823 2684 in
1862 2621 2215 2703 proposito,

676 2728 848 2808 quod
880 2751 910 2789 α
949 2745 1187 2793 novam
1217 2734 1575 2793 creaturam
1602 2731 1808 2793 facere
1846 2727 2151 2805 cessavit,
2179 2749 2211 2787 υ

674 2837 738 2895 et
767 2833 1000 2898 dicitur
1036 2836 1226 2900 etiam
1265 2837 1333 2899 in
1374 2837 1754 2902 Ecclesiaste
1774 2835 1798 2871 ⁸
1823 2855 1845 2895 .·
1889 2834 2078 2900 Nihil
2103 2833 2218 2900 sub

672 2938 803 3005 sole
829 2927 1086 3006 novum.
1121 2942 1292 3006 Nihil
1321 2944 1493 3008 enim
1513 2941 1837 3026 produxit,
1868 2945 1969 3024 cuj
1980 2961 2057 3006 us
2084 2959 2218 3006 non

672 3046 890 3111 fecerit
930 3048 1144 3132 aliquo
1189 3051 1379 3115 modo
1425 3050 1656 3131 simile,
1704 3050 1809 3116 vel
1855 3051 2040 3133 qu'us
2082 3068 2217 3116 non

672 3157 1050 3239 produxerit
1072 3159 1459 3243 principium
1489 3160 1793 3225 seminale
1816 3158 1887 3222 in
1914 3158 2217 3241 operibus

672 3281 783 3340 ses
812 3264 1064 3329 dierum
1110 3270 1219 3356 get
1260 3268 1349 3330 sic
1375 3271 1547 3349 patet
1578 3267 1751 3350 quod
1778 3284 1911 3330 non
1937 3270 2034 3330 est
2060 3285 2217 3330 con-

671 3371 959 3436 tradictio
986 3372 1222 3456 aliqua.
1253 3374 1451 3438 Aliter
1476 3378 1688 3456 posset
1723 3374 1872 3451 dici,
1902 3373 2077 3457 quod
2105 3391 2214 3437 re-

670 3479 915 3562 quievit
954 3481 1156 3559 facere
1194 3498 1433 3547 novam
1465 3486 1847 3560 creaturam,
1876 3499 2025 3564 quae
2067 3481 2212 3568 qui-

668 3586 814 3650 dem
837 3587 919 3649 sit
944 3588 1023 3651 de
1052 3589 1421 3653 necessitate
1449 3588 1856 3670 perfectionis
1879 3589 2208 3653 universi:

668 3694 1000 3774 productio
1059 3698 1275 3759 autem
1337 3695 1568 3760 Christi
1624 3694 1872 3759 excedit
1924 3693 2213 3758 universi

671 3801 1210 3883 complementum
1244 3827 1258 3867 :
1292 3810 1355 3868 et
1378 3805 1520 3869 ideo
1543 3822 1724 3887 purae
1748 3804 1977 3885 gratiae
2002 3808 2119 3883 est,
2149 3808 2213 3868 et

665 3906 897 3972 dicitur
926 3907 1090 3974 Deus
1120 3910 1339 3976 fecisse
1362 3929 1636 3991 novum,
1657 3929 1807 3979 cum
1835 3911 2073 3976 mulier
2090 3911 2211 3976 cir·

665 4016 986 4083 cumdedit
1007 4018 1249 4083 virum.

1315 4223 1452 4273 DUB.
1499 4226 1565 4272 V.

757 4346 904 4400 Illum
928 4349 1102 4401 autem
1130 4348 1270 4400 diem
1297 4350 1643 4401 sanctificasse
1665 4388 1681 4417 ,
1715 4353 1767 4401 et
1789 4349 2113 4403 benedixisse

1264 4421 1466 4488 dicitur,
1497 4426 1597 4474 etc.

743 4553 1053 4635 Objicitur
1083 4574 1099 4617 ε
1133 4553 1295 4617 Cum
1331 4558 1616 4638 tempus,
1655 4555 1973 4638 quantum
2004 4559 2100 4621 est
2127 4557 2205 4622 de

661 4678 753 4738 se,
783 4661 866 4724 sit
887 4660 1276 4741 indifferenS,
1308 4665 1373 4725 et
1413 4661 1546 4725 dies
1576 4660 1741 4726 dicat
1767 4665 2043 4744 tempu8‚
2074 4681 2207 4728 non

659 4767 870 4849 magis
915 4767 1099 4830 debet
1141 4766 1431 4831 benedici
1481 4767 1616 4832 dies
1660 4768 1966 4851 septimus
2004 4788 2205 4852 quam

598 4935 601 4938 ,
658 4875 999 4941 secundus.
1035 4873 1191 4939 Item
1217 4922 1235 4953 ,
1267 4894 1419 4939 cum
1461 4874 1871 4940 sanctificatio
1911 4878 2207 4959 respiciat

660 4988 1022 5047 creaturam
1049 4982 1446 5062 rationalem,
1466 4982 1621 5065 quid
1633 4987 1726 5047 est
1747 4982 1921 5065 quod
1945 4984 2200 5064 dicitur,

657 5089 829 5171 quod
855 5090 1273 5156 sanctificavit
1307 5091 1477 5157 diem
1494 5092 1525 5154 Ἰ
1567 5089 1757 5171 Item,
1801 5110 1955 5157 cum
1981 5112 2201 5178 aequa-

655 5194 759 5277 lis,
798 5195 903 5261 vel
932 5198 1195 5279 majoris
1227 5197 1560 5281 dignitatis
1596 5198 1677 5263 sit
1717 5199 1881 5264 bene
1919 5201 2202 5285 operari,

722 5353 956 5418 wer-em„
978 5369 1128 5422 xxxi,
1149 5362 1229 5411 22.
1253 5387 1308 5396 —
1336 5360 1354 5391 ²
1379 5360 1572 5429 Galat„
1600 5373 1673 5426 v1,
1699 5364 1777 5413 15.
1798 5388 1858 5400 -
1876 5363 1899 5399 ⁸
1914 5363 2125 5428 Eccles„
2154 5377 2202 5432 1,

659 5426 739 5475 2⁰.
754 5448 819 5463 -
834 5424 858 5461 δ
872 5427 1077 5493 Ephe-c„
1098 5442 1153 5493 v,
1178 5435 1257 5483 16.

1816 440 2439 512 SENTENTIARUM
2478 447 2630 516 LIB.
2677 451 2757 519 11.

2336 599 2536 667 quam
2561 586 2996 672 requiescere,
3026 592 3281 660 videtur
3307 598 3479 678 quod
3520 603 3733 684 magis
3771 606 3887 671 de-

2336 686 2479 752 buit
2510 691 2883 761 benedicere
2909 696 3040 763 diei
3077 705 3290 782 sext0,
3322 704 3392 769 in
3419 724 3549 789 quo
3587 717 3887 794 operatus

2336 798 2456 872 est,
2485 816 2681 880 quam
2705 801 2831 866 diei
2857 805 3151 887 septimO,
3185 809 3253 874 in
3280 830 3411 892 quo
3437 817 3775 897 requievit.

2416 901 2601 988 Resp.
2653 905 3006 976 Dicendum
3047 916 3219 997 quod
3264 918 3437 984 sicut
3480 922 3614 987 dies
3656 926 3887 992 dicitur

2335 1027 2470 1076 esse
2501 1014 2731 1095 maluS,
2761 1036 2893 1082 non
2918 1022 3163 1087 ratione
3202 1026 3327 1104 sui,
3358 1029 3466 1092 sed
3494 1033 3651 1113 quia
3691 1052 3882 1098 men·-

2335 1137 2487 1183 sura
2527 1128 2622 1186 est
2661 1126 2927 1192 actionis
2970 1130 3187 1211 malae,
3217 1133 3380 1199 sicut
3418 1137 3573 1202 dicit
3611 1140 3884 1226 Aposto-

2333 1225 2437 1291 lus
2456 1227 2478 1263 ¹·
2528 1251 2544 1294 :
2594 1230 2996 1303 Redimentes
3056 1243 3332 1323 tempus,
3386 1250 3699 1327 quoniam
3747 1249 3884 1319 dics

2333 1335 2493 1401 malz·
2543 1345 2700 1407 sunt
2745 1362 2768 1402 .-
2805 1342 2897 1406 sic
2944 1344 3077 1410 aies
3117 1348 3355 1414 dicitur
3395 1337 3770 1422 benedictus
3811 1363 3878 1424 et

2334 1447 2614 1526 sanctus,
2639 1447 2796 1529 quia
2816 1454 2911 1514 est
2939 1469 3242 1521 mensura
3268 1458 3458 1543 alicuj
3468 1480 3545 1525 us
3570 1466 3883 1545 operatio-

2335 1552 2457 1630 nis,
2490 1553 2559 1616 in
2587 1574 2715 1637 qua
2743 1559 2838 1621 est
2863 1559 3216 1627 benedictio
3249 1568 3311 1629 et
3338 1570 3772 1638 sanctificatio.
3803 1572 3879 1638 Et

2334 1658 2491 1721 nibil
2520 1661 2721 1726 ¹aliud
2765 1669 2862 1730 est
2892 1666 3063 1732 diem
3104 1671 3386 1753 aliquem
3429 1675 3801 1747 benedicere
3829 1687 3889 1747 et

2332 1767 2752 1850 sanctificare,
2783 1790 2979 1854 quam
3005 1776 3171 1840 diem
3196 1780 3311 1843 tali
3337 1783 3568 1848 actioni
3595 1790 3670 1849 ut
3704 1806 3883 1853 men·

2331 1890 2550 1936 suram
2568 1875 2888 1960 deputari.
2912 1881 3232 1958 Quoniam
3250 1886 3452 1969 igitur
3477 1891 3644 1957 Deus
3663 1896 3880 1962 omnia

2323 1980 2474 2044 ‘fecit
2500 1989 2758 2065 propter
2786 1985 3065 2055 hominis
3091 1991 3578 2062 instructionem
3600 2049 3620 2080 ,
3651 2007 3727 2066 ut
3752 2003 3874 2068 ho·

2331 2088 2574 2153 minem
2604 2108 2736 2155 non
2778 2095 2991 2160 solum
3033 2101 3267 2183 verbo,
3301 2104 3423 2168 sed·
3455 2106 3649 2171 etiam
3692 2129 3879 2194 opere

2330 2196 2613 2261 erudiret
2642 2217 2659 2261 ε
2693 2200 2858 2265 sicut
2897 2222 3010 2268 sex
3042 2205 3271 2272 diebus
3306 2209 3478 2276 dedit
3516 2213 3767 2280 homini
3792 2217 3874 2280 li-

2329 2302 2602 2366 centiam
2621 2309 2945 2389 operandi,
2966 2314 3028 2374 et
3041 2312 3407 2382 intendendi
3423 2320 3614 2384 rebus
3633 2322 3880 2387 inferio-

2328 2408 2529 2488 ribuS,
2569 2414 2632 2475 et
2678 2412 2845 2478 sicut
2886 2418 3156 2499 septimo
3199 2421 3303 2487 die
3349 2424 3429 2487 ab
3466 2427 3645 2489 omni
3690 2446 3877 2510 opere

2328 2517 2631 2598 cessavit3
2681 2520 2771 2584 sic
2809 2523 3014 2588 voluit
3047 2527 3220 2609 quod
3248 2531 3516 2612 septimo
3552 2533 3657 2597 die
3683 2534 3875 2601 homo

2327 2623 2409 2686 ab
2436 2626 2615 2689 omni
2646 2645 2835 2710 opere
2853 2639 3144 2714 cessaret,
3172 2640 3238 2701 et
3263 2637 3322 2702 ei
3350 2657 3464 2720 per
3488 2642 3868 2724 contempla·

2327 2729 2567 2795 tionem
2592 2733 2957 2815 inhaereret,
2986 2743 3049 2803 et
3070 2741 3444 2810 inbaerendo
3472 2747 3823 2828 quiesceret
3848 2769 3864 2814 ε

2325 2840 2389 2900 et
2414 2839 2567 2920 quia
2592 2840 2659 2903 in
2683 2841 2803 2907 hac
2826 2844 3179 2912 inbaesione
3201 2850 3396 2915 homo
3419 2853 3663 2918 obtinet
3682 2874 3722 2917 a
3747 2855 3870 2920 Deo

2325 2946 2803 3027 ampliationem
2863 2953 3316 3022 benedictionis
3360 2963 3424 3024 et
3483 2963 3865 3041 sanctitatis,

2325 3051 2467 3117 ideo
2494 3053 2628 3119 dies
2660 3059 2970 3141 septimus
2996 3060 3228 3128 dicitur
3270 3083 3309 3129 a
3350 3066 3478 3132 Deo
3505 3068 3871 3136 benedictus

2324 3163 2386 3224 et
2420 3164 2866 3246 sanctificatuS,
2896 3186 3029 3232 non
3055 3170 3303 3236 ratione
3331 3175 3454 3254 sui,
3485 3177 3595 3241 sed
3624 3179 3871 3243 ratione

2322 3267 2494 3332 illius
2519 3272 2691 3353 quod
2729 3272 3041 3339 Dominus
3077 3277 3411 3361 deputavit
3444 3282 3513 3345 in
3551 3283 3661 3348 illo
3702 3285 3867 3351 fleri.

2308 3373 2402 3439 Et
2451 3378 2544 3460 sic
2594 3383 2767 3461 patet
2815 3384 3140 3464 responsio
3200 3384 3282 3449 ad
3327 3387 3597 3469 objecta.
3696 3387 3872 3455 Patet

2322 3483 2514 3546 etiam
2543 3490 2860 3568 quantum
2888 3487 3013 3553 Deo
3048 3489 3273 3573 placet,
3315 3496 3485 3577 quod
3510 3495 3711 3561 homo
3750 3497 3870 3560 sibi

2321 3591 2439 3655 soli
2464 3591 2771 3671 intendat,
2800 3599 2862 3658 et
2887 3595 2954 3658 in
2983 3615 3059 3661 eo
3092 3600 3466 3681 requiescat,
3498 3602 3654 3667 dum
3677 3603 3871 3668 talem

2322 3700 2740 3779 vacationem,
2772 3704 2906 3769 sive
2931 3707 3415 3791 requietionem,
3451 3711 3779 3776 benedixit
3806 3712 3871 3775 et

2319 3810 2730 3875 sanctificavit
2774 3834 2789 3877 z
2820 3818 3152 3896 propterea
3194 3818 3262 3880 in
3300 3817 3443 3900 lege
3486 3819 3868 3902 frequentis-

2319 3916 2481 3982 sime
2520 3918 2706 3983 iterat
2747 3920 2913 3985 inter
2941 3924 3158 3987 omnia
3192 3926 3491 3992 mandata
3526 3927 3604 3993 de
3642 3930 3862 3999 obser-

2318 4027 2538 4091 vantia
2564 4028 2832 4094 sabbati.

2948 4130 3086 4176 nus.
3134 4131 3226 4176 vl.

2379 4232 2707 4285 Numerando
2736 4234 2845 4286 dies
2869 4248 3031 4301 usque
3059 4236 3126 4287 ad
3151 4236 3425 4302 septimum
3455 4242 3800 4304 procedimus.
3851 4275 3857 4280 -

2398 4348 2719 4428 Quaeritur
2767 4370 2786 4415 ε
2838 4371 2989 4417 cum
3031 4357 3232 4419 status
3273 4374 3409 4420 esse
3464 4376 3596 4423 non
3639 4361 3862 4429 debeat

2315 4456 2440 4522 nisi
2469 4458 2537 4521 in
2567 4458 2784 4542 aliqua
2811 4461 3219 4542 perfectione,
3245 4467 3308 4527 et
3327 4466 3618 4530 senarius
3645 4471 3861 4552 potius

2316 4564 2482 4629 dicat
2536 4566 2991 4648 perfectionem
3036 4587 3235 4650 quam
3278 4574 3717 4655 septenarius,
3759 4577 3860 4641 vel

2315 4673 2509 4736 etiam
2537 4673 2867 4755 denariuS,
2899 4675 3156 4741 videtur
3182 4679 3353 4760 quod
3382 4684 3495 4744 aut
3522 4681 3689 4747 infra
3718 4702 3860 4768 sep-

2313 4780 2446 4839 tem
2503 4778 2812 4843 debemus
2856 4784 3025 4845 stare
3041 4830 3061 4861 ,
3110 4788 3225 4847 aut
3270 4785 3440 4849 ultra
3496 4789 3855 4868 procedere.

2315 4882 2638 4962 Quaeritur
2669 4886 2859 4951 etiam
2889 4906 3087 4970 quare
3132 4891 3423 4970 gentileS,
3471 4895 3580 4975 qui
3614 4914 3859 4962 sacram

2289 4990 2707 5075 §cripturam
2734 5014 2866 5060 non
2906 4997 3253 5080 recipiunt,
3293 5000 3363 5063 in
3388 5006 3858 5085 computatione

2318 5100 2570 5165 dierum
2612 5122 2820 5186 usque
2856 5104 2937 5168 ad
2982 5110 3223 5188 septem
3261 5111 3632 5190 procedunt.
3674 5111 3747 5179 Si
3789 5120 3859 5179 tu

2315 5208 2507 5289 dicas,
2534 5210 2706 5292 quod
2725 5210 2848 5275 hoc
2874 5214 2968 5275 est
2993 5216 3250 5295 propter
3277 5217 3710 5298 septenarium
3732 5218 3860 5303 pla·

2315 5319 2636 5398 netarum,
2656 5322 2815 5384 tunc
2839 5334 2971 5384 non
2988 5320 3243 5387 videtur
3264 5322 3420 5389 ordo
3449 5328 3684 5404 rectus,
3705 5326 3859 5412 quia

2313 5423 2483 5491 Mars
2503 5442 2638 5490 non
2662 5426 2952 5509 sequitur
2973 5427 3340 5495 immediate
3365 5429 3619 5497 Lunam
3653 5455 3672 5497 ι
3701 5444 3859 5515 ergo
