4125 6225
430 3052 493 3096 De
515 3064 617 3126 con·

412 3182 456 3222 et
473 3178 624 3221 confir·
650 3181 832 3249 sione

438 3242 622 3285 matione
839 3232 857 3266 '

445 3554 531 3597 enti

659 378 778 443 ⁸60

653 512 723 576 in
752 511 958 595 seipsa
984 512 1397 580 decoloratior
1424 516 1541 594 est,
1570 530 1768 596 quam
1791 529 1944 577 cum
1980 511 2052 579 in
2080 511 2190 577 Dei

651 619 960 702 sapientia
983 620 1407 703 cognoscitur.
1434 643 1466 682 υ

736 731 767 789 1
802 730 863 791 et
891 732 952 792 2.
992 728 1089 792 Ad
1116 728 1277 793 illud
1304 747 1463 811 ergo
1491 729 1662 812 quod
1696 728 1996 810 objicitur
2020 728 2196 811 quod

653 834 1067 899 evacuabitur
1115 836 1287 918 quod
1325 855 1407 900 ex
1451 840 1631 920 parte
1676 840 1771 900 est
1782 823 1806 912 ⁶,
1852 835 2194 899 dicendum

652 942 826 1024 quod
865 942 1095 1007 falsum
1133 947 1264 1022 est,
1294 944 1426 1008 imo
1453 943 1615 1008 bene
1641 945 1847 1026 potest
1886 962 2020 1007 esse
2046 937 2193 1026 per-

650 1048 814 1113 fecta
834 1049 906 1114 in
932 1049 1189 1132 proprio
1218 1067 1479 1131 genere.
1508 1048 1587 1113 Et
1615 1049 1671 1112 si
1700 1049 1947 1114 dicatur
1977 1048 2193 1132 aliquo

653 1156 844 1222 modo
866 1157 1082 1222 minus
1101 1159 1394 1240 perfecta,
1417 1156 1540 1221 hoc
1557 1160 1651 1220 est
1671 1160 1959 1240 respectu
1976 1157 2197 1239 cogni-

650 1263 841 1328 tionis
887 1265 956 1328 in
993 1263 1220 1329 Verbo.
1269 1262 1726 1329 Verumtamen
1777 1281 1909 1328 non
1956 1263 2195 1328 habent

651 1372 1134 1454 oppositionem,
1159 1372 1314 1455 quia
1340 1373 1481 1435 haec
1504 1371 1893 1454 imperfectio
1919 1389 2051 1435 non
2079 1388 2190 1435 ve-

649 1478 746 1541 nit
794 1497 876 1543 ex
935 1483 1112 1562 parte
1163 1479 1603 1561 cognoscentis
1621 1528 1639 1557 ‚
1696 1478 1806 1542 sed
1861 1496 1944 1543 ex
2007 1483 2187 1561 parte

651 1585 1090 1666 cognoscibilis
1106 1633 1124 1662 ‚
1153 1585 1259 1651 vel
1294 1585 1494 1669 ipsius
1536 1585 1728 1649 medii
1760 1607 1776 1649 ε
1825 1589 1887 1650 et
1928 1604 2038 1668 per
2064 1586 2186 1651 hoc

648 1696 820 1774 patet
836 1710 1109 1775 sequens
1130 1692 1207 1756 de
1228 1692 1377 1769 fide,
1394 1692 1668 1774 quodibi
1690 1697 1785 1756 est
1798 1693 2187 1776 imperfectio

650 1817 732 1864 ex
754 1803 931 1882 parte
956 1799 1417 1881 cognoscentiS‚
1442 1817 1574 1863 non
1602 1799 1869 1880 cogniti.

731 1911 768 1970 3
796 1910 861 1971 et
886 1909 946 1969 4.
978 1906 1075 1970 A'd
1102 1906 1260 1970 illud
1291 1907 1463 1989 quod
1497 1906 1814 1988 objicitur,
1844 1907 2017 1989 quod
2044 1926 2192 1973 ves-

651 2031 803 2095 pera
827 2013 1100 2078 declinat
1116 2013 1198 2077 ad
1222 2031 1542 2092 occasum,
1567 2016 1631 2076 et
1651 2031 1781 2077 non
1808 2013 2191 2096 compatitur

652 2138 879 2199 mane3
910 2120 1251 2186 dicendum
1279 2121 1452 2204 quod
1468 2139 1697 2187 verum
1722 2124 1817 2185 est
1841 2120 1909 2184 in
1930 2121 2054 2197 his,
2075 2121 2192 2185 ubi

651 2233 745 2291 est
778 2245 1049 2310 vespera
1074 2233 1139 2292 et
1172 2246 1361 2292 mane
1398 2232 1653 2311 propter
1678 2228 1840 2292 lucis
1878 2228 2183 2293 variatio·
2272 2271 2279 2279 -

1789 374 2413 442 SENTENTIARUM
2451 371 2603 441 LIB.
2648 373 2726 439 11.

2303 530 2485 590 nem;
2507 529 2644 577 non
2665 510 2777 592 ibi,
2807 512 2920 577 ubi
2935 512 3131 577 simul
3152 511 3466 578 convertit
3487 529 3555 575 se
3568 511 3836 593 angelus

2302 619 2383 683 ad
2411 622 2787 695 creaturam,
2814 621 2878 683 et
2904 618 3130 684 Deum.
3169 617 3298 684 Nec
3337 622 3433 683 est
3468 618 3585 682 ista
3621 618 3836 688 (liver-

2301 723 2475 803 sitas,
2494 724 2620 788 nisi
2641 725 2850 788 solum
2866 725 3113 789 ratione
3133 725 3365 789 diversi
3386 724 3559 788 modi
3575 742 3840 806 cognos-

2303 831 2482 895 cendi
2517 854 2531 894 z
2563 830 2676 912 qui
2717 832 3017 914 quamvis
3059 832 3186 896 sint
3224 832 3492 911 diversi,
3521 849 3656 895 non
3690 834 3840 895 sunt

2301 941 2516 1003 tamen
2554 938 2853 1020 oppositi;
2897 939 3007 1003 sed
3041 957 3217 1003 unus
3257 940 3608 1005 famulatur
3634 940 3835 1018 alteri,

2300 1053 2364 1113 et
2388 1067 2560 1113 unus
2582 1049 2824 1131 perficit
2849 1048 3143 1128 alterum,
3173 1068 3306 1114 non
3337 1048 3635 1115 excludit.

2379 1159 2441 1220 5.
2475 1154 2568 1218 Ex
2593 1154 2697 1219 his
2727 1155 2919 1219 etiam
2942 1160 3154 1238 patere
3181 1162 3447 1238 possunt
3464 1157 3605 1222 aliae
3632 1174 3836 1241 quaes·

2302 1263 2504 1328 tiones
2524 1310 2543 1342 ‚
2571 1262 2805 1327 scilicet
2838 1262 2908 1325 in
2933 1263 3168 1344 quibus
3194 1264 3321 1327 sint
3347 1264 3486 1329 istae
3520 1264 3839 1346 cognitio-

2305 1387 2453 1448 nes;
2509 1368 2661 1451 quia
2715 1369 2969 1451 proprie
3013 1368 3080 1431 in
3128 1369 3327 1434 beatis
3373 1370 3625 1453 angelis
3647 1419 3664 1447 ‚
3718 1370 3839 1435 nisi

2306 1476 2572 1541 nomina
2596 1476 3041 1541 extendantur.
3074 1476 3252 1541 Patet
3271 1478 3462 1541 etiam
3482 1495 3686 1559 quare
3711 1494 3836 1540 non

2300 1585 2533 1650 dicitur
2577 1585 2857 1666 cognitio
2896 1589 3202 1648 creaturae
3242 1584 3375 1649 dies
3394 1633 3413 1665 ,
3461 1585 3600 1648 sive
3646 1583 3837 1648 meri-

2298 1692 2455 1769 die5‚
2484 1692 2593 1756 sed
2614 1691 2895 1773 cognitio
2922 1690 3060 1771 Dei;
3104 1691 3258 1774 quia
3283 1692 3494 1756 omnis
3520 1696 3832 1770 creatura,

2298 1799 2579 1864 tenebra.
2612 1797 2790 1864 Patet
2811 1797 3000 1862 etiam
3019 1799 3192 1881 quod
3219 1799 3499 1881 cognitio
3521 1799 3837 1864 matutina

2298 1906 2598 1991 praecellit
2621 1909 2876 1990 propter
2895 1905 3245 1989 pleniorem
3273 1907 3504 1985 lucem,
3527 1906 3612 1971 ob
3640 1924 3836 1990 quam

2298 2015 2526 2079 clarior
2552 2016 2681 2093 est,
2723 2016 2788 2077 et
2813 2013 3062 2093 certior,
3093 2018 3156 2078 et
3188 2014 3375 2079 altior
3408 2035 3426 2078 ε
3463 2015 3646 2079 etsie
3669 2019 3836 2098 patet

2295 2126 2522 2187 totum.

1788 2524 2537 2623 DISTINCTIO
2614 2530 2695 2623 V

711 2765 946 2821 QUALES
986 2766 1165 2813 FACTI
1211 2766 1347 2812 sm'r
1391 2767 1618 2814 ANGELI
1664 2767 2086 2817 CONVERSIONE
2132 2771 2208 2815 ΕΤ
2253 2769 2745 2819 CONFIRMATIONE
2787 2774 3090 2820 summu
3111 2805 3130 2840 5
3187 2777 3264 2821 ET
3309 2776 3651 2823 AVERSIONB
3694 2779 3770 2823 ΕΤ

1929 2877 2120 2925 LAPsu
2165 2877 2538 2927 CADENTIUM.

597 3128 622 3159 Β
737 3063 895 3135 Post
924 3037 1066 3134 haec
1092 3065 1524 3136 consideratio
1552 3063 1816 3135 adducit
1841 3064 2179 3159 inquirere
2214 3068 2443 3159 quales
2471 3068 2686 3139 effecti
2735 3069 2892 3158 sint,
2939 3071 3101 3142 dum
3139 3072 3593 3145 dividerentur
3639 3099 3829 3147 aver-

888 3187 953 3250 et
969 3183 1415 3251 conversione.
1451 3182 1608 3250 Post
1636 3183 2029 3252 creationem
2056 3206 2344 3276 namque
2371 3209 2527 3256 mox
2550 3187 2821 3278 quidam
2839 3190 3135 3259 conversi
3161 3191 3425 3260 suntad
3454 3191 3828 3264 Creatorem

411 3304 625 3410 ⁸223}
652 3320 848 3366 suum
870 3350 889 3383 ,
919 3297 1192 3390 quidam
1219 3298 1454 3369 aversi.
1488 3297 1798 3368 Converti
1831 3298 1911 3366 ad
1950 3299 2164 3368 Deum
2184 3353 2202 3388 ‚
2233 3300 2362 3369 fuit
2389 3302 2450 3370 ei
2476 3302 2789 3372 charitate
2816 3303 3185 3393 adhaerere3
3235 3307 3487 3394 averti,
3526 3308 3680 3378 odio
3717 3309 3830 3379 ha-

430 3430 625 3548 siffilecet
652 3412 802 3481 bere
829 3413 936 3481 vel
966 3414 1286 3484 invidere.
1320 3414 1598 3483 Invidiae
1626 3437 1916 3506 namque
1944 3425 2153 3485 mater
2180 3425 2276 3486 est
2294 3418 2626 3511 superbia,
2658 3443 2790 3512 qua
2815 3420 3178 3492 voluerunt
3203 3447 3271 3491 se
3294 3423 3638 3514 parificare
3663 3425 3820 3495 Deo.

535 3503 625 3596 „03¹ss
654 3529 729 3596 In
754 3529 1082 3597 conversis
1107 3531 1295 3621 quasi
1322 3530 1394 3599 in
1425 3531 1689 3623 speculo
1727 3532 2016 3600 relucere
2052 3533 2248 3624 coepit
2274 3533 2394 3602 Dei
2421 3536 2776 3628 sapientia,
2810 3559 2945 3628 qua
2985 3537 3345 3606 illuminati
3379 3549 3573 3625 sunt3
3615 3543 3828 3611 aversi

655 3664 841 3731 vero,
874 3646 1172 3714 excaecati
1199 3653 1378 3715 sunt.
1409 3647 1492 3716 Et
1523 3647 1624 3715 illi
1652 3647 1923 3739 quidem
1951 3651 2249 3717 conversi
2275 3658 2431 3720 sunt
2457 3659 2521 3720 et
2557 3653 2917 3721 illuminati
2954 3676 2993 3721 a
3030 3652 3167 3722 Deo
3193 3706 3211 3740 ,
3254 3655 3467 3745 gratia
3492 3657 3819 3747 apposita3

653 3761 758 3829 isti
787 3784 941 3830 vero
968 3771 1124 3832 sunt
1164 3763 1484 3850 excaecati,
1518 3786 1654 3832 non
1682 3763 2083 3833 immissione
2125 3765 2428 3854 malitiae,
2472 3768 2583 3835 sed
2626 3767 2990 3837 desertione
3027 3769 3290 3858 gratiae,
3341 3794 3381 3840 a
3425 3795 3560 3864 qua
3591 3773 3827 3842 deserti

651 3886 806 3945 sunt
833 3879 1087 3947 nonita
1112 3879 1289 3971 quod
1319 3879 1503 3972 prius
1530 3880 1752 3949 habita
1778 3881 2296 3969 subtraheretur,
2320 3883 2432 3952 sed
2458 3885 2616 3976 quia
2644 3907 2991 3978 nunquam
3017 3895 3112 3954 est
3138 3889 3429 3979 apposita
3457 3896 3531 3957 ut
3558 3913 3826 3963 conver-

652 4000 968 4063 terentur.
1007 3995 1162 4064 Haec
1189 4004 1284 4064 est
1311 4004 1467 4086 ergo
1495 3996 1832 4066 conversio
1857 4050 1876 4083 ,
1905 4006 1970 4066 et
1996 3999 2248 4068 aversio
2269 4051 2288 4086 ,
2320 4023 2453 4091 qua
2480 4000 2675 4070 divisi
2699 4007 2855 4069 sunt
2881 4002 3000 4094 qui
3027 4011 3266 4072 natura
3292 4004 3451 4073 boni
3496 4018 3719 4096 erant,
3753 4019 3824 4078 ut

650 4110 778 4178 sint
810 4111 925 4179 alii
957 4134 1159 4205 supra
1184 4112 1353 4183 illud
1378 4113 1632 4183 bonum
1660 4136 1774 4206 per
1806 4113 2133 4205 justitiam
2162 4115 2354 4203 boni,
2386 4116 2501 4186 alii
2528 4116 2643 4186 illo
2672 4125 2980 4210 corrupto
3009 4141 3124 4211 per
3150 4120 3412 4211 culpam
3444 4124 3623 4192 mali.
3657 4125 3824 4196 Con-

654 4226 862 4296 versio
881 4227 1093 4319 justos
1119 4228 1270 4299 fecit
1287 4281 1306 4317 ,
1338 4238 1403 4298 et
1430 4231 1682 4301 aversio
1709 4230 2009 4323 injustos.
2042 4231 2338 4325 Utraque
2364 4233 2492 4302 fuit
2518 4234 2876 4304 voluntatis
2890 4286 2911 4322 ,
2941 4242 3006 4304 et
3031 4236 3339 4307 voluntas
3367 4240 3714 4334 utriusque
3743 4243 3821 4313 li-

652 4342 941 4413 bertatis.

414 4464 627 4571 Ιίξὲιιξὲζῡ
741 4459 1086 4529 Habebant
1112 4462 1289 4531 enim
1308 4484 1533 4531 omnes
1557 4463 1842 4533 liberum
1858 4464 2207 4535 arbitrium
2223 4517 2244 4553 ,
2273 4466 2453 4560 quod
2479 4474 2574 4537 est
2599 4468 2806 4538 libera
2830 4477 3140 4562 potestaS,
3173 4480 3238 4540 et
3263 4471 3568 4544 habilitas
3588 4478 3819 4547 volun-

440 4591 629 4708 ιέἕὲξέετ
657 4576 804 4645 tatis
836 4577 1194 4647 rationalis.
1238 4579 1552 4649 Poterant
1578 4581 1754 4649 enim
1781 4582 2124 4653 voluntate
2157 4583 2397 4674 eligere
2442 4584 2819 4675 quodlibet,
2848 4595 2912 4654 et
2937 4588 3191 4656 ratione
3209 4588 3506 4680 judicare
3527 4642 3547 4678 ,
3590 4591 3660 4660 id
3687 4605 3813 4680 est,

434 4685 625 4831 ffisssss
655 4691 1018 4762 discernere
1047 4718 1064 4761 :
1099 4695 1171 4763 in
1201 4695 1443 4787 quibus
1474 4705 1723 4766 constat
1753 4697 2041 4769 liberum
2082 4700 2433 4769 arbitrium
2463 4726 2478 4768 :
2512 4723 2633 4769 nec
2657 4702 2855 4770 creati
2885 4711 3042 4771 sunt
3096 4703 3381 4774 volentes
3435 4708 3677 4794 averti,
3717 4710 3817 4778 vel

653 4808 970 4895 converti,
1000 4809 1112 4879 sed
1138 4809 1390 4879 habiles
1416 4811 1499 4880 ad
1527 4812 1886 4882 volendum
1909 4814 2034 4884 hoc
2067 4815 2169 4885 vel
2185 4815 2358 4885 illud
2376 4841 2392 4883 ε
2413 4824 2630 4909 etpost
2653 4818 3072 4905 creationem,
3103 4829 3460 4911 spontanea
3485 4824 3817 4894 voluntate

652 4922 768 4992 alii
793 4923 1133 5015 elegerunt
1159 4927 1448 5015 malum,
1493 4927 1607 4997 alii
1645 4927 1896 4999 bonum
1933 4954 1950 4998 ε
1980 4940 2043 4998 et
2075 4931 2166 5000 ita
2211 4932 2515 5001 discrevit
2559 4933 2735 5003 Deus
2772 4935 2987 5005 lucem
3024 4959 3065 5004 a
3107 4936 3422 5026 tenebris,
3464 4939 3633 5010 sicut
3665 4941 3817 5012 dicit

652 5036 991 5131 Scriptura
1016 5051 1062 5129 ²,
1093 5041 1162 5110 id
1189 5052 1316 5131 est,
1346 5042 1554 5113 bonos
1578 5045 1846 5135 angelos
1873 5069 1913 5116 a
1937 5047 2128 5117 malis
2158 5072 2172 5114 ε
2206 5056 2271 5117 et
2295 5048 2511 5118 lucem
2537 5049 2894 5141 appellavit
2918 5050 3092 5120 diem
3109 5103 3128 5139 ‚
3169 5061 3425 5127 noctem
3461 5078 3617 5127 vero
3645 5065 3815 5127 tene·

649 5152 800 5222 bras
817 5207 835 5240 ,
866 5157 1026 5247 quia
1051 5158 1256 5227 bonos
1282 5160 1550 5250 angelos
1576 5161 1787 5257 gratia
1813 5163 2368 5235 sua‘illuminavit
2385 5216 2404 5252 ‚
2439 5165 2647 5235 malos
2667 5187 2826 5236 vero
2851 5167 3220 5239 excaecavit.

710 5358 1091 5429 ¹Gmet.,1,t‚
