4125 6225
1030 463 1225 530 DIST.
1261 461 1397 527 VII.
1441 457 1675 526 PART.
1719 458 1799 523 II.
1841 457 2023 524 ART.
2072 458 2120 523 1.
2165 458 2463 536 QUAEST.
2507 458 2615 525 111.

221 602 289 665 in
316 619 383 666 se
412 600 649 665 habere
676 621 692 664 ε
720 602 785 664 01
807 598 971 678 ideo,
1005 599 1211 664 dicere
1240 597 1411 680 quod
1437 596 1762 660 daemones

222 727 334 792 per
386 709 625 792 seipsos
680 708 897 772 futura
943 706 1379 789 contingentia
1428 703 1764 788 praesciant

224 815 770 894 certitudinaliter,
810 815 934 879 1100
961 818 1057 879 031
1091 815 1182 878 013
1208 813 1553 877 attribuere
1593 809 1765 893 quod

225 923 333 986 Dei
360 928 455 986 est
487 943 504 986 ;
531 923 672 986 ideo
698 925 792 986 est
818 922 907 985 ibi
940 921 1297 997 infidelitaS,
1327 924 1390 983 et
1414 917 1767 982 infidelitati

224 1031 591 1114 frequenter
619 1048 874 1094 annexa
902 1029 1258 1094 idololatria
1289 1051 1303 1092 :
1338 1027 1481 1091 ideo
1511 1025 1767 1090 divina-

225 1140 315 1203 tio
351 1143 444 1202 est
478 1139 817 1221 prohibita.
864 1138 1171 1216 Quamvis
1198 1140 1413 1201 autem
1448 1135 1770 1198 daemones

226 1265 359 1310 non
393 1245 634 1328 possint
658 1263 772 1328 per
807 1243 1043 1327 seipsos
1075 1245 1298 1308 futura
1335 1240 1772 1323 contingentia

228 1354 390 1417 scire
413 1352 957 1431 certitudinaliter,
987 1356 1203 1416 tamen
1237 1351 1598 1432 frequenter
1619 1366 1775 1412 vera

230 1460 619 1544 praedicunt,
669 1461 822 1542 quia
866 1463 1170 1524 eventum
1214 1459 1511 1523 futurum
1561 1456 1776 1538 aliquo

231 1568 425 1633 modo
456 1567 893 1650 praesentiunt.
936 1565 1069 1631 Hoc
1110 1571 1328 1631 autem
1367 1565 1776 1648 031000010-

231 1677 480 1759 pliciter
500 1724 519 1755 ,
550 1675 713 1738 sicut
734 1674 883 1738 dicit
906 1675 1316 1756 Augustinus
1347 1676 1367 1710 ¹
1405 1694 1420 1737 t
1452 1675 1566 1737 aut
1604 1672 1779 1735 enim

234 1801 462 1848 sensus
513 1782 617 1846 vel
659 1783 911 1864 ingenii
977 1783 1329 1846 acrimonia
1352 1831 1370 1861 ,
1418 1785 1532 1845 aut
1580 1780 1784 1844 multa

237 1888 633 1971 experientia
646 1937 664 1968 ,
696 1893 810 1953 aut
853 1887 1067 1953 dolosa
1107 1889 1356 1953 cautela
1372 1936 1391 1968 ,
1423 1893 1538 1952 aut
1578 1886 1786 1950 aliena

238 1996 527 2060 doctrina
558 2018 574 2060 ε
617 2015 841 2060 30113113
876 1996 1229 2060 acrimonia
1246 2044 1264 2075 ,
1294 1999 1370 2060 ut
1394 1995 1649 2078 quando
1679 1993 1784 2058 vi-

242 2103 394 2167 dent
415 2103 775 2183 diligenter,
807 2107 872 2166 et
897 2103 1299 2167 considerant
1324 2102 1403 2166 ad
1427 2101 1581 2184 quid
1610 2100 1789 2164 incli-

244 2215 435 2275 netur
452 2211 698 2275 affectio
714 2215 951 2288 nostra,
972 2212 1071 2275 vel
1089 2230 1240 2293 quae
1258 2212 1389 2275 sint
1401 2210 1787 2289 inducentia,

244 2318 786 2398 11011-0110110011ος
813 2319 1206 2401 experientia
1226 2324 1614 2402 temporum,
1640 2318 1794 2400 quia

246 2444 331 2491 ex
358 2427 591 2492 talibus
615 2427 835 2492 vident
868 2427 1150 2491 accidere
1180 2427 1368 2505 talia3
1398 2425 1614 2490 dolosa
1639 2444 1789 2489 cau-

246 2534 396 2613 tela,
410 2535 666 2616 quando
681 2533 976 2616 proponit
988 2534 1131 2616 quis
1146 2534 1225 2616 (a)
1245 2533 1485 2615 aliquid
1494 2534 1721 2610 facere,
1733 2535 1797 2596 et

250 2642 610 2724 praedicunt
625 2642 699 2724 (b)
713 2641 886 2724 quod
905 2640 1144 2722 aliquid
1163 2641 1244 2705 sit
1252 2642 1571 2722 facturus3
1594 2641 1800 2706 aliena

252 2752 560 2831 doctrina,
578 2751 836 2834 quando
845 2752 1022 2832 justo
1034 2749 1144 2814 Dei
1161 2750 1395 2832 iudicio
1411 2750 1797 2833 permittun-

251 2862 365 2922 tur
387 2860 458 2942 (c)
488 2859 807 2923 addiscere
832 2859 913 2923 ab
931 2854 1200 2940 angelis.
1222 2856 1301 2922 Et
1322 2858 1410 2921 sic
1431 2857 1802 2940 patetquod

251 2965 582 3031 daemones
610 2967 827 3030 futura
865 2964 1301 3046 contingentia
1318 3013 1337 3044 ,
1379 2964 1495 3027 etsi
1538 2966 1806 3046 possunt

255 3075 668 3160 probabiliter
694 3074 1064 3160 praesentire
1081 3123 1100 3155 ,
1131 3091 1266 3139 non
1301 3076 1567 3156 possunt
1586 3076 1806 3137 tamen

258 3185 783 3252 certitudinaliter
812 3185 1130 3267 praescire,
1151 3184 1315 3247 sicut
1344 3183 1684 3247 ostendunt
1707 3200 1808 3246 ra-

259 3293 468 3358 tiones
493 3293 573 3357 ad
601 3294 723 3358 hoc
747 3293 1055 3357 inductae.

346 3406 377 3464 1
391 3447 406 3463 .
442 3400 542 3464 Ad
568 3399 729 3464 illud
754 3418 911 3480 ergo
939 3397 1112 3481 quod
1151 3397 1450 3479 objicitur
1486 3394 1564 3460 de
1600 3397 1809 3458 astro-

262 3508 480 3573 nomis
506 3508 641 3572 sive
681 3505 1144 3572 mathematicis
1166 3552 1183 3581 ,
1227 3502 1399 3587 quod
1427 3503 1646 3568 dicunt
1682 3503 1812 3567 fre-

266 3620 540 3699 quenter
561 3634 735 3692 vera,
763 3614 1102 3680 dicendum
1127 3613 1302 3696 quod
1328 3613 1452 3677 hoc
1478 3611 1687 3677 solum
1718 3617 1813 3677 aet

267 3723 762 3805 conJecturando
776 3772 795 3803 ,
818 3722 954 3787 sive
986 3719 1339 3786 secundum
1366 3719 1582 3801 legem
1603 3722 1812 3783 astro-

266 3851 419 3898 rum
440 3880 457 3909 ,
498 3832 634 3896 sive
668 3829 1022 3894 secundum
1049 3827 1356 3893 diabolica
1381 3828 1762 3892 commercia
1794 3850 1810 3893 ε

269 3937 844 4020 secundumlegem
856 3943 1199 4016 astrorum,
1212 3940 1439 4019 utputa
1461 3935 1545 4019 (d)
1560 3936 1815 4019 quando

270 4045 638 4110 dominatur
679 4045 858 4109 stella
874 4092 893 4124 ,
929 4062 1077 4126 quae
1115 4043 1306 4107 hahet
1330 4042 1814 4125 impressionem

271 4171 468 4236 super
494 4153 776 4218 diversos
802 4152 1133 4228 humores,
1156 4150 1431 4233 disponit
1460 4149 1816 4215 secundum

272 4261 398 4326 hoc
434 4260 765 4324 hominem
791 4259 871 4324 ad
911 4260 1193 4323 diversos
1238 4275 1446 4323 moroe
1467 4306 1484 4337 ,
1525 4260 1589 4321 et
1622 4257 1817 4321 affec-

272 4369 517 4447 tiones;
560 4368 913 4433 secundum
945 4366 1251 4431 diabolica
1292 4363 1671 4429 commercia
1688 4411 1707 4441 ,
1745 4368 1823 4429 ut

275 4476 536 4559 quando
562 4475 789 4541 volunt
810 4475 879 4541 vi
904 4478 1225 4539 astrorum
1248 4473 1419 4538 ultra
1442 4472 1782 4556 procedere
1797 4520 1816 4552 ,

277 4604 480 4669 quam
518 4583 599 4649 ad
637 4582 796 4649 illud
840 4601 1032 4667 super
1078 4581 1249 4664 quod
1268 4619 1275 4628 ·
1292 4584 1556 4664 possunt
1598 4600 1613 4641 ε
1666 4581 1823 4643 111110

280 4693 457 4760 0111111
480 4740 498 4770 ,
524 4692 649 4756 11131
674 4691 963 4757 diabolus
1005 4690 1286 4768 adesset,
1330 4689 1420 4753 ita
1461 4689 1824 4771 frequenter

280 4801 519 4865 falsum
539 4848 558 4881 ,
586 4798 751 4864 sicut
788 4816 1020 4866 verum
1057 4797 1357 4862 dicerent.
1389 4794 1575 4860 Nunc
1608 4798 1825 4859 autem

286 4928 436 4975 cum
464 4913 596 4973 toto
614 4908 856 4973 auxilio
887 4907 1257 4973 daemonum
1281 4906 1644 4988 frequenter
1670 4904 1829 4969 falsa

284 5018 649 5103 praedicunt
670 5021 734 5082 et
758 5017 1192 5100 decipiuntur;
1233 5012 1342 5079 sed
1372 5017 1549 5078 tanta
1571 4997 1668 5077 est
1692 5012 1828 5077 dae-

287 5144 565 5192 monum
609 5126 840 5192 astutia
854 5173 872 5204 ,
920 5125 1094 5208 quod
1132 5123 1222 5187 ita
1265 5122 1473 5186 sciunt
1515 5120 1829 5185 occultare

288 5236 584 5303 fraudem
624 5255 809 5302 suam
826 5282 848 5315 ‚
887 5238 965 5300 ut
1005 5232 1339 5299 ostendant
1376 5248 1659 5295 errorem
1693 5228 1831 5294 sive

361 5400 633 5465 magua„
658 5396 720 5447 de
748 5397 869 5447 Gen.
888 5393 958 5446 ad
977 5393 1102 5457 litt„
1129 5392 1218 5443 lib.
1247 5393 1319 5456 V,
1346 5401 1576 5454 c.xx111;
1600 5388 1692 5441 lib.
1719 5389 1831 5453 ΧΠ,

297 5484 347 5522 0.
364 5480 497 5522 xvn.
520 5494 578 5507 -
597 5467 858 5531 mentem,
885 5477 1004 5532 xm,
1024 5464 1184 5517 1.-⁸
1201 5462 1384 5525 Boou„
1410 5472 1598 5526 κων,
1621 5464 1671 5512 6.

619 5574 767 5624 ton.
811 5573 884 5621 n.

3284 468 3399 529 417

1867 593 2185 658 defectum
2211 595 2405 659 fuisse
2432 594 2503 658 in
2528 597 2892 662 astronomo
2929 598 3365 664 considerante
3381 650 3399 681 ,

1869 718 2000 765 non
2016 701 2085 764 in
2109 705 2266 779 arte,
2284 705 2399 766 aut
2415 702 2665 767 diabolo
2681 703 3025 771 assistente.
3041 706 3117 770 In
3133 706 3256 774 hoc
3276 708 3404 789 igi-

1870 811 1979 872 tur
1993 812 2117 872 stat
2133 810 2478 892 responsio,
2500 812 2673 894 quod
2690 816 3056 895 astronomi,
3078 817 3156 882 de
3174 818 3410 883 contin-

1874 917 2174 997 gentibus
2182 917 2562 984 habentibus
2575 939 2833 986 causam
2842 923 3164 989 fallibilem
3175 928 3414 994 etinde-

1874 1026 2303 1102 terminatam,
2318 1045 2450 1090 non
2473 1030 2815 1110 praesciunt
2824 1050 2996 1111 vera,
3017 1034 3138 1097 nisi
3162 1055 3243 1100 ex
3264 1055 3413 1102 con·

1831 1132 1839 1145 “
1871 1135 2154 1216 jectura3
2184 1139 2246 1198 et
2263 1134 2551 1200 diabolus
2568 1156 2649 1201 ex
2676 1141 2904 1222 majori
2928 1146 3290 1225 conjectura
3307 1147 3416 1212 illa

1878 1242 2225 1325 praesentit,
2240 1248 2591 1308 nontamen
2606 1247 3129 1316 certitudinaliter
3141 1256 3412 1335 praescit.

1959 1354 2020 1413 2.
2056 1349 2157 1413 Ad
2185 1349 2342 1415 illud
2369 1351 2542 1433 quod
2568 1353 2866 1435 objicitur
2886 1356 2965 1422 de
2992 1360 3203 1440 magis
3227 1366 3291 1426 et
3320 1364 3420 1428 di-

1882 1456 2050 1521 vinis
2071 1505 2090 1536 ,
2136 1457 2309 1540 quod
2348 1458 2568 1524 dicunt
2610 1479 2765 1525 vera
2797 1482 2817 1526 1
2864 1464 3204 1531 dicendum
3248 1471 3422 1552 quod

1883 1582 2117 1628 verum
2142 1569 2236 1628 est
2273 1586 2288 1629 ε
2319 1567 2428 1630 sed
2455 1586 2604 1632 cum
2635 1570 2977 1654 aliquando
3005 1575 3216 1640 dicant
3242 1578 3419 1659 falsa,

1885 1674 2059 1753 patet
2097 1672 2269 1753 quod
2296 1674 2509 1755 potius
2535 1675 2756 1741 dicunt
2792 1696 3023 1744 verum
3064 1685 3421 1764 casualiter,

1888 1794 2087 1860 quam
2140 1779 2661 1847 certitudinaliter
2678 1832 2696 1863 ,
2760 1788 3122 1869 conjectura
3173 1793 3385 1875 potius
3406 1843 3425 1874 ,

1891 1904 2090 1969 quam
2113 1887 2395 1952 scientia.
2418 1888 2540 1967 Qui
2562 1892 2735 1956 enim
2757 1896 2952 1961 semel
2969 1897 3119 1962 dicit
3136 1901 3430 1967 futurum

1893 1993 1962 2056 in
1984 1993 2182 2058 verbo
2203 1993 2475 2075 Domini,
2503 2001 2565 2060 et
2582 2016 2714 2063 non
2733 2003 2965 2083 evenit,
2991 2006 3153 2070 sicut
3178 2008 3249 2072 in
3263 2008 3433 2091 Lege

1893 2099 2128 2163 dicitur
2168 2100 2193 2135 ’
2210 2150 2229 2181 ,
2277 2103 2625 2169 somniator
2663 2110 2796 2184 est,
2842 2113 2905 2173 et
2947 2130 3079 2176 non
3128 2116 3438 2199 propheta

1898 2209 2175 2288 Domini,
2209 2214 2273 2274 et
2296 2212 2439 2276 ideo
2464 2214 2830 2298 praecipitur
2854 2220 3078 2287 occidi.

1980 2322 2040 2381 3.
2072 2316 2169 2380 Ad
2196 2318 2355 2384 illud
2379 2321 2554 2403 quod
2587 2323 2889 2405 objicitur
2927 2329 3006 2392 de
3041 2332 3338 2411 somniis,
3373 2334 3443 2399 in

1901 2426 2140 2508 quibus
2165 2427 2598 2510 praevidentur
2622 2431 2863 2513 futura,
2883 2433 3224 2502 dicendum
3246 2440 3439 2523 quod,

1903 2532 2220 2616 quidquid
2246 2534 2324 2598 de
2347 2534 2470 2600 hoc
2495 2538 2807 2603 senserint
2846 2540 3207 2627 philosophi
3228 2594 3247 2626 ,
3280 2564 3447 2629 quo-

1905 2659 2056 2704 rum
2095 2641 2439 2724 positiones
2475 2642 2749 2726 longum
2791 2651 2886 2711 est
2925 2652 3241 2732 retexere,
3274 2654 3446 2736 quod

1906 2746 1984 2811 de
2009 2749 2103 2812 eis
2132 2749 2283 2813 dicit
2316 2769 2493 2815 sacra
2533 2750 2857 2834 Scriptura
2886 2755 3320 2824 indubitanter
3353 2768 3449 2828 est

1907 2855 2278 2920 tenendum.
2309 2855 2738 2940 Reprehendit
2765 2862 2940 2926 enim
2967 2882 3104 2945 eos,
3137 2867 3252 2949 qui
3291 2886 3450 2933 con·

1908 2963 2237 3027 fidentiam
2279 2964 2520 3029 habent
2555 2966 2624 3030 in
2668 2970 2936 3034 somniis
2968 2994 2983 3036 :
3016 2975 3185 3040 unde
3230 2975 3453 3043 Eccle-

1911 3070 2231 3136 siasticus⁸
2255 3095 2269 3137 ε
2296 3072 2475 3141 Sicut
2482 3076 2913 3156 parturientis
2930 3095 3036 3147 cor
3053 3086 3233 3149 tuum
3246 3084 3455 3167 phan-

1914 3182 2120 3247 tasias
2137 3184 2412 3263 patitur,
2432 3185 2572 3250 nisi
2587 3184 2666 3251 ab
2684 3184 3021 3255 Altissimo
3039 3191 3241 3270 fuerit
3254 3195 3457 3261 missa

1914 3289 2212 3355 visitatio
2227 3290 2409 3355 :ideo
2432 3291 2945 3375 intelligendum,
2975 3298 3148 3379 quod
3170 3301 3457 3385 quinque

1915 3396 1995 3460 de
2021 3396 2229 3460 causis
2258 3398 2424 3461 flunt
2448 3399 2695 3464 somnia
2721 3419 2739 3464 ι
2761 3402 3059 3485 quaedam
3078 3406 3461 3490 contingunt

1918 3522 2000 3567 ex
2025 3503 2428 3586 dispositione
2460 3508 2741 3590 corporis
2752 3530 2770 3587 ;
2801 3511 3097 3592 quaedam
3119 3531 3202 3578 ex
3228 3515 3460 3580 sollici-

1919 3611 2141 3675 tudine
2168 3612 2436 3692 mentis3
2482 3615 2776 3696 quaedam
2805 3636 2886 3681 ex
2911 3618 3206 3685 illusione
3237 3622 3464 3688 diabo-

1919 3718 2074 3799 lica;
2107 3720 2405 3803 quaedam
2426 3739 2510 3785 ex
2529 3723 2919 3789 revelatione
2948 3729 3269 3811 angelica3
3291 3749 3466 3814 quae·

1922 3827 2072 3891 dam
2091 3846 2174 3891 ex
2191 3827 2548 3893 visitatione
2571 3829 2807 3897 divina.
2832 3831 3047 3899 Prima
3065 3836 3193 3903 duo
3216 3839 3468 3906 somnia

1923 3939 2076 4000 sunt
2101 3936 2416 4018 praesagia
2453 3937 2819 4004 futurorum
2864 3960 3013 4025 quae
3041 3942 3279 4011 habent
3307 3966 3466 4013 cau-

1924 4060 2062 4105 sam
2105 4043 2175 4106 in
2211 4044 2397 4108 nobis
2430 4066 2445 4109 :
2475 4048 2548 4109 ut
2600 4048 2851 4113 somnia
2887 4068 3036 4132 quae
3081 4055 3468 4137 contingunt

1925 4170 2010 4217 ex
2048 4152 2256 4216 causis
2290 4156 2575 4236 corporis
2593 4204 2610 4235 ,
2642 4161 2792 4221 sunt
2829 4157 3019 4241 signa
3040 4160 3463 4244 infirmitatis;

1927 4260 2177 4325 somnia
2234 4280 2382 4344 quae
2450 4265 2834 4347 contingunt
2909 4287 2990 4333 ex
3050 4271 3469 4338 sollicitudine

1928 4368 2183 4448 mentis»,
2213 4373 2366 4434 sunt
2389 4370 2577 4453 signa
2603 4391 2853 4454 eorum,
2878 4374 2960 4440 ad
2986 4395 3136 4459 quae
3162 4379 3467 4461 facienda,

1929 4474 2033 4540 vel
2078 4475 2521 4559 desideranda,
2557 4485 2777 4546 nostra
2815 4482 3162 4550 inclinatur
3196 4487 3468 4553 affectio.

1929 4581 2226 4648 Aliorum
2250 4603 2405 4651 vero
2431 4604 2567 4651 non
2592 4593 2744 4653 sunt
2778 4589 2966 4672 signa
3002 4591 3081 4656 de
3124 4611 3191 4657 se
3211 4641 3229 4672 ,
3259 4594 3392 4659 imo
3420 4596 3475 4659 si

1933 4690 2015 4754 ad
2041 4690 2169 4756 alia
2190 4692 2610 4775 applicentur,
2644 4696 2857 4778 potius
2882 4699 3170 4780 praebent
3197 4701 3478 4767 occasio-

1933 4816 2086 4863 nem
2103 4799 2378 4879 errandi,
2396 4818 2596 4882 quam
2621 4802 3017 4882 praesciendi.
3044 4803 3307 4872 Somnia
3326 4827 3477 4892 quae

1933 4908 2088 4970 sunt
2124 4924 2165 4970 a
2204 4906 2515 4972 diabolica
2545 4907 2839 4974 illusione
2859 4958 2878 4990 ,
2908 4911 3150 4976 nullius
3183 4917 3336 4978 sunt
3365 4935 3479 4982 ro-

1936 5011 2110 5077 boris
2131 5060 2149 5090 ,
2213 5013 2377 5078 sicut
2437 5033 2557 5078 nec
2612 5014 3035 5083 divinationes
3084 5022 3473 5105 aruspicum.

1938 5116 2201 5185 Somnia
2224 5139 2380 5187 vero
2407 5139 2556 5204 quae
2582 5125 2734 5185 sunt
2760 5122 2842 5186 ab
2872 5124 3120 5206 angelis
3138 5126 3344 5210 bonis,
3367 5136 3481 5196 aut

1938 5245 1980 5292 a
2015 5227 2165 5308 Deo,
2195 5227 2437 5293 suntin
2462 5228 2645 5292 nobis
2670 5228 2857 5310 signa
2884 5248 3041 5296 vera
3064 5237 3128 5297 et
3167 5239 3381 5302 recta:
3418 5243 3482 5304 et

2008 5388 2079 5450 (a)
2105 5384 2229 5436 eat.
2252 5383 2375 5435 edit.
2400 5383 2672 5448 praeponit.
2698 5410 2762 5420 —
2792 5383 2859 5450 (b)
2889 5386 2954 5438 11.
2985 5388 3231 5452 proedicit.
3251 5419 3315 5432 —
3336 5395 3482 5460 (0)]1.

1944 5455 2273 5524 permittitur.
2297 5481 2361 5493 -
2385 5455 2457 5520 (d)
2489 5456 2556 5508 1t.
2577 5457 2772 5518 utpote.

3166 5557 3243 5617 27
