4125 6225
710 595 1008 674 trarium,
1029 591 1201 676 quod
1215 593 1310 657 est
1325 591 1644 658 uniforme
1657 611 1675 672 3
1696 590 2038 658 dicendum
2050 593 2247 676 quod,

710 702 827 767 etsi
853 701 1084 766 habeat
1107 699 1608 766 uniformitatem
1631 718 1745 783 per
1770 701 2118 765 carentiam
2147 703 2255 767 di-

710 808 1029 877 versitatis
1046 808 1351 892 partium,
1376 807 1569 872 habet
1591 811 1806 874 tamen
1823 808 2254 874 diversitatem

710 917 1069 982 secundum
1110 916 1429 980 rationem
1466 916 1674 981 dextri
1722 920 1787 980 et
1829 916 2110 994 sinistri,
2142 933 2257 997 per

711 1024 1252 1108 comparationem
1277 1023 1358 1088 ad
1406 1023 1808 1088 influentiam
1849 1022 2115 1087 motoris
2145 1044 2160 1085 :
2194 1025 2258 1087 et

709 1132 852 1198 haec
879 1131 1214 1196 diversitas
1240 1130 1474 1196 sufficit
1490 1131 1572 1195 ad
1595 1131 1957 1195 faciendum
1976 1135 2250 1194 motum.

711 1239 789 1306 Et
830 1256 946 1321 per
983 1237 1109 1302 hoc
1151 1241 1322 1320 patet
1362 1237 1686 1320 responsio
1737 1236 1819 1301 ad
1862 1237 2214 1302 secundum
2232 1284 2253 1314 ,

710 1344 882 1427 quod
909 1362 1042 1407 non
1061 1346 1156 1407 est
1173 1343 1316 1408 talis
1334 1342 1602 1409 variatio
1621 1342 1690 1406 in
1717 1343 1824 1407 illo
1851 1347 2033 1407 motu
2063 1342 2257 1426 primi

709 1449 985 1530 mobilis,
1014 1468 1163 1534 quae
1191 1451 1412 1531 exigat
1436 1449 1865 1516 diversitatem
1892 1451 2158 1514 luminis
2187 1451 2257 1514 in

708 1559 1021 1644 partibus,
1045 1559 1204 1641 quin
1218 1557 1430 1641 potius
1447 1558 1784 1623 concordet
1796 1558 2217 1624 uniformitati
2236 1582 2251 1625 :

709 1686 865 1732 nam
917 1667 1035 1732 etsi
1083 1671 1297 1732 motus
1354 1667 1601 1732 dicatur
1642 1666 1911 1731 variatio
1960 1671 2258 1749 respectu

711 1774 963 1858 quietis,
991 1777 1208 1839 motus
1222 1777 1440 1838 tamen
1463 1773 1656 1857 primi
1681 1774 1937 1839 mobilis
1962 1777 2259 1857 respectu

709 1882 986 1947 aliorum
1014 1886 1110 1946 est
1129 1881 1495 1947 uniformis.

790 1993 852 2053 3.
880 1988 982 2053 Ad
1008 1987 1170 2054 illud
1204 1987 1376 2070 quod
1419 1987 1742 2068 objicitur,
1782 1988 1956 2072 quod
1981 1987 2295 2070 aequali-3

710 2100 808 2162 ter
835 2095 1071 2175 influit,
1110 2112 1263 2159 cum
1289 2100 1589 2160 movetur
1615 2098 1678 2159 et
1705 2095 2007 2177 quiescit,
2037 2095 2254 2159 dicen-

709 2204 868 2269 dum
906 2201 1082 2285 quod
1107 2202 1342 2266 falsum
1381 2206 1476 2267 est
1506 2224 1522 2267 ε
1554 2202 1609 2266 si
1654 2202 1831 2266 enim
1876 2203 2253 2285 quiesceret,

708 2328 846 2375 non
862 2313 1152 2376 moveret
1166 2309 1352 2374 orbes
1367 2308 1699 2374 inferiores
1717 2327 1834 2374 suo
1850 2314 2059 2389 motu;
2084 2328 2260 2374 nunc

709 2422 927 2483 autem
945 2465 963 2497 ,
1012 2435 1164 2481 cum
1203 2419 1502 2482 movetur
1518 2464 1537 2495 ,
1583 2415 1686 2483 vis
1711 2417 1955 2483 motiva
1997 2418 2080 2482 ab
2119 2417 2259 2501 ipso

709 2526 1031 2592 descendit
1049 2526 1122 2590 in
1147 2543 1414 2608 corpora
1443 2525 1764 2591 inferiora.

788 2639 852 2700 4.
896 2634 998 2700 Ad
1038 2633 1200 2698 illud
1244 2633 1418 2716 quod
1460 2634 1780 2715 objicitur,
1823 2635 1995 2716 quod
2041 2640 2260 2701 motus

709 2744 855 2825 ejus
880 2741 1066 2807 debet
1113 2759 1247 2805 esse
1273 2740 1680 2822 notissimus,
1719 2760 1870 2806 cum
1905 2743 1988 2807 sit
2028 2743 2263 2826 regula

710 2850 987 2914 aliorum
1015 2851 1335 2927 motuum,
1358 2847 1698 2916 dicendum
1723 2850 1897 2932 quod
1915 2868 2046 2915 non
2076 2870 2261 2935 opor·

711 2961 802 3023 tet
826 2975 964 3022 esse
990 2959 1222 3021 notum
1239 2957 1459 3021 sensui
1477 2956 1548 3020 in
1573 2975 1640 3021 se
1658 2976 1674 3038 ;
1698 2957 1811 3022 sed
1828 2958 2061 3022 sufficit
2087 2959 2260 3041 quod

712 3063 1078 3143 notificetur
1119 3064 1193 3127 in
1235 3062 1468 3129 effectu
1496 3082 1649 3143 suo;
1682 3065 1846 3131 sicut
1880 3065 2078 3131 etiam
2128 3084 2263 3132 non

712 3171 1100 3255 percipimus
1125 3171 1591 3237 revolutionem
1617 3177 1862 3240 octavae
1879 3173 2154 3255 sphaerae
2179 3174 2265 3238 ab

715 3280 1039 3347 occidente
1089 3280 1160 3343 in
1203 3280 1516 3345 orientem
1557 3281 1888 3346 manifeste
1905 3329 1923 3359 ‚
1979 3282 2104 3346 nisi
2150 3300 2266 3365 per

719 3384 919 3450 solem
950 3387 1016 3448 et
1054 3383 1183 3448 alia
1208 3383 1551 3449 luminaria
1581 3402 1601 3446 ε
1627 3401 1743 3462 per
1780 3383 1958 3448 hunc
1998 3385 2266 3450 modum

718 3491 1126 3558 uniformitas
1160 3495 1478 3575 quantum
1503 3491 1584 3557 ad
1628 3489 1909 3573 spatium
1954 3491 2267 3557 horarum

720 3598 906 3667 nobis
936 3604 1187 3664 motum
1214 3598 1358 3663 coeli
1385 3598 1730 3662 uniformis
1764 3615 2059 3681 expresse
2095 3599 2267 3663 indi-

722 3709 860 3787 cat;
890 3706 1059 3771 hanc
1082 3710 1298 3771 tamen
1324 3705 1717 3790 percipimus
1754 3724 1868 3788 per
1893 3707 2268 3775 varietatem

724 3812 851 3881 diei
873 3818 937 3879 et
959 3813 1186 3879 noctiS.

807 3921 908 3986 Ad
949 3921 1059 3987 illa
1095 3939 1251 3987 vero
1272 3970 1292 4001 ,
1308 3938 1479 4004 quae
1520 3921 1751 3987 ultimo
1785 3921 2268 4006 quaerebantur,

720 4030 862 4112 jam
885 4032 1059 4112 patet
1083 4028 1316 4095 solutio
1338 4047 1421 4096 ex
1448 4029 1790 4112 praedietis.

1188 4269 1672 4340 ARTICULUS
1716 4271 1803 4340 Π.

816 4457 1287 4542 consequenter
1309 4461 1624 4543 quaeritur
1654 4460 1733 4525 de
1759 4460 1914 4543 ipsis
1939 4459 2279 4526 luminari-

740 4567 861 4631 bus
892 4567 963 4631 in
1005 4567 1475 4651 comparatione
1502 4568 1583 4633 ad
1625 4586 1703 4633 ea
1722 4616 1741 4647 ,
1766 4568 1840 4634 in
1864 4586 2013 4651 quae
2040 4574 2246 4651 agunt
2256 4594 2275 4651 ;

740 4679 805 4740 et
827 4675 993 4738 circa
1009 4674 1132 4739 boc
1151 4680 1534 4757 quaeruntur
1555 4677 1676 4740 tria
1703 4699 1717 4741 ε
1740 4676 1942 4759 primo
1965 4680 2281 4761 quaeritur

742 4785 967 4849 utrum
992 4782 1065 4846 in
1085 4782 1512 4848 luminaribus
1546 4784 1817 4849 diversis
1842 4785 1926 4849 sit
1950 4786 2283 4854 diversitas

743 4889 1235 4973 perfectionum3
1267 4890 1546 4955 secundo
1573 4889 1884 4972 quaeritur
1921 4896 2146 4959 utrum
2170 4895 2285 4961 ha-

743 4995 938 5060 beant
996 4996 1428 5061 diversitatem
1490 4996 1984 5079 impressionum
2009 5023 2026 5080 ;
2098 5006 2286 5070 tertio

747 5103 1066 5185 quaeritur
1097 5107 1323 5168 utrum
1367 5122 1451 5168 ex
1489 5122 1717 5169 eorum
1759 5105 2289 5191 impressionibus

749 5215 1046 5279 causetur
1072 5211 1404 5277 diversitas
1427 5216 1698 5279 motum.

819 5372 836 5404 ¹
862 5372 942 5432 Cf.
971 5375 1027 5423 S.
1049 5373 1254 5434 Thom„
1281 5387 1332 5436 p.
1358 5374 1376 5423 Ι
1393 5410 1411 5437 ,
1440 5387 1490 5438 q.
1512 5386 1629 5439 cxv,
1655 5378 1750 5426 art.
1772 5379 1800 5427 3
1812 5390 1830 5441 3
1861 5378 2024 5445 Scot.,
2054 5380 2098 5429 ΙΙ
2129 5381 2290 5449 Seni„

755 5440 872 5497 dist.
894 5456 1003 5507 xiv,
1031 5460 1084 5509 q.
1101 5458 1165 5497 ιιι
1179 5461 1197 5508 5
1222 5446 1394 5509 AEgid.
1421 5448 1651 5512 Rom.,11
1673 5449 1833 5510 Seni„
1859 5450 1975 5503 dist.
1996 5463 2107 5517 xlv,
2135 5466 2188 5518 q.
2209 5464 2293 5519 111,

1860 441 2480 526 sssN'rENmRnM
2515 458 2664 526 ue.
2706 449 2787 527 11.

2906 683 3264 763 QUAESTIO
3308 685 3360 751 l.

2431 863 2526 919 An
2578 864 2641 918 in
2697 862 3060 919 luminaribus
3127 862 3352 918 diversis
3402 864 3479 919 sit
3539 861 3830 918 diversitas

2895 954 3288 1025 perfectionum
3316 953 3356 1007 ¹.

2443 1132 2669 1198 Utrum
2728 1133 3076 1198 luminaria
3130 1134 3560 1199 diversitatem
3626 1133 3902 1198 habeant
3924 1152 4106 1197 mm.

2361 1241 2853 1323 perfectionum;
2903 1246 2964 1305 et
3014 1242 3186 1324 quod
3240 1242 3364 1321 sic,
3399 1242 3674 1306 videtur.
3730 1241 3903 1305 Sicut

2361 1348 2504 1413 vult
2530 1348 2950 1431 Philosophus
2976 1350 3021 1427 ¹,
3052 1348 3164 1414 Sol
3189 1367 3323 1412 non
3347 1352 3442 1412 est
3471 1367 3711 1413 nomen
3744 1349 3901 1413 indi—

2362 1455 2565 1534 vidui,
2600 1455 2711 1519 sed
2733 1454 2961 1537 speciei
2985 1476 3002 1532 ;
3034 1454 3325 1519 similiter
3348 1458 3412 1519 et
3433 1456 3625 1520 Luna
3663 1459 3904 1520 constat

2362 1566 2602 1640 autem,
2624 1563 2796 1645 quod
2811 1561 2925 1629 Sol
2941 1565 3006 1627 et
3015 1564 3205 1627 Luna
3218 1564 3373 1626 sunt
3385 1562 3683 1646 imposita
3700 1561 3905 1627 diver·

2362 1669 2450 1733 sis
2493 1691 2508 1734 ε
2551 1687 2710 1751 ergo
2760 1688 2838 1734 ea
2876 1672 3030 1734 sunt
3064 1668 3313 1734 diversa
3356 1670 3718 1734 secundum
3762 1686 3906 1751 spe-

2361 1777 2548 1842 ciem.

2443 1882 2604 1947 Item
2628 1899 2763 1947 non
2792 1885 2999 1965 potest
3032 1900 3168 1946 esse
3207 1881 3333 1945 nisi
3371 1898 3540 1945 unus
3586 1880 3718 1960 sol,
3746 1880 3909 1944 sicut

2360 1990 2511 2056 dicit
2554 1990 2998 2074 PhilosophuS,
3031 1991 3185 2074 quia
3212 1990 3319 2055 Sol
3354 1993 3448 2054 est
3496 2009 3578 2055 ex
3622 1993 3758 2054 tota
3792 2009 3908 2054 sua

2363 2098 2631 2163 materia
2657 2121 2671 2163 :
2702 2098 2812 2162 sed
2842 2098 2897 2162 si
2925 2097 3033 2162 Sol
3048 2098 3130 2161 ab
3161 2097 3303 2162 aliis
3319 2097 3752 2161 luminaribus
3778 2114 3907 2161 non

2363 2205 2643 2270 differret
2669 2205 2797 2268 nisi
2821 2205 2956 2269 solo
2978 2221 3274 2283 numer0,
3308 2222 3442 2268 non
3471 2206 3633 2268 esset
3669 2221 3756 2267 ex
3782 2208 3909 2267 tota

2364 2312 2628 2378 materia
2653 2331 2771 2377 sua
2801 2334 2816 2377 :
2848 2330 3006 2392 ergo
3028 2312 3240 2376 differt
3260 2312 3537 2394 amplius
3565 2329 3765 2394 quam
3794 2329 3907 2375 nu-

2365 2439 2544 2486 mero
2575 2440 2592 2483 z
2624 2438 2783 2502 ergo
2806 2418 3018 2483 diflert
3039 2419 3269 2501 specie.

2446 2527 2603 2593 Item
2630 2546 2862 2609 corpus
2900 2526 3071 2609 quod
3100 2529 3195 2589 est
3218 2523 3596 2589 naturaliter
3620 2524 3905 2588 lumino-

2364 2654 2533 2716 sum,
2563 2638 2628 2701 et
2649 2653 2879 2718 corpus
2895 2633 3068 2715 quod
3097 2651 3178 2697 ex
3212 2650 3279 2695 se
3306 2636 3401 2697 est
3433 2649 3733 2712 opacum,
3762 2634 3908 2695 sunt

2367 2742 2629 2809 alterius
2671 2747 2734 2806 et
2776 2742 3041 2805 alterius
3080 2745 3329 2803 naturae
3372 2738 3730 2803 secundum
3765 2756 3908 2821 spe-

2366 2852 2530 2916 ciem
2561 2871 2577 2918 ε
2613 2849 2723 2914 sed
2750 2867 2979 2931 corpus
2998 2845 3161 2911 Solis
3187 2846 3265 2911 de
3291 2864 3409 2910 sua
3434 2850 3666 2910 natura
3694 2850 3790 2910 est
3813 2846 3903 2910 lu-

2368 2957 2732 3036 minosum;
2779 2954 2962 3020 Luna
3006 2971 3183 3032 vero,
3216 2956 3530 3034 quantum
3577 2956 3673 3016 aet
3711 2951 3789 3016 de
3819 2970 3907 3029 se,

2367 3083 2639 3149 opacum
2666 3081 2897 3147 corpus
2922 3065 3019 3128 est
3038 3109 3055 3142 ‚
3103 3059 3275 3144 quod
3303 3062 3479 3143 patet
3518 3059 3591 3124 in
3632 3059 3905 3143 eclipsa-

2368 3173 2543 3238 tione
2566 3171 2729 3237 Solis
2742 3191 2823 3235 ex
2848 3169 3325 3252 interpositione
3342 3166 3546 3232 Lunae
3576 3188 3592 3232 ε
3620 3185 3779 3247 ergo
3808 3166 3912 3231 Sol

2370 3286 2434 3345 et
2458 3280 2640 3344 Luna
2658 3278 2964 3344 differunt
2987 3275 3195 3359 specie
3225 3297 3239 3339 :
3274 3274 3414 3358 pari
3439 3273 3686 3338 ratione
3715 3277 3781 3338 et
3803 3272 3912 3338 alii

2371 3388 2666 3471 planetae.

2453 3494 2611 3560 Item
2647 3499 2818 3560 terra
2862 3496 3090 3557 ornata
3127 3494 3224 3556 est
3262 3489 3531 3555 diversis
3575 3489 3910 3572 lapidibus,

2373 3607 2438 3670 et
2452 3604 2703 3688 plantiS,
2727 3606 2790 3666 et
2807 3601 3210 3677 animalibus,
3231 3598 3588 3663 secundum
3602 3598 3910 3680 speciem:

2375 3729 2532 3794 ergo
2558 3711 2699 3794 pari
2719 3710 2968 3774 ratione
2988 3710 3242 3773 videtur
3267 3706 3440 3790 quod
3463 3706 3697 3770 coelum
3718 3705 3801 3770 sit
3818 3722 3913 3770 or-

2376 3823 2602 3904 natum
2626 3819 2892 3883 diversis
2913 3816 3362 3895 luminaribus,
3386 3813 3742 3879 secundum
3772 3832 3916 3897 spe-

2378 3927 2542 3991 ciem
2564 3925 3025 3991 differentibus.

2461 4030 2586 4098 Sed
2626 4036 2847 4097 contra
2868 4031 2890 4067 ³
2922 4053 2936 4096 :
2980 4036 3041 4094 1.
3072 4028 3372 4111 Corporis
3414 4026 3719 4110 simplicis
3738 4075 3756 4107 ‚
3787 4044 3918 4090 non
3942 4027 4005 4071 Ad
4030 4035 4113 4078 ον’·

2380 4140 2674 4205 habentis
2695 4139 3155 4203 admixtionem
3171 4136 3435 4201 alterius
3452 4136 3755 4218 corporis,
3778 4153 3918 4218 par-

2385 4252 2479 4312 tes
2492 4250 2645 4313 sunt
2661 4248 3102 4329 homogeneae,
3125 4250 3189 4310 et
3206 4245 3288 4321 ad
3304 4247 3536 4324 totum,
3551 4248 3615 4308 et
3634 4243 3804 4309 inter
3815 4262 3912 4308 se:

2385 4358 2495 4423 sed
2503 4357 2758 4436 coelum,
2782 4357 2946 4421 sicut
2961 4355 3189 4439 probat
3203 4352 3652 4435 Philosophus,
3676 4357 3774 4417 est
3790 4370 3923 4417 cor-

2385 4482 2509 4547 pus
2531 4464 2804 4546 simplex
2828 4481 2961 4528 non
2991 4465 3295 4541 mixtum,
3328 4465 3392 4524 et
3411 4459 3702 4524 similiter
3727 4461 3923 4525 lumi-

2387 4573 2570 4637 naria
2598 4590 2616 4634 ι
2643 4590 2803 4653 ergo
2844 4589 2980 4636 non
3017 4571 3254 4635 habent
3290 4570 3528 4634 formas
3571 4570 3925 4635 secundum

2356 4678 2664 4762 ,speciem
2691 4678 2996 4743 diversas.

2470 4792 2531 4851 2.
2558 4787 2718 4852 ltem
2760 4786 3109 4852 luminaria
3146 4789 3298 4851 sunt
3338 4804 3421 4852 ex
3464 4786 3926 4869 aggregatione

2394 5024 2490 5074 art.
2514 5025 2543 5071 2
2557 5036 2575 5085 ς
2605 5021 2864 5086 Βίοὴετᾶ.,
2892 5020 2933 5071 11
2951 5022 3108 5081 Seni„
3137 5020 3255 5071 dist.
3283 5032 3394 5084 xiv,
3422 5024 3519 5071 art.
3544 5023 3593 5084 5,
3622 5035 3673 5085 q.
3706 5033 3769 5073 111
3789 5037 3806 5085 ;
3836 5023 3931 5073 Du·

2393 5094 2603 5157 tandm,
2635 5095 2681 5144 ll
2705 5096 2863 5156 Sent„
2889 5093 3007 5145 dist.
3028 5105 3135 5157 Ην,
3165 5108 3215 5159 q.
3241 5106 3293 5157 13
3322 5094 3501 5145 Thom.
3527 5097 3673 5158 Arg„
3706 5095 3745 5142 u
3773 5095 3929 5155 Seni„

2397 5166 2513 5216 dist.
2533 5177 2641 5227 xm,
2667 5180 2716 5230 q.
2738 5179 2776 5228 1,
2797 5170 2893 5216 art.
2914 5168 2941 5216 4
2953 5182 2970 5229 ;
3000 5166 3176 5230 Steph.
3202 5165 3410 5227 Erotes„
3432 5167 3471 5215 ΙΙ
3501 5167 3662 5225 86πί.,
3684 5165 3801 5216 dist.
3825 5176 3928 5229 xm,

2397 5252 2448 5301 q.
2473 5248 2542 5288 w.
2560 5264 2626 5275 —-
2645 5240 2861 5302 ²Arist„
2887 5236 3162 5303 Memphys.
3191 5236 3280 5287 lib.
3306 5237 3394 5289 vu
3413 5273 3431 5300 ,
3460 5241 3601 5288 cont.
3624 5239 3681 5286 15
3696 5253 3714 5301 ς
3744 5238 3929 5288 Poster-

2398 5309 2487 5360 lib.
2519 5310 2573 5372 1,
2603 5312 2813 5373 art.12;
2852 5309 2914 5360 de
2944 5310 3103 5371 Coelo,
3145 5310 3235 5360 lib.
3266 5310 3343 5372 ll,
3372 5321 3505 5358 sum.
3530 5310 3577 5359 3.
3603 5334 3665 5347 -
3688 5308 3710 5345 ³
3732 5312 3930 5373 Averr„

2400 5381 2646 5445 Paraplar.
2670 5384 2723 5431 in
2746 5384 2761 5431 l
2784 5383 2844 5432 de
2867 5382 2997 5432 Coelo
3014 5385 3063 5430 et
3082 5381 3286 5442 Mundo,
3306 5383 3444 5429 cont.
3466 5383 3527 5445 63
3556 5382 3610 5429 in
3633 5382 3671 5430 ll
3698 5380 3759 5430 de
3782 5378 3926 5440 Coelo,

2398 5455 2638 5504 cont.4¹.
