<?xml version="1.0" encoding="UTF-8"?>
<!DOCTYPE html PUBLIC "-//W3C//DTD XHTML 1.0 Transitional//EN"
    "http://www.w3.org/TR/xhtml1/DTD/xhtml1-transitional.dtd">
<html xmlns="http://www.w3.org/1999/xhtml" xml:lang="en" lang="en">
 <head>
  <title>
</title>
<meta http-equiv="Content-Type" content="text/html;charset=utf-8" />
  <meta name='ocr-system' content='tesseract 3.04.00' />
  <meta name='ocr-capabilities' content='ocr_page ocr_carea ocr_par ocr_line ocrx_word'/>
</head>
<body>
  <div class='ocr_page' id='page_1' title='image "./srecardinalissb01peltgoog_0621.png"; bbox 0 0 4125 6225; ppageno 0'>
   <div class='ocr_carea' id='block_1_1' title="bbox 1402 361 2610 443">
    <p class='ocr_par' dir='ltr' id='par_1_1' title="bbox 1402 361 2610 443">
     <span class='ocr_line' id='line_1_1' title="bbox 1402 361 2610 443; baseline 0.004 -16"><span class='ocrx_word' id='word_1_1' title='bbox 1402 361 1600 429; x_wconf 88' lang='lat' dir='ltr'>DIST.</span> <span class='ocrx_word' id='word_1_2' title='bbox 1644 361 1808 428; x_wconf 83' lang='lat' dir='ltr'>XIII.</span> <span class='ocrx_word' id='word_1_3' title='bbox 1852 362 2036 430; x_wconf 87' lang='lat' dir='ltr'><strong>ART.</strong></span> <span class='ocrx_word' id='word_1_4' title='bbox 2084 363 2134 429; x_wconf 92' lang='grc' dir='ltr'><strong>Ι.</strong></span> <span class='ocrx_word' id='word_1_5' title='bbox 2181 364 2481 443; x_wconf 81' lang='lat' dir='ltr'><strong>QUAEST.</strong></span> <span class='ocrx_word' id='word_1_6' title='bbox 2530 367 2610 432; x_wconf 87' lang='lat'><strong>11.</strong></span> 
     </span>
    </p>
   </div>
   <div class='ocr_carea' id='block_1_2' title="bbox 365 496 1919 1660">
    <p class='ocr_par' dir='ltr' id='par_1_2' title="bbox 372 496 1914 690">
     <span class='ocr_line' id='line_1_2' title="bbox 372 496 1914 580; baseline 0.003 -20"><span class='ocrx_word' id='word_1_7' title='bbox 372 496 490 562; x_wconf 82' lang='lat' dir='ltr'><strong>lux</strong></span> <span class='ocrx_word' id='word_1_8' title='bbox 511 515 645 563; x_wconf 91' lang='lat' dir='ltr'><strong>non</strong></span> <span class='ocrx_word' id='word_1_9' title='bbox 669 499 1041 563; x_wconf 87' lang='lat' dir='ltr'><strong>moveretur</strong></span> <span class='ocrx_word' id='word_1_10' title='bbox 1066 519 1083 563; x_wconf 71' lang='grc' dir='ltr'>ε</span> <span class='ocrx_word' id='word_1_11' title='bbox 1113 515 1270 580; x_wconf 81' lang='lat' dir='ltr'><strong>ergo</strong></span> <span class='ocrx_word' id='word_1_12' title='bbox 1296 514 1429 563; x_wconf 91' lang='lat' dir='ltr'><strong>non</strong></span> <span class='ocrx_word' id='word_1_13' title='bbox 1457 497 1724 563; x_wconf 79' lang='lat' dir='ltr'><strong>faciebat</strong></span> <span class='ocrx_word' id='word_1_14' title='bbox 1744 498 1914 564; x_wconf 91' lang='lat' dir='ltr'><strong>diem</strong></span> 
     </span>
     <span class='ocr_line' id='line_1_3' title="bbox 377 608 1376 690; baseline 0.003 -21"><span class='ocrx_word' id='word_1_15' title='bbox 377 609 440 669; x_wconf 91' lang='lat' dir='ltr'><strong>et</strong></span> <span class='ocrx_word' id='word_1_16' title='bbox 467 608 722 670; x_wconf 88' lang='lat' dir='ltr'><strong>noctem</strong></span> <span class='ocrx_word' id='word_1_17' title='bbox 745 625 860 690; x_wconf 92' lang='lat' dir='ltr'><strong>per</strong></span> <span class='ocrx_word' id='word_1_18' title='bbox 882 625 1077 672; x_wconf 87' lang='lat' dir='ltr'><strong>suum</strong></span> <span class='ocrx_word' id='word_1_19' title='bbox 1103 611 1376 672; x_wconf 88' lang='lat' dir='ltr'><strong>motum.</strong></span> 
     </span>
    </p>

    <p class='ocr_par' dir='ltr' id='par_1_3' title="bbox 367 712 1919 1230">
     <span class='ocr_line' id='line_1_4' title="bbox 449 712 1919 799; baseline 0.002 -22"><span class='ocrx_word' id='word_1_20' title='bbox 449 717 507 777; x_wconf 88' lang='grc'><strong>3.</strong></span> <span class='ocrx_word' id='word_1_21' title='bbox 545 712 705 779; x_wconf 91' lang='lat' dir='ltr'><strong>Item</strong></span> <span class='ocrx_word' id='word_1_22' title='bbox 738 716 1005 781; x_wconf 89' lang='lat' dir='ltr'><strong>materia</strong></span> <span class='ocrx_word' id='word_1_23' title='bbox 1054 716 1164 781; x_wconf 88' lang='lat' dir='ltr'><strong>illa</strong></span> <span class='ocrx_word' id='word_1_24' title='bbox 1209 734 1292 780; x_wconf 84' lang='lat' dir='ltr'><strong>ex</strong></span> <span class='ocrx_word' id='word_1_25' title='bbox 1338 715 1516 779; x_wconf 89' lang='lat' dir='ltr'><strong>omni</strong></span> <span class='ocrx_word' id='word_1_26' title='bbox 1561 719 1740 799; x_wconf 82' lang='lat' dir='ltr'><strong>parte</strong></span> <span class='ocrx_word' id='word_1_27' title='bbox 1781 719 1919 780; x_wconf 88' lang='lat' dir='ltr'><strong>erat</strong></span> 
     </span>
     <span class='ocr_line' id='line_1_5' title="bbox 369 821 1915 905; baseline 0 -20"><span class='ocrx_word' id='word_1_28' title='bbox 369 838 552 903; x_wconf 80' lang='lat' dir='ltr'><strong>aeque</strong></span> <span class='ocrx_word' id='word_1_29' title='bbox 565 821 1005 887; x_wconf 89' lang='lat' dir='ltr'><strong>illuminabilis</strong></span> <span class='ocrx_word' id='word_1_30' title='bbox 1024 846 1040 887; x_wconf 89' lang='lat'>:</span> <span class='ocrx_word' id='word_1_31' title='bbox 1057 841 1237 905; x_wconf 82' lang='lat' dir='ltr'><strong>ergo,</strong></span> <span class='ocrx_word' id='word_1_32' title='bbox 1260 823 1314 887; x_wconf 90' lang='lat' dir='ltr'><strong>si</strong></span> <span class='ocrx_word' id='word_1_33' title='bbox 1337 822 1454 887; x_wconf 81' lang='lat' dir='ltr'><strong>lux</strong></span> <span class='ocrx_word' id='word_1_34' title='bbox 1472 822 1604 899; x_wconf 88' lang='lat' dir='ltr'><strong>illa,</strong></span> <span class='ocrx_word' id='word_1_35' title='bbox 1623 822 1915 887; x_wconf 90' lang='lat' dir='ltr'><strong>ubicum-</strong></span> 
     </span>
     <span class='ocr_line' id='line_1_6' title="bbox 367 930 1912 1014; baseline 0.002 -22"><span class='ocrx_word' id='word_1_36' title='bbox 367 946 494 1011; x_wconf 84' lang='lat' dir='ltr'><strong>que</strong></span> <span class='ocrx_word' id='word_1_37' title='bbox 530 934 729 1010; x_wconf 87' lang='lat' dir='ltr'><strong>esset,</strong></span> <span class='ocrx_word' id='word_1_38' title='bbox 768 930 1209 1008; x_wconf 85' lang='lat' dir='ltr'><strong>illuminabat;</strong></span> <span class='ocrx_word' id='word_1_39' title='bbox 1244 949 1655 1014; x_wconf 86' lang='lat' dir='ltr'><strong>quocumque</strong></span> <span class='ocrx_word' id='word_1_40' title='bbox 1691 949 1912 995; x_wconf 89' lang='lat' dir='ltr'><strong>move-</strong></span> 
     </span>
     <span class='ocr_line' id='line_1_7' title="bbox 367 1037 1914 1121; baseline 0.003 -22"><span class='ocrx_word' id='word_1_41' title='bbox 367 1039 546 1101; x_wconf 81' lang='lat' dir='ltr'><strong>retur</strong></span> <span class='ocrx_word' id='word_1_42' title='bbox 566 1085 584 1116; x_wconf 96' lang='lat'><strong>,</strong></span> <span class='ocrx_word' id='word_1_43' title='bbox 632 1037 801 1101; x_wconf 91' lang='lat' dir='ltr'><strong>diem</strong></span> <span class='ocrx_word' id='word_1_44' title='bbox 841 1038 1139 1103; x_wconf 81' lang='lat' dir='ltr'>continue</span> <span class='ocrx_word' id='word_1_45' title='bbox 1179 1038 1445 1104; x_wconf 80' lang='lat' dir='ltr'><strong>faciebat</strong></span> <span class='ocrx_word' id='word_1_46' title='bbox 1480 1061 1495 1103; x_wconf 89' lang='lat'>:</span> <span class='ocrx_word' id='word_1_47' title='bbox 1544 1056 1702 1121; x_wconf 83' lang='lat' dir='ltr'><strong>ergo</strong></span> <span class='ocrx_word' id='word_1_48' title='bbox 1734 1058 1914 1103; x_wconf 90' lang='lat' dir='ltr'><strong>nun-</strong></span> 
     </span>
     <span class='ocr_line' id='line_1_8' title="bbox 367 1144 1471 1230; baseline 0.002 -22"><span class='ocrx_word' id='word_1_49' title='bbox 367 1163 564 1228; x_wconf 83' lang='lat' dir='ltr'><strong>quam</strong></span> <span class='ocrx_word' id='word_1_50' title='bbox 591 1144 855 1210; x_wconf 80' lang='lat' dir='ltr'><strong>faciebat</strong></span> <span class='ocrx_word' id='word_1_51' title='bbox 882 1163 1071 1211; x_wconf 90' lang='lat' dir='ltr'><strong>mane</strong></span> <span class='ocrx_word' id='word_1_52' title='bbox 1097 1151 1160 1211; x_wconf 93' lang='lat' dir='ltr'><strong>et</strong></span> <span class='ocrx_word' id='word_1_53' title='bbox 1184 1165 1471 1230; x_wconf 88' lang='lat' dir='ltr'><strong>vespere.</strong></span> 
     </span>
    </p>

    <p class='ocr_par' dir='ltr' id='par_1_4' title="bbox 365 1250 1914 1660">
     <span class='ocr_line' id='line_1_9' title="bbox 445 1250 1913 1337; baseline 0.003 -22"><span class='ocrx_word' id='word_1_54' title='bbox 445 1256 507 1315; x_wconf 76' lang='lat'><strong>4.</strong></span> <span class='ocrx_word' id='word_1_55' title='bbox 533 1250 711 1333; x_wconf 83' lang='lat' dir='ltr'>Item,</span> <span class='ocrx_word' id='word_1_56' title='bbox 743 1254 797 1317; x_wconf 92' lang='lat' dir='ltr'><strong>si</strong></span> <span class='ocrx_word' id='word_1_57' title='bbox 817 1272 931 1337; x_wconf 90' lang='lat' dir='ltr'><strong>per</strong></span> <span class='ocrx_word' id='word_1_58' title='bbox 955 1273 1149 1319; x_wconf 91' lang='lat' dir='ltr'><strong>suum</strong></span> <span class='ocrx_word' id='word_1_59' title='bbox 1180 1259 1425 1319; x_wconf 89' lang='lat' dir='ltr'><strong>motum</strong></span> <span class='ocrx_word' id='word_1_60' title='bbox 1451 1254 1718 1319; x_wconf 79' lang='lat' dir='ltr'><strong>faciebat</strong></span> <span class='ocrx_word' id='word_1_61' title='bbox 1741 1254 1913 1320; x_wconf 90' lang='lat' dir='ltr'><strong>diem</strong></span> 
     </span>
     <span class='ocr_line' id='line_1_10' title="bbox 372 1361 1908 1450; baseline 0.003 -27"><span class='ocrx_word' id='word_1_62' title='bbox 372 1363 435 1423; x_wconf 89' lang='lat' dir='ltr'><strong>et</strong></span> <span class='ocrx_word' id='word_1_63' title='bbox 453 1364 729 1441; x_wconf 86' lang='lat' dir='ltr'><strong>noctem,</strong></span> <span class='ocrx_word' id='word_1_64' title='bbox 757 1380 907 1426; x_wconf 92' lang='lat' dir='ltr'><strong>cum</strong></span> <span class='ocrx_word' id='word_1_65' title='bbox 935 1361 1046 1450; x_wconf 83' lang='lat' dir='ltr'><strong>illa</strong></span> <span class='ocrx_word' id='word_1_66' title='bbox 1065 1362 1181 1426; x_wconf 84' lang='lat' dir='ltr'><strong>lux</strong></span> <span class='ocrx_word' id='word_1_67' title='bbox 1200 1365 1347 1427; x_wconf 87' lang='lat' dir='ltr'><strong>ante</strong></span> <span class='ocrx_word' id='word_1_68' title='bbox 1363 1362 1558 1428; x_wconf 90' lang='lat' dir='ltr'><strong>fuerit</strong></span> <span class='ocrx_word' id='word_1_69' title='bbox 1578 1363 1908 1446; x_wconf 83' lang='lat' dir='ltr'><strong>producta,</strong></span> 
     </span>
     <span class='ocr_line' id='line_1_11' title="bbox 365 1470 1912 1553; baseline 0.003 -23"><span class='ocrx_word' id='word_1_70' title='bbox 365 1486 565 1550; x_wconf 77' lang='lat' dir='ltr'><strong>quam</strong></span> <span class='ocrx_word' id='word_1_71' title='bbox 620 1472 793 1533; x_wconf 90' lang='lat' dir='ltr'><strong>mota</strong></span> <span class='ocrx_word' id='word_1_72' title='bbox 823 1518 841 1549; x_wconf 96' lang='lat'><strong>,</strong></span> <span class='ocrx_word' id='word_1_73' title='bbox 898 1470 1023 1534; x_wconf 83' lang='lat' dir='ltr'><strong>fuit</strong></span> <span class='ocrx_word' id='word_1_74' title='bbox 1064 1470 1373 1553; x_wconf 89' lang='lat' dir='ltr'><strong>producta</strong></span> <span class='ocrx_word' id='word_1_75' title='bbox 1432 1474 1582 1535; x_wconf 88' lang='lat' dir='ltr'><strong>ante</strong></span> <span class='ocrx_word' id='word_1_76' title='bbox 1651 1488 1912 1536; x_wconf 89' lang='lat' dir='ltr'><strong>omnem</strong></span> 
     </span>
     <span class='ocr_line' id='line_1_12' title="bbox 367 1571 1914 1660; baseline 0.003 -23"><span class='ocrx_word' id='word_1_77' title='bbox 367 1571 536 1637; x_wconf 90' lang='lat' dir='ltr'><strong>diem</strong></span> <span class='ocrx_word' id='word_1_78' title='bbox 570 1595 587 1635; x_wconf 74' lang='grc' dir='ltr'><em>τ</em></span> <span class='ocrx_word' id='word_1_79' title='bbox 618 1592 774 1657; x_wconf 83' lang='lat' dir='ltr'><strong>ergo</strong></span> <span class='ocrx_word' id='word_1_80' title='bbox 799 1594 931 1640; x_wconf 89' lang='lat' dir='ltr'><strong>non</strong></span> <span class='ocrx_word' id='word_1_81' title='bbox 955 1581 1096 1641; x_wconf 89' lang='lat' dir='ltr'><strong>erat</strong></span> <span class='ocrx_word' id='word_1_82' title='bbox 1123 1594 1287 1659; x_wconf 91' lang='lat' dir='ltr'><strong>opus</strong></span> <span class='ocrx_word' id='word_1_83' title='bbox 1313 1578 1541 1660; x_wconf 84' lang='lat' dir='ltr'><strong>primae</strong></span> <span class='ocrx_word' id='word_1_84' title='bbox 1567 1576 1714 1642; x_wconf 87' lang='lat' dir='ltr'><strong>diei.</strong></span> <span class='ocrx_word' id='word_1_85' title='bbox 1746 1576 1813 1642; x_wconf 91' lang='lat' dir='ltr'><strong>Si</strong></span> <span class='ocrx_word' id='word_1_86' title='bbox 1841 1583 1914 1642; x_wconf 90' lang='lat' dir='ltr'><strong>tu</strong></span> 
     </span>
    </p>
   </div>
   <div class='ocr_carea' id='block_1_3' title="bbox 309 1680 1915 1768">
    <p class='ocr_par' dir='ltr' id='par_1_5' title="bbox 309 1680 1915 1768">
     <span class='ocr_line' id='line_1_13' title="bbox 309 1680 1915 1768; baseline 0.005 -26"><span class='ocrx_word' id='word_1_87' title='bbox 309 1687 318 1695; x_wconf 76' lang='grc'><strong><em>’</em></strong></span> <span class='ocrx_word' id='word_1_88' title='bbox 365 1680 537 1744; x_wconf 83' lang='grc'>(11665</span> <span class='ocrx_word' id='word_1_89' title='bbox 562 1682 721 1745; x_wconf 87' lang='grc'>161111</span> <span class='ocrx_word' id='word_1_90' title='bbox 750 1684 921 1766; x_wconf 87' lang='lat' dir='ltr'><strong>quod</strong></span> <span class='ocrx_word' id='word_1_91' title='bbox 951 1685 1146 1749; x_wconf 85' lang='lat' dir='ltr'><strong>simul</strong></span> <span class='ocrx_word' id='word_1_92' title='bbox 1163 1685 1354 1768; x_wconf 89' lang='lat' dir='ltr'><strong>coepit</strong></span> <span class='ocrx_word' id='word_1_93' title='bbox 1379 1704 1536 1765; x_wconf 89' lang='lat' dir='ltr'><strong>esse,</strong></span> <span class='ocrx_word' id='word_1_94' title='bbox 1559 1686 1829 1763; x_wconf 88' lang='lat' dir='ltr'><strong>moveri,</strong></span> <span class='ocrx_word' id='word_1_95' title='bbox 1851 1688 1915 1751; x_wconf 89' lang='lat' dir='ltr'><strong>et</strong></span> 
     </span>
    </p>
   </div>
   <div class='ocr_carea' id='block_1_4' title="bbox 110 4400 330 4459">
    <p class='ocr_par' dir='ltr' id='par_1_6' title="bbox 110 4400 330 4459">
     <span class='ocr_line' id='line_1_14' title="bbox 110 4400 330 4459; baseline -0.014 -12"><span class='ocrx_word' id='word_1_96' title='bbox 110 4400 246 4459; x_wconf 77' lang='grc'>06111.</span> <span class='ocrx_word' id='word_1_97' title='bbox 284 4402 330 4445; x_wconf 69' lang='lat' dir='ltr'><strong>t.</strong></span> 
     </span>
    </p>
   </div>
   <div class='ocr_carea' id='block_1_5' title="bbox 361 1786 1916 3164">
    <p class='ocr_par' dir='ltr' id='par_1_7' title="bbox 361 1786 1916 3164">
     <span class='ocr_line' id='line_1_15' title="bbox 366 1786 1913 1874; baseline 0.003 -23"><span class='ocrx_word' id='word_1_98' title='bbox 366 1786 766 1868; x_wconf 83' lang='lat' dir='ltr'><strong>illuminare3</strong></span> <span class='ocrx_word' id='word_1_99' title='bbox 816 1808 1041 1873; x_wconf 85' lang='lat' dir='ltr'><strong>quaero</strong></span> <span class='ocrx_word' id='word_1_100' title='bbox 1077 1792 1188 1856; x_wconf 91' lang='lat' dir='ltr'><strong>ubi</strong></span> <span class='ocrx_word' id='word_1_101' title='bbox 1217 1792 1426 1874; x_wconf 89' lang='lat' dir='ltr'><strong>primo</strong></span> <span class='ocrx_word' id='word_1_102' title='bbox 1474 1792 1730 1874; x_wconf 86' lang='lat' dir='ltr'><strong>incoepit</strong></span> <span class='ocrx_word' id='word_1_103' title='bbox 1765 1811 1913 1857; x_wconf 95' lang='lat' dir='ltr'><strong>mo-</strong></span> 
     </span>
     <span class='ocr_line' id='line_1_16' title="bbox 367 1897 1908 1978; baseline 0.001 -17"><span class='ocrx_word' id='word_1_104' title='bbox 367 1897 538 1961; x_wconf 89' lang='lat' dir='ltr'><strong>veri:</strong></span> <span class='ocrx_word' id='word_1_105' title='bbox 567 1900 685 1961; x_wconf 89' lang='lat' dir='ltr'><strong>aut</strong></span> <span class='ocrx_word' id='word_1_106' title='bbox 699 1897 874 1961; x_wconf 92' lang='lat' dir='ltr'><strong>enim</strong></span> <span class='ocrx_word' id='word_1_107' title='bbox 900 1916 982 1962; x_wconf 83' lang='lat' dir='ltr'><strong>ex</strong></span> <span class='ocrx_word' id='word_1_108' title='bbox 1010 1898 1276 1978; x_wconf 90' lang='lat' dir='ltr'><strong>oriente,</strong></span> <span class='ocrx_word' id='word_1_109' title='bbox 1307 1901 1423 1962; x_wconf 89' lang='lat' dir='ltr'><strong>aut</strong></span> <span class='ocrx_word' id='word_1_110' title='bbox 1457 1917 1539 1964; x_wconf 85' lang='lat' dir='ltr'><strong>ex</strong></span> <span class='ocrx_word' id='word_1_111' title='bbox 1564 1899 1908 1978; x_wconf 89' lang='lat' dir='ltr'><strong>occidente,</strong></span> 
     </span>
     <span class='ocr_line' id='line_1_17' title="bbox 367 1991 1916 2096; baseline 0.003 -29"><span class='ocrx_word' id='word_1_112' title='bbox 367 2006 479 2067; x_wconf 89' lang='lat' dir='ltr'><strong>aut</strong></span> <span class='ocrx_word' id='word_1_113' title='bbox 504 2021 586 2067; x_wconf 85' lang='lat' dir='ltr'><strong>ex</strong></span> <span class='ocrx_word' id='word_1_114' title='bbox 611 2003 829 2085; x_wconf 84' lang='lat' dir='ltr'><strong>aliqua</strong></span> <span class='ocrx_word' id='word_1_115' title='bbox 854 2003 980 2068; x_wconf 89' lang='lat' dir='ltr'><strong>alia</strong></span> <span class='ocrx_word' id='word_1_116' title='bbox 1015 1991 1383 2087; x_wconf 80' lang='lat' dir='ltr'><strong>parte&#39;coeli.</strong></span> <span class='ocrx_word' id='word_1_117' title='bbox 1418 2003 1487 2069; x_wconf 91' lang='lat' dir='ltr'><strong>Si</strong></span> <span class='ocrx_word' id='word_1_118' title='bbox 1532 2023 1615 2069; x_wconf 84' lang='lat' dir='ltr'><strong>ex</strong></span> <span class='ocrx_word' id='word_1_119' title='bbox 1641 2006 1916 2096; x_wconf 65' lang='lat' dir='ltr'><strong>oriente,</strong></span> 
     </span>
     <span class='ocr_line' id='line_1_18' title="bbox 365 2111 1913 2194; baseline 0.003 -20"><span class='ocrx_word' id='word_1_120' title='bbox 365 2128 524 2191; x_wconf 83' lang='lat' dir='ltr'><strong>ergo</strong></span> <span class='ocrx_word' id='word_1_121' title='bbox 550 2111 804 2176; x_wconf 90' lang='lat' dir='ltr'><strong>videtur</strong></span> <span class='ocrx_word' id='word_1_122' title='bbox 846 2112 1017 2194; x_wconf 88' lang='lat' dir='ltr'><strong>quod</strong></span> <span class='ocrx_word' id='word_1_123' title='bbox 1066 2111 1276 2194; x_wconf 89' lang='lat' dir='ltr'><strong>primo</strong></span> <span class='ocrx_word' id='word_1_124' title='bbox 1318 2112 1538 2177; x_wconf 90' lang='lat' dir='ltr'><strong>fecerit</strong></span> <span class='ocrx_word' id='word_1_125' title='bbox 1579 2131 1769 2178; x_wconf 89' lang='lat' dir='ltr'><strong>mane</strong></span> <span class='ocrx_word' id='word_1_126' title='bbox 1791 2163 1809 2192; x_wconf 91' lang='lat'>‚</span> <span class='ocrx_word' id='word_1_127' title='bbox 1849 2118 1913 2179; x_wconf 88' lang='lat' dir='ltr'><strong>et</strong></span> 
     </span>
     <span class='ocr_line' id='line_1_19' title="bbox 366 2220 1911 2305; baseline 0.004 -24"><span class='ocrx_word' id='word_1_128' title='bbox 366 2221 584 2301; x_wconf 85' lang='lat' dir='ltr'><strong>postea</strong></span> <span class='ocrx_word' id='word_1_129' title='bbox 607 2237 962 2302; x_wconf 80' lang='lat' dir='ltr'><strong>vesperam,</strong></span> <span class='ocrx_word' id='word_1_130' title='bbox 997 2223 1060 2283; x_wconf 89' lang='lat' dir='ltr'><strong>et</strong></span> <span class='ocrx_word' id='word_1_131' title='bbox 1085 2220 1208 2285; x_wconf 91' lang='lat' dir='ltr'><strong>hoc</strong></span> <span class='ocrx_word' id='word_1_132' title='bbox 1237 2224 1335 2285; x_wconf 88' lang='lat' dir='ltr'><strong>est</strong></span> <span class='ocrx_word' id='word_1_133' title='bbox 1369 2224 1589 2285; x_wconf 88' lang='lat' dir='ltr'><strong>contra</strong></span> <span class='ocrx_word' id='word_1_134' title='bbox 1625 2220 1911 2305; x_wconf 89' lang='lat' dir='ltr'><strong>Scriptu-</strong></span> 
     </span>
     <span class='ocr_line' id='line_1_20' title="bbox 366 2326 1906 2410; baseline 0.004 -21"><span class='ocrx_word' id='word_1_135' title='bbox 366 2343 507 2390; x_wconf 90' lang='lat' dir='ltr'><strong>ram</strong></span> <span class='ocrx_word' id='word_1_136' title='bbox 522 2344 670 2409; x_wconf 84' lang='lat' dir='ltr'><strong>quae</strong></span> <span class='ocrx_word' id='word_1_137' title='bbox 685 2326 837 2390; x_wconf 91' lang='lat' dir='ltr'><strong>dicit</strong></span> <span class='ocrx_word' id='word_1_138' title='bbox 856 2328 874 2363; x_wconf 85' lang='lat'>¹</span> <span class='ocrx_word' id='word_1_139' title='bbox 903 2346 922 2390; x_wconf 78' lang='lat' dir='ltr'><strong>t</strong></span> <span class='ocrx_word' id='word_1_140' title='bbox 943 2329 1212 2394; x_wconf 79' lang='lat' dir='ltr'><strong>Factum</strong></span> <span class='ocrx_word' id='word_1_141' title='bbox 1229 2330 1321 2393; x_wconf 76' lang='lat' dir='ltr'><strong>est</strong></span> <span class='ocrx_word' id='word_1_142' title='bbox 1337 2344 1591 2410; x_wconf 78' lang='lat' dir='ltr'><strong>vespere</strong></span> <span class='ocrx_word' id='word_1_143' title='bbox 1614 2332 1675 2395; x_wconf 80' lang='lat' dir='ltr'><strong>et</strong></span> <span class='ocrx_word' id='word_1_144' title='bbox 1698 2347 1906 2396; x_wconf 79' lang='lat' dir='ltr'><strong>mane.</strong></span> 
     </span>
     <span class='ocr_line' id='line_1_21' title="bbox 367 2430 1909 2518; baseline 0.005 -22"><span class='ocrx_word' id='word_1_145' title='bbox 367 2430 435 2496; x_wconf 92' lang='lat' dir='ltr'><strong>Si</strong></span> <span class='ocrx_word' id='word_1_146' title='bbox 461 2451 543 2497; x_wconf 87' lang='lat' dir='ltr'><strong>ex</strong></span> <span class='ocrx_word' id='word_1_147' title='bbox 570 2434 888 2499; x_wconf 86' lang='lat' dir='ltr'><strong>occidente</strong></span> <span class='ocrx_word' id='word_1_148' title='bbox 905 2483 922 2514; x_wconf 94' lang='lat'><strong>,</strong></span> <span class='ocrx_word' id='word_1_149' title='bbox 953 2453 1109 2517; x_wconf 80' lang='lat' dir='ltr'><strong>ergo</strong></span> <span class='ocrx_word' id='word_1_150' title='bbox 1142 2436 1395 2500; x_wconf 85' lang='lat' dir='ltr'><strong>videtur</strong></span> <span class='ocrx_word' id='word_1_151' title='bbox 1431 2436 1600 2518; x_wconf 86' lang='lat' dir='ltr'><strong>quod</strong></span> <span class='ocrx_word' id='word_1_152' title='bbox 1632 2437 1750 2501; x_wconf 84' lang='lat' dir='ltr'><strong>lux</strong></span> <span class='ocrx_word' id='word_1_153' title='bbox 1774 2457 1909 2503; x_wconf 79' lang='grc'><strong>63-</strong></span> 
     </span>
     <span class='ocr_line' id='line_1_22' title="bbox 364 2542 1909 2626; baseline 0.005 -22"><span class='ocrx_word' id='word_1_154' title='bbox 364 2542 550 2625; x_wconf 90' lang='lat' dir='ltr'><strong>pitin</strong></span> <span class='ocrx_word' id='word_1_155' title='bbox 586 2561 815 2608; x_wconf 87' lang='grc'>6666511</span> <span class='ocrx_word' id='word_1_156' title='bbox 832 2591 849 2621; x_wconf 89' lang='grc'>,</span> <span class='ocrx_word' id='word_1_157' title='bbox 887 2544 1058 2626; x_wconf 84' lang='lat' dir='ltr'><strong>quod</strong></span> <span class='ocrx_word' id='word_1_158' title='bbox 1105 2549 1199 2608; x_wconf 89' lang='lat' dir='ltr'><strong>est</strong></span> <span class='ocrx_word' id='word_1_159' title='bbox 1234 2544 1710 2610; x_wconf 82' lang='lat' dir='ltr'><strong>inconveniens,</strong></span> <span class='ocrx_word' id='word_1_160' title='bbox 1743 2543 1809 2610; x_wconf 92' lang='lat' dir='ltr'><strong>Si</strong></span> <span class='ocrx_word' id='word_1_161' title='bbox 1837 2547 1909 2611; x_wconf 87' lang='lat' dir='ltr'><strong>in</strong></span> 
     </span>
     <span class='ocr_line' id='line_1_23' title="bbox 361 2650 1909 2733; baseline 0.002 -19"><span class='ocrx_word' id='word_1_162' title='bbox 361 2650 576 2733; x_wconf 69' lang='lat' dir='ltr'><strong>aliqua</strong></span> <span class='ocrx_word' id='word_1_163' title='bbox 602 2655 781 2732; x_wconf 86' lang='lat' dir='ltr'><strong>parte</strong></span> <span class='ocrx_word' id='word_1_164' title='bbox 808 2650 953 2730; x_wconf 90' lang='lat' dir='ltr'><strong>alia,</strong></span> <span class='ocrx_word' id='word_1_165' title='bbox 982 2650 1145 2714; x_wconf 89' lang='lat' dir='ltr'><strong>utin</strong></span> <span class='ocrx_word' id='word_1_166' title='bbox 1172 2652 1456 2729; x_wconf 86' lang='lat' dir='ltr'><strong>meridie,</strong></span> <span class='ocrx_word' id='word_1_167' title='bbox 1479 2655 1635 2716; x_wconf 87' lang='lat' dir='ltr'><strong>tunc</strong></span> <span class='ocrx_word' id='word_1_168' title='bbox 1656 2652 1909 2732; x_wconf 77' lang='lat' dir='ltr'><strong>videtur</strong></span> 
     </span>
     <span class='ocr_line' id='line_1_24' title="bbox 362 2758 1908 2843; baseline 0.003 -22"><span class='ocrx_word' id='word_1_169' title='bbox 362 2758 535 2841; x_wconf 87' lang='lat' dir='ltr'><strong>quod</strong></span> <span class='ocrx_word' id='word_1_170' title='bbox 560 2759 694 2823; x_wconf 91' lang='lat' dir='ltr'><strong>dies</strong></span> <span class='ocrx_word' id='word_1_171' title='bbox 718 2758 823 2822; x_wconf 90' lang='lat' dir='ltr'><strong>ille</strong></span> <span class='ocrx_word' id='word_1_172' title='bbox 863 2777 997 2822; x_wconf 91' lang='lat' dir='ltr'><strong>non</strong></span> <span class='ocrx_word' id='word_1_173' title='bbox 1036 2759 1336 2823; x_wconf 90' lang='lat' dir='ltr'><strong>habuerit</strong></span> <span class='ocrx_word' id='word_1_174' title='bbox 1361 2759 1591 2841; x_wconf 83' lang='lat' dir='ltr'><strong>viginti</strong></span> <span class='ocrx_word' id='word_1_175' title='bbox 1631 2763 1908 2843; x_wconf 87' lang='lat' dir='ltr'><strong>quatuor</strong></span> 
     </span>
     <span class='ocr_line' id='line_1_25' title="bbox 362 2864 1907 2952; baseline 0.004 -24"><span class='ocrx_word' id='word_1_176' title='bbox 362 2864 576 2943; x_wconf 86' lang='lat' dir='ltr'><strong>horas,</strong></span> <span class='ocrx_word' id='word_1_177' title='bbox 591 2865 764 2948; x_wconf 88' lang='lat' dir='ltr'><strong>quod</strong></span> <span class='ocrx_word' id='word_1_178' title='bbox 777 2871 872 2931; x_wconf 90' lang='lat' dir='ltr'><strong>est</strong></span> <span class='ocrx_word' id='word_1_179' title='bbox 889 2871 1108 2931; x_wconf 86' lang='lat' dir='ltr'><strong>contra</strong></span> <span class='ocrx_word' id='word_1_180' title='bbox 1124 2867 1514 2951; x_wconf 84' lang='lat' dir='ltr'><strong>expositores</strong></span> <span class='ocrx_word' id='word_1_181' title='bbox 1535 2890 1551 2933; x_wconf 90' lang='lat'>:</span> <span class='ocrx_word' id='word_1_182' title='bbox 1575 2873 1638 2932; x_wconf 92' lang='lat' dir='ltr'><strong>et</strong></span> <span class='ocrx_word' id='word_1_183' title='bbox 1653 2872 1907 2952; x_wconf 83' lang='lat' dir='ltr'><strong>propter</strong></span> 
     </span>
     <span class='ocr_line' id='line_1_26' title="bbox 362 2973 1907 3059; baseline 0.004 -22"><span class='ocrx_word' id='word_1_184' title='bbox 362 2973 485 3038; x_wconf 91' lang='lat' dir='ltr'><strong>hoc</strong></span> <span class='ocrx_word' id='word_1_185' title='bbox 523 2977 620 3038; x_wconf 88' lang='lat' dir='ltr'><strong>est</strong></span> <span class='ocrx_word' id='word_1_186' title='bbox 661 2976 932 3058; x_wconf 84' lang='lat' dir='ltr'><strong>quaestio</strong></span> <span class='ocrx_word' id='word_1_187' title='bbox 950 3024 967 3055; x_wconf 90' lang='lat'>‚</span> <span class='ocrx_word' id='word_1_188' title='bbox 995 2977 1108 3040; x_wconf 91' lang='lat' dir='ltr'><strong>ubi</strong></span> <span class='ocrx_word' id='word_1_189' title='bbox 1155 2976 1273 3041; x_wconf 86' lang='lat' dir='ltr'><strong>lux</strong></span> <span class='ocrx_word' id='word_1_190' title='bbox 1317 2976 1427 3040; x_wconf 88' lang='lat' dir='ltr'><strong>illa</strong></span> <span class='ocrx_word' id='word_1_191' title='bbox 1467 2977 1547 3040; x_wconf 91' lang='lat' dir='ltr'><strong>sit</strong></span> <span class='ocrx_word' id='word_1_192' title='bbox 1599 2977 1763 3043; x_wconf 84' lang='lat' dir='ltr'><strong>facta</strong></span> <span class='ocrx_word' id='word_1_193' title='bbox 1777 3025 1797 3059; x_wconf 93' lang='lat'><strong>,</strong></span> <span class='ocrx_word' id='word_1_194' title='bbox 1843 2981 1907 3043; x_wconf 89' lang='lat' dir='ltr'><strong>et</strong></span> 
     </span>
     <span class='ocr_line' id='line_1_27' title="bbox 363 3082 1512 3164; baseline 0.003 -16"><span class='ocrx_word' id='word_1_195' title='bbox 363 3082 635 3164; x_wconf 86' lang='lat' dir='ltr'><strong>qualiter</strong></span> <span class='ocrx_word' id='word_1_196' title='bbox 662 3083 831 3149; x_wconf 92' lang='lat' dir='ltr'><strong>diem</strong></span> <span class='ocrx_word' id='word_1_197' title='bbox 859 3086 924 3148; x_wconf 92' lang='lat' dir='ltr'><strong>et</strong></span> <span class='ocrx_word' id='word_1_198' title='bbox 950 3089 1202 3151; x_wconf 90' lang='lat' dir='ltr'><strong>noctem</strong></span> <span class='ocrx_word' id='word_1_199' title='bbox 1224 3085 1512 3151; x_wconf 80' lang='lat' dir='ltr'><strong>faciebat.</strong></span> 
     </span>
    </p>
   </div>
   <div class='ocr_carea' id='block_1_6' title="bbox 893 3366 1404 3435">
    <p class='ocr_par' dir='ltr' id='par_1_8' title="bbox 893 3366 1404 3435">
     <span class='ocr_line' id='line_1_28' title="bbox 893 3366 1404 3435; baseline -0.004 -1"><span class='ocrx_word' id='word_1_200' title='bbox 893 3366 1042 3434; x_wconf 71' lang='grc' dir='ltr'><strong>(1οΝ</strong></span> <span class='ocrx_word' id='word_1_201' title='bbox 1048 3367 1343 3435; x_wconf 89' lang='lat' dir='ltr'><strong>CLUSIO.</strong></span> <span class='ocrx_word' id='word_1_202' title='bbox 1399 3402 1404 3407; x_wconf 80' lang='lat'><em>‚</em></span> 
     </span>
    </p>
   </div>
   <div class='ocr_carea' id='block_1_7' title="bbox 358 3524 1904 3959">
    <p class='ocr_par' dir='ltr' id='par_1_9' title="bbox 358 3524 1904 3959">
     <span class='ocr_line' id='line_1_29' title="bbox 358 3524 1899 3603; baseline 0.002 -18"><span class='ocrx_word' id='word_1_203' title='bbox 358 3529 478 3585; x_wconf 67' lang='lat' dir='ltr'><strong>Lua-</strong></span> <span class='ocrx_word' id='word_1_204' title='bbox 495 3530 685 3601; x_wconf 79' lang='lat' dir='ltr'><strong>prima</strong></span> <span class='ocrx_word' id='word_1_205' title='bbox 721 3527 810 3584; x_wconf 82' lang='lat' dir='ltr'><strong>die</strong></span> <span class='ocrx_word' id='word_1_206' title='bbox 839 3530 1021 3583; x_wconf 75' lang='lat' dir='ltr'><strong>creata</strong></span> <span class='ocrx_word' id='word_1_207' title='bbox 1049 3524 1126 3600; x_wconf 87' lang='lat' dir='ltr'><strong>(a)</strong></span> <span class='ocrx_word' id='word_1_208' title='bbox 1156 3527 1398 3595; x_wconf 76' lang='lat' dir='ltr'><strong>faciebat</strong></span> <span class='ocrx_word' id='word_1_209' title='bbox 1426 3528 1566 3589; x_wconf 79' lang='lat' dir='ltr'><strong>diem</strong></span> <span class='ocrx_word' id='word_1_210' title='bbox 1595 3533 1647 3585; x_wconf 82' lang='lat' dir='ltr'><strong>et</strong></span> <span class='ocrx_word' id='word_1_211' title='bbox 1674 3534 1899 3603; x_wconf 65' lang='lat' dir='ltr'><strong>nectent,</strong></span> 
     </span>
     <span class='ocr_line' id='line_1_30' title="bbox 429 3616 1897 3693; baseline 0.005 -22"><span class='ocrx_word' id='word_1_212' title='bbox 429 3618 515 3672; x_wconf 80' lang='lat' dir='ltr'><strong>vel</strong></span> <span class='ocrx_word' id='word_1_213' title='bbox 546 3633 647 3689; x_wconf 85' lang='lat' dir='ltr'><strong>per</strong></span> <span class='ocrx_word' id='word_1_214' title='bbox 673 3616 954 3673; x_wconf 77' lang='lat' dir='ltr'><strong>radiorum</strong></span> <span class='ocrx_word' id='word_1_215' title='bbox 996 3618 1325 3673; x_wconf 79' lang='lat' dir='ltr'><strong>emissionem</strong></span> <span class='ocrx_word' id='word_1_216' title='bbox 1362 3622 1415 3674; x_wconf 79' lang='lat' dir='ltr'><strong>et</strong></span> <span class='ocrx_word' id='word_1_217' title='bbox 1447 3622 1897 3693; x_wconf 80' lang='lat' dir='ltr'><strong>contractionem,</strong></span> 
     </span>
     <span class='ocr_line' id='line_1_31' title="bbox 431 3705 1904 3781; baseline 0.004 -20"><span class='ocrx_word' id='word_1_218' title='bbox 431 3709 493 3761; x_wconf 79' lang='lat' dir='ltr'><strong>ut</strong></span> <span class='ocrx_word' id='word_1_219' title='bbox 529 3706 699 3764; x_wconf 82' lang='lat' dir='ltr'><strong>Groeci</strong></span> <span class='ocrx_word' id='word_1_220' title='bbox 729 3708 1053 3778; x_wconf 64' lang='lat' dir='ltr'><strong>expositores</strong></span> <span class='ocrx_word' id='word_1_221' title='bbox 1084 3705 1371 3774; x_wconf 55' lang='lat' dir='ltr'><strong>dixer-ann</strong></span> <span class='ocrx_word' id='word_1_222' title='bbox 1410 3710 1523 3773; x_wconf 87' lang='lat' dir='ltr'><strong>vel,</strong></span> <span class='ocrx_word' id='word_1_223' title='bbox 1555 3710 1698 3781; x_wconf 81' lang='lat' dir='ltr'><strong>quod</strong></span> <span class='ocrx_word' id='word_1_224' title='bbox 1732 3714 1904 3766; x_wconf 81' lang='lat' dir='ltr'><strong>ratio·</strong></span> 
     </span>
     <span class='ocr_line' id='line_1_32' title="bbox 431 3795 1898 3873; baseline 0.003 -19"><span class='ocrx_word' id='word_1_225' title='bbox 431 3795 674 3854; x_wconf 76' lang='lat' dir='ltr'><strong>nabilius</strong></span> <span class='ocrx_word' id='word_1_226' title='bbox 700 3797 936 3868; x_wconf 78' lang='lat' dir='ltr'><strong>videtur,</strong></span> <span class='ocrx_word' id='word_1_227' title='bbox 973 3812 1075 3869; x_wconf 78' lang='lat' dir='ltr'><strong>per</strong></span> <span class='ocrx_word' id='word_1_228' title='bbox 1105 3801 1308 3853; x_wconf 81' lang='lat' dir='ltr'><strong>motum</strong></span> <span class='ocrx_word' id='word_1_229' title='bbox 1350 3815 1503 3869; x_wconf 77' lang='lat' dir='ltr'><strong>quem</strong></span> <span class='ocrx_word' id='word_1_230' title='bbox 1535 3816 1703 3872; x_wconf 78' lang='lat' dir='ltr'><strong>supra</strong></span> <span class='ocrx_word' id='word_1_231' title='bbox 1741 3816 1898 3873; x_wconf 83' lang='lat' dir='ltr'><strong>supe-</strong></span> 
     </span>
     <span class='ocr_line' id='line_1_33' title="bbox 429 3889 1791 3959; baseline 0 -16"><span class='ocrx_word' id='word_1_232' title='bbox 429 3889 626 3943; x_wconf 85' lang='lat' dir='ltr'><strong>riorem</strong></span> <span class='ocrx_word' id='word_1_233' title='bbox 656 3891 708 3944; x_wconf 79' lang='lat' dir='ltr'><strong>et</strong></span> <span class='ocrx_word' id='word_1_234' title='bbox 732 3889 997 3943; x_wconf 79' lang='lat' dir='ltr'><strong>rariorem</strong></span> <span class='ocrx_word' id='word_1_235' title='bbox 1023 3889 1264 3944; x_wconf 65' lang='lat' dir='ltr'><strong>materiae</strong></span> <span class='ocrx_word' id='word_1_236' title='bbox 1288 3892 1506 3959; x_wconf 80' lang='lat' dir='ltr'><strong>partem</strong></span> <span class='ocrx_word' id='word_1_237' title='bbox 1530 3889 1791 3957; x_wconf 74' lang='lat' dir='ltr'><strong>faciebat.</strong></span> 
     </span>
    </p>
   </div>
   <div class='ocr_carea' id='block_1_8' title="bbox 357 4052 1902 4780">
    <p class='ocr_par' dir='ltr' id='par_1_10' title="bbox 357 4052 1902 4766">
     <span class='ocr_line' id='line_1_34' title="bbox 438 4052 1901 4139; baseline 0.001 -20"><span class='ocrx_word' id='word_1_238' title='bbox 438 4052 625 4138; x_wconf 90' lang='lat' dir='ltr'><strong>Resp.</strong></span> <span class='ocrx_word' id='word_1_239' title='bbox 656 4054 735 4118; x_wconf 89' lang='lat' dir='ltr'><strong>ad</strong></span> <span class='ocrx_word' id='word_1_240' title='bbox 762 4055 919 4136; x_wconf 81' lang='lat' dir='ltr'><strong>Arg.</strong></span> <span class='ocrx_word' id='word_1_241' title='bbox 956 4054 1301 4119; x_wconf 88' lang='lat' dir='ltr'><strong>Dicendum</strong></span> <span class='ocrx_word' id='word_1_242' title='bbox 1327 4055 1521 4138; x_wconf 86' lang='lat' dir='ltr'><strong>quod,</strong></span> <span class='ocrx_word' id='word_1_243' title='bbox 1548 4056 1711 4121; x_wconf 90' lang='lat' dir='ltr'><strong>sicut</strong></span> <span class='ocrx_word' id='word_1_244' title='bbox 1733 4074 1901 4139; x_wconf 83' lang='lat' dir='ltr'><strong>prae-</strong></span> 
     </span>
     <span class='ocr_line' id='line_1_35' title="bbox 358 4161 1901 4246; baseline 0.002 -20"><span class='ocrx_word' id='word_1_245' title='bbox 358 4168 597 4226; x_wconf 88' lang='lat' dir='ltr'><strong>tactum</strong></span> <span class='ocrx_word' id='word_1_246' title='bbox 615 4162 737 4227; x_wconf 85' lang='lat' dir='ltr'><strong>fuit</strong></span> <span class='ocrx_word' id='word_1_247' title='bbox 754 4162 820 4225; x_wconf 94' lang='lat' dir='ltr'><strong>in</strong></span> <span class='ocrx_word' id='word_1_248' title='bbox 839 4163 1173 4246; x_wconf 89' lang='lat' dir='ltr'><strong>principio,</strong></span> <span class='ocrx_word' id='word_1_249' title='bbox 1187 4161 1427 4245; x_wconf 85' lang='lat' dir='ltr'><strong>duplex</strong></span> <span class='ocrx_word' id='word_1_250' title='bbox 1442 4165 1537 4227; x_wconf 76' lang='lat' dir='ltr'><strong>e‘st</strong></span> <span class='ocrx_word' id='word_1_251' title='bbox 1553 4163 1658 4228; x_wconf 90' lang='lat' dir='ltr'><strong>hic</strong></span> <span class='ocrx_word' id='word_1_252' title='bbox 1674 4164 1901 4229; x_wconf 88' lang='lat' dir='ltr'><strong>modus</strong></span> 
     </span>
     <span class='ocr_line' id='line_1_36' title="bbox 361 4269 1895 4353; baseline 0.003 -22"><span class='ocrx_word' id='word_1_253' title='bbox 361 4270 645 4347; x_wconf 83' lang='lat' dir='ltr'><strong>dicendi,</strong></span> <span class='ocrx_word' id='word_1_254' title='bbox 681 4287 854 4334; x_wconf 92' lang='lat' dir='ltr'><strong>unus</strong></span> <span class='ocrx_word' id='word_1_255' title='bbox 893 4271 1250 4335; x_wconf 90' lang='lat' dir='ltr'><strong>secundum</strong></span> <span class='ocrx_word' id='word_1_256' title='bbox 1291 4271 1577 4335; x_wconf 90' lang='lat' dir='ltr'><strong>doctores</strong></span> <span class='ocrx_word' id='word_1_257' title='bbox 1615 4269 1895 4353; x_wconf 75' lang='grc'>613665,</span> 
     </span>
     <span class='ocr_line' id='line_1_37' title="bbox 359 4376 1900 4459; baseline 0.002 -19"><span class='ocrx_word' id='word_1_258' title='bbox 359 4376 651 4445; x_wconf 83' lang='lat' dir='ltr'><strong>videlicet</strong></span> <span class='ocrx_word' id='word_1_259' title='bbox 667 4377 974 4442; x_wconf 85' lang='lat' dir='ltr'><strong>Basilium</strong></span> <span class='ocrx_word' id='word_1_260' title='bbox 987 4379 1033 4457; x_wconf 80' lang='lat'><strong>¹,</strong></span> <span class='ocrx_word' id='word_1_261' title='bbox 1058 4381 1122 4441; x_wconf 90' lang='lat' dir='ltr'><strong>et</strong></span> <span class='ocrx_word' id='word_1_262' title='bbox 1141 4376 1546 4459; x_wconf 81' lang='lat' dir='ltr'><strong>Gregorium‚</strong></span> <span class='ocrx_word' id='word_1_263' title='bbox 1568 4381 1632 4442; x_wconf 90' lang='lat' dir='ltr'><strong>et</strong></span> <span class='ocrx_word' id='word_1_264' title='bbox 1649 4378 1900 4444; x_wconf 86' lang='lat' dir='ltr'><strong>Damas-</strong></span> 
     </span>
     <span class='ocr_line' id='line_1_38' title="bbox 359 4484 1902 4565; baseline 0.003 -18"><span class='ocrx_word' id='word_1_265' title='bbox 359 4500 626 4565; x_wconf 82' lang='lat' dir='ltr'><strong>cenum3</strong></span> <span class='ocrx_word' id='word_1_266' title='bbox 672 4484 837 4549; x_wconf 87' lang='lat' dir='ltr'><strong>alius</strong></span> <span class='ocrx_word' id='word_1_267' title='bbox 875 4485 1227 4550; x_wconf 90' lang='lat' dir='ltr'><strong>secundum</strong></span> <span class='ocrx_word' id='word_1_268' title='bbox 1269 4485 1543 4551; x_wconf 87' lang='lat' dir='ltr'><strong>Latinos.</strong></span> <span class='ocrx_word' id='word_1_269' title='bbox 1590 4487 1902 4553; x_wconf 81' lang='lat' dir='ltr'><strong>Dixerunt</strong></span> 
     </span>
     <span class='ocr_line' id='line_1_39' title="bbox 357 4590 1899 4673; baseline 0.003 -19"><span class='ocrx_word' id='word_1_270' title='bbox 357 4590 527 4673; x_wconf 87' lang='lat' dir='ltr'><strong>quod</strong></span> <span class='ocrx_word' id='word_1_271' title='bbox 557 4592 675 4655; x_wconf 82' lang='lat' dir='ltr'><strong>lux</strong></span> <span class='ocrx_word' id='word_1_272' title='bbox 704 4591 841 4672; x_wconf 90' lang='lat' dir='ltr'><strong>illa,</strong></span> <span class='ocrx_word' id='word_1_273' title='bbox 871 4592 1208 4657; x_wconf 88' lang='lat' dir='ltr'><strong>emissione</strong></span> <span class='ocrx_word' id='word_1_274' title='bbox 1234 4596 1297 4657; x_wconf 86' lang='lat' dir='ltr'><strong>et</strong></span> <span class='ocrx_word' id='word_1_275' title='bbox 1332 4595 1758 4659; x_wconf 90' lang='lat' dir='ltr'><strong>contractione</strong></span> <span class='ocrx_word' id='word_1_276' title='bbox 1787 4613 1899 4659; x_wconf 89' lang='lat' dir='ltr'><strong>ra-</strong></span> 
     </span>
     <span class='ocr_line' id='line_1_40' title="bbox 359 4697 1899 4780; baseline 0.003 -19"><span class='ocrx_word' id='word_1_277' title='bbox 359 4697 633 4780; x_wconf 90' lang='lat' dir='ltr'><strong>diorum,</strong></span> <span class='ocrx_word' id='word_1_278' title='bbox 661 4699 830 4764; x_wconf 88' lang='lat' dir='ltr'><strong>diem</strong></span> <span class='ocrx_word' id='word_1_279' title='bbox 853 4703 917 4763; x_wconf 89' lang='lat' dir='ltr'><strong>et</strong></span> <span class='ocrx_word' id='word_1_280' title='bbox 938 4703 1190 4764; x_wconf 88' lang='lat' dir='ltr'><strong>noctem</strong></span> <span class='ocrx_word' id='word_1_281' title='bbox 1211 4699 1479 4764; x_wconf 81' lang='lat' dir='ltr'><strong>faciebat</strong></span> <span class='ocrx_word' id='word_1_282' title='bbox 1501 4722 1518 4765; x_wconf 75' lang='grc' dir='ltr'>ι</span> <span class='ocrx_word' id='word_1_283' title='bbox 1539 4701 1662 4765; x_wconf 90' lang='grc'>1166</span> <span class='ocrx_word' id='word_1_284' title='bbox 1684 4706 1899 4766; x_wconf 85' lang='grc'>6111661</span> 
     </span>
    </p>
   </div>
   <div class='ocr_carea' id='block_1_9' title="bbox 357 4806 1942 4891">
    <p class='ocr_par' dir='ltr' id='par_1_11' title="bbox 357 4806 1942 4891">
     <span class='ocr_line' id='line_1_41' title="bbox 357 4806 1942 4891; baseline 0.002 -20"><span class='ocrx_word' id='word_1_285' title='bbox 357 4806 650 4872; x_wconf 88' lang='lat' dir='ltr'><strong>dicebant</strong></span> <span class='ocrx_word' id='word_1_286' title='bbox 686 4825 823 4873; x_wconf 89' lang='lat' dir='ltr'><strong>esse</strong></span> <span class='ocrx_word' id='word_1_287' title='bbox 861 4808 933 4871; x_wconf 90' lang='lat' dir='ltr'><strong>in</strong></span> <span class='ocrx_word' id='word_1_288' title='bbox 970 4811 1276 4891; x_wconf 84' lang='lat' dir='ltr'><strong>potestate</strong></span> <span class='ocrx_word' id='word_1_289' title='bbox 1310 4808 1514 4890; x_wconf 90' lang='lat' dir='ltr'><strong>ipsius</strong></span> <span class='ocrx_word' id='word_1_290' title='bbox 1549 4808 1741 4889; x_wconf 88' lang='lat' dir='ltr'><strong>lucis,</strong></span> <span class='ocrx_word' id='word_1_291' title='bbox 1767 4828 1901 4874; x_wconf 91' lang='lat' dir='ltr'><strong>non</strong></span> <span class='ocrx_word' id='word_1_292' title='bbox 1934 4841 1942 4849; x_wconf 94' lang='lat'><strong>·</strong></span> 
     </span>
    </p>
   </div>
   <div class='ocr_carea' id='block_1_10' title="bbox 359 4913 1944 5135">
    <p class='ocr_par' dir='ltr' id='par_1_12' title="bbox 359 4913 1944 5106">
     <span class='ocr_line' id='line_1_42' title="bbox 359 4913 1944 5031; baseline 0.003 -53"><span class='ocrx_word' id='word_1_293' title='bbox 359 4933 472 4998; x_wconf 89' lang='lat' dir='ltr'><strong>per</strong></span> <span class='ocrx_word' id='word_1_294' title='bbox 498 4917 802 4984; x_wconf 87' lang='lat' dir='ltr'><strong>virtutem</strong></span> <span class='ocrx_word' id='word_1_295' title='bbox 843 4917 1204 4999; x_wconf 89' lang='lat' dir='ltr'><strong>propriam,</strong></span> <span class='ocrx_word' id='word_1_296' title='bbox 1235 4917 1344 4982; x_wconf 88' lang='lat' dir='ltr'><strong>sed</strong></span> <span class='ocrx_word' id='word_1_297' title='bbox 1382 4936 1496 5001; x_wconf 90' lang='lat' dir='ltr'><strong>per</strong></span> <span class='ocrx_word' id='word_1_298' title='bbox 1525 4913 1944 5031; x_wconf 65' lang='lat' dir='ltr'><strong>praeceptio-fs,</strong></span> 
     </span>
     <span class='ocr_line' id='line_1_43' title="bbox 359 5002 1940 5135; baseline 0.003 -51"><span class='ocrx_word' id='word_1_299' title='bbox 359 5039 508 5085; x_wconf 90' lang='grc'>6661</span> <span class='ocrx_word' id='word_1_300' title='bbox 549 5023 885 5089; x_wconf 86' lang='lat' dir='ltr'><strong>divinam:</strong></span> <span class='ocrx_word' id='word_1_301' title='bbox 914 5026 977 5086; x_wconf 94' lang='grc'><strong>61</strong></span> <span class='ocrx_word' id='word_1_302' title='bbox 1022 5023 1220 5105; x_wconf 83' lang='lat' dir='ltr'><strong>hujus</strong></span> <span class='ocrx_word' id='word_1_303' title='bbox 1260 5024 1467 5089; x_wconf 87' lang='lat' dir='ltr'><strong>simile</strong></span> <span class='ocrx_word' id='word_1_304' title='bbox 1509 5025 1790 5106; x_wconf 81' lang='lat' dir='ltr'><strong>legimus</strong></span> <span class='ocrx_word' id='word_1_305' title='bbox 1831 5002 1940 5135; x_wconf 49' lang='lat' dir='ltr'><strong>inj}</strong></span> 
     </span>
    </p>
   </div>
   <div class='ocr_carea' id='block_1_11' title="bbox 362 5128 1901 5213">
    <p class='ocr_par' dir='ltr' id='par_1_13' title="bbox 362 5128 1901 5213">
     <span class='ocr_line' id='line_1_44' title="bbox 362 5128 1901 5213; baseline 0.003 -20"><span class='ocrx_word' id='word_1_306' title='bbox 362 5128 688 5213; x_wconf 88' lang='lat' dir='ltr'><strong>Scriptura</strong></span> <span class='ocrx_word' id='word_1_307' title='bbox 704 5135 766 5170; x_wconf 83' lang='lat'><strong>⁸·</strong></span> <span class='ocrx_word' id='word_1_308' title='bbox 752 5128 1110 5197; x_wconf 74' lang='lat' dir='ltr'><strong>:Extendit</strong></span> <span class='ocrx_word' id='word_1_309' title='bbox 1132 5131 1382 5213; x_wconf 72' lang='lat' dir='ltr'><strong>Moyses</strong></span> <span class='ocrx_word' id='word_1_310' title='bbox 1407 5148 1667 5199; x_wconf 79' lang='lat' dir='ltr'><strong>manum</strong></span> <span class='ocrx_word' id='word_1_311' title='bbox 1689 5134 1766 5198; x_wconf 79' lang='lat' dir='ltr'><strong>in</strong></span> <span class='ocrx_word' id='word_1_312' title='bbox 1786 5148 1901 5198; x_wconf 66' lang='grc'>661-</span> 
     </span>
    </p>
   </div>
   <div class='ocr_carea' id='block_1_12' title="bbox 1898 5195 1914 5252">
    <p class='ocr_par' dir='ltr' id='par_1_14' title="bbox 1898 5195 1914 5252">
     <span class='ocr_line' id='line_1_45' title="bbox 1898 5195 1914 5252; baseline 0 973"><span class='ocrx_word' id='word_1_313' title='bbox 1898 5195 1914 5252; x_wconf 95' lang='lat' dir='ltr'><strong> </strong></span> 
     </span>
    </p>
   </div>
   <div class='ocr_carea' id='block_1_13' title="bbox 3457 374 3576 435">
    <p class='ocr_par' dir='ltr' id='par_1_15' title="bbox 3457 374 3576 435">
     <span class='ocr_line' id='line_1_46' title="bbox 3457 374 3576 435; baseline 0.017 -2"><span class='ocrx_word' id='word_1_314' title='bbox 3457 374 3576 435; x_wconf 71' lang='lat'><strong>549</strong></span> 
     </span>
    </p>
   </div>
   <div class='ocr_carea' id='block_1_14' title="bbox 2012 500 3579 3166">
    <p class='ocr_par' dir='ltr' id='par_1_16' title="bbox 2012 500 3579 3166">
     <span class='ocr_line' id='line_1_47' title="bbox 2027 500 3579 581; baseline 0.005 -16"><span class='ocrx_word' id='word_1_315' title='bbox 2027 500 2190 579; x_wconf 82' lang='lat' dir='ltr'><strong>lum,</strong></span> <span class='ocrx_word' id='word_1_316' title='bbox 2217 504 2276 567; x_wconf 82' lang='lat' dir='ltr'><strong>et</strong></span> <span class='ocrx_word' id='word_1_317' title='bbox 2298 503 2491 581; x_wconf 78' lang='lat' dir='ltr'><strong>ractoe</strong></span> <span class='ocrx_word' id='word_1_318' title='bbox 2514 506 2668 568; x_wconf 74' lang='lat' dir='ltr'><strong>sunt</strong></span> <span class='ocrx_word' id='word_1_319' title='bbox 2694 500 2962 569; x_wconf 78' lang='lat' dir='ltr'><strong>tenebroe</strong></span> <span class='ocrx_word' id='word_1_320' title='bbox 2987 501 3319 570; x_wconf 76' lang='lat' dir='ltr'><strong>horribiles</strong></span> <span class='ocrx_word' id='word_1_321' title='bbox 3345 504 3421 570; x_wconf 79' lang='lat' dir='ltr'><strong>in</strong></span> <span class='ocrx_word' id='word_1_322' title='bbox 3446 509 3579 573; x_wconf 80' lang='lat' dir='ltr'><strong>tota</strong></span> 
     </span>
     <span class='ocr_line' id='line_1_48' title="bbox 2026 608 3579 702; baseline 0.003 -28"><span class='ocrx_word' id='word_1_323' title='bbox 2026 613 2201 675; x_wconf 78' lang='lat' dir='ltr'><strong>terra</strong></span> <span class='ocrx_word' id='word_1_324' title='bbox 2236 611 2525 693; x_wconf 73' lang='lat' dir='ltr'><strong>AEyypti</strong></span> <span class='ocrx_word' id='word_1_325' title='bbox 2568 610 2775 677; x_wconf 82' lang='lat' dir='ltr'><strong>tribus</strong></span> <span class='ocrx_word' id='word_1_326' title='bbox 2814 610 3059 677; x_wconf 78' lang='lat' dir='ltr'><strong>diebus.</strong></span> <span class='ocrx_word' id='word_1_327' title='bbox 3103 608 3358 702; x_wconf 76' lang='lat' dir='ltr'><strong>Constat</strong></span> <span class='ocrx_word' id='word_1_328' title='bbox 3401 612 3579 678; x_wconf 89' lang='lat' dir='ltr'><strong>enim</strong></span> 
     </span>
     <span class='ocr_line' id='line_1_49' title="bbox 2023 716 3578 801; baseline 0.003 -21"><span class='ocrx_word' id='word_1_329' title='bbox 2023 716 2198 799; x_wconf 83' lang='lat' dir='ltr'><strong>quod</strong></span> <span class='ocrx_word' id='word_1_330' title='bbox 2236 717 2307 781; x_wconf 91' lang='lat' dir='ltr'><strong>in</strong></span> <span class='ocrx_word' id='word_1_331' title='bbox 2333 716 2444 782; x_wconf 91' lang='lat' dir='ltr'><strong>illo</strong></span> <span class='ocrx_word' id='word_1_332' title='bbox 2470 717 2684 781; x_wconf 89' lang='lat' dir='ltr'><strong>triduo</strong></span> <span class='ocrx_word' id='word_1_333' title='bbox 2713 716 2822 782; x_wconf 89' lang='lat' dir='ltr'><strong>Sol</strong></span> <span class='ocrx_word' id='word_1_334' title='bbox 2847 722 2985 782; x_wconf 91' lang='lat' dir='ltr'><strong>erat</strong></span> <span class='ocrx_word' id='word_1_335' title='bbox 3022 717 3095 782; x_wconf 91' lang='grc'><strong>16</strong></span> <span class='ocrx_word' id='word_1_336' title='bbox 3122 716 3578 801; x_wconf 74' lang='lat' dir='ltr'><strong>hemisphaerio</strong></span> 
     </span>
     <span class='ocr_line' id='line_1_50' title="bbox 2021 825 3577 910; baseline 0.003 -22"><span class='ocrx_word' id='word_1_337' title='bbox 2021 827 2210 889; x_wconf 83' lang='lat' dir='ltr'><strong>terrae</strong></span> <span class='ocrx_word' id='word_1_338' title='bbox 2231 829 2465 890; x_wconf 80' lang='grc'>665113</span> <span class='ocrx_word' id='word_1_339' title='bbox 2484 825 2881 906; x_wconf 81' lang='lat' dir='ltr'><strong>habitabilis3</strong></span> <span class='ocrx_word' id='word_1_340' title='bbox 2908 829 2973 890; x_wconf 90' lang='lat' dir='ltr'><strong>et</strong></span> <span class='ocrx_word' id='word_1_341' title='bbox 2992 825 3064 889; x_wconf 91' lang='lat' dir='ltr'><strong>in</strong></span> <span class='ocrx_word' id='word_1_342' title='bbox 3085 829 3326 891; x_wconf 89' lang='lat' dir='ltr'><strong>terram</strong></span> <span class='ocrx_word' id='word_1_343' title='bbox 3350 826 3425 910; x_wconf 85' lang='lat' dir='ltr'><strong>(b)</strong></span> <span class='ocrx_word' id='word_1_344' title='bbox 3446 826 3577 892; x_wconf 86' lang='lat' dir='ltr'><strong>Jes-</strong></span> 
     </span>
     <span class='ocr_line' id='line_1_51' title="bbox 2022 932 3575 1016; baseline 0.001 -19"><span class='ocrx_word' id='word_1_345' title='bbox 2022 950 2138 997; x_wconf 89' lang='grc'><strong>566</strong></span> <span class='ocrx_word' id='word_1_346' title='bbox 2163 932 2260 1016; x_wconf 81' lang='grc'>(6),</span> <span class='ocrx_word' id='word_1_347' title='bbox 2278 936 2344 997; x_wconf 91' lang='grc'><strong>61</strong></span> <span class='ocrx_word' id='word_1_348' title='bbox 2368 933 2436 995; x_wconf 89' lang='grc'><strong>16</strong></span> <span class='ocrx_word' id='word_1_349' title='bbox 2460 933 2616 998; x_wconf 88' lang='grc'>61165</span> <span class='ocrx_word' id='word_1_350' title='bbox 2639 933 3017 998; x_wconf 84' lang='lat' dir='ltr'><strong>habitabiles</strong></span> <span class='ocrx_word' id='word_1_351' title='bbox 3042 933 3340 1014; x_wconf 80' lang='lat' dir='ltr'><strong>regiones</strong></span> <span class='ocrx_word' id='word_1_352' title='bbox 3364 934 3575 998; x_wconf 83' lang='lat' dir='ltr'><strong>radios</strong></span> 
     </span>
     <span class='ocr_line' id='line_1_52' title="bbox 2019 1039 3574 1123; baseline 0.001 -19"><span class='ocrx_word' id='word_1_353' title='bbox 2019 1058 2157 1105; x_wconf 88' lang='grc'><strong>563</strong></span> <span class='ocrx_word' id='word_1_354' title='bbox 2180 1041 2344 1106; x_wconf 92' lang='lat' dir='ltr'><strong>lucis</strong></span> <span class='ocrx_word' id='word_1_355' title='bbox 2369 1040 2718 1118; x_wconf 83' lang='lat' dir='ltr'><strong>emittebat,</strong></span> <span class='ocrx_word' id='word_1_356' title='bbox 2744 1045 2809 1105; x_wconf 92' lang='grc'><strong>61</strong></span> <span class='ocrx_word' id='word_1_357' title='bbox 2830 1059 2870 1104; x_wconf 96' lang='grc'><strong>6</strong></span> <span class='ocrx_word' id='word_1_358' title='bbox 2890 1044 3063 1106; x_wconf 87' lang='lat' dir='ltr'><strong>terra</strong></span> <span class='ocrx_word' id='word_1_359' title='bbox 3079 1039 3341 1123; x_wconf 81' lang='lat' dir='ltr'><strong>AEgypti</strong></span> <span class='ocrx_word' id='word_1_360' title='bbox 3363 1041 3574 1106; x_wconf 88' lang='lat' dir='ltr'><strong>radios</strong></span> 
     </span>
     <span class='ocr_line' id='line_1_53' title="bbox 2019 1147 3572 1214; baseline 0.002 -3"><span class='ocrx_word' id='word_1_361' title='bbox 2019 1165 2155 1212; x_wconf 87' lang='grc'>5113</span> <span class='ocrx_word' id='word_1_362' title='bbox 2201 1147 2361 1212; x_wconf 88' lang='grc'>16615</span> <span class='ocrx_word' id='word_1_363' title='bbox 2404 1148 2841 1213; x_wconf 87' lang='lat' dir='ltr'><strong>contrahebat.</strong></span> <span class='ocrx_word' id='word_1_364' title='bbox 2895 1147 3115 1213; x_wconf 89' lang='lat' dir='ltr'><strong>Simile</strong></span> <span class='ocrx_word' id='word_1_365' title='bbox 3161 1147 3359 1212; x_wconf 89' lang='lat' dir='ltr'><strong>etiam</strong></span> <span class='ocrx_word' id='word_1_366' title='bbox 3410 1149 3572 1214; x_wconf 83' lang='lat' dir='ltr'><strong>forte</strong></span> 
     </span>
     <span class='ocr_line' id='line_1_54' title="bbox 2018 1254 3571 1340; baseline 0.003 -22"><span class='ocrx_word' id='word_1_367' title='bbox 2018 1254 2258 1320; x_wconf 85' lang='lat' dir='ltr'><strong>factum</strong></span> <span class='ocrx_word' id='word_1_368' title='bbox 2281 1260 2376 1321; x_wconf 89' lang='lat' dir='ltr'><strong>est</strong></span> <span class='ocrx_word' id='word_1_369' title='bbox 2404 1257 2474 1320; x_wconf 92' lang='grc'><strong>16</strong></span> <span class='ocrx_word' id='word_1_370' title='bbox 2503 1257 2797 1340; x_wconf 84' lang='lat' dir='ltr'><strong>passione</strong></span> <span class='ocrx_word' id='word_1_371' title='bbox 2824 1255 3079 1322; x_wconf 90' lang='lat' dir='ltr'><strong>Domini</strong></span> <span class='ocrx_word' id='word_1_372' title='bbox 3098 1304 3117 1335; x_wconf 90' lang='lat'><strong>,</strong></span> <span class='ocrx_word' id='word_1_373' title='bbox 3149 1257 3262 1321; x_wconf 90' lang='lat' dir='ltr'><strong>ubi</strong></span> <span class='ocrx_word' id='word_1_374' title='bbox 3291 1257 3386 1322; x_wconf 93' lang='grc'><strong>561</strong></span> <span class='ocrx_word' id='word_1_375' title='bbox 3412 1257 3571 1322; x_wconf 86' lang='grc'>(1161-</span> 
     </span>
     <span class='ocr_line' id='line_1_55' title="bbox 2018 1360 3571 1428; baseline 0.002 -3"><span class='ocrx_word' id='word_1_376' title='bbox 2018 1365 2130 1425; x_wconf 90' lang='lat' dir='ltr'><strong>tur</strong></span> <span class='ocrx_word' id='word_1_377' title='bbox 2156 1361 2530 1425; x_wconf 87' lang='lat' dir='ltr'><strong>obscuratus</strong></span> <span class='ocrx_word' id='word_1_378' title='bbox 2569 1361 2761 1425; x_wconf 86' lang='lat' dir='ltr'><strong>fuisse</strong></span> <span class='ocrx_word' id='word_1_379' title='bbox 2792 1384 2807 1425; x_wconf 90' lang='lat'>:</span> <span class='ocrx_word' id='word_1_380' title='bbox 2834 1365 2899 1425; x_wconf 86' lang='lat' dir='ltr'><strong>et</strong></span> <span class='ocrx_word' id='word_1_381' title='bbox 2929 1360 3054 1426; x_wconf 90' lang='lat' dir='ltr'><strong>hoc</strong></span> <span class='ocrx_word' id='word_1_382' title='bbox 3083 1364 3290 1425; x_wconf 89' lang='lat' dir='ltr'><strong>totum</strong></span> <span class='ocrx_word' id='word_1_383' title='bbox 3329 1363 3571 1428; x_wconf 88' lang='lat' dir='ltr'><strong>factum</strong></span> 
     </span>
     <span class='ocr_line' id='line_1_56' title="bbox 2018 1467 3570 1552; baseline 0 -19"><span class='ocrx_word' id='word_1_384' title='bbox 2018 1473 2276 1533; x_wconf 90' lang='lat' dir='ltr'><strong>estnon</strong></span> <span class='ocrx_word' id='word_1_385' title='bbox 2301 1472 2533 1533; x_wconf 89' lang='lat' dir='ltr'><strong>natura</strong></span> <span class='ocrx_word' id='word_1_386' title='bbox 2549 1517 2566 1548; x_wconf 86' lang='lat'><strong>,</strong></span> <span class='ocrx_word' id='word_1_387' title='bbox 2598 1468 2709 1534; x_wconf 93' lang='lat' dir='ltr'><strong>sed</strong></span> <span class='ocrx_word' id='word_1_388' title='bbox 2733 1468 2951 1533; x_wconf 89' lang='lat' dir='ltr'><strong>divino</strong></span> <span class='ocrx_word' id='word_1_389' title='bbox 2978 1471 3315 1552; x_wconf 85' lang='lat' dir='ltr'><strong>praecepto.</strong></span> <span class='ocrx_word' id='word_1_390' title='bbox 3345 1467 3425 1533; x_wconf 90' lang='lat' dir='ltr'><strong>Et</strong></span> <span class='ocrx_word' id='word_1_391' title='bbox 3454 1486 3570 1552; x_wconf 90' lang='lat' dir='ltr'><strong>per</strong></span> 
     </span>
     <span class='ocr_line' id='line_1_57' title="bbox 2019 1572 3569 1640; baseline 0 0"><span class='ocrx_word' id='word_1_392' title='bbox 2019 1575 2198 1640; x_wconf 91' lang='lat' dir='ltr'><strong>hunc</strong></span> <span class='ocrx_word' id='word_1_393' title='bbox 2238 1575 2504 1640; x_wconf 92' lang='lat' dir='ltr'><strong>modum</strong></span> <span class='ocrx_word' id='word_1_394' title='bbox 2546 1574 3000 1640; x_wconf 87' lang='lat' dir='ltr'><strong>intellexerunt</strong></span> <span class='ocrx_word' id='word_1_395' title='bbox 3036 1575 3324 1640; x_wconf 88' lang='lat' dir='ltr'><strong>doctores</strong></span> <span class='ocrx_word' id='word_1_396' title='bbox 3365 1572 3569 1640; x_wconf 71' lang='grc'>61361</span> 
     </span>
     <span class='ocr_line' id='line_1_58' title="bbox 2019 1680 3566 1766; baseline 0.001 -20"><span class='ocrx_word' id='word_1_397' title='bbox 2019 1682 2214 1747; x_wconf 87' lang='lat' dir='ltr'><strong>fuisse</strong></span> <span class='ocrx_word' id='word_1_398' title='bbox 2245 1682 2456 1747; x_wconf 83' lang='grc'>1111116</span> <span class='ocrx_word' id='word_1_399' title='bbox 2492 1682 2702 1766; x_wconf 90' lang='lat' dir='ltr'><strong>primo</strong></span> <span class='ocrx_word' id='word_1_400' title='bbox 2730 1680 2966 1760; x_wconf 89' lang='lat' dir='ltr'><strong>triduo,</strong></span> <span class='ocrx_word' id='word_1_401' title='bbox 2998 1685 3061 1745; x_wconf 86' lang='lat' dir='ltr'><strong>et</strong></span> <span class='ocrx_word' id='word_1_402' title='bbox 3094 1685 3430 1764; x_wconf 89' lang='lat' dir='ltr'><strong>propterea</strong></span> <span class='ocrx_word' id='word_1_403' title='bbox 3454 1699 3566 1747; x_wconf 89' lang='lat' dir='ltr'><strong>ra-</strong></span> 
     </span>
     <span class='ocr_line' id='line_1_59' title="bbox 2022 1788 3567 1873; baseline 0.002 -21"><span class='ocrx_word' id='word_1_404' title='bbox 2022 1790 2229 1855; x_wconf 87' lang='lat' dir='ltr'><strong>tiones</strong></span> <span class='ocrx_word' id='word_1_405' title='bbox 2253 1788 2433 1873; x_wconf 86' lang='lat' dir='ltr'><strong>prius</strong></span> <span class='ocrx_word' id='word_1_406' title='bbox 2457 1789 2734 1854; x_wconf 79' lang='lat' dir='ltr'><strong>inductae</strong></span> <span class='ocrx_word' id='word_1_407' title='bbox 2760 1788 2839 1854; x_wconf 88' lang='lat' dir='ltr'><strong>de</strong></span> <span class='ocrx_word' id='word_1_408' title='bbox 2863 1788 3141 1853; x_wconf 86' lang='lat' dir='ltr'><strong>naturali</strong></span> <span class='ocrx_word' id='word_1_409' title='bbox 3167 1791 3470 1871; x_wconf 84' lang='lat' dir='ltr'><strong>potestate</strong></span> <span class='ocrx_word' id='word_1_410' title='bbox 3495 1789 3567 1855; x_wconf 90' lang='lat' dir='ltr'><strong>in</strong></span> 
     </span>
     <span class='ocr_line' id='line_1_60' title="bbox 2023 1896 3566 1963; baseline 0.001 -1"><span class='ocrx_word' id='word_1_411' title='bbox 2023 1897 2204 1962; x_wconf 92' lang='lat' dir='ltr'><strong>nullo</strong></span> <span class='ocrx_word' id='word_1_412' title='bbox 2238 1915 2349 1962; x_wconf 92' lang='lat' dir='ltr'><strong>eos</strong></span> <span class='ocrx_word' id='word_1_413' title='bbox 2385 1898 2652 1963; x_wconf 79' lang='grc'>13111161.</span> <span class='ocrx_word' id='word_1_414' title='bbox 2684 1897 3109 1962; x_wconf 80' lang='lat' dir='ltr'><strong>Auctoritates</strong></span> <span class='ocrx_word' id='word_1_415' title='bbox 3142 1896 3334 1962; x_wconf 88' lang='lat' dir='ltr'><strong>etiam</strong></span> <span class='ocrx_word' id='word_1_416' title='bbox 3370 1914 3566 1963; x_wconf 80' lang='lat' dir='ltr'><strong>sacrae</strong></span> 
     </span>
     <span class='ocr_line' id='line_1_61' title="bbox 2021 2005 3565 2088; baseline 0.001 -18"><span class='ocrx_word' id='word_1_417' title='bbox 2021 2005 2369 2088; x_wconf 82' lang='lat' dir='ltr'><strong>Scripturae</strong></span> <span class='ocrx_word' id='word_1_418' title='bbox 2395 2023 2529 2070; x_wconf 90' lang='lat' dir='ltr'><strong>non</strong></span> <span class='ocrx_word' id='word_1_419' title='bbox 2561 2006 2853 2071; x_wconf 86' lang='lat' dir='ltr'><strong>videntur</strong></span> <span class='ocrx_word' id='word_1_420' title='bbox 2881 2005 3214 2070; x_wconf 65' lang='lat' dir='ltr'><strong>contrariae</strong></span> <span class='ocrx_word' id='word_1_421' title='bbox 3227 2054 3246 2085; x_wconf 92' lang='lat'><strong>,</strong></span> <span class='ocrx_word' id='word_1_422' title='bbox 3279 2006 3435 2088; x_wconf 76' lang='lat' dir='ltr'><strong>quia</strong></span> <span class='ocrx_word' id='word_1_423' title='bbox 3458 2007 3565 2072; x_wconf 90' lang='lat' dir='ltr'><strong>di-</strong></span> 
     </span>
     <span class='ocr_line' id='line_1_62' title="bbox 2019 2113 3564 2196; baseline -0.001 -16"><span class='ocrx_word' id='word_1_424' title='bbox 2019 2114 2183 2180; x_wconf 87' lang='lat' dir='ltr'><strong>visio</strong></span> <span class='ocrx_word' id='word_1_425' title='bbox 2233 2114 2343 2179; x_wconf 90' lang='lat' dir='ltr'><strong>illa</strong></span> <span class='ocrx_word' id='word_1_426' title='bbox 2386 2114 2549 2179; x_wconf 90' lang='grc'>111615</span> <span class='ocrx_word' id='word_1_427' title='bbox 2591 2134 2629 2179; x_wconf 96' lang='grc'><strong>6</strong></span> <span class='ocrx_word' id='word_1_428' title='bbox 2673 2114 2951 2178; x_wconf 86' lang='lat' dir='ltr'><strong>tenebris</strong></span> <span class='ocrx_word' id='word_1_429' title='bbox 2986 2125 3134 2177; x_wconf 81' lang='lat' dir='ltr'><strong>&#39;non</strong></span> <span class='ocrx_word' id='word_1_430' title='bbox 3180 2113 3564 2196; x_wconf 78' lang='lat' dir='ltr'><strong>intelligitur</strong></span> 
     </span>
     <span class='ocr_line' id='line_1_63' title="bbox 2018 2220 3562 2305; baseline 0.001 -18"><span class='ocrx_word' id='word_1_431' title='bbox 2018 2225 2335 2305; x_wconf 84' lang='lat' dir='ltr'><strong>quantum</strong></span> <span class='ocrx_word' id='word_1_432' title='bbox 2357 2222 2438 2287; x_wconf 88' lang='lat' dir='ltr'><strong>ad</strong></span> <span class='ocrx_word' id='word_1_433' title='bbox 2463 2222 2658 2286; x_wconf 88' lang='lat' dir='ltr'><strong>situm</strong></span> <span class='ocrx_word' id='word_1_434' title='bbox 2681 2220 2975 2297; x_wconf 83' lang='lat' dir='ltr'><strong>localem,</strong></span> <span class='ocrx_word' id='word_1_435' title='bbox 3004 2221 3114 2285; x_wconf 91' lang='lat' dir='ltr'><strong>sed</strong></span> <span class='ocrx_word' id='word_1_436' title='bbox 3139 2224 3457 2303; x_wconf 84' lang='lat' dir='ltr'><strong>quantum</strong></span> <span class='ocrx_word' id='word_1_437' title='bbox 3479 2223 3562 2288; x_wconf 88' lang='lat' dir='ltr'><strong>ad</strong></span> 
     </span>
     <span class='ocr_line' id='line_1_64' title="bbox 2016 2327 3561 2412; baseline 0 -17"><span class='ocrx_word' id='word_1_438' title='bbox 2016 2330 2485 2395; x_wconf 88' lang='lat' dir='ltr'><strong>distinctionem</strong></span> <span class='ocrx_word' id='word_1_439' title='bbox 2525 2329 2858 2393; x_wconf 88' lang='lat' dir='ltr'><strong>formalem</strong></span> <span class='ocrx_word' id='word_1_440' title='bbox 2876 2377 2895 2408; x_wconf 87' lang='lat'><strong>,</strong></span> <span class='ocrx_word' id='word_1_441' title='bbox 2938 2327 3104 2392; x_wconf 89' lang='lat' dir='ltr'><strong>sicut</strong></span> <span class='ocrx_word' id='word_1_442' title='bbox 3143 2328 3561 2412; x_wconf 80' lang='lat' dir='ltr'><strong>distinguitur</strong></span> 
     </span>
     <span class='ocr_line' id='line_1_65' title="bbox 2015 2436 3563 2520; baseline 0.001 -18"><span class='ocrx_word' id='word_1_443' title='bbox 2015 2438 2272 2503; x_wconf 87' lang='lat' dir='ltr'><strong>habitus</strong></span> <span class='ocrx_word' id='word_1_444' title='bbox 2312 2457 2353 2502; x_wconf 89' lang='lat' dir='ltr'><strong>a</strong></span> <span class='ocrx_word' id='word_1_445' title='bbox 2397 2456 2515 2503; x_wconf 88' lang='lat' dir='ltr'><strong>sua</strong></span> <span class='ocrx_word' id='word_1_446' title='bbox 2567 2436 2943 2520; x_wconf 86' lang='lat' dir='ltr'><strong>privatione.</strong></span> <span class='ocrx_word' id='word_1_447' title='bbox 2991 2436 3071 2500; x_wconf 89' lang='lat' dir='ltr'><strong>Et</strong></span> <span class='ocrx_word' id='word_1_448' title='bbox 3114 2437 3268 2519; x_wconf 86' lang='lat' dir='ltr'><strong>quia</strong></span> <span class='ocrx_word' id='word_1_449' title='bbox 3309 2438 3390 2502; x_wconf 89' lang='lat' dir='ltr'><strong>ab</strong></span> <span class='ocrx_word' id='word_1_450' title='bbox 3438 2438 3563 2504; x_wconf 90' lang='lat' dir='ltr'><strong>hoc</strong></span> 
     </span>
     <span class='ocr_line' id='line_1_66' title="bbox 2014 2544 3561 2627; baseline 0.002 -19"><span class='ocrx_word' id='word_1_451' title='bbox 2014 2544 2242 2608; x_wconf 89' lang='lat' dir='ltr'><strong>habitu</strong></span> <span class='ocrx_word' id='word_1_452' title='bbox 2266 2545 2334 2608; x_wconf 92' lang='lat' dir='ltr'><strong>in</strong></span> <span class='ocrx_word' id='word_1_453' title='bbox 2360 2544 2785 2627; x_wconf 88' lang='lat' dir='ltr'><strong>privationem</strong></span> <span class='ocrx_word' id='word_1_454' title='bbox 2799 2592 2817 2623; x_wconf 93' lang='lat'><strong>,</strong></span> <span class='ocrx_word' id='word_1_455' title='bbox 2849 2546 2913 2607; x_wconf 86' lang='lat' dir='ltr'><strong>et</strong></span> <span class='ocrx_word' id='word_1_456' title='bbox 2943 2561 3275 2626; x_wconf 88' lang='lat' dir='ltr'><strong>processus</strong></span> <span class='ocrx_word' id='word_1_457' title='bbox 3302 2549 3467 2624; x_wconf 87' lang='lat' dir='ltr'><strong>erat,</strong></span> <span class='ocrx_word' id='word_1_458' title='bbox 3497 2551 3561 2611; x_wconf 89' lang='grc'><strong>61</strong></span> 
     </span>
     <span class='ocr_line' id='line_1_67' title="bbox 2013 2650 3563 2735; baseline 0.001 -19"><span class='ocrx_word' id='word_1_459' title='bbox 2013 2670 2377 2733; x_wconf 84' lang='lat' dir='ltr'><strong>regressus3</strong></span> <span class='ocrx_word' id='word_1_460' title='bbox 2420 2655 2738 2735; x_wconf 86' lang='lat' dir='ltr'><strong>quantum</strong></span> <span class='ocrx_word' id='word_1_461' title='bbox 2762 2650 2843 2714; x_wconf 90' lang='lat' dir='ltr'><strong>ad</strong></span> <span class='ocrx_word' id='word_1_462' title='bbox 2872 2669 3241 2733; x_wconf 83' lang='lat' dir='ltr'><strong>regressum</strong></span> <span class='ocrx_word' id='word_1_463' title='bbox 3270 2652 3339 2717; x_wconf 91' lang='lat' dir='ltr'><strong>in</strong></span> <span class='ocrx_word' id='word_1_464' title='bbox 3368 2654 3563 2719; x_wconf 87' lang='lat' dir='ltr'><strong>habi-·</strong></span> 
     </span>
     <span class='ocr_line' id='line_1_68' title="bbox 2013 2758 3558 2842; baseline 0.002 -18"><span class='ocrx_word' id='word_1_465' title='bbox 2013 2763 2156 2825; x_wconf 89' lang='lat' dir='ltr'><strong>tum</strong></span> <span class='ocrx_word' id='word_1_466' title='bbox 2181 2760 2412 2825; x_wconf 87' lang='lat' dir='ltr'><strong>dicitur</strong></span> <span class='ocrx_word' id='word_1_467' title='bbox 2444 2759 2660 2823; x_wconf 87' lang='lat' dir='ltr'><strong>fecisse</strong></span> <span class='ocrx_word' id='word_1_468' title='bbox 2690 2776 2910 2839; x_wconf 89' lang='lat' dir='ltr'><strong>mane,</strong></span> <span class='ocrx_word' id='word_1_469' title='bbox 2940 2758 3113 2842; x_wconf 85' lang='lat' dir='ltr'><strong>quod</strong></span> <span class='ocrx_word' id='word_1_470' title='bbox 3138 2759 3403 2842; x_wconf 84' lang='lat' dir='ltr'><strong>quidem</strong></span> <span class='ocrx_word' id='word_1_471' title='bbox 3435 2762 3558 2827; x_wconf 87' lang='lat' dir='ltr'><strong>fle-</strong></span> 
     </span>
     <span class='ocr_line' id='line_1_69' title="bbox 2012 2865 3559 2949; baseline 0.003 -17"><span class='ocrx_word' id='word_1_472' title='bbox 2012 2866 2124 2932; x_wconf 89' lang='lat' dir='ltr'><strong>bat</strong></span> <span class='ocrx_word' id='word_1_473' title='bbox 2156 2865 2484 2931; x_wconf 90' lang='lat' dir='ltr'><strong>radiorum</strong></span> <span class='ocrx_word' id='word_1_474' title='bbox 2520 2865 2893 2946; x_wconf 78' lang='lat' dir='ltr'><strong>emission03</strong></span> <span class='ocrx_word' id='word_1_475' title='bbox 2939 2871 3256 2949; x_wconf 87' lang='lat' dir='ltr'><strong>quantum</strong></span> <span class='ocrx_word' id='word_1_476' title='bbox 3287 2886 3443 2934; x_wconf 90' lang='lat' dir='ltr'><strong>vero</strong></span> <span class='ocrx_word' id='word_1_477' title='bbox 3477 2871 3559 2936; x_wconf 89' lang='lat' dir='ltr'><strong>ad</strong></span> 
     </span>
     <span class='ocr_line' id='line_1_70' title="bbox 2012 2972 3557 3059; baseline 0.002 -20"><span class='ocrx_word' id='word_1_478' title='bbox 2012 2991 2429 3059; x_wconf 82' lang='lat' dir='ltr'><strong>progressum</strong></span> <span class='ocrx_word' id='word_1_479' title='bbox 2471 2974 2541 3037; x_wconf 92' lang='lat' dir='ltr'><strong>in</strong></span> <span class='ocrx_word' id='word_1_480' title='bbox 2584 2974 3009 3057; x_wconf 83' lang='lat' dir='ltr'><strong>privationem</strong></span> <span class='ocrx_word' id='word_1_481' title='bbox 3053 2972 3287 3039; x_wconf 89' lang='lat' dir='ltr'><strong>dicitur</strong></span> <span class='ocrx_word' id='word_1_482' title='bbox 3332 2975 3557 3042; x_wconf 86' lang='lat' dir='ltr'><strong>fecisse</strong></span> 
     </span>
     <span class='ocr_line' id='line_1_71' title="bbox 2012 3081 3559 3166; baseline 0.001 -17"><span class='ocrx_word' id='word_1_483' title='bbox 2012 3100 2368 3166; x_wconf 89' lang='lat' dir='ltr'><strong>vesperam,</strong></span> <span class='ocrx_word' id='word_1_484' title='bbox 2388 3082 2563 3165; x_wconf 87' lang='lat' dir='ltr'><strong>quod</strong></span> <span class='ocrx_word' id='word_1_485' title='bbox 2579 3081 2841 3166; x_wconf 80' lang='lat' dir='ltr'><strong>quidem</strong></span> <span class='ocrx_word' id='word_1_486' title='bbox 2858 3082 3049 3147; x_wconf 87' lang='lat' dir='ltr'><strong>flebat</strong></span> <span class='ocrx_word' id='word_1_487' title='bbox 3064 3081 3395 3148; x_wconf 88' lang='lat' dir='ltr'><strong>radiorum</strong></span> <span class='ocrx_word' id='word_1_488' title='bbox 3414 3102 3559 3150; x_wconf 89' lang='lat' dir='ltr'><strong>con-</strong></span> 
     </span>
    </p>
   </div>
   <div class='ocr_carea' id='block_1_15' title="bbox 2010 3190 3796 3283">
    <p class='ocr_par' dir='ltr' id='par_1_17' title="bbox 2010 3190 3796 3283">
     <span class='ocr_line' id='line_1_72' title="bbox 2010 3190 3796 3283; baseline 0.003 -28"><span class='ocrx_word' id='word_1_489' title='bbox 2010 3191 2336 3256; x_wconf 82' lang='lat' dir='ltr'><strong>tractione.</strong></span> <span class='ocrx_word' id='word_1_490' title='bbox 2383 3190 2564 3255; x_wconf 84' lang='lat' dir='ltr'><strong>Alius</strong></span> <span class='ocrx_word' id='word_1_491' title='bbox 2620 3191 2849 3256; x_wconf 84' lang='lat' dir='ltr'><strong>modus</strong></span> <span class='ocrx_word' id='word_1_492' title='bbox 2901 3190 3151 3255; x_wconf 86' lang='lat' dir='ltr'><strong>dicendi</strong></span> <span class='ocrx_word' id='word_1_493' title='bbox 3203 3191 3557 3257; x_wconf 89' lang='lat' dir='ltr'><strong>secundum</strong></span> <span class='ocrx_word' id='word_1_494' title='bbox 3583 3222 3714 3283; x_wconf 62' lang='lat'><strong>0930,</strong></span> <span class='ocrx_word' id='word_1_495' title='bbox 3751 3229 3796 3270; x_wconf 75' lang='lat'><strong>2,</strong></span> 
     </span>
    </p>
   </div>
   <div class='ocr_carea' id='block_1_16' title="bbox 2005 3298 3556 4996">
    <p class='ocr_par' dir='ltr' id='par_1_18' title="bbox 2005 3298 3556 4996">
     <span class='ocr_line' id='line_1_73' title="bbox 2008 3298 3556 3381; baseline 0.001 -18"><span class='ocrx_word' id='word_1_496' title='bbox 2008 3299 2239 3364; x_wconf 90' lang='lat' dir='ltr'><strong>latinos</strong></span> <span class='ocrx_word' id='word_1_497' title='bbox 2259 3300 2550 3363; x_wconf 87' lang='lat' dir='ltr'><strong>doctores</strong></span> <span class='ocrx_word' id='word_1_498' title='bbox 2564 3346 2582 3377; x_wconf 88' lang='lat'><strong>,</strong></span> <span class='ocrx_word' id='word_1_499' title='bbox 2613 3299 2728 3381; x_wconf 83' lang='lat' dir='ltr'><strong>qui</strong></span> <span class='ocrx_word' id='word_1_500' title='bbox 2758 3298 3016 3363; x_wconf 86' lang='lat' dir='ltr'><strong>videtur</strong></span> <span class='ocrx_word' id='word_1_501' title='bbox 3040 3316 3176 3362; x_wconf 91' lang='grc'>6556</span> <span class='ocrx_word' id='word_1_502' title='bbox 3205 3298 3556 3364; x_wconf 89' lang='lat' dir='ltr'><strong>rationabi—</strong></span> 
     </span>
     <span class='ocr_line' id='line_1_74' title="bbox 2008 3405 3555 3491; baseline 0.002 -20"><span class='ocrx_word' id='word_1_503' title='bbox 2008 3407 2150 3488; x_wconf 89' lang='lat' dir='ltr'><strong>lior,</strong></span> <span class='ocrx_word' id='word_1_504' title='bbox 2169 3408 2325 3491; x_wconf 84' lang='lat' dir='ltr'><strong>quia</strong></span> <span class='ocrx_word' id='word_1_505' title='bbox 2339 3407 2565 3473; x_wconf 89' lang='lat' dir='ltr'><strong>virtuti</strong></span> <span class='ocrx_word' id='word_1_506' title='bbox 2579 3405 2855 3471; x_wconf 88' lang='lat' dir='ltr'><strong>naturali</strong></span> <span class='ocrx_word' id='word_1_507' title='bbox 2871 3405 3247 3489; x_wconf 86' lang='lat' dir='ltr'><strong>possibilior,</strong></span> <span class='ocrx_word' id='word_1_508' title='bbox 3270 3414 3363 3471; x_wconf 87' lang='lat' dir='ltr'><strong>est</strong></span> <span class='ocrx_word' id='word_1_509' title='bbox 3381 3409 3555 3491; x_wconf 88' lang='lat' dir='ltr'><strong>quod</strong></span> 
     </span>
     <span class='ocr_line' id='line_1_75' title="bbox 2007 3514 3548 3597; baseline 0.001 -19"><span class='ocrx_word' id='word_1_510' title='bbox 2007 3514 2127 3579; x_wconf 88' lang='lat' dir='ltr'><strong>lux</strong></span> <span class='ocrx_word' id='word_1_511' title='bbox 2155 3515 2265 3579; x_wconf 82' lang='lat' dir='ltr'><strong>illa</strong></span> <span class='ocrx_word' id='word_1_512' title='bbox 2297 3520 2552 3580; x_wconf 87' lang='lat' dir='ltr'><strong>noctem</strong></span> <span class='ocrx_word' id='word_1_513' title='bbox 2587 3518 2651 3579; x_wconf 91' lang='lat' dir='ltr'><strong>et</strong></span> <span class='ocrx_word' id='word_1_514' title='bbox 2676 3514 2847 3579; x_wconf 88' lang='lat' dir='ltr'><strong>diem</strong></span> <span class='ocrx_word' id='word_1_515' title='bbox 2881 3514 3144 3578; x_wconf 82' lang='lat' dir='ltr'><strong>faciebat</strong></span> <span class='ocrx_word' id='word_1_516' title='bbox 3180 3532 3298 3578; x_wconf 92' lang='lat' dir='ltr'><strong>suo</strong></span> <span class='ocrx_word' id='word_1_517' title='bbox 3334 3519 3548 3597; x_wconf 89' lang='lat' dir='ltr'><strong>motu,</strong></span> 
     </span>
     <span class='ocr_line' id='line_1_76' title="bbox 2008 3617 3551 3703; baseline 0.001 -17"><span class='ocrx_word' id='word_1_518' title='bbox 2008 3623 2173 3686; x_wconf 86' lang='lat' dir='ltr'><strong>sicut</strong></span> <span class='ocrx_word' id='word_1_519' title='bbox 2190 3621 2297 3687; x_wconf 90' lang='lat' dir='ltr'><strong>Sol</strong></span> <span class='ocrx_word' id='word_1_520' title='bbox 2332 3641 2448 3687; x_wconf 89' lang='grc'>5116</span> <span class='ocrx_word' id='word_1_521' title='bbox 2483 3621 2629 3686; x_wconf 85' lang='lat' dir='ltr'><strong>facit</strong></span> <span class='ocrx_word' id='word_1_522' title='bbox 2660 3621 2930 3685; x_wconf 89' lang='lat' dir='ltr'><strong>actione.</strong></span> <span class='ocrx_word' id='word_1_523' title='bbox 2964 3617 3355 3703; x_wconf 80' lang='lat' dir='ltr'><strong>Intelligitur</strong></span> <span class='ocrx_word' id='word_1_524' title='bbox 3376 3624 3551 3687; x_wconf 90' lang='grc'>66161</span> 
     </span>
     <span class='ocr_line' id='line_1_77' title="bbox 2007 3728 3552 3810; baseline 0 -14"><span class='ocrx_word' id='word_1_525' title='bbox 2007 3732 2126 3796; x_wconf 82' lang='lat' dir='ltr'><strong>lux</strong></span> <span class='ocrx_word' id='word_1_526' title='bbox 2149 3731 2258 3795; x_wconf 91' lang='lat' dir='ltr'><strong>illa</strong></span> <span class='ocrx_word' id='word_1_527' title='bbox 2290 3732 2452 3795; x_wconf 87' lang='lat' dir='ltr'><strong>facta</strong></span> <span class='ocrx_word' id='word_1_528' title='bbox 2485 3731 2699 3810; x_wconf 86' lang='lat' dir='ltr'><strong>fuisse,</strong></span> <span class='ocrx_word' id='word_1_529' title='bbox 2736 3730 2850 3794; x_wconf 91' lang='lat' dir='ltr'><strong>ubi</strong></span> <span class='ocrx_word' id='word_1_530' title='bbox 2886 3748 3062 3794; x_wconf 92' lang='lat' dir='ltr'><strong>nunc</strong></span> <span class='ocrx_word' id='word_1_531' title='bbox 3085 3734 3183 3794; x_wconf 83' lang='lat' dir='ltr'><strong>est</strong></span> <span class='ocrx_word' id='word_1_532' title='bbox 3217 3728 3369 3795; x_wconf 87' lang='lat' dir='ltr'><strong>Sol:</strong></span> <span class='ocrx_word' id='word_1_533' title='bbox 3398 3749 3552 3796; x_wconf 87' lang='lat' dir='ltr'><strong>nam</strong></span> 
     </span>
     <span class='ocr_line' id='line_1_78' title="bbox 2008 3834 3554 3921; baseline 0 -17"><span class='ocrx_word' id='word_1_534' title='bbox 2008 3859 2091 3904; x_wconf 81' lang='lat' dir='ltr'><strong>ex</strong></span> <span class='ocrx_word' id='word_1_535' title='bbox 2116 3840 2224 3905; x_wconf 91' lang='lat' dir='ltr'><strong>lila</strong></span> <span class='ocrx_word' id='word_1_536' title='bbox 2250 3839 2560 3904; x_wconf 87' lang='lat' dir='ltr'><strong>formatus</strong></span> <span class='ocrx_word' id='word_1_537' title='bbox 2590 3837 2870 3903; x_wconf 75' lang='lat' dir='ltr'><strong>creditur</strong></span> <span class='ocrx_word' id='word_1_538' title='bbox 2897 3855 3032 3902; x_wconf 87' lang='lat' dir='ltr'><strong>esse</strong></span> <span class='ocrx_word' id='word_1_539' title='bbox 3059 3834 3166 3901; x_wconf 89' lang='lat' dir='ltr'><strong>Sol</strong></span> <span class='ocrx_word' id='word_1_540' title='bbox 3199 3858 3214 3899; x_wconf 74' lang='grc' dir='ltr'><strong><em>ε</em></strong></span> <span class='ocrx_word' id='word_1_541' title='bbox 3244 3839 3554 3921; x_wconf 87' lang='lat' dir='ltr'><strong>producta</strong></span> 
     </span>
     <span class='ocr_line' id='line_1_79' title="bbox 2008 3945 3552 4027; baseline -0.001 -18"><span class='ocrx_word' id='word_1_542' title='bbox 2008 3948 2227 4009; x_wconf 91' lang='lat' dir='ltr'><strong>autem</strong></span> <span class='ocrx_word' id='word_1_543' title='bbox 2261 3945 2384 4009; x_wconf 89' lang='lat' dir='ltr'><strong>fuit</strong></span> <span class='ocrx_word' id='word_1_544' title='bbox 2410 3962 2606 4027; x_wconf 89' lang='lat' dir='ltr'><strong>super</strong></span> <span class='ocrx_word' id='word_1_545' title='bbox 2632 3962 2774 4008; x_wconf 91' lang='lat' dir='ltr'><strong>eam</strong></span> <span class='ocrx_word' id='word_1_546' title='bbox 2812 3947 3092 4027; x_wconf 86' lang='lat' dir='ltr'><strong>partem,</strong></span> <span class='ocrx_word' id='word_1_547' title='bbox 3130 3961 3325 4027; x_wconf 90' lang='lat' dir='ltr'><strong>supra</strong></span> <span class='ocrx_word' id='word_1_548' title='bbox 3353 3962 3552 4027; x_wconf 87' lang='lat' dir='ltr'><strong>quam</strong></span> 
     </span>
     <span class='ocr_line' id='line_1_80' title="bbox 2007 4051 3551 4134; baseline -0.001 -18"><span class='ocrx_word' id='word_1_549' title='bbox 2007 4057 2302 4117; x_wconf 89' lang='lat' dir='ltr'><strong>nostrum</strong></span> <span class='ocrx_word' id='word_1_550' title='bbox 2328 4057 2424 4117; x_wconf 85' lang='grc'><strong>651</strong></span> <span class='ocrx_word' id='word_1_551' title='bbox 2456 4051 3019 4134; x_wconf 74' lang='lat' dir='ltr'><strong>hemisphaerium,</strong></span> <span class='ocrx_word' id='word_1_552' title='bbox 3050 4055 3114 4117; x_wconf 89' lang='lat' dir='ltr'><strong>et</strong></span> <span class='ocrx_word' id='word_1_553' title='bbox 3151 4051 3311 4119; x_wconf 90' lang='lat' dir='ltr'><strong>illud</strong></span> <span class='ocrx_word' id='word_1_554' title='bbox 3334 4051 3551 4117; x_wconf 88' lang='lat' dir='ltr'><strong>hemi-</strong></span> 
     </span>
     <span class='ocr_line' id='line_1_81' title="bbox 2007 4159 3549 4244; baseline 0 -20"><span class='ocrx_word' id='word_1_555' title='bbox 2007 4160 2363 4244; x_wconf 82' lang='lat' dir='ltr'><strong>sphaerium</strong></span> <span class='ocrx_word' id='word_1_556' title='bbox 2400 4159 2826 4225; x_wconf 91' lang='lat' dir='ltr'><strong>illuminando</strong></span> <span class='ocrx_word' id='word_1_557' title='bbox 2865 4159 3012 4224; x_wconf 90' lang='lat' dir='ltr'><strong>fecit</strong></span> <span class='ocrx_word' id='word_1_558' title='bbox 3050 4159 3255 4239; x_wconf 90' lang='lat' dir='ltr'><strong>diem;</strong></span> <span class='ocrx_word' id='word_1_559' title='bbox 3289 4164 3355 4224; x_wconf 89' lang='lat' dir='ltr'><strong>et</strong></span> <span class='ocrx_word' id='word_1_560' title='bbox 3394 4178 3549 4242; x_wconf 90' lang='lat' dir='ltr'><strong>pro-</strong></span> 
     </span>
     <span class='ocr_line' id='line_1_82' title="bbox 2007 4265 3547 4349; baseline -0.001 -17"><span class='ocrx_word' id='word_1_561' title='bbox 2007 4268 2305 4349; x_wconf 85' lang='lat' dir='ltr'><strong>grediens</strong></span> <span class='ocrx_word' id='word_1_562' title='bbox 2339 4268 2629 4349; x_wconf 89' lang='lat' dir='ltr'><strong>pervenit</strong></span> <span class='ocrx_word' id='word_1_563' title='bbox 2653 4267 2735 4331; x_wconf 90' lang='lat' dir='ltr'><strong>ad</strong></span> <span class='ocrx_word' id='word_1_564' title='bbox 2760 4284 3057 4331; x_wconf 87' lang='lat' dir='ltr'><strong>occasum</strong></span> <span class='ocrx_word' id='word_1_565' title='bbox 3074 4314 3093 4346; x_wconf 94' lang='lat'><strong>,</strong></span> <span class='ocrx_word' id='word_1_566' title='bbox 3125 4268 3188 4329; x_wconf 90' lang='lat' dir='ltr'><strong>et</strong></span> <span class='ocrx_word' id='word_1_567' title='bbox 3222 4265 3369 4330; x_wconf 85' lang='lat' dir='ltr'><strong>fecit</strong></span> <span class='ocrx_word' id='word_1_568' title='bbox 3397 4284 3547 4332; x_wconf 88' lang='lat' dir='ltr'><strong>ves-</strong></span> 
     </span>
     <span class='ocr_line' id='line_1_83' title="bbox 2006 4375 3548 4460; baseline 0 -20"><span class='ocrx_word' id='word_1_569' title='bbox 2006 4395 2191 4460; x_wconf 89' lang='lat' dir='ltr'><strong>pere;</strong></span> <span class='ocrx_word' id='word_1_570' title='bbox 2234 4380 2300 4440; x_wconf 93' lang='lat' dir='ltr'><strong>et</strong></span> <span class='ocrx_word' id='word_1_571' title='bbox 2340 4381 2482 4460; x_wconf 87' lang='lat' dir='ltr'><strong>post</strong></span> <span class='ocrx_word' id='word_1_572' title='bbox 2526 4376 2755 4442; x_wconf 88' lang='lat' dir='ltr'><strong>deinde</strong></span> <span class='ocrx_word' id='word_1_573' title='bbox 2798 4375 3168 4458; x_wconf 80' lang='lat' dir='ltr'><strong>regrediens</strong></span> <span class='ocrx_word' id='word_1_574' title='bbox 3208 4375 3289 4440; x_wconf 90' lang='lat' dir='ltr'><strong>ad</strong></span> <span class='ocrx_word' id='word_1_575' title='bbox 3332 4379 3548 4440; x_wconf 89' lang='lat' dir='ltr'><strong>ortum</strong></span> 
     </span>
     <span class='ocr_line' id='line_1_84' title="bbox 2005 4482 3550 4567; baseline 0 -20"><span class='ocrx_word' id='word_1_576' title='bbox 2005 4482 2153 4547; x_wconf 84' lang='lat' dir='ltr'><strong>fecit</strong></span> <span class='ocrx_word' id='word_1_577' title='bbox 2185 4501 2393 4548; x_wconf 88' lang='lat' dir='ltr'><strong>mane.</strong></span> <span class='ocrx_word' id='word_1_578' title='bbox 2425 4482 2602 4548; x_wconf 90' lang='lat' dir='ltr'><strong>Unde</strong></span> <span class='ocrx_word' id='word_1_579' title='bbox 2626 4487 2918 4567; x_wconf 85' lang='lat' dir='ltr'><strong>respectu</strong></span> <span class='ocrx_word' id='word_1_580' title='bbox 2954 4483 3149 4547; x_wconf 89' lang='lat' dir='ltr'><strong>unius</strong></span> <span class='ocrx_word' id='word_1_581' title='bbox 3175 4485 3238 4546; x_wconf 87' lang='lat' dir='ltr'><strong>et</strong></span> <span class='ocrx_word' id='word_1_582' title='bbox 3263 4483 3550 4564; x_wconf 74' lang='lat' dir='ltr'><strong>eiusdem</strong></span> 
     </span>
     <span class='ocr_line' id='line_1_85' title="bbox 2005 4590 3549 4674; baseline 0.001 -20"><span class='ocrx_word' id='word_1_583' title='bbox 2005 4590 2445 4674; x_wconf 65' lang='lat' dir='ltr'><strong>hemisphaerii</strong></span> <span class='ocrx_word' id='word_1_584' title='bbox 2486 4595 2738 4656; x_wconf 86' lang='lat' dir='ltr'><strong>noctem</strong></span> <span class='ocrx_word' id='word_1_585' title='bbox 2779 4595 2843 4656; x_wconf 92' lang='lat' dir='ltr'><strong>et</strong></span> <span class='ocrx_word' id='word_1_586' title='bbox 2875 4590 3046 4655; x_wconf 88' lang='lat' dir='ltr'><strong>diem</strong></span> <span class='ocrx_word' id='word_1_587' title='bbox 3086 4590 3355 4654; x_wconf 84' lang='lat' dir='ltr'><strong>faciebat</strong></span> <span class='ocrx_word' id='word_1_588' title='bbox 3396 4607 3549 4655; x_wconf 87' lang='lat' dir='ltr'><strong>suc-</strong></span> 
     </span>
     <span class='ocr_line' id='line_1_86' title="bbox 2007 4697 3550 4783; baseline -0.001 -18"><span class='ocrx_word' id='word_1_589' title='bbox 2007 4699 2244 4765; x_wconf 88' lang='lat' dir='ltr'><strong>cessive</strong></span> <span class='ocrx_word' id='word_1_590' title='bbox 2256 4722 2273 4778; x_wconf 93' lang='lat'>;</span> <span class='ocrx_word' id='word_1_591' title='bbox 2302 4702 2597 4783; x_wconf 87' lang='lat' dir='ltr'><strong>respectu</strong></span> <span class='ocrx_word' id='word_1_592' title='bbox 2616 4718 2771 4765; x_wconf 89' lang='lat' dir='ltr'><strong>vero</strong></span> <span class='ocrx_word' id='word_1_593' title='bbox 2796 4697 3235 4781; x_wconf 62' lang='lat' dir='ltr'><strong>hemisphaerii</strong></span> <span class='ocrx_word' id='word_1_594' title='bbox 3258 4698 3461 4762; x_wconf 84' lang='lat' dir='ltr'><strong>nostri</strong></span> <span class='ocrx_word' id='word_1_595' title='bbox 3486 4702 3550 4763; x_wconf 91' lang='lat' dir='ltr'><strong>et</strong></span> 
     </span>
     <span class='ocr_line' id='line_1_87' title="bbox 2007 4805 3543 4888; baseline -0.002 -16"><span class='ocrx_word' id='word_1_596' title='bbox 2007 4807 2296 4885; x_wconf 73' lang='lat' dir='ltr'><strong>alteriue,</strong></span> <span class='ocrx_word' id='word_1_597' title='bbox 2328 4807 2524 4872; x_wconf 88' lang='lat' dir='ltr'><strong>simul</strong></span> <span class='ocrx_word' id='word_1_598' title='bbox 2556 4808 2822 4871; x_wconf 85' lang='lat' dir='ltr'><strong>faciebat</strong></span> <span class='ocrx_word' id='word_1_599' title='bbox 2852 4805 3022 4871; x_wconf 88' lang='lat' dir='ltr'><strong>diem</strong></span> <span class='ocrx_word' id='word_1_600' title='bbox 3059 4824 3142 4869; x_wconf 86' lang='lat' dir='ltr'><strong>ex</strong></span> <span class='ocrx_word' id='word_1_601' title='bbox 3167 4823 3301 4868; x_wconf 88' lang='grc'>1166</span> <span class='ocrx_word' id='word_1_602' title='bbox 3331 4807 3543 4888; x_wconf 87' lang='lat' dir='ltr'><strong>parte,</strong></span> 
     </span>
     <span class='ocr_line' id='line_1_88' title="bbox 2008 4912 3545 4996; baseline -0.003 -16"><span class='ocrx_word' id='word_1_603' title='bbox 2008 4923 2073 4980; x_wconf 86' lang='grc'><strong>61</strong></span> <span class='ocrx_word' id='word_1_604' title='bbox 2116 4919 2368 4980; x_wconf 83' lang='lat' dir='ltr'><strong>noctem</strong></span> <span class='ocrx_word' id='word_1_605' title='bbox 2413 4932 2496 4980; x_wconf 81' lang='lat' dir='ltr'><strong>ex</strong></span> <span class='ocrx_word' id='word_1_606' title='bbox 2536 4915 2782 4996; x_wconf 87' lang='lat' dir='ltr'><strong>objecto</strong></span> <span class='ocrx_word' id='word_1_607' title='bbox 2823 4912 2994 4977; x_wconf 86' lang='lat' dir='ltr'><strong>illius</strong></span> <span class='ocrx_word' id='word_1_608' title='bbox 3036 4914 3286 4976; x_wconf 70' lang='lat' dir='ltr'><strong>naturae</strong></span> <span class='ocrx_word' id='word_1_609' title='bbox 3330 4912 3545 4977; x_wconf 84' lang='grc'>(161153</span> 
     </span>
    </p>
   </div>
   <div class='ocr_carea' id='block_1_17' title="bbox 1931 5009 3549 5230">
    <p class='ocr_par' dir='ltr' id='par_1_19' title="bbox 1937 5009 3549 5216">
     <span class='ocr_line' id='line_1_89' title="bbox 1937 5009 3547 5121; baseline -0.002 -32.89"><span class='ocrx_word' id='word_1_610' title='bbox 1937 5009 2156 5121; x_wconf 65' lang='grc'>’(1113</span> <span class='ocrx_word' id='word_1_611' title='bbox 2173 5023 2393 5087; x_wconf 89' lang='lat' dir='ltr'><strong>eratin</strong></span> <span class='ocrx_word' id='word_1_612' title='bbox 2410 5022 2619 5087; x_wconf 89' lang='grc'>166(116</span> <span class='ocrx_word' id='word_1_613' title='bbox 2634 5021 2806 5086; x_wconf 87' lang='lat' dir='ltr'><strong>illius</strong></span> <span class='ocrx_word' id='word_1_614' title='bbox 2822 5020 3137 5100; x_wconf 78' lang='lat' dir='ltr'><strong>materiae3</strong></span> <span class='ocrx_word' id='word_1_615' title='bbox 3160 5039 3306 5103; x_wconf 82' lang='lat' dir='ltr'><strong>quae</strong></span> <span class='ocrx_word' id='word_1_616' title='bbox 3325 5039 3547 5105; x_wconf 85' lang='lat' dir='ltr'><strong>quam-</strong></span> 
     </span>
     <span class='ocr_line' id='line_1_90' title="bbox 1931 5124 3549 5230; baseline -0.003 -32.927"><span class='ocrx_word' id='word_1_617' title='bbox 1931 5130 1969 5230; x_wconf 61' lang='lat'><strong>3&#39;</strong></span> <span class='ocrx_word' id='word_1_618' title='bbox 1997 5124 2109 5216; x_wconf 79' lang='lat' dir='ltr'><strong>,vis</strong></span> <span class='ocrx_word' id='word_1_619' title='bbox 2132 5149 2265 5196; x_wconf 90' lang='lat' dir='ltr'><strong>non</strong></span> <span class='ocrx_word' id='word_1_620' title='bbox 2290 5135 2452 5196; x_wconf 85' lang='lat' dir='ltr'><strong>esset</strong></span> <span class='ocrx_word' id='word_1_621' title='bbox 2478 5129 2730 5195; x_wconf 89' lang='lat' dir='ltr'><strong>adhuc</strong></span> <span class='ocrx_word' id='word_1_622' title='bbox 2714 5147 2785 5193; x_wconf 89' lang='grc'><strong>16</strong></span> <span class='ocrx_word' id='word_1_623' title='bbox 2813 5129 3019 5195; x_wconf 87' lang='lat' dir='ltr'><strong>forma</strong></span> <span class='ocrx_word' id='word_1_624' title='bbox 3044 5130 3385 5213; x_wconf 83' lang='lat' dir='ltr'><strong>completa,</strong></span> <span class='ocrx_word' id='word_1_625' title='bbox 3411 5132 3549 5194; x_wconf 90' lang='lat' dir='ltr'><strong>erat</strong></span> 
     </span>
    </p>
   </div>
   <div class='ocr_carea' id='block_1_18' title="bbox 425 5234 3543 5360">
    <p class='ocr_par' dir='ltr' id='par_1_20' title="bbox 425 5234 3543 5360">
     <span class='ocr_line' id='line_1_91' title="bbox 425 5234 3543 5360; baseline -0 -18"><span class='ocrx_word' id='word_1_626' title='bbox 425 5288 605 5352; x_wconf 72' lang='lat' dir='ltr'><strong>¹Gen„</strong></span> <span class='ocrx_word' id='word_1_627' title='bbox 633 5303 673 5356; x_wconf 90' lang='lat'><strong>1,</strong></span> <span class='ocrx_word' id='word_1_628' title='bbox 694 5294 745 5342; x_wconf 80' lang='grc'><strong>5.</strong></span> <span class='ocrx_word' id='word_1_629' title='bbox 764 5291 1060 5357; x_wconf 72' lang='lat' dir='ltr'><strong>—2Basil.,</strong></span> <span class='ocrx_word' id='word_1_630' title='bbox 1088 5293 1143 5342; x_wconf 81' lang='lat' dir='ltr'><strong>in</strong></span> <span class='ocrx_word' id='word_1_631' title='bbox 1169 5234 1967 5360; x_wconf 59' lang='grc' dir='ltr'><strong>1161116111.11616111,116166.Ι</strong></span> <span class='ocrx_word' id='word_1_632' title='bbox 1933 5294 1985 5357; x_wconf 67' lang='grc' dir='ltr'><strong>ξ,</strong></span> <span class='ocrx_word' id='word_1_633' title='bbox 2075 5291 2142 5357; x_wconf 84' lang='lat' dir='ltr'><strong>(a)</strong></span> <span class='ocrx_word' id='word_1_634' title='bbox 2172 5292 2293 5343; x_wconf 76' lang='lat' dir='ltr'><strong>Coet.</strong></span> <span class='ocrx_word' id='word_1_635' title='bbox 2316 5288 2435 5342; x_wconf 75' lang='lat' dir='ltr'><strong>edit.</strong></span> <span class='ocrx_word' id='word_1_636' title='bbox 2476 5291 2647 5341; x_wconf 85' lang='lat' dir='ltr'><strong>creata</strong></span> <span class='ocrx_word' id='word_1_637' title='bbox 2686 5302 2795 5340; x_wconf 88' lang='lat' dir='ltr'><strong>non</strong></span> <span class='ocrx_word' id='word_1_638' title='bbox 2824 5287 3148 5343; x_wconf 86' lang='lat' dir='ltr'><strong>faciebat.—</strong></span> <span class='ocrx_word' id='word_1_639' title='bbox 3170 5289 3237 5357; x_wconf 85' lang='lat' dir='ltr'><strong>(b)</strong></span> <span class='ocrx_word' id='word_1_640' title='bbox 3272 5290 3394 5344; x_wconf 78' lang='lat' dir='ltr'><strong>Goee.</strong></span> <span class='ocrx_word' id='word_1_641' title='bbox 3418 5290 3543 5343; x_wconf 78' lang='lat' dir='ltr'><strong>edit.</strong></span> 
     </span>
    </p>
   </div>
   <div class='ocr_carea' id='block_1_19' title="bbox 362 5361 856 5428">
    <p class='ocr_par' dir='ltr' id='par_1_21' title="bbox 362 5361 856 5428">
     <span class='ocr_line' id='line_1_92' title="bbox 362 5361 856 5428; baseline 0.002 -14"><span class='ocrx_word' id='word_1_642' title='bbox 362 5384 425 5400; x_wconf 92' lang='lat'>—</span> <span class='ocrx_word' id='word_1_643' title='bbox 444 5361 664 5428; x_wconf 55' lang='lat' dir='ltr'><strong>meod„</strong></span> <span class='ocrx_word' id='word_1_644' title='bbox 687 5374 743 5427; x_wconf 84' lang='lat' dir='ltr'><strong>x,</strong></span> <span class='ocrx_word' id='word_1_645' title='bbox 776 5366 856 5415; x_wconf 80' lang='lat'><strong>22.</strong></span> 
     </span>
    </p>
   </div>
   <div class='ocr_carea' id='block_1_20' title="bbox 1943 5362 2768 5428">
    <p class='ocr_par' dir='ltr' id='par_1_22' title="bbox 1943 5362 2768 5428">
     <span class='ocr_line' id='line_1_93' title="bbox 1943 5362 2768 5428; baseline 0.001 -17"><span class='ocrx_word' id='word_1_646' title='bbox 1943 5404 1950 5411; x_wconf 84' lang='lat'><strong>.</strong></span> <span class='ocrx_word' id='word_1_647' title='bbox 2011 5367 2165 5416; x_wconf 81' lang='lat' dir='ltr'><strong>terra.</strong></span> <span class='ocrx_word' id='word_1_648' title='bbox 2185 5392 2238 5403; x_wconf 91' lang='lat'><em>-</em></span> <span class='ocrx_word' id='word_1_649' title='bbox 2263 5364 2318 5428; x_wconf 83' lang='lat' dir='ltr'><strong>(e)</strong></span> <span class='ocrx_word' id='word_1_650' title='bbox 2381 5362 2527 5428; x_wconf 76' lang='lat' dir='ltr'><strong>Vulq.</strong></span> <span class='ocrx_word' id='word_1_651' title='bbox 2555 5363 2768 5415; x_wconf 79' lang='lat' dir='ltr'><strong>Gessen.</strong></span> 
     </span>
    </p>
   </div>
   <div class='ocr_carea' id='block_1_21' title="bbox 1907 5392 2007 5426">
    <p class='ocr_par' dir='ltr' id='par_1_23' title="bbox 1907 5392 2007 5426">
     <span class='ocr_line' id='line_1_94' title="bbox 1907 5392 2007 5426; baseline 0 799"><span class='ocrx_word' id='word_1_652' title='bbox 1907 5392 2007 5426; x_wconf 95' lang='lat' dir='ltr'><strong> </strong></span> 
     </span>
    </p>
   </div>
  </div>
 </body>
</html>
