4125 6225
483 4543 554 4587 Ad
585 4557 690 4602 opp.

723 392 841 453 108
1869 386 2495 458 SENTENTIARUM
2533 386 2684 453 LIB.
2727 386 2778 451 1.

719 524 863 591 vult
883 522 1110 602 Deum,
1141 524 1207 587 et
1228 525 1371 606 ejus
1392 524 1692 590 mandata
1705 573 1725 607 ‚
1753 528 1818 591 et
1837 526 2116 609 gratiam
2134 526 2260 590 im-

719 647 1013 713 pugnare
1047 648 1066 692 :
1098 634 1162 695 et
1193 629 1316 696 hoc
1349 631 1541 696 modo
1577 634 1675 697 est
1715 634 1983 717 speciale
2021 632 2262 718 peccati

719 755 956 819 genus,
990 736 1227 802 scilicet
1252 743 1583 822 peccatum
1625 740 1694 805 in
1737 740 2049 826 Spiritum
2078 759 2263 807 sanc-

717 848 882 909 tum.

799 956 832 1015 1
865 955 928 1015 et
955 953 1019 1017 2.
1048 951 1129 1016 Et
1154 953 1508 1019 secundum
1540 955 1726 1019 illum
1760 956 2026 1022 modum
2048 954 2259 1039 tripli-

719 1075 860 1125 cem
883 1059 1152 1125 diversae
1171 1060 1577 1127 auctoritates
1597 1064 1950 1146 procedunt
1968 1063 2047 1129 de
2064 1064 2262 1129 obdu·

718 1167 962 1232 ratione
977 1216 997 1248 ,
1028 1186 1175 1251 quae
1209 1168 1508 1236 videntur
1543 1170 1664 1234 sibi
1702 1170 1996 1252 obviare3
2026 1171 2138 1236 sed
2161 1171 2263 1237 di-

716 1276 919 1341 versis
947 1274 1066 1341 viis
1083 1276 1434 1359 procedunt
1459 1279 1811 1343 secundum
1829 1279 2120 1344 membra
2138 1276 2262 1344 dis-

717 1382 1038 1447 tinctionIs
1063 1383 1407 1466 praedictae.
1438 1383 1926 1451 Concedendum
1956 1390 2051 1451 est
2076 1404 2256 1468 ergo,

717 1489 890 1574 quod
917 1490 1249 1555 obduratio
1275 1509 1407 1555 uno
1436 1493 1625 1557 modo
1659 1497 1754 1558 est
1777 1512 1998 1577 poena3
2027 1512 2258 1559 conce-

717 1596 999 1662 dendum
1031 1596 1478 1679 nihilominus,
1517 1602 1689 1684 quod
1729 1602 1871 1667 aliis
1916 1602 2124 1668 modis
2166 1604 2261 1667 est

718 1705 925 1787 culpa,
954 1705 1089 1771 sive
1113 1707 1437 1789 dispositio
1463 1709 1691 1791 culpae.
1775 1775 1783 1782 ,

799 1816 859 1876 3.
883 1812 983 1878 Ad
1009 1812 1165 1879 illud
1182 1832 1340 1895 ergo
1358 1816 1527 1898 quod
1543 1816 1861 1900 oincitur,
1881 1818 2054 1900 quod
2071 1836 2262 1902 poena

719 1919 945 2001 gratiae
971 1938 1105 1984 non
1128 1925 1470 2005 repugnat,
1500 1925 1563 1988 et
1589 1924 1782 1988 etiam
1812 1929 1994 1989 sonat
2019 1925 2260 2008 impas-

717 2020 1007 2093 sionem:
1040 2028 1376 2094 dicendum
1410 2031 1584 2114 quod
1621 2032 1853 2117 triplex
1887 2035 1983 2097 est
2016 2051 2208 2116 poena
2237 2054 2254 2098 ε

718 2138 815 2201 est
849 2137 1022 2201 enim
1061 2139 1357 2220 quaedam
1401 2157 1592 2222 poena
1636 2140 1910 2221 inflicta,
1958 2142 2257 2225 qut-„edam

718 2250 1069 2327 contracta,
1105 2249 1400 2331 quaedam
1424 2254 1585 2315 acta.
1617 2249 1814 2315 Poena
1838 2250 2076 2315 inflicta
2101 2252 2260 2316 sim-

718 2359 965 2442 pliciter
990 2364 1085 2425 est
1108 2361 1339 2443 passio,
1365 2366 1431 2427 et
1459 2380 1591 2427 non
1612 2381 1988 2446 repugnans
2004 2364 2254 2445 gratiae,

716 2470 793 2531 ut
815 2467 1047 2547 fameS,
1078 2467 1213 2530 sitis
1237 2470 1300 2531 et
1321 2469 1661 2550 aegritudo.
1705 2468 1904 2535 Poena
1939 2473 2259 2534 contracta

716 2578 809 2637 est
837 2575 1035 2638 fomes
1055 2580 1118 2639 et
1144 2576 1655 2658 concupiscentia
1685 2597 1702 2641 τ
1739 2579 1804 2641 et
1827 2576 1970 2641 haec
1998 2577 2259 2659 quidem

717 2679 925 2760 passio
951 2683 1077 2760 est,
1108 2683 1169 2744 et
1195 2680 1337 2745 ideo
1365 2699 1585 2763 poena,
1614 2681 1722 2746 sed
1751 2686 1971 2747 tamen
1995 2682 2261 2747 inclinat

715 2786 790 2850 ad
813 2789 1125 2851 actionem
1139 2788 1376 2852 malam
1394 2810 1411 2866 ;
1430 2791 1495 2853 et
1515 2789 1657 2853 ideo
1675 2788 1900 2871 gratiae
1913 2792 2255 2872 repugnat,

717 2910 850 2957 non
874 2899 1189 2977 quantum
1215 2878 1295 2960 ad
1321 2896 1745 2961 substantiam
1758 2945 1777 2977 ,
1805 2896 1917 2961 sed
1943 2900 2260 2980 quantum

718 3002 798 3066 ad
822 3002 1314 3068 inclinationem.
1352 3003 1551 3069 Poena
1574 3008 1714 3068 acta
1739 3008 1833 3069 est
1853 3004 2018 3068 sicut
2052 3004 2261 3069 obdu-

715 3110 876 3175 ratio
892 3160 912 3192 ,
957 3115 1020 3176 et
1061 3112 1290 3194 gratiae
1332 3112 1622 3196 expulsio
1645 3160 1663 3191 ,
1711 3117 1775 3178 et
1812 3111 1954 3176 haec
1997 3111 2260 3197 quidem

714 3237 906 3301 poena
932 3223 1046 3300 est,
1077 3220 1232 3302 quia
1264 3220 1471 3302 passio
1497 3224 1592 3285 est
1621 3242 1638 3285 t
1666 3220 1776 3285 sed
1805 3221 1961 3303 quia
1982 3239 2066 3284 ex
2091 3219 2260 3285 mala

714 3326 959 3390 actione
976 3375 995 3406 ,
1024 3326 1157 3392 sive
1191 3345 1273 3391 ex
1303 3332 1559 3409 peccato
1586 3332 1715 3407 est,
1749 3329 1813 3393 et
1833 3328 1992 3392 illud
2031 3345 2259 3392 conco-

717 3431 981 3496 mitatur
1004 3433 1536 3516 inseparabiliter,
1567 3436 1710 3500 ideo
1737 3435 2081 3518 opponitur
2106 3452 2262 3515 gra-

715 3541 859 3604 tiae:
890 3542 953 3603 et
981 3539 1070 3604 ita
1094 3544 1288 3621 patet,
1309 3542 1481 3624 quod
1499 3542 1917 3607 nihilominus
1942 3546 2036 3607 est
2061 3560 2256 3625 poena

713 3651 779 3711 et
810 3647 1040 3729 passio.
1075 3647 1381 3725 Quamvis
1402 3649 1575 3712 enim
1602 3649 1933 3731 contingat
1957 3667 2073 3732 per
2098 3667 2260 3732 pro-

715 3753 922 3835 priam
943 3753 1278 3832 actionem,
1300 3755 1720 3820 nihilominus
1742 3774 1935 3839 poena
1958 3760 2075 3836 est,
2098 3756 2261 3820 sicut

717 3863 889 3941 patet
910 3860 977 3923 in
1005 3861 1316 3941 scabioso,
1351 3861 1559 3943 quiin
1587 3863 1924 3945 scalpendo
1948 3881 2016 3927 se
2047 3863 2259 3928 delec-

715 3969 828 4045 tat,
863 3967 973 4032 sed
1002 3971 1217 4050 postea
1239 3968 1428 4033 sentit
1451 3968 1522 4032 in
1549 3986 1742 4035 carne
1767 3970 2082 4035 ardorem.

1264 4201 1620 4280 QUAESTIO
1662 4202 1741 4266 ΙΙ.

1111 4354 1207 4412 An
1234 4353 1518 4413 obduratio
1543 4359 1619 4413 sit
1644 4371 1680 4413 a
1704 4358 1813 4413 Deo
1832 4357 1873 4413 ¹.

800 4504 1030 4572 Utrum
1045 4507 1378 4572 obduratio
1402 4506 1484 4571 sit
1500 4526 1539 4573 a
1561 4507 1710 4588 Deo,
1739 4507 1875 4573 sive
1896 4506 1981 4572 sit
1995 4507 2259 4572 effectus

718 4612 828 4679 Dei
855 4614 1282 4697 reprobantis;
1312 4617 1378 4679 et
1395 4614 1566 4698 quod
1592 4615 1706 4692 sic,
1729 4615 2026 4680 videtur:
2059 4614 2259 4695 Cuius

715 4721 855 4788 vult
882 4723 1242 4801 miseretur,
1277 4726 1337 4788 et
1362 4737 1547 4804 quem
1577 4721 1713 4787 vult
1739 4721 2014 4788 indurat
2041 4726 2064 4760 ²
2094 4740 2121 4783 .-
2150 4721 2258 4785 sed

714 4828 884 4894 idem
899 4833 997 4893 est
1020 4828 1263 4912 aliquid
1285 4829 1425 4893 fleri
1448 4828 1575 4894 Deo
1594 4832 1874 4908 auctore,
1903 4831 1968 4893 et
1993 4828 2122 4894 Deo
2146 4845 2258 4894 vo-

710 4932 881 4999 lente
907 4956 921 4998 :
943 4933 996 4997 si
1015 4951 1173 5015 ergo
1198 4931 1533 4998 obduratio
1550 4936 1646 4997 est
1662 4932 1789 4998 Deo
1805 4932 2082 5013 volente,
2101 4949 2259 5014 ergo

714 5045 777 5105 et
802 5040 930 5106 Deo
956 5045 1232 5107 auctore.

773 5164 793 5200 ²
812 5166 895 5229 Cf.
917 5167 1162 5219 Alexand.
1186 5164 1405 5229 Mensis,
1432 5179 1485 5230 p.
1525 5165 1563 5230 1,
1596 5179 1648 5230 q.
1672 5176 1820 5228 xxix,
1854 5168 2049 5218 memb.
2072 5170 2101 5219 4
2122 5173 2173 5220 et
2195 5173 2222 5221 5
2235 5186 2254 5235 ;

714 5238 769 5287 S.
792 5236 993 5300 Thom.‚
1023 5238 1043 5286 l
1073 5239 1234 5301 Sent„
1263 5236 1383 5288 dist.
1406 5246 1504 5298 η,
1532 5250 1586 5300 q.
1617 5247 1690 5300 11,
1722 5241 1818 5287 art.
1844 5241 1904 5302 33
1943 5239 2255 5307 Richardus,

715 5307 735 5356 1
763 5307 925 5372 Sent„
948 5307 1186 5372 dist.x1.,
1216 5312 1310 5359 art.
1336 5311 1392 5372 3,
1413 5321 1464 5373 q.
1488 5317 1581 5372 1n;
1612 5309 1788 5373 Steph.
1815 5311 2024 5377 Bruler„
2052 5313 2071 5362 1
2096 5314 2254 5374 Sena,

713 5376 829 5430 dist.
851 5388 922 5429 11.
932 5412 951 5441 ,
977 5394 1031 5446 q.
1055 5378 1144 5431 ult.
1156 5394 1175 5443 ς
1206 5382 1387 5432 Petrus
1414 5380 1477 5431 de
1511 5381 1796 5446 Tarant.,-l
1824 5382 1982 5446 Sene„
2013 5383 2131 5437 dist.
2153 5396 2224 5437 11.
2234 5421 2253 5450 ,

2453 527 2515 586 2.
2542 520 2705 586 Item
2730 519 2965 587 ibidem
2988 524 3084 587 est
3107 520 3360 587 Glossa:
3398 542 3432 583 a
3452 520 3797 588 obduratio
3812 528 3895 590 est

2372 630 2541 695 nolle
2564 630 2850 693 misereri
2878 650 2895 693 ε
2920 649 2952 688 n
2984 632 3099 695 aut
3124 647 3281 711 ergo
3301 628 3407 693 hic
3424 633 3519 694 est
3542 628 3896 711 praedicatio

2372 756 2486 821 per
2515 756 2771 802 causam
2793 785 2812 817 ,
2843 739 2958 801 aut
2987 755 3100 820 per
3141 736 3585 801 inhaerentiam
3606 783 3625 814 ,
3654 737 3769 800 aut
3800 754 3898 820 per

2374 830 2711 910 essentiam
2748 868 2765 909 ε
2793 864 2926 910 non
2957 863 3071 928 per
3095 845 3538 910 inhaerentiam
3565 844 3672 910 vel
3699 862 3900 910 essen-

2374 952 2568 1033 tiam,
2605 953 2675 1016 in
2715 952 2843 1018 Deo
2879 952 3055 1016 enim
3095 954 3191 1016 est
3222 952 3520 1016 voluntas
3549 970 3683 1016 non
3720 951 3899 1016 mise·

2370 1059 2571 1140 rendi,
2599 1078 2718 1125 nec
2740 1064 2957 1125 tamen
2978 1058 3310 1125 obduratio
3338 1083 3354 1125 ε
3378 1078 3534 1141 ergo
3552 1062 3646 1123 est
3667 1059 3901 1125 dictum

2370 1185 2483 1249 per
2509 1186 2765 1232 causam
2792 1190 2808 1233 ε
2839 1169 2951 1232 sed
2977 1168 3142 1234 Deus
3164 1186 3299 1232 non
3321 1168 3465 1234 vult
3488 1167 3781 1231 misereri
3804 1167 3904 1232 ali·

2369 1293 2649 1358 quorum
2674 1278 2751 1341 ut
2773 1277 3212 1359 praescitorum
3229 1324 3250 1356 ,
3291 1278 3365 1340 ut
3402 1275 3554 1340 dicit
3590 1276 3903 1356 Augusti-

2368 1399 2495 1447 nus
2517 1382 2540 1417 ⁸
2570 1403 2586 1446 :
2617 1400 2776 1464 ergo
2800 1382 2883 1447 ab
2910 1383 3047 1465 ipso
3070 1386 3164 1447 est
3189 1400 3415 1447 eorum
3441 1381 3803 1446 obduratio.

2450 1492 2511 1553 3.
2541 1487 2736 1569 Item,
2764 1507 2958 1573 super
2981 1489 3138 1554 illud
3179 1488 3384 1554 Exodi
3406 1489 3429 1524 ¹·
3472 1511 3489 1553 ε
3527 1489 3660 1573 qu
3704 1489 3906 1556 indu-

2367 1596 2520 1663 rabo
2543 1611 2649 1662 cor
2667 1596 2828 1677 ejus,
2850 1597 3001 1661 dicit
3014 1598 3418 1679 Augustinus
3440 1603 3462 1637 ⁸
3486 1618 3503 1661 ι
3534 1620 3565 1659 a
3584 1596 3909 1663 Induravit

2368 1703 2533 1769 Deus
2566 1702 2965 1768 Pharaonem
2993 1707 3170 1787 justo
3208 1704 3471 1787 jndicio.
3513 1725 3546 1765 n
3590 1703 3768 1787 Ergo
3808 1722 3908 1769 se-

2367 1811 2653 1877 cundum
2680 1810 2803 1875 hoc
2840 1810 2964 1876 fuit
2989 1814 3242 1894 justum
3282 1810 3681 1876 Pharaonem
3720 1811 3912 1877 indu-

2368 1916 2496 1981 rari
2550 1940 2564 1982 :
2621 1917 2731 1983 sed
2773 1935 2965 1983 omne
2996 1921 3248 2001 justum
3291 1938 3331 1983 a
3371 1936 3632 1983 summa
3667 1916 3912 2001 justitia

2367 2028 2670 2113 procedit,
2694 2046 2845 2112 quae
2872 2027 3038 2093 Deus
3064 2032 3158 2093 est
3188 2050 3206 2094 ε
3236 2047 3417 2112 erg0,
3449 2033 3568 2094 etc.

2448 2141 2509 2201 4.
2542 2136 2702 2201 Item
2740 2137 2984 2201 ratione
3018 2135 3303 2218 videtum
3331 2136 3485 2220 quia
3510 2154 3704 2202 omne
3738 2138 3914 2221 quod

2366 2249 2463 2309 est
2487 2243 2750 2326 aliquid,
2781 2248 2876 2308 est
2901 2262 2939 2308 a
2964 2243 3123 2324 Deo;
3150 2245 3485 2310 obduratio
3505 2248 3599 2309 est
3625 2244 3869 2327 aliquid
3894 2269 3912 2312 z

2368 2370 2525 2433 ergo
2552 2351 2904 2416 secundum
2931 2351 2995 2416 id
3025 2352 3195 2435 quod
3223 2356 3339 2433 est,
3370 2355 3467 2417 est
3489 2371 3529 2417 a
3552 2353 3701 2417 De0.
3736 2352 3920 2430 Quod

2367 2460 2448 2525 sit
2474 2460 2716 2542 aliquid
2732 2507 2749 2537 ,
2775 2463 2979 2542 patet;
3011 2461 3165 2542 quia
3199 2459 3439 2524 durum
3467 2460 3621 2526 dicit
3646 2465 3920 2526 natura-

2365 2568 2495 2633 lem
2523 2569 2891 2650 potentiam,
2917 2567 3019 2632 sed
3045 2566 3232 2631 molle
3255 2566 3411 2631 dicit
3427 2567 3914 2651 impotentiam:

2366 2695 2525 2758 ergo
2543 2677 2594 2740 si
2620 2676 2881 2742 durities
2907 2679 3000 2741 est
3024 2676 3179 2740 etin
3206 2678 3604 2761 corporibus,
3633 2680 3697 2743 et
3722 2676 3920 2761 spiri-

2366 2785 2560 2865 tibuS,
2586 2789 2679 2850 est
2703 2784 2963 2869 aliquid,
2993 2785 3165 2868 quod
3184 2784 3376 2850 hahet
3399 2786 3600 2852 Deum
3623 2803 3918 2866 causam,

2366 2896 2558 2975 patet,
2592 2895 2711 2956 etc.

2446 3001 2509 3063 5.
2540 2996 2722 3077 Item,
2744 2997 3135 3081 quicumque
3153 2996 3348 3063 habet
3365 3016 3587 3065 curam
3609 3000 3919 3088 alicujus,

2365 3106 2422 3172 si
2446 3106 2759 3190 permittit
2781 3124 2934 3171 eum
2962 3105 3358 3188 malefacere,
3379 3126 3525 3172 cum
3545 3110 3750 3193 possit
3773 3131 3922 3196 pro-

2365 3215 2610 3296 hibere,
2642 3215 2742 3280 vel
2764 3215 2996 3298 perire,
3024 3234 3176 3280 cum
3198 3216 3397 3300 possit
3420 3217 3754 3300 adjuvare,
3785 3239 3922 3287 non

2365 3322 2883 3388 inconvenienter
2922 3320 3156 3386 dicitur
3201 3340 3390 3418 causa
3431 3324 3533 3388 sui
3579 3326 3887 3392 maleficii
3901 3377 3921 3410 ,

2367 3429 2471 3495 vel
2500 3429 2741 3512 peccati
2758 3477 2776 3510 ,
2820 3429 2956 3493 sive
2997 3430 3172 3493 mali.
3217 3428 3395 3496 Unde
3453 3432 3761 3515 praelatus
3805 3436 3927 3518 qui

2365 3536 2651 3602 subditos
2671 3555 2801 3602 non
2818 3536 3102 3618 corrigit,
3125 3555 3316 3602 causa
3332 3538 3565 3604 dicitur
3585 3541 3925 3608 malorum

2366 3642 2437 3707 in
2464 3644 2750 3708 subditis.
2781 3642 3083 3708 Similiter
3110 3646 3226 3728 qui
3258 3646 3451 3711 habet
3490 3648 3662 3713 unde
3698 3654 3928 3733 pascat

2365 3751 2533 3816 fame
2575 3752 2988 3833 morientem,
3028 3757 3091 3816 et
3140 3771 3271 3817 non
3312 3754 3543 3836 pascit,
3584 3774 3783 3822 causa
3828 3764 3929 3824 ast

2365 3859 2589 3923 mortis
2611 3862 2667 3942 ej
2678 3879 2773 3924 us,
2796 3859 2862 3924 Si
2886 3878 3044 3941 ergo
3067 3859 3233 3925 Deus
3254 3864 3459 3944 potest
3479 3862 3825 3945 prohibere
3847 3871 3928 3932 ut

2366 3965 2629 4030 affectus
2654 3970 2868 4030 noster
2892 3968 3206 4048 durescat,
3238 3971 3303 4031 et
3326 3971 3529 4051 potest
3554 3988 3819 4053 pascere
3849 3976 3928 4037 ut

2366 4092 2499 4138 non
2525 4073 2813 4155 deficiat,
2853 4079 2917 4139 et
2941 4095 3075 4141 non
3107 4076 3283 4156 facit,
3310 4075 3565 4142 videtur
3589 4080 3763 4161 quod
3793 4081 3925 4145 sihi

2367 4180 2448 4245 sit
2472 4180 2637 4246 ratio
2663 4183 2729 4246 et
2754 4200 2944 4245 causa
2960 4182 3381 4247 indurationis
3401 4183 3835 4252 attribuenda.

2446 4292 2508 4352 6.
2539 4286 2723 4367 Item,
2752 4288 3175 4373 Philosophus
3201 4289 3308 4354 dat
3324 4291 3678 4357 maximam
3695 4301 3718 4336 ⁶
3747 4316 3764 4358 :
3798 4318 3836 4356 α
3854 4293 3929 4361 Si

2367 4395 2606 4479 aliquid
2631 4399 2726 4460 est
2762 4415 2955 4462 causa
2979 4397 3252 4480 alicujus
3270 4444 3289 4475 ,
3318 4400 3382 4462 et
3415 4400 3787 4481 oppositum
3826 4404 3932 4466 est

2366 4521 2558 4568 causa
2589 4504 2859 4586 oppositi
2877 4552 2897 4585 ,
2939 4507 3013 4569 ut
3048 4504 3105 4568 si
3132 4503 3366 4569 habere
3406 4505 3787 4588 pulmonem
3824 4513 3935 4575 est

2367 4631 2558 4678 causa
2581 4611 2970 4695 respirandi,
3007 4630 3144 4677 non
3166 4611 3404 4677 habere
3428 4617 3524 4678 est
3549 4623 3741 4681 causa
3777 4635 3931 4683 non

2365 4720 2715 4804 respirandi
2733 4742 2750 4800 ;
2774 4741 2806 4780 ι»
2827 4720 2938 4785 sed
2958 4720 3117 4786 velle
3141 4719 3428 4786 misereri
3440 4725 3538 4786 est
3552 4740 3743 4789 causa
3761 4742 3933 4807 gra-

2364 4826 2725 4894 tificationis
2767 4845 2784 4890 2
2829 4844 2987 4911 ergo
3030 4825 3199 4892 nolle
3240 4826 3529 4893 misereri
3570 4834 3666 4895 est
3715 4849 3933 4897 causa

2365 4934 2821 5000 obdurationis.

2446 5048 2507 5106 7.
2555 5041 2716 5108 Item
2735 5092 2755 5124 ,
2796 5044 2851 5108 si
2899 5043 3142 5128 aliquid
3193 5062 3310 5128 per
3352 5044 3457 5110 sui
3497 5048 3933 5130 praesentiam

2365 5183 2420 5234 q.
2447 5167 2540 5219 ult.
2562 5194 2626 5205 —
2643 5169 2666 5203 ²
2682 5169 2839 5230 Rom„
2869 5181 2923 5220 ιι
2938 5207 2956 5234 ,
2994 5171 3071 5220 18.
3100 5195 3164 5208 —
3188 5169 3214 5206 ⁸
3238 5170 3391 5234 Aug„
3424 5169 3487 5220 de
3505 5170 3611 5223 άίυ.
3640 5173 3831 5236 Quoest.
3856 5175 3941 5226 ad

2364 5241 2700 5306 Simplicium,
2729 5242 2819 5292 lib.
2848 5243 2905 5308 1,
2943 5256 2993 5308 q.
3021 5254 3088 5307 11,
3115 5256 3169 5293 n.
3204 5245 3283 5295 15.
3305 5267 3368 5279 —
3390 5241 3614 5307 Qvod„
3643 5257 3712 5308 IV,
3741 5248 3836 5296 21.
3860 5275 3933 5286 —

2365 5314 2387 5349 ⁸
2402 5316 2553 5378 Aug„
2573 5312 2634 5363 de
2653 5314 2798 5365 Grai.
2815 5317 2864 5363 et
2884 5314 2975 5365 lib.
2991 5313 3169 5379 arbit„
3193 5327 3241 5367 c.
3261 5325 3417 5379 xxm,
3441 5329 3495 5366 n.
3519 5320 3599 5370 45.
3615 5345 3676 5357 -
3692 5319 3713 5354 θ
3729 5320 3933 5386 Arist„

2365 5387 2557 5437 Foster.
2586 5385 2675 5437 lib.
2703 5386 2758 5452 1,
2789 5390 2929 5439 cont.
2950 5389 3030 5439 30.
