4125 6225
650 482 770 544 494

649 614 908 697 quidem
923 630 1057 676 non
1076 614 1171 675 est
1182 609 1301 673 lux
1314 608 1646 679 creaturae,
1666 600 1778 666 sed
1802 601 1920 665 lux
1946 596 2186 664 divinae

647 723 1005 807 sapientiae,
1041 724 1104 783 et
1137 715 1423 783 veritatis
1463 716 1743 779 aeternae.
1772 707 1847 773 In
1884 727 2013 792 qua
2047 705 2189 770 haec

647 825 1213 895 animadvertenda
1238 826 1420 902 sunt,
1446 820 1617 904 quod
1644 822 1738 883 est
1763 817 1934 900 quod
1959 811 2190 878 intelli·

649 939 783 1021 git,
830 942 894 1000 et
918 935 1093 1018 quod
1139 937 1368 998 caetera
1401 928 1755 1008 intelligere
1792 924 1974 1001 facit,
2020 920 2188 984 sicut

646 1047 944 1114 videmus
972 1045 1040 1106 in
1061 1043 1184 1106 isto
1211 1039 1341 1104 sole
1363 1034 1675 1102 materiali
1715 1037 2006 1115 respectu
2030 1046 2188 1092 sen-

647 1155 952 1221 sibilium.
985 1152 1062 1216 Et
1087 1150 1284 1232 hujus
1323 1144 1726 1229 potissimum
1755 1141 2018 1222 signum
2046 1138 2144 1201 est
2163 1182 2184 1216 ,

648 1263 753 1330 vel
777 1263 931 1339 fuit,
973 1259 1146 1342 quod
1176 1255 1532 1320 intellectus
1573 1255 1790 1315 noster
1822 1248 1895 1311 in
1927 1246 2189 1327 aspectu

648 1369 886 1435 summi
908 1365 1172 1432 luminis
1193 1369 1384 1427 natus
1402 1364 1497 1425 est
1520 1354 1886 1433 beatificari,
1914 1369 2035 1417 nec
2062 1367 2189 1415 un-

648 1496 845 1562 quam
873 1475 1091 1559 aliquo
1115 1476 1321 1560 potest
1345 1488 1481 1534 esse
1523 1468 1861 1532 contentus
1877 1511 1896 1542 ,
1936 1475 2187 1545 quous-

648 1604 777 1670 que
794 1585 1068 1649 ducatur
1087 1581 1166 1646 ad
1190 1580 1364 1644 illius
1381 1578 1627 1643 clarum
1655 1577 2005 1657 aspectum.
2033 1567 2190 1633 Ani-

647 1710 823 1756 mam
852 1690 1055 1773 igitur
1083 1687 1296 1772 quoad
1319 1701 1691 1768 supremam
1718 1685 1965 1765 partem
1992 1694 2188 1758 ange-

647 1799 750 1864 lus
774 1816 908 1863 non
937 1800 1141 1881 potest
1177 1796 1573 1870 illuminare;
1608 1790 1717 1854 sed
1744 1790 2063 1871 quantum
2107 1782 2189 1846 ad

647 1907 1014 1972 inferiorem
1042 1908 1288 1986 partem
1308 1899 1571 1964 rationis
1594 1897 1948 1981 posuerunt
1977 1891 2191 1957 catho-

646 2015 754 2079 lici
781 2017 1146 2077 tractatores
1166 2010 1413 2074 animas
1436 2012 1682 2070 nostras
1707 2023 1747 2067 a
1770 2002 1973 2066 beatis
1995 2017 2190 2080 ange-

647 2121 727 2186 lis
756 2139 868 2204 per
905 2136 1131 2184 eorum
1176 2115 1593 2181 revelationes
1631 2109 2005 2175 illuminari.
2050 2106 2187 2170 Hoc

648 2235 866 2294 autem
895 2207 1220 2308 tripliciter
1245 2225 1450 2306 potest
1467 2219 1738 2300 intelligi
1768 2236 1787 2282 z
1818 2235 1948 2281 uno
1969 2215 2184 2292 mode,

648 2341 725 2402 ut
742 2335 1139 2416 intelligatur
1158 2330 1426 2411 angelus
1448 2327 1814 2392 inferiorem
1830 2324 2188 2408 portionem
2263 2366 2270 2373 -

650 2444 1017 2508 illuminare
1045 2457 1159 2523 per
1183 2436 1450 2502 modum
1474 2433 1742 2498 luminis
1784 2431 2184 2509 irradiantis;

649 2551 774 2616 alio
815 2548 1005 2613 modo
1024 2596 1043 2627 ,
1089 2551 1166 2610 ut
1209 2543 1606 2623 intelligatur
1656 2539 2024 2603 illuminare
2073 2555 2190 2621 per

650 2658 915 2722 modum
944 2653 1182 2738 speculi
1222 2649 1562 2718 deserentis
1595 2671 1611 2713 z
1642 2648 1830 2712 tertio
1858 2647 2081 2726 modo,
2116 2646 2192 2710 ut

648 2764 1044 2847 intelligatur
1076 2759 1441 2826 illuminare
1480 2773 1596 2840 per
1628 2755 1896 2819 modum
1938 2754 2186 2836 linguae

648 2871 955 2939 vivaciter
991 2865 1427 2951 exprimentis.
1461 2862 1696 2928 Omnes
1728 2862 1798 2925 hi
1829 2861 2040 2938 modi,
2072 2861 2191 2924 etsi

649 2979 863 3061 aliquo
889 2977 1079 3041 modo
1106 2975 1233 3039 sint
1253 2970 1716 3054 intelligibiles,
1744 2972 1893 3033 cum
1919 2966 2193 3050 angelus

600 3147 603 3152 .
650 3089 733 3153 sit
756 3088 998 3165 lumen,
1031 3088 1095 3148 et
1119 3079 1472 3166 speculum,
1500 3083 1563 3143 et
1588 3077 1820 3141 habeat
1843 3077 2037 3142 etiam
2059 3074 2190 3160 spi-

650 3194 901 3260 ritualis
933 3188 1472 3273 interpretationis
1498 3187 1634 3250 sive
1669 3187 2013 3251 locutionis
2052 3186 2194 3250 offi-

653 3302 857 3380 cium,
888 3297 1187 3363 sustineri
1213 3298 1478 3379 possunt
1510 3316 1525 3357 :
1553 3293 1782 3357 tertius
1798 3297 2015 3357 tamen
2041 3310 2191 3356 mo-

652 3411 773 3475 dus
811 3403 1271 3487 intelligibilior
1315 3406 1430 3465 est.
1482 3398 1626 3466 Non
1668 3400 1842 3465 enim
1904 3401 2189 3473 multum

651 3520 814 3583 bene
839 3517 1100 3602 apparet
1118 3508 1440 3594 quomodo
1457 3506 1745 3590 Angelus
1762 3509 2043 3587 irradiet,
2073 3528 2191 3574 nec

649 3623 973 3711 quomodo
994 3639 1061 3686 se
1080 3620 1305 3684 offerat
1325 3617 1604 3701 aspectui
1629 3617 1865 3682 animae
1894 3639 1910 3682 :
1941 3617 2052 3683 sed
2070 3619 2193 3683 hoc

649 3734 802 3800 satis
817 3729 1213 3811 intelligibile
1230 3732 1346 3807 est,
1368 3724 1692 3809 quomodo
1710 3725 1905 3808 possit
1922 3726 2183 3804 animae,

650 3843 822 3927 quod
864 3838 1182 3922 concepit,
1224 3852 1599 3917 suggerere.
1633 3833 1711 3898 Et
1738 3834 1902 3899 sicut
1942 3835 2186 3916 doctor,

649 3950 806 4015 dum
834 3946 1114 4011 exterius
1148 3945 1453 4026 loquitur,
1492 3942 1714 4005 incitat
1755 3942 2184 4022 intellectum,

648 4061 713 4122 et
732 4057 909 4121 viam
934 4057 1115 4137 parat
1140 4051 1221 4115 ad
1263 4049 1787 4132 intelligendum,
1824 4054 1889 4113 et
1935 4050 2086 4114 viva
2125 4055 2193 4115 et

647 4164 875 4229 efficax
898 4159 1137 4225 locutio
1164 4157 1443 4240 quadam
1472 4175 1589 4220 sua
1614 4156 1949 4222 vivacitate
1975 4158 2057 4222 ad
2083 4159 2190 4222 in—

646 4272 967 4336 tellectum
1011 4271 1308 4332 nostrum
1350 4265 1543 4328 habet
1581 4265 1949 4346 ingressum
1964 4313 1983 4344 ,
2025 4266 2186 4330 dum

648 4386 832 4446 sonat
855 4379 927 4442 in
953 4395 1110 4442 aure
1140 4374 1422 4457 corporis
1445 4373 1730 4437 exterius
1747 4421 1766 4453 ,
1795 4373 2042 4438 ratione
2069 4393 2188 4438 cu-

648 4492 754 4572 jus
792 4487 983 4552 etiam
1011 4483 1317 4549 libentius
1347 4481 1526 4546 audit
1558 4481 1754 4545 homo
1787 4481 2033 4545 bonum
2060 4481 2185 4546 cle·

647 4597 878 4671 ticum,
909 4594 1094 4675 cujus
1116 4609 1324 4655 sermo
1350 4593 1445 4653 est
1462 4589 1688 4653 efficax
1706 4592 1769 4652 et
1789 4590 2003 4670 vivus,
2034 4608 2188 4654 cum

649 4705 881 4769 habeat
917 4699 1156 4783 aliquid
1191 4698 1442 4762 latentis
1479 4698 1763 4778 energiae
1805 4697 1976 4764 vivae
2011 4699 2188 4765 vocis

648 4818 848 4888 actuS,
868 4815 943 4874 ut
962 4809 1116 4875 dicit
1133 4806 1559 4890 Hieronymus
1583 4806 1603 4842 ¹
1618 4824 1637 4885 ;
1654 4805 1745 4869 sic
1769 4808 1833 4868 et
1853 4824 1971 4870 suo
1993 4806 2186 4872 modo

648 4920 1136 5005 intelligendum
1166 4921 1291 4996 est,
1324 4916 1493 4999 quod
1520 4916 1789 4997 angelus
1824 4915 1949 4980 hoc
1987 4916 2188 4999 possit

646 5034 853 5098 facere
879 5027 1177 5106 interiuS,
1208 5025 1385 5090 etsie
1411 5024 1776 5088 illuminare
1802 5042 1938 5093 non
1961 5023 2188 5089 lumen

645 5137 1060 5216 infundend0‚
1080 5153 1200 5199 nec
1221 5132 1427 5197 solum
1443 5132 1766 5197 offerendo
1784 5131 1945 5195 sicut
1968 5132 2074 5215 obj
2082 5151 2188 5195 ec-

648 5252 789 5313 tum
816 5247 917 5310 vel
942 5243 1302 5329 speculum,
1325 5241 1433 5305 sed
1454 5240 1649 5305 etiam
1674 5238 1983 5305 vivaciter
2010 5240 2186 5304 exci-

718 5410 735 5444 ¹
759 5406 994 5470 Hieron„
1036 5405 1089 5462 in
1116 5419 1224 5469 cap.
1254 5414 1305 5453 1v
1339 5401 1408 5453 ad
1445 5401 1636 5466 Galat„
1665 5413 1819 5466 super
1842 5400 2003 5450 illud:
2052 5400 2186 5451 Velle

653 5484 848 5531 mum
868 5491 1029 5530 vocem
1049 5489 1229 5540 meoen,
1254 5479 1352 5549 etc.

1793 457 2415 531 SENTENTrARUM
2452 456 2600 524 LIB.
2647 458 2725 524 11.

2295 622 2518 701 tand0‚
2551 621 2717 685 sicut
2749 618 2966 686 doctor
2991 619 3292 699 exterior,
3316 623 3382 684 et
3399 618 3613 684 adhuc
3629 619 3840 684 effica-

2294 729 2452 794 ciori
2482 729 2694 793 mode.

2376 835 2491 900 His
2513 836 2692 915 visis,
2715 835 2890 917 patet
2912 833 3236 917 responsio
3257 852 3376 916 pro
3398 850 3646 915 magna
3660 837 3840 916 parte

2295 943 2376 1007 ad
2416 943 2662 1025 objecta
2699 942 2781 1006 ad
2822 945 3167 1023 utramque
3205 945 3475 1024 partem.
3524 938 3692 1005 Nam
3733 958 3842 1005 ra-

2291 1053 2497 1114 tiones
2521 1050 2940 1128 ostendenteS‚
2972 1049 3144 1132 quod
3171 1048 3441 1130 angelus
3464 1068 3599 1113 non
3637 1051 3843 1132 potest

2294 1157 2686 1222 intellectum
2722 1160 3013 1222 nostrum
3038 1155 3403 1220 illuminare
3422 1204 3441 1235 ,
3483 1155 3842 1238 loquuntur

2293 1263 2373 1329 de
2414 1264 2738 1329 intellectu
2766 1268 3083 1347 quantum
3128 1264 3211 1328 ad
3250 1264 3650 1347 superiorem
3690 1281 3842 1347 por-

2294 1375 2558 1452 tionem,
2579 1374 2813 1438 scilicet
2843 1378 3147 1454 mentem,
3169 1372 3326 1438 etde
3348 1372 3835 1454 illuminatione,

2293 1500 2442 1564 quae
2467 1482 2728 1567 quidem
2754 1484 2850 1544 est
2878 1498 2989 1563 per
3010 1478 3274 1544 luminis
3296 1478 3691 1543 infusionem
3717 1500 3734 1542 ε
3776 1481 3840 1542 et

2294 1588 2417 1654 hoc
2445 1589 2641 1653 solius
2679 1588 2788 1652 Dei
2822 1588 3155 1671 proprium
3196 1591 3332 1664 est,
3378 1587 3546 1651 sicut
3573 1587 3835 1670 praedic-

2292 1701 2439 1760 tum
2488 1700 2585 1760 est
2635 1717 2654 1759 t
2698 1694 2871 1759 unde
2922 1695 3200 1760 rationes
3251 1693 3380 1758 inae
3419 1693 3836 1759 concedendae

2295 1806 2469 1868 sunt.
2622 1795 2632 1806 “

2378 1911 2438 1973 1.
2469 1908 2567 1973 Ad
2592 1908 2751 1973 illud
2780 1926 2936 1975 vero
2968 1908 3141 1992 quod
3172 1909 3469 1991 objicitur
3494 1909 3574 1974 de
3601 1908 3835 1992 Diony-

2296 2015 2423 2092 si0,
2465 2017 2603 2097 ,iam
2649 2018 2824 2098 patet
2862 2016 3212 2099 responsio.
3253 2016 3403 2080 Dico
3442 2016 3619 2081 enim
3672 2014 3840 2099 quod

2293 2121 2580 2204 loquitur
2598 2122 2676 2187 de
2693 2121 3159 2187 illuminatione
3179 2122 3459 2187 secundo
3479 2121 3692 2201 mod0,
3711 2139 3836 2186 non

2296 2231 2528 2314 primo.

2375 2343 2437 2403 2.
2468 2339 2565 2403 Ad
2599 2337 2759 2403 illud
2795 2338 2969 2421 quod
2999 2336 3298 2420 objicitur
3337 2336 3415 2402 de
3457 2336 3569 2400 illa
3607 2336 3836 2401 diffini-

2295 2444 2468 2509 tione
2512 2443 2750 2508 animae
2772 2491 2790 2524 ,
2842 2443 3185 2508 dicendum
3234 2443 3405 2527 quod
3458 2444 3688 2508 ultima
3736 2442 3836 2508 vel

2296 2551 2576 2616 secunda
2601 2550 2988 2615 revelatione
3013 2550 3246 2615 dicitur
3270 2551 3488 2615 anima
3509 2551 3836 2615 illumina-

2295 2659 2497 2723 tiones
2535 2677 2575 2722 a
2613 2655 2742 2722 Deo
2788 2657 3111 2741 percipere
3129 2705 3149 2736 ,
3195 2675 3330 2721 non
3374 2658 3526 2740 quia
3575 2657 3835 2738 angelus

2296 2765 2477 2829 cadat
2512 2764 2798 2828 medium
2838 2763 3005 2827 inter
3047 2762 3249 2827 Deum
3294 2768 3359 2828 et
3406 2765 3694 2828 animam
3727 2781 3836 2846 per

2297 2871 2562 2936 modum
2593 2871 2940 2950 influentis,
2963 2871 3071 2935 sed
3094 2871 3251 2952 quia
3274 2871 3613 2954 perfectius
3639 2876 3701 2934 et
3722 2888 3841 2934 no·-
3957 2868 3964 2873 '

2296 2982 2489 3047 bilius
2537 2982 2941 3046 illuminatur
2996 2999 3037 3044 a
3088 2979 3216 3044 Deo
3276 2980 3549 3062 angelus
3569 3028 3589 3059 ,
3649 2997 3841 3062 quam

2297 3089 2512 3155 anima
2541 3108 2656 3173 per
2681 3093 3020 3155 naturam:
3044 3093 3105 3155 et
3130 3088 3271 3154 ideo
3298 3088 3530 3153 dicitur
3559 3088 3683 3152 ista
3708 3088 3842 3153 illu-

2296 3197 2564 3262 minatio
2584 3197 2887 3278 secunda,
2915 3214 3051 3262 non
3065 3195 3285 3262 ordine
3304 3195 3711 3273 causalitatiS,
3734 3195 3842 3262 sed

2296 3303 2646 3386 dignitatis,

2377 3415 2438 3475 3.
2481 3412 2581 3476 Ad
2610 3411 2772 3476 illud
2810 3410 2984 3493 quod
3022 3409 3356 3492 objicitur,
3401 3410 3577 3492 quod
3626 3409 3837 3491 augeli

2295 3521 2448 3582 sunt
2487 3518 2771 3597 lumina;
2814 3517 3155 3581 dicendum
3197 3513 3372 3599 quod
3414 3533 3649 3580 verum
3681 3521 3776 3580 est
3816 3538 3833 3579 :

2294 3625 2404 3689 sed
2428 3643 2562 3689 non
2598 3625 2741 3689 ideo
2778 3624 3079 3688 dicuntur
3107 3622 3389 3700 lumina,
3430 3622 3587 3705 quia
3621 3623 3837 3687 lumen

2293 3750 2490 3796 suum
2532 3730 2895 3796 diffundant
2936 3730 3218 3795 exterius
3247 3731 3317 3794 in
3343 3729 3468 3793 alia
3487 3778 3505 3808 ,
3543 3730 3656 3793 sed
3687 3729 3838 3812 quia

2293 3838 2465 3902 intra
2486 3857 2554 3903 se
2593 3838 2820 3902 nitent.
2853 3835 2909 3902 N
2911 3855 2997 3901 on
3025 3837 3200 3900 enim
3240 3842 3335 3900 est
3360 3836 3567 3901 simile
3595 3837 3674 3901 de
3700 3854 3834 3901 cor-

2292 3945 2496 4028 porali
2545 3944 2793 4014 lumine
2814 3992 2832 4025 ,
2884 3948 2951 4008 et
2992 3942 3325 4027 spirituali.
3372 3942 3623 4008 Lumen
3665 3943 3836 4008 enim

2293 4053 2621 4135 spirituale
2642 4101 2662 4134 ,
2705 4056 2964 4135 propter
3004 4052 3106 4116 sui
3139 4051 3556 4133 dignitatem,
3589 4071 3632 4116 a
3669 4052 3834 4116 fonte

2292 4159 2555 4224 luminis
2579 4159 2942 4224 immediate
2973 4161 3289 4242 procedit,
3314 4177 3463 4223 cum
3486 4178 3618 4224 non
3646 4160 3834 4244 possit

2292 4266 2526 4332 habere
2544 4266 2837 4331 medium
2855 4266 3168 4332 deferens
3189 4266 3441 4331 Lumen
3464 4271 3680 4331 autem
3703 4286 3831 4332 cor-

2293 4375 2507 4458 porale
2532 4393 2647 4460 per
2680 4374 2967 4440 medium
2995 4376 3320 4459 recipitur,
3352 4380 3416 4440 et
3441 4375 3742 4455 defertur,
3771 4379 3830 4439 et

2292 4484 2383 4548 sic
2415 4487 2618 4567 potest
2652 4483 2881 4547 deferri
2909 4486 2974 4547 et
2999 4483 3194 4566 recipi
3228 4502 3247 4547 τ
3288 4484 3376 4548 sic
3412 4484 3606 4547 etiam
3633 4488 3830 4568 potest

2290 4591 2489 4670 reddi,
2519 4596 2583 4656 et
2607 4591 2698 4654 sic
2735 4589 3173 4656 illuminatum
3198 4595 3404 4674 potest
3426 4591 3823 4670 illuminare,

2289 4701 2456 4767 sicut
2481 4705 2653 4785 patet
2679 4699 2746 4763 in
2775 4698 2977 4764 Luna.

2370 4812 2432 4872 4.
2466 4808 2566 4873 Ad
2610 4807 2770 4871 illud
2816 4807 2988 4890 quod
3038 4806 3373 4890 objicitur,
3411 4808 3588 4889 quod
3634 4807 3828 4872 multa

2290 4916 2474 4980 nohis
2516 4914 2802 4980 revelant
2840 4933 2990 4998 quae
3036 4914 3219 4979 nohis
3258 4931 3373 4998 per
3398 4933 3664 4979 sensum
3703 4933 3829 4979 non

2291 5023 2695 5107 exprimunt;
2726 5021 3066 5086 dicendum
3106 5021 3279 5105 quod
3312 5021 3469 5087 illud
3500 5040 3636 5087 non
3677 5041 3828 5088 con-

2290 5129 2489 5194 cludit
2507 5177 2527 5208 ,
2558 5129 2731 5213 quod
2757 5128 3123 5193 immediate
3147 5128 3423 5193 influant
3456 5130 3525 5193 in
3551 5129 3827 5194 intellec·

2289 5241 2432 5302 tum
2471 5255 2489 5301 ε
2528 5237 2652 5301 hoc
2688 5236 2859 5300 enim
2896 5241 3102 5319 potest
3148 5235 3285 5299 fleri
3307 5284 3326 5316 ,
3373 5235 3427 5299 si
3470 5235 3827 5301 immediate

2289 5345 2637 5412 intellectui
2662 5349 3041 5428 suggerant.
3076 5343 3128 5410 N
3133 5364 3204 5410 ec
3229 5345 3438 5411 adhuc
3460 5345 3620 5411 illud
3642 5361 3825 5428 opor-

2289 5458 2383 5519 tet
2400 5502 2420 5534 ,
2448 5454 2559 5520 sed
2583 5454 2777 5519 ctiam
2817 5458 3020 5537 potest
3048 5452 3192 5519 fleri
3228 5453 3546 5518 mediante
3591 5453 3822 5518 virtute
