4125 6225
616 442 739 509 420

607 581 769 644 vias.
803 577 966 642 Nam
996 577 1260 661 quidam
1290 578 1539 657 dicunt,
1570 578 1741 660 quod
1773 577 2150 661 hujusmodi

606 687 831 750 formae
857 685 1106 750 suntin
1128 685 1396 749 materia
1420 689 1496 749 ut
1524 687 1592 748 in
1618 688 1899 768 potentia
1924 703 2147 767 recep-

605 793 744 860 tiva
764 841 781 870 ,
820 799 885 857 et
911 793 1190 876 quodam
1222 793 1410 856 modo
1440 793 1646 855 activa
1677 793 1812 856 sive
1843 809 2145 873 coopera-

604 902 770 979 tiva;
811 901 1118 983 quoniam
1159 900 1426 964 materia
1453 904 1533 976 et,
1544 899 1737 963 habet
1764 899 2144 980 possibilita-

602 1014 737 1075 tem
759 1011 838 1074 ad
865 1009 1298 1091 recipiendum
1316 1059 1334 1089 ,
1366 1012 1428 1072 et
1446 1009 1636 1072 etiam
1666 1007 2141 1071 inclinationem

602 1118 683 1182 ad
712 1118 1214 1201 cooperandum3
1235 1121 1299 1182 et
1316 1118 1385 1182 in
1408 1120 1639 1197 agente
1658 1120 1752 1179 est
1768 1114 2143 1197 hujusmodi

600 1227 807 1291 forma
836 1224 1242 1306 producenda
1257 1272 1274 1303 ,
1311 1223 1475 1287 sicut
1501 1223 1571 1285 in
1610 1222 1923 1305 principio
1950 1222 2139 1285 effec-

599 1334 736 1398 tivo
763 1337 826 1398 et
848 1333 1177 1414 originali,
1213 1332 1366 1414 quia
1392 1330 1607 1396 omnis
1624 1331 1828 1394 forma
1846 1376 1862 1405 ‚
1893 1346 2009 1411 per
2030 1347 2142 1392 na-

596 1446 812 1506 turam
838 1459 975 1505 suae
1000 1440 1271 1523 speciei,
1304 1439 1529 1523 recipit
1563 1438 1868 1503 virtutem
1912 1437 2141 1500 multi-

596 1549 872 1632 plicandi
915 1568 982 1614 se
1026 1571 1042 1613 ε
1096 1550 1269 1614 unde
1317 1547 1599 1613 inductio
1646 1547 1871 1611 formae
1917 1552 2013 1610 est
2056 1546 2139 1609 ab

596 1661 828 1738 agente
846 1658 1120 1721 formam
1143 1673 1331 1720 suam
1352 1654 1535 1719 multi
1543 1654 1835 1736 plicante.
1857 1652 1935 1717 Et
1957 1653 2140 1734 ponit

596 1763 966 1847 exemplum
984 1765 1056 1827 in
1082 1762 1365 1842 candela,
1389 1761 1712 1844 quomodo
1732 1779 1866 1823 una
1888 1760 2137 1823 inflam-

594 1874 734 1934 mat
806 1870 1042 1934 multas
1064 1889 1081 1949 ;
1132 1874 1195 1934 et
1243 1869 1326 1932 ab
1377 1885 1513 1931 uno
1554 1867 1802 1949 objecto
1852 1866 2138 1930 relucent

593 1977 817 2043 multae
843 1977 1158 2058 imagines
1180 1976 1250 2039 in
1268 1975 1561 2058 pluribus
1578 1974 1849 2056 speculis
1873 1996 1887 2037 ε
1915 1977 1980 2038 et
2005 1974 2135 2037 hu-

585 2086 873 2167 jusmodi
908 2085 1131 2150 formae
1151 2132 1169 2163 ,
1203 2087 1277 2147 ut
1317 2082 1539 2147 dicunt
1556 2130 1574 2159 ‚
1605 2100 1736 2145 non
1771 2080 2009 2144 habent
2049 2099 2134 2144 ex

591 2210 722 2275 quo
749 2193 877 2256 sint
905 2190 1338 2269 materialiter,
1375 2191 1485 2255 sed
1510 2208 1592 2253 ex
1618 2207 1751 2271 quo
1788 2188 2133 2269 originali-

589 2305 727 2364 ter:
759 2304 823 2363 et
842 2299 984 2364 ideo
1010 2317 1142 2363 non
1165 2298 1464 2363 dicuntur
1492 2298 1714 2373 creari,
1762 2315 1883 2361 nec
1900 2296 2131 2361 dicun-

588 2409 699 2470 tur
725 2425 860 2471 esse
893 2425 975 2471 ex
992 2405 1217 2470 nihilo,
1247 2404 1412 2470 Illud
1439 2405 1611 2468 enim
1649 2408 1922 2480 creatur,
1959 2403 2130 2485 quod

589 2514 773 2579 nullo
796 2514 986 2579 modo
1006 2517 1103 2578 est
1126 2532 1143 2577 t
1177 2513 1284 2578 sed
1311 2512 1453 2577 talis
1478 2513 1684 2576 torma
1708 2511 1798 2575 sic
1823 2512 2132 2593 producta

510 2654 517 2659 ·
588 2622 803 2705 aliquo
820 2622 1011 2689 modo
1028 2625 1143 2702 oet,
1163 2625 1306 2686 tum
1321 2620 1564 2685 ratione
1583 2619 1855 2702 agentis,
1876 2623 2017 2685 tum
2031 2636 2131 2683 ra-

586 2727 758 2793 tione
782 2730 1089 2795 materiae.
1110 2729 1254 2793 Alia
1284 2729 1392 2795 via
1417 2732 1533 2808 est,
1559 2727 1733 2810 quod
1756 2725 1982 2791 formae
2000 2727 2131 2789 sint

586 2834 657 2899 in
673 2838 953 2919 potentia
982 2836 1300 2915 materiae3
1323 2854 1455 2900 non
1490 2833 1699 2899 solum
1726 2834 1795 2896 in
1817 2852 1945 2916 qua
1963 2882 1981 2914 ‚
2002 2839 2067 2897 et
2087 2851 2128 2897 a

586 2960 717 3025 qua
734 2944 948 3027 aliquo
975 2945 1188 3025 mod0‚
1219 2945 1328 3010 sed
1359 2944 1554 3008 etiam
1579 2960 1661 3006 ex
1695 2960 1826 3025 qua
1860 2962 1875 3005 ε
1914 2946 1979 3005 et
2002 2941 2128 3005 hoc

585 3047 830 3132 dicunt,
850 3070 983 3117 non
1001 3050 1156 3136 quia
1180 3052 1316 3136 ipsa
1332 3050 1604 3118 essentia
1632 3051 1915 3116 materiae
1935 3050 2017 3115 sit
2042 3067 2126 3114 ex

585 3175 717 3239 qua
737 3177 841 3224 res
858 3161 1254 3243 producitur,
1284 3160 1394 3224 sed
1419 3159 1574 3242 quia
1590 3159 1662 3221 in
1691 3157 1828 3240 ipsa
1858 3157 2127 3223 materia

582 3264 826 3347 aliquid
851 3272 945 3332 est
970 3272 1379 3333 concreatum
1393 3316 1412 3348 ‚
1443 3285 1526 3332 ex
1552 3284 1683 3348 quo
1708 3283 1907 3347 agens
1920 3313 1938 3342 ‚
1965 3264 2125 3329 dum

582 3372 721 3453 agit
737 3373 807 3436 in
824 3374 1060 3456 ipsum,
1082 3374 1293 3440 educit
1309 3373 1585 3439 formam
1603 3394 1619 3436 ε
1642 3390 1773 3436 non
1788 3419 1806 3449 ‚
1825 3371 2119 3453 inquam,

583 3494 669 3542 ex
687 3478 797 3545 illo
819 3484 1128 3565 tanquam
1155 3501 1239 3546 ex
1256 3482 1471 3563 aliquo
1498 3480 1671 3563 quod
1700 3479 1782 3544 sit
1810 3481 2119 3561 tanquam

580 3584 796 3669 aliqua
823 3606 970 3670 pars
1011 3589 1237 3653 formae
1276 3586 1699 3672 producendae
1713 3634 1731 3666 ,
1774 3586 1927 3669 quia
1960 3587 2120 3651 illud

580 3696 945 3775 potestesse
969 3695 1207 3776 forma,
1238 3698 1301 3759 et
1327 3696 1400 3758 fit
1424 3696 1632 3759 forma
1648 3743 1666 3776 ,
1698 3695 1861 3758 sicut
1888 3694 2120 3775 globus

579 3818 745 3866 rosae
771 3803 845 3866 flt
873 3821 1038 3868 rosa.
1072 3802 1153 3868 Et
1195 3804 1314 3868 ista
1348 3803 1574 3886 positio
1600 3802 1807 3885 ponit,
1852 3799 2025 3883 quod
2052 3801 2123 3864 in

581 3910 850 3974 materia
896 3910 1021 3975 sint
1062 3912 1358 3977 veritates
1414 3911 1710 3974 omnium
1762 3909 2118 3972 formarum

578 4017 1139 4099 producendamm
1168 4017 1545 4082 naturaliter
1575 4035 1595 4082 z
1619 4022 1856 4080 etcum
1880 4016 2121 4097 produ-

582 4123 750 4188 citur
775 4126 1152 4190 naturaliter
1175 4124 1495 4208 quidditas
1508 4174 1529 4203 ,
1558 4123 1736 4188 nulla
1759 4124 1992 4187 veritas
2018 4141 2120 4187 es-

579 4230 801 4295 sentiae
828 4232 1151 4298 inducitur
1179 4231 1257 4296 de
1275 4249 1446 4296 novo
1463 4280 1482 4311 ,
1508 4230 1619 4295 sed
1643 4230 1830 4294 datur
1856 4229 1916 4294 ei
1948 4248 2121 4295 nova

578 4336 904 4420 dispositio
917 4386 936 4419 ,
983 4343 1059 4405 ut
1084 4338 1259 4422 quod
1292 4342 1429 4403 erat
1468 4338 1538 4401 in
1578 4338 1858 4420 potentia
1900 4337 2013 4401 flat
2046 4339 2117 4401 in

576 4449 747 4509 actu.
779 4444 1094 4511 Differunt
1125 4443 1299 4509 en‘im
1325 4448 1504 4509 actus
1542 4448 1607 4507 et
1635 4444 1946 4527 potentia,
1982 4461 2117 4507 non

574 4551 730 4635 quia
757 4553 968 4634 dicant
1000 4552 1283 4617 diversas
1315 4550 1695 4633 quidditates
1711 4600 1730 4633 ,
1760 4550 1869 4616 sed
1896 4552 2117 4634 dispo-

575 4659 835 4723 sitiones
868 4659 1149 4725 diversas
1183 4657 1504 4741 ejusdem
1540 4676 1674 4723 non
1708 4663 1924 4724 tamen
1961 4664 2117 4724 sunt

576 4767 1017 4851 dispositiones
1034 4766 1449 4832 accidentales
1465 4816 1484 4847 ,
1511 4767 1619 4832 sed
1645 4768 2110 4848 substantiales,

573 4877 637 4938 et
657 4875 782 4939 hoc
805 4893 939 4939 non
964 4879 1058 4939 est
1071 4892 1411 4956 magnum,
1429 4873 1484 4936 si
1508 4878 1603 4938 est
1635 4874 1713 4957 (a)
1740 4874 1811 4939 in
1828 4876 2113 4958 potentia

571 4982 821 5062 agentis
846 4982 1059 5060 creati,
1095 4985 1191 5061 ut,
1215 4981 1389 5063 quod
1406 4984 1501 5044 est
1523 4999 1660 5045 uno
1683 4982 1895 5060 modo,
1923 4983 2113 5046 faciat

569 5106 703 5155 esse
731 5090 856 5155 alio
896 5091 1109 5156 modo.
1140 5089 1221 5155 Et
1252 5090 1397 5154 haec
1424 5089 1654 5172 positio
1690 5089 1856 5154 inter
1885 5109 2110 5156 omnes

567 5183 903 5279 praedIctas
934 5198 1188 5264 videtur
1225 5214 1360 5261 esse
1384 5196 1867 5278 intelligibilior,
1902 5203 1966 5263 et
1993 5217 2108 5266 ve-

564 5303 738 5367 ritati
782 5304 1074 5369 vicinior.
1106 5304 1286 5369 Hanc
1323 5305 1702 5389 positionem
1737 5306 1925 5372 credo
1970 5326 2106 5374 esse

634 5428 826 5490 'Aug.‚
854 5427 915 5478 ae
947 5403 1124 5483 canei.
1152 5429 1222 5480 αα
1247 5428 1376 5495 zm„
1405 5431 1497 5482 ιιι).
1521 5432 1622 5497 ιιι,
1649 5447 1698 5484 0.
1716 5443 1824 5484 nv.
1843 5434 2100 5488 -tmsn

1704 437 2326 509 SENTENTIARUM
2366 439 2518 505 LlB.
2563 441 2643 507 II.

2252 575 2593 641 tenendam
2612 625 2631 657 ‚
2664 595 2798 641 non
2824 578 3030 643 solum
3063 580 3218 661 quia
3244 597 3387 644 eam
3409 580 3664 645 suadeat
3678 599 3783 646 ra-

2250 683 2343 747 tio
2357 731 2376 763 ,
2418 683 2528 747 sed
2551 683 2743 748 etiam
2762 686 2915 767 quia
2934 688 3271 751 confirmat
3297 687 3638 751 auctoritas
3660 689 3783 752 Au-

2250 790 2498 869 gustini
2517 792 2558 869 ¹,
2580 810 2778 873 quam
2803 792 3102 874 Magister
3120 793 3377 874 allegat,
3400 794 3574 875 quod
3601 819 3630 855 α
3649 813 3783 876 quae

2251 897 2693 979 producuntur
2731 919 2770 962 a
2809 906 3070 979 natura,
3115 902 3468 966 secundum
3518 902 3783 965 rationes

2249 1005 2582 1069 seminales
2620 1007 3084 1088 producuntur.
3134 1031 3163 1067 n
3215 1008 3379 1086 Quid
3416 1014 3634 1073 autem
3669 1010 3786 1073 sint

2251 1111 2389 1175 istae
2444 1114 2719 1178 rationes
2772 1115 3142 1194 seminaleS,
3192 1116 3514 1181 videbitur
3550 1117 3714 1180 infra
3741 1124 3780 1194 ²,

2248 1220 2504 1302 quando
2541 1219 2618 1284 de
2654 1221 2757 1285 his
2798 1223 2920 1286 erit
2953 1241 3185 1287 sermo.
3227 1222 3596 1287 Secundum
3627 1224 3785 1288 hanc

2247 1327 2451 1408 igitur
2506 1329 2887 1411 positionem
2945 1331 3394 1395 sustinendum
3456 1336 3553 1395 est
3620 1331 3784 1413 quod

2243 1453 2445 1517 agens
2470 1436 2847 1518 particulare
2874 1438 3087 1503 educit
3107 1439 3376 1519 formaS,
3409 1443 3473 1503 et
3499 1439 3780 1515 inducit,

2245 1547 2308 1606 et
2329 1562 2434 1607 res
2457 1546 2777 1609 naturales
2794 1546 3092 1627 producit
3120 1568 3135 1610 :
3167 1550 3232 1610 et
3255 1548 3532 1611 rationes
3561 1548 3644 1612 ad
3668 1547 3783 1611 hoc

2243 1649 2523 1715 inductae
2553 1655 2703 1714 sunt
2725 1652 3169 1717 concedendae.

2248 1752 2259 1765 ’
2326 1763 2384 1820 1.
2404 1756 2504 1821 Ad
2520 1758 2678 1821 illud
2703 1777 2859 1839 ergo
2884 1759 3059 1840 quod
3077 1759 3398 1839 objicitur,
3422 1761 3602 1842 quod
3624 1760 3784 1825 Deus

2241 1870 2541 1947 operatur
2578 1884 2782 1947 usque
2815 1867 3034 1944 modo;
3079 1866 3419 1931 dicendum
3458 1867 3633 1949 quod
3676 1887 3779 1932 ve-

2240 1991 2390 2036 rum
2420 1977 2543 2049 est,
2574 1973 2730 2055 quia
2755 1973 2857 2037 vel
2895 1992 3009 2056 per
3041 1992 3109 2037 se
3136 1980 3469 2056 operatur,
3499 1976 3605 2039 vel
3633 1995 3777 2039 cum

2240 2080 2378 2144 aliis
2409 2101 2425 2144 ε
2459 2081 2632 2144 unde
2656 2086 3117 2162 argumentum
3146 2101 3279 2146 non
3304 2083 3473 2148 valet
3503 2105 3519 2144 :
3560 2107 3591 2143 (ι
3623 2083 3778 2147 Deus

2240 2207 2443 2269 usque
2477 2189 2666 2254 modo
2694 2194 2992 2271 operatur
3013 2238 3030 2268 ,
3062 2209 3220 2271 ergo
3260 2209 3459 2271 agens
3495 2197 3777 2256 creatum

2238 2296 2454 2360 cinon
2482 2302 2877 2379 cooperatur.
2908 2318 2940 2356 ι)

2318 2408 2380 2467 2.
2408 2404 2509 2469 Ad
2535 2404 2693 2469 illud
2730 2404 2900 2486 quod
2927 2404 3258 2487 objicitur,
3289 2406 3462 2488 quod
3487 2425 3619 2471 non
3661 2426 3775 2490 po-

2235 2516 2356 2576 test
2393 2513 2462 2577 in
2503 2513 2865 2592 materiam3
2910 2513 3254 2577 dicendum
3293 2513 3465 2594 quod
3509 2533 3644 2579 non
3687 2518 3774 2578 est

2234 2620 2439 2685 simile
2455 2669 2472 2701 ,
2504 2622 2656 2702 quia
2682 2622 3007 2686 materiale
3034 2621 3418 2703 principium
3443 2640 3575 2687 non
3597 2625 3774 2687 estin

2233 2729 2362 2794 alio
2390 2731 2463 2791 ut
2487 2728 2558 2792 in
2597 2729 2878 2811 potentia
2896 2775 2914 2804 ‚
2943 2745 3093 2792 cum
3120 2728 3201 2791 sit
3227 2729 3305 2791 de
3343 2747 3411 2793 se
3443 2731 3726 2810 potentia
3754 2752 3768 2793 :

2234 2842 2391 2901 tunc
2432 2836 2608 2900 enim
2647 2839 2811 2900 esset
2842 2836 2913 2899 in
2951 2836 3268 2918 potentia,
3297 2838 3363 2900 et
3400 2837 3773 2902 educeretur

2233 2945 2513 3028 potentia
2537 2945 2616 3009 de
2642 2945 2923 3027 potentia
2936 2993 2954 3023 ,
2985 2944 3158 3026 quod
3184 2962 3315 3008 non
3343 2948 3437 3009 est
3461 2945 3773 3030 intelligi·

2232 3053 2407 3119 bile:
2438 3070 2619 3119 secus
2662 3057 2757 3117 est
2786 3052 2856 3116 in
2897 3052 3103 3117 forma
3125 3099 3142 3129 ‚
3175 3056 3250 3116 ut
3291 3051 3506 3117 visum
3542 3058 3637 3118 est
3670 3076 3684 3118 :
3713 3059 3773 3118 et

2230 3162 2372 3227 idco
2401 3179 2533 3226 non
2557 3164 2653 3225 est
2678 3159 2905 3224 simile.
2949 3157 3159 3223 Potest
3191 3160 3384 3224 etiam
3415 3162 3587 3225 sumi
3615 3161 3772 3226 ratio

2230 3287 2314 3334 ex
2347 3273 2525 3352 parte
2552 3266 2802 3349 agentis
2818 3314 2836 3345 ,
2866 3266 3020 3349 quia
3049 3267 3375 3349 productio
3417 3272 3727 3333 creaturae
3748 3317 3765 3347 ‚

2231 3394 2383 3441 cum
2421 3376 2503 3439 sit
2541 3393 2743 3455 agens
2767 3374 3114 3438 limitatum
3134 3422 3153 3452 ‚
3183 3379 3278 3439 est
3319 3376 3652 3457 productio
3680 3376 3767 3439 si·-

2230 3482 2401 3546 milis
2426 3500 2467 3546 a
2495 3480 2690 3546 simili
2721 3502 2737 3544 :
2776 3480 2886 3545 sed
2921 3484 3202 3561 constat,
3233 3483 3406 3564 quod
3443 3482 3608 3546 nihil
3633 3483 3769 3564 agit

2229 3590 2472 3654 ratione
2516 3590 2801 3654 materiae
2817 3638 2835 3669 ,
2882 3589 2990 3652 sed
3041 3590 3263 3654 formae
3312 3611 3328 3653 ε
3377 3589 3518 3653 ideo
3559 3590 3766 3671 magis

2227 3701 2434 3780 potest
2454 3697 2524 3761 in
2546 3698 2843 3774 formam,
2873 3714 3069 3779 quam
3100 3696 3168 3759 in
3199 3696 3553 3761 materiam.

2309 3810 2368 3869 3.
2399 3804 2497 3869 Ad
2521 3804 2678 3869 illud
2703 3803 2875 3887 quod
2901 3803 3219 3885 objicitur,
3257 3803 3428 3885 quod
3457 3804 3765 3887 principia

2227 3930 2448 3977 rerum
2470 3916 2621 3976 sunt
2643 3910 3177 3994 incorruptibilia3
3208 3911 3366 3975 illud
3390 3910 3764 3992 intelligitur

2227 4020 2296 4083 in
2317 4019 2688 4096 universali,
2719 4036 2853 4082 non
2881 4019 2950 4081 in
2976 4018 3362 4101 particulari.
3391 4015 3505 4082 Vel
3531 4018 3763 4082 intelli-

2227 4126 2405 4208 gitur
2449 4126 2801 4192 secundum
2832 4126 3168 4190 essentiam
3181 4174 3200 4205 ,
3246 4143 3378 4190 non
3413 4126 3760 4189 secundum

2227 4251 2363 4297 esse
2391 4254 2406 4297 ε
2432 4237 2496 4297 et
2518 4232 2657 4297 ideo
2684 4232 2890 4297 forma
2910 4232 2979 4295 in
3000 4231 3367 4315 particulari
3393 4237 3757 4312 generatur,

2225 4344 2290 4404 et
2315 4341 2766 4423 corrumpitur.
2786 4338 2900 4404 Vel
2919 4344 3121 4422 potest
3146 4339 3272 4406 dici
3294 4340 3466 4423 quod
3497 4339 3762 4405 essentia

2224 4448 2365 4529 ejus
2391 4451 2680 4511 remanet
2701 4448 2771 4510 in
2797 4446 3077 4529 potentia
3102 4451 3243 4529 post
3257 4447 3753 4530 corruptionem,

2222 4555 2385 4620 sicut
2412 4558 2558 4619 ante
2584 4555 3086 4636 generationem.

2302 4668 2362 4727 4.
2412 4662 2513 4727 Ad
2556 4662 2716 4727 illud
2759 4661 2930 4745 quod
2980 4662 3281 4744 objicitur
3299 4709 3318 4743 ,
3366 4665 3542 4746 quod
3601 4663 3756 4728 actio

2220 4774 2528 4835 creaturae
2568 4769 2648 4834 ad
2683 4769 2807 4833 hoc
2831 4768 3071 4850 aliquid
3099 4769 3513 4851 terminatur;
3545 4772 3759 4838 dicen·

2218 4877 2376 4943 dum
2402 4876 2596 4961 quod,
2625 4876 2788 4940 sicut
2814 4876 2965 4940 dicit
2981 4874 3405 4961 Philosophus
3428 4881 3472 4955 ⁸,
3505 4879 3753 4962 proprie

2216 4986 2556 5069 loquendO,
2585 4986 2791 5049 forma
2806 5003 2940 5049 non
2966 4990 3335 5067 generatur,
3361 4988 3471 5052 sed
3498 5004 3745 5070 compo-

2215 5093 2434 5157 situm.
2493 5091 2651 5157 Cum
2701 5094 2876 5156 enim
2924 5087 3298 5175 producitur
3332 5095 3539 5160 forma
3556 5144 3575 5175 ,
3624 5110 3748 5158 non

2214 5200 2587 5284 producitur
2607 5201 2679 5265 in
2707 5219 2798 5281 se,
2828 5219 2946 5266 nec
2972 5219 3087 5283 per
3110 5220 3200 5281 se,
3230 5203 3339 5268 sed
3365 5208 3439 5268 ut
3459 5204 3529 5268 in
3551 5209 3746 5269 mate-

2212 5375 2380 5429 xvm,
2409 5366 2505 5414 art.
2531 5368 2588 5426 1,
2617 5376 2668 5427 q.
2693 5353 2773 5412 in.
2796 5387 2857 5399 —
2875 5362 2897 5397 ⁸
2916 5363 3147 5426 Aristot„
3174 5363 3472 5430 Hetuphys„
3499 5363 3589 5414 lib.
3614 5364 3700 5416 Vll
3719 5399 3737 5425 ,

2214 5440 2354 5488 cont.
2374 5438 2457 5500 26,
2478 5437 2538 5487 2⁴1
2561 5437 2615 5486 et
2630 5436 2710 5487 32.
2727 5460 2793 5472 —
2810 5434 2876 5497 (α)
2906 5433 2994 5486 ΔΙ.
3017 5438 3172 5488 emet.
