4125 6225
1642 419 2020 491 DISTINCT.
2062 421 2223 491 XVI.

288 558 586 638 nionem3
616 556 688 621 in
710 543 988 623 secunda
1012 558 1192 641 parte
1209 555 1561 623 secundum
1579 557 1829 641 opinio-

288 682 438 730 nem
488 663 835 748 propriam,
866 662 954 729 ibi
987 683 1003 728 ε
1046 663 1492 731 Verumtamen
1519 664 1647 731 hoec
1688 663 1829 731 dis·

289 774 544 851 tincliO,
577 776 697 836 etc.
721 790 739 851 3
762 772 830 835 in
853 772 1042 836 tertia
1057 790 1213 836 vero
1238 790 1322 837 ex
1339 773 1604 838 veritate
1622 773 1831 856 expla-

286 884 436 946 nata
446 880 765 945 concludit
777 879 1122 963 quamdam
1135 880 1606 945 conclusionem
1623 879 1827 945 corol-

284 986 532 1068 lariam‚
551 987 642 1052 ibi
665 1009 680 1051 ε
714 989 1020 1062 Quocirca
1035 988 1213 1054 homo
1239 986 1488 1056 dicitur
1505 994 1568 1056 et
1592 989 1822 1073 image,

284 1101 344 1162 et
373 1095 493 1173 acl,
519 1099 637 1160 etc.
669 1094 747 1159 Et
770 1096 860 1159 sic
885 1113 1144 1159 summa
1167 1095 1361 1161 totius
1395 1096 1593 1181 partis
1629 1096 1829 1178 hujus

284 1202 569 1268 consistit
622 1201 691 1265 in
744 1201 866 1266 hoc
884 1250 902 1281 ,
950 1201 1183 1266 scilicet
1224 1203 1609 1268 ostendendo
1657 1202 1828 1286 quod

281 1309 479 1376 homo
503 1309 705 1374 factus
745 1312 840 1374 est
866 1308 948 1373 ad
973 1308 1083 1374 Dei
1119 1309 1473 1392 imaginem
1504 1314 1568 1376 et
1600 1309 1826 1374 simili-

289 1417 601 1485 tudinem.

938 1515 1078 1563 nus.
1122 1514 1168 1561 1.

698 1622 966 1676 Faciamus
996 1623 1280 1683 hominem,
1309 1625 1408 1677 etc.

363 1740 685 1819 Quaeritur
714 1740 793 1804 de
828 1742 1075 1804 ratione
1112 1758 1311 1822 quam
1341 1738 1544 1805 reddit
1587 1737 1827 1824 Magis-

281 1851 377 1913 ter
408 1870 423 1912 :
456 1847 576 1911 «In
594 1866 671 1911 eo
696 1847 868 1930 quod
893 1847 1044 1912 dicit
1075 1868 1091 1911 ε
1122 1848 1493 1926 Faciamus,
1522 1865 1658 1911 una
1678 1865 1827 1930 ope-

281 1956 442 2021 ratio
482 1955 685 2020 trium
717 1972 1135 2037 personarum
1178 1954 1557 2019 ostenditur.
1608 1976 1640 2014 n
1665 1955 1824 2020 Cum

282 2063 454 2129 enim
492 2063 769 2128 indivisa
812 2063 940 2126 sint
970 2080 1164 2146 opera
1206 2060 1531 2126 Trinitatis
1553 2110 1572 2139 ,
1604 2064 1669 2125 et
1698 2066 1827 2126 tres

281 2187 571 2255 personae
588 2169 676 2234 ita
692 2173 969 2252 operatae
984 2169 1110 2233 sint
1126 2168 1321 2232 simul
1338 2169 1558 2233 omnia
1575 2167 1724 2248 alia,
1743 2168 1825 2232 si-

281 2283 390 2343 cut
407 2279 695 2343 fecerunt
719 2276 1072 2356 hominem,
1095 2275 1351 2342 videtur
1381 2276 1577 2358 quod,
1599 2293 1826 2359 quem-

279 2386 627 2452 admodum
694 2385 763 2448 in
839 2384 1253 2468 productione
1314 2384 1595 2448 hominis
1665 2382 1827 2448 dici-

279 2499 386 2560 tur
415 2514 431 2558 z
468 2494 850 2572 Faciuntne,
879 2492 968 2556 ita
994 2491 1249 2555 deberet
1284 2490 1403 2555 dici
1446 2491 1514 2553 in
1549 2491 1823 2573 produc-

281 2601 449 2666 tione
480 2600 774 2664 aliorum.
812 2598 967 2662 Item
995 2596 1331 2680 quaeritur,
1353 2615 1550 2679 quare
1567 2597 1638 2660 in
1666 2614 1823 2680 pro-

281 2708 577 2774 ductione
628 2706 907 2771 hominis
966 2705 1169 2770 utitur
1236 2704 1562 2786 legislator
1626 2702 1825 2769 verbo

281 2811 505 2894 primae
527 2827 838 2894 personae,
865 2808 1135 2873 scilicet:
1166 2808 1510 2874 Faciamus
1521 2830 1549 2881 ,·
1576 2806 1647 2871 in
1672 2824 1823 2888 pro—

281 2917 579 2982 ductione
602 2917 900 2994 aliorum,
919 2916 1118 2981 verbo
1143 2915 1347 2979 tertiae
1373 2932 1688 2997 personae,
1710 2913 1826 2978 sci-

279 3025 425 3090 licet
467 3047 482 3088 :
513 3026 728 3105 Dixit,
756 3028 819 3088 et
848 3026 1049 3090 Fecit.
1076 3022 1270 3087 Juxta
1305 3022 1428 3086 hoc
1473 3025 1688 3086 autem
1732 3022 1827 3086 est

279 3134 572 3218 quaestio,
593 3151 790 3216 quare
804 3131 1145 3213 distinguit
1157 3131 1323 3195 inter
1338 3129 1823 3213 productionem

277 3240 559 3307 hominis
598 3243 661 3305 et
693 3239 1042 3305 bestiarum
1061 3287 1080 3320 ,
1111 3257 1261 3303 cum
1295 3238 1520 3303 eodem
1546 3237 1646 3302 die
1681 3255 1826 3322 pro-

279 3350 491 3416 ductae
518 3350 645 3413 sint
670 3350 748 3414 ad
772 3351 1075 3415 ornatum
1102 3346 1389 3430 ejusdem
1416 3346 1733 3411 elementi.

355 3459 545 3544 Resp.
578 3459 930 3524 Dicendum
956 3458 1128 3542 quod
1172 3459 1242 3521 in
1265 3456 1683 3541 productione
1706 3455 1831 3520 ho·

277 3567 471 3632 minis
504 3585 636 3631 non
676 3568 931 3630 tantum
978 3569 1114 3629 erat
1152 3563 1572 3628 manifestatio
1615 3562 1829 3627 Trini-

276 3674 426 3740 tatis
452 3674 517 3737 in
547 3673 822 3755 vestigio
840 3722 858 3753 ,
885 3672 994 3737 sed
1022 3670 1216 3736 etiam
1264 3671 1619 3736 secundum
1658 3670 1825 3734 ima·

277 3781 496 3864 ginem
530 3803 546 3846 :
573 3780 715 3845 ideo
741 3780 946 3844 trihus
962 3777 1250 3862 personis
1278 3777 1610 3860 pluraliter
1635 3777 1823 3841 attri-

276 3888 501 3954 buitur
516 3887 797 3952 hominis
812 3885 1168 3969 producti0‚
1185 3889 1260 3948 ut
1271 3884 1637 3949 ostendatur
1651 3884 1823 3967 quod

285 3997 352 4061 in
377 3995 638 4061 homine
665 3993 939 4057 Trinitas
964 3995 1459 4075 repraesentatur
1484 4009 1778 4075 expresse
1799 4010 1818 4073 3

277 4105 351 4170 in
400 4103 540 4168 aliis
593 4120 748 4167 vero
806 4101 1171 4165 insinuatur
1232 4098 1506 4163 Trinitas
1562 4115 1822 4181 quoquo

277 4212 490 4288 modo,
524 4211 672 4274 licet
698 4227 834 4274 non
867 4209 958 4274 ita
986 4208 1280 4291 explicite
1309 4227 1327 4271 ε
1367 4210 1432 4272 et
1463 4206 1619 4289 quia
1660 4206 1823 4270 ratio

278 4318 579 4400 imaginis
606 4335 739 4381 non
756 4317 1056 4382 convenit
1078 4316 1192 4381 ulli
1212 4332 1523 4399 personae,
1545 4330 1693 4399 quae
1715 4331 1825 4397 po-

277 4430 400 4491 test
424 4424 599 4509 loqui
625 4442 740 4508 per
771 4442 837 4487 se
860 4471 879 4504 ,
902 4423 1047 4489 ideo
1070 4424 1140 4487 in
1170 4423 1655 4505 productionem
1681 4423 1823 4503 ejus

279 4534 487 4597 utitur
537 4532 735 4596 verbo
783 4532 1012 4614 primae
1061 4547 1373 4613 personae.
1424 4528 1503 4593 Et
1543 4528 1778 4592 iterum
1798 4576 1819 4609 ,

281 4639 434 4722 quia
457 4637 598 4702 haec
631 4641 923 4703 creatura
962 4635 1269 4722 praecellit
1313 4635 1467 4699 alias
1506 4634 1578 4698 in
1615 4634 1825 4718 gradu

281 4747 346 4809 et
392 4745 701 4826 dignitate
725 4767 743 4824 ;
799 4744 943 4809 ideo
1007 4742 1492 4826 productionem
1545 4740 1825 4806 hominis

281 4850 617 4933 distinguit
672 4868 712 4914 a
769 4850 1185 4935 productione
1243 4848 1591 4913 bestiarum
1615 4893 1635 4927 ,
1682 4847 1826 4913 lieet

280 4965 538 5044 propter
560 4958 1069 5024 convenientiam
1095 4958 1164 5021 in
1188 4955 1473 5022 ornando
1498 4959 1737 5020 terram
1755 4955 1824 5022 in

282 5085 443 5152 opus
466 5066 664 5132 unius
689 5065 797 5131 Dei
829 5065 1215 5133 conveniant
1244 5085 1261 5127 ε
1293 5068 1357 5130 et
1378 5061 1470 5127 sic
1493 5065 1666 5147 patet
1689 5081 1828 5130 res-

281 5175 510 5261 ponsio
532 5174 616 5240 ad
636 5174 928 5259 quaesita.

3355 431 3476 495 629

2566 640 2706 688 DUB.
2751 640 2821 690 11.

2203 754 2298 807 Dei
2319 758 2370 808 et
2389 757 2690 824 angelorum
2717 771 2825 810 non
2850 761 2928 812 est
2953 772 3077 825 una,
3104 760 3205 812 etc.

2016 879 2281 946 Contra:
2299 882 2471 965 quia,
2501 902 2652 949 cum
2675 885 2950 967 angelus
2973 883 3054 950 sit
3076 885 3296 967 imago
3323 883 3469 966 Dei;

1936 989 2109 1070 quod
2143 990 2578 1056 conformatur
2621 994 2874 1076 angelo,
2917 1011 3032 1076 per
3082 1008 3476 1077 consequens

1936 1096 2370 1162 conformatur
2396 1099 2521 1163 Deo
2555 1117 2573 1162 ε
2602 1117 2761 1182 ergo
2790 1100 2962 1183 quod
2988 1103 3085 1165 est
3109 1099 3329 1183 imago
3355 1117 3473 1166 an·

1936 1205 2091 1287 geli,
2131 1209 2224 1270 est
2248 1206 2467 1289 imago
2494 1207 2623 1273 Dei.
2656 1207 2815 1274 Item
2843 1227 3056 1274 unum
3081 1226 3244 1292 opus
3272 1210 3478 1292 potest

1935 1329 2071 1377 esse
2098 1313 2210 1377 Dei
2236 1316 2299 1378 et
2324 1315 2538 1396 angeli
2559 1336 2576 1378 t
2602 1334 2762 1399 ergo
2786 1316 2924 1401 pari
2950 1316 3197 1382 ratione
3221 1315 3476 1382 videtur

1935 1420 2110 1503 quod
2138 1420 2360 1487 eadem
2387 1423 2625 1504 imag0.

2016 1527 2203 1611 Resp.
2254 1528 2602 1595 Dicendum
2642 1528 2846 1612 quod,
2884 1528 3038 1614 quia
3068 1529 3288 1612 imago
3323 1527 3479 1595 dicit

1934 1634 2223 1700 ordinem
2240 1635 2320 1701 ad
2348 1636 2528 1713 illud,
2554 1638 2741 1719 quus
2766 1639 2861 1701 est
2890 1637 3110 1718 imago
3123 1685 3143 1717 ,
3167 1640 3478 1719 tanquam

1933 1740 2004 1805 in
2027 1743 2226 1806 finem
2252 1745 2316 1806 et
2345 1742 2637 1807 ordinem
2664 1743 3144 1823 immediatum,
3175 1762 3326 1809 cum
3350 1744 3479 1808 im·

1932 1849 2231 1931 possibile
2267 1849 2348 1915 sit
2378 1849 2580 1915 Deum
2625 1854 2690 1916 et
2726 1852 3035 1934 angelum
3069 1852 3357 1933 ejusdem
3382 1852 3479 1917 rei

1934 1972 2070 2020 esse
2092 1956 2289 2020 finem
2317 1955 2761 2022 immediatum
2787 1961 2852 2023 et
2885 1958 3213 2038 ultimum,
3236 1957 3478 2042 impos-

1934 2061 2120 2127 sibile
2155 2066 2250 2127 est
2286 2063 2576 2128 eamdem
2604 2063 2954 2147 imaginem
2995 2082 3131 2129 esse
3169 2065 3385 2147 angeli
3414 2066 3480 2130 et

1932 2166 2045 2233 Dei
2080 2188 2097 2233 ε
2139 2168 2293 2251 quia
2328 2187 2485 2235 vero
2511 2169 2677 2236 Deus
2709 2175 3087 2254 cooperatur
3121 2172 3384 2253 angelo,
3413 2173 3479 2237 et

1934 2293 2125 2340 omne
2140 2323 2157 2353 ,
2188 2276 2360 2359 quod
2385 2280 2480 2341 est
2514 2277 2595 2342 ab
2635 2277 2867 2359 angelo
2882 2325 2903 2358 ,
2943 2280 3039 2343 est
3074 2296 3115 2343 a
3138 2277 3303 2356 Deo;
3334 2276 3477 2344 ideo

1932 2383 2233 2467 possibile
2273 2387 2371 2449 est
2407 2403 2620 2449 unum
2652 2402 2815 2467 opus
2842 2384 3038 2450 simul
3083 2402 3220 2449 esse
3253 2385 3317 2449 et
3357 2400 3475 2447 an·-

1934 2488 2063 2572 geli
2081 2537 2100 2569 ,
2129 2492 2192 2553 et
2232 2488 2364 2553 Dei.
2398 2488 2455 2553 N
2457 2508 2529 2555 ec
2554 2489 2724 2555 valet
2749 2489 2905 2555 illud
2948 2491 3121 2574 quod
3148 2488 3473 2573 objicitur,

1932 2594 2107 2678 quod
2145 2594 2199 2658 si
2242 2595 2474 2679 aliquis
2514 2600 2928 2679 repraesentat
2974 2598 3282 2681 angelum
3296 2644 3314 2675 ,
3359 2612 3476 2680 per

1933 2719 2323 2784 consequens
2373 2708 2785 2786 repraesentat
2837 2703 3040 2768 Deum
3101 2726 3116 2769 ε
3174 2701 3477 2786 quamvis

1931 2807 2107 2872 enim
2133 2808 2353 2874 inferri
2380 2811 2587 2876 valeat
2622 2808 2794 2894 quod
2829 2814 3152 2889 creatura,
3190 2827 3340 2893 quae
3368 2825 3472 2873 re-

1932 2919 2272 2999 praesentat
2293 2918 2633 2999 angelum,
2666 2922 3078 3001 repraesentat
3104 2918 3306 2983 Deum
3334 2934 3476 2982 me-

1931 3020 2138 3102 diatej,
2163 3041 2295 3087 non
2317 3027 2538 3089 tamen
2562 3028 2766 3107 potest
2792 3024 3012 3090 inferri
3037 3023 3213 3108 quod
3237 3040 3474 3108 reprae·

1931 3132 2140 3195 sentat
2167 3131 2557 3197 immediate.

2565 3319 2703 3366 DUB.
2740 3318 2835 3366 111.

2381 3434 2609 3486 Fuerunt
2633 3433 2885 3501 nonnulli,
2913 3435 3013 3487 etc.

2010 3559 2240 3626 Contra
2271 3582 2287 3626 t
2318 3559 2582 3628 Videtur
2610 3560 2783 3646 quod
2809 3559 3262 3627 convenienter
3291 3559 3474 3652 dixe·

1928 3667 2112 3749 rint,
2159 3687 2273 3752 per
2313 3669 2470 3733 illud
2523 3669 2695 3752 quod
2748 3668 2979 3734 dicitur
3027 3687 3044 3733 ε
3098 3670 3260 3743 Quos
3295 3685 3475 3753 proe-

1929 3775 2292 3844 destinavit
2312 3777 2662 3857 conformes
2681 3777 2828 3857 ficri
2849 3777 3134 3860 imaqini
3159 3776 3322 3843 Filii
3339 3778 3470 3845 sui.

1930 3882 2113 3965 Item,
2157 3886 2331 3968 quod
2374 3886 2466 3949 ita
2513 3888 2799 3968 oporteat
2846 3883 3141 3966 intelligi,
3187 3883 3471 3950 videtur.

1929 3995 2051 4057 Aut
2090 3992 2262 4056 enim
2297 3992 2518 4075 imago
2544 3990 2636 4055 ibi
2679 3993 2803 4055 stat
2829 4008 2945 4073 pro
2980 4008 3052 4054 re
3090 3992 3334 4068 creata,
3361 3990 3475 4053 aut

1930 4117 2048 4182 pro
2075 4118 2145 4164 re
2172 4099 2453 4166 increata
2483 4122 2499 4163 ε
2531 4098 2586 4162 si
2607 4116 2729 4193 pro
2756 4116 2827 4162 re
2853 4100 3087 4175 creata,
3115 4114 3272 4179 ergo
3301 4095 3473 4163 idem

1930 4209 2026 4271 est
2051 4206 2260 4271 dicere
2301 4228 2316 4271 ε
2348 4209 2698 4273 Faciamus
2739 4204 3054 4273 hominem
3100 4201 3189 4270 ad
3227 4204 3473 4287 imaqi-

1929 4330 2094 4394 nem,
2141 4313 2316 4396 quod
2368 4334 2384 4378 z
2430 4312 2764 4379 Faciamus
2813 4310 3139 4377 hominem
3179 4310 3259 4375 ad
3296 4310 3471 4393 seip-

1928 4438 2098 4485 sum.
2122 4419 2189 4485 Si
2213 4419 2523 4500 increata,
2550 4419 2661 4485 sed
2687 4418 2795 4482 illa
2814 4435 2947 4483 non
2962 4421 3057 4482 est
3081 4416 3205 4483 nisi
3229 4416 3431 4482 Filius
3447 4431 3476 4487 3

1929 4546 2088 4610 ergo
2117 4528 2373 4595 videtur
2415 4527 2586 4611 quod
2634 4527 2946 4612 expositio
2998 4526 3107 4590 illa
3152 4524 3234 4590 sit
3273 4529 3466 4591 recta.

1930 4634 2194 4719 Propter
2228 4636 2351 4702 hoc
2392 4635 2709 4719 quaeritur
2735 4653 2881 4719 quae
2912 4635 3181 4700 istarum
3208 4633 3471 4718 exposi-

1929 4742 2206 4822 tionum,
2250 4761 2412 4826 quas
2458 4742 2758 4826 Magister
2798 4742 2872 4809 in
2911 4741 3125 4807 littera
3160 4741 3468 4825 assignat,

1930 4850 2013 4916 sit
2039 4849 2335 4915 tenenda.

2012 4957 2198 5040 Resp.
2230 4955 2578 5022 Dicendum
2614 4956 2784 5041 quod
2825 4956 3065 5040 duplex
3105 4960 3201 5022 est
3241 4956 3472 5023 modus

1931 5064 2291 5149 exponendi
2330 5065 2520 5130 istam
2565 5063 3007 5129 auctoritatem
3061 5085 3078 5128 :
3127 5063 3473 5131 Faciamus

1931 5173 2269 5251 hominm,
2289 5176 2411 5237 etc.
2464 5189 2699 5254 tanus,
2726 5170 3146 5255 intelligendo
3191 5171 3270 5237 de
3314 5172 3477 5237 ima-

1932 5279 2088 5363 gine
2128 5278 2448 5360 increata3
2489 5278 2649 5344 alter
2691 5296 2847 5346 vero
2866 5328 2886 5360 ,
2932 5277 3347 5362 intelligendo
3396 5279 3477 5346 de

1935 5386 2225 5472 imagine
2248 5390 2478 5457 creata.
2508 5385 2764 5455 Primus
2802 5385 3032 5455 modus
3055 5387 3419 5475 triplicatur
3451 5405 3480 5460 z
