4125 6225
42 1660 103 1702 Ad
130 1672 236 1717 opp.

1257 341 1453 423 DIST.
1497 340 1600 406 lx.
1644 338 1827 406 ΛΒΤ.
1880 338 1931 404 1.
1978 338 2279 419 QUAEST.
2323 341 2459 409 vn.

260 483 324 544 et
365 480 605 562 optime
634 480 1140 564 proportionata,
1168 481 1422 548 videtur
1459 481 1633 565 quod
1673 501 1804 547 nu-

259 606 479 652 merus
503 589 805 654 ordinum
828 593 894 655 et
914 591 1240 674 graduum
1278 594 1422 675 ejus
1452 610 1586 657 non
1613 593 1804 658 stabit

260 695 416 760 citra
443 715 592 761 eum
623 716 971 763 numerum
989 748 1007 779 ,
1040 700 1106 763 in
1135 719 1266 783 quo
1298 706 1391 764 est
1413 701 1711 785 perfectio
1739 706 1805 767 et

260 806 506 868 status:
538 804 648 869 sed
676 805 782 869 hic
805 824 939 871 non
963 812 1057 871 est
1086 809 1474 873 novenarius
1498 858 1517 890 ,
1546 810 1653 875 sed
1691 811 1804 876 de-

260 912 484 976 narius
512 934 527 977 x
558 931 716 995 ergo
744 915 1001 979 videtur
1027 916 1199 998 quod
1226 916 1452 981 saltem
1496 935 1698 1001 usque
1723 917 1804 984 ad

260 1025 600 1090 denarium
629 1028 1064 1110 protendatur.

341 1132 504 1197 Item
531 1134 889 1199 beatissima
915 1134 1114 1218 Virgo
1137 1134 1336 1201 Maria
1355 1138 1423 1200 111
1443 1139 1647 1221 patria
1670 1157 1805 1205 non

262 1240 386 1306 erit
422 1246 655 1326 praeter
693 1242 984 1308 ordinem
1024 1262 1042 1307 :
1090 1262 1240 1309 cum
1284 1264 1444 1327 ergo
1488 1246 1570 1310 sit
1613 1265 1809 1330 supra

261 1367 490 1414 omnes
514 1350 767 1415 ordines
784 1399 801 1430 ‚
833 1370 948 1435 per
985 1371 1053 1417 se
1093 1353 1436 1419 constituet
1461 1355 1751 1420 ordinem
1783 1377 1799 1420 ε

266 1477 425 1542 ergo
460 1460 715 1525 videtur
742 1462 914 1543 quod
951 1461 1079 1527 sint
1102 1462 1194 1526 ibi
1224 1462 1440 1545 plures
1466 1482 1662 1546 quam
1687 1483 1808 1529 no-

267 1585 418 1631 vem
444 1568 718 1633 ordines.
1709 1592 1713 1596 *

346 1674 446 1739 Ad
505 1676 867 1759 oppositum
919 1679 1219 1760 arguitur
1268 1679 1357 1744 sic
1415 1702 1431 1745 ε
1482 1686 1542 1745 1.
1591 1680 1810 1747 Omnis

265 1783 423 1847 ordo
449 1784 777 1849 reducitur
804 1785 886 1849 ad
907 1786 1188 1869 aliquam
1212 1787 1673 1854 hierarchiam:
1701 1791 1811 1855 sed

264 1908 398 1954 non
426 1895 580 1955 sunt
602 1892 690 1955 ibi
721 1892 844 1956 nisi
875 1897 1004 1957 tres
1032 1894 1430 1974 hierarchiae,
1452 1898 1617 1962 sicut
1641 1902 1812 1982 patet

264 2015 348 2061 ex
400 1998 782 2063 sufficientia
830 2001 1011 2083 prius
1063 2004 1422 2084 assignata,
1471 2024 1806 2088 suprema,

266 2105 482 2169 media
501 2154 519 2183 ,
549 2112 614 2170 et
642 2107 866 2171 infima
886 2157 905 2189 ,
939 2113 1004 2173 et
1047 2111 1351 2191 quaelibet
1375 2131 1599 2177 earum
1625 2114 1806 2179 suffl-

265 2212 509 2278 cienter
537 2215 891 2298 completur
915 2216 1147 2301 triplici
1174 2219 1396 2285 ordine
1428 2239 1443 2282 :
1492 2240 1650 2304 ergo
1678 2240 1812 2287 non

266 2321 523 2386 videtur
546 2323 716 2405 quod
739 2323 1007 2389 debeant
1030 2344 1164 2390 esse
1188 2327 1424 2409 plures.

348 2432 410 2492 2.
445 2429 603 2493 Item
631 2429 904 2495 Trinitas
942 2434 1379 2500 manifestatur
1404 2438 1475 2501 in
1513 2439 1815 2504 omnibus

268 2539 576 2602 creaturis
600 2541 958 2605 secundum
989 2542 1134 2626 plus
1157 2548 1220 2607 et
1247 2544 1465 2611 minus
1483 2595 1500 2626 ,
1527 2548 1809 2613 maxime

267 2650 490 2711 autem
523 2649 910 2713 manifestari
948 2649 1134 2715 dehet
1161 2651 1229 2714 in
1255 2652 1454 2717 beatis
1488 2676 1504 2717 ε
1547 2655 1655 2719 sed
1679 2673 1814 2720 nu-

270 2772 490 2819 merus
517 2755 798 2821 maxime
815 2759 1221 2842 expressivus
1239 2758 1561 2825 Trinitatis
1588 2768 1683 2827 est
1707 2763 1814 2829 ille

268 2863 385 2946 qui
424 2864 712 2928 consistit
755 2865 827 2928 in
862 2864 1146 2930 trinitate
1192 2885 1385 2950 super
1423 2887 1492 2934 se
1533 2870 1772 2935 reflexa
1792 2920 1812 2951 ,

271 2971 440 3036 sicut
472 2976 624 3036 sunt
664 2976 792 3037 tres
829 2973 984 3037 trini
1015 2995 1031 3038 ε
1063 2992 1219 3055 ergo
1259 2975 1516 3041 videtur
1543 2978 1712 3060 quod
1746 2979 1824 3056 in

269 3080 384 3144 tali
434 3098 710 3147 numero
757 3080 1014 3147 ordines
1062 3082 1397 3150 beatorum
1448 3084 1725 3150 habeant
1778 3104 1819 3151 a

272 3206 530 3253 summa
550 3188 855 3255 Trinitate
882 3190 1153 3255 institui.

237 3359 242 3366 .
353 3303 414 3362 3.
457 3298 617 3362 Item
650 3298 965 3364 distinctio
995 3300 1296 3365 ordinum
1335 3303 1431 3365 est
1463 3304 1815 3368 secundum

274 3405 442 3471 dona
467 3406 825 3488 gratiarum
855 3430 871 3473 ε
904 3407 1010 3473 sed
1038 3408 1294 3474 nullum
1321 3409 1567 3474 donum
1589 3410 1817 3493 gratiae

275 3514 465 3578 estin
495 3514 894 3594 hominihus,
935 3517 1109 3599 quod
1138 3535 1272 3580 11011
1301 3520 1383 3581 sit
1406 3517 1475 3583 in
1512 3518 1765 3600 angelis
1796 3539 1814 3584 τ

274 3640 435 3703 ergo
477 3623 735 3687 nullum
777 3623 1067 3688 ordinem
1110 3625 1496 3689 constituent
1523 3625 1819 3690 homines

277 3733 510 3812 praeter
536 3730 787 3795 ordines
806 3731 1187 3812 angelorum
1216 3754 1231 3796 ι
1263 3732 1371 3797 sed
1389 3733 1483 3796 illi
1507 3752 1641 3797 non
1667 3735 1823 3798 sunt

277 3838 403 3901 nisi
428 3856 663 3905 novem
693 3861 709 3903 ε
743 3857 902 3921 ergo
937 3859 1072 3904 non
1098 3840 1350 3906 videtur
1386 3841 1558 3923 quod
1585 3841 1667 3905 sit
1702 3858 1821 3924 po-

278 3964 434 4011 nere
461 3966 811 4012 numerum
836 3951 1172 4042 majorem.

360 4060 421 4120 4.
454 4056 611 4121 Item
625 4106 646 4138 ‚
679 4058 732 4121 si
759 4057 1023 4141 ponitur
1050 4058 1206 4123 ordo
1244 4058 1585 4123 hominum
1611 4077 1725 4141 per
1753 4076 1821 4123 se

280 4167 513 4246 praeter
540 4164 895 4246 assignatos
928 4165 1181 4230 ordines
1219 4166 1604 4247 angelornm
1623 4214 1642 4246 ,
1671 4184 1823 4230 cum

281 4269 351 4334 in
379 4272 560 4336 omni
588 4273 810 4337 ordine
835 4273 1218 4355 angelorum
1255 4273 1386 4337 sint
1419 4274 1499 4337 de
1538 4273 1825 4338 homini-

281 4380 435 4461 bus,
476 4385 633 4445 tunc
670 4381 964 4446 homines
1007 4382 1554 4463 distinguerentur
1596 4400 1826 4446 secun-

283 4487 442 4552 dum
463 4488 684 4553 decem
713 4488 954 4570 gradus
984 4507 1001 4551 ε
1035 4506 1192 4571 ergo
1221 4489 1474 4554 videtur
1499 4488 1669 4571 quod
1688 4508 1828 4571 per-

281 4595 558 4661 fectioris
575 4597 834 4661 numeri
855 4597 939 4661 sit
960 4596 1115 4662 ordo
1131 4597 1201 4662 111
1218 4596 1610 4676 hominibus,
1625 4614 1825 4679 quam

283 4704 354 4768 in
380 4705 580 4770 beatis
604 4705 936 4788 spiritibus
966 4704 1179 4788 :quod
1205 4723 1339 4769 non
1364 4705 1644 4786 videtur,
1674 4725 1826 4770 cum

281 4812 409 4896 ipsi
451 4832 563 4897 per
601 4819 902 4879 naturam
947 4814 1077 4877 sint
1117 4812 1244 4878 Deo
1302 4813 1724 4896 proximiores
1767 4817 1832 4879 et

283 4921 623 4986 similiores
643 4970 661 4999 ,
690 4940 765 4986 ac
794 4940 911 5004 per
950 4922 1075 4986 hoc
1107 4921 1407 4986 constitui
1441 4920 1712 4987 debeant
1757 4922 1830 4986 in

286 5029 529 5096 ordinis
558 5034 622 5095 et
644 5029 901 5095 numeri
925 5029 1314 5094 nobilissima
1339 5030 1742 5114 perfectione.

357 5160 374 5195 ²
391 5157 638 5222 Amelm„
664 5156 727 5208 de
745 5158 877 5212 casu
902 5156 1133 5220 Diaboli,
1163 5171 1211 5209 c.
1228 5170 1366 5212 vn—
1381 5159 1403 5193 ²
1421 5158 1601 5222 Mam,
1627 5169 1726 5223 111,
1746 5159 1824 5212 25.

3341 358 3458 421 479

2401 593 2959 664 CONCLUSIO.

1917 772 2080 828 Ultra
2101 787 2287 830 novem
2312 774 2624 845 anqelorum
2652 776 2830 832 choros
2863 775 3095 833 addetur
3128 780 3293 835 etiam
3318 778 3459 836 deci·

1983 878 2118 928 mus,
2137 866 2234 933 qui
2251 866 2311 919 in
2324 866 2532 921 meritis
2551 868 2755 923 caeteris
2772 869 3078 939 inaequalis,
3101 869 3194 926 sed
3207 875 3458 927 sanctam

1984 955 2297 1024 angelorum
2330 955 2731 1014 sublimitatem
2759 959 3036 1016 ascendere
3063 976 3171 1017 non
3195 963 3407 1033 potuit.

1997 1131 2184 1216 Resp.
2230 1133 2311 1198 ad
2354 1135 2513 1216 Arg.
2563 1135 2911 1201 Dicendum
2956 1138 3037 1202 ad
3078 1139 3202 1203 hoc
3222 1188 3239 1219 ,
3290 1141 3464 1222 quod

1912 1238 2070 1322 quia
2095 1239 2371 1304 rationes
2400 1242 2719 1324 praedictae
2740 1244 2952 1309 solum
2974 1251 3127 1310 sunt
3149 1246 3465 1328 congrui·-

1916 1346 2066 1411 tatis
2083 1394 2101 1424 ,
2142 1354 2205 1411 et
2241 1350 2647 1416 auctoritates
2693 1371 2886 1435 super
2930 1353 3054 1418 hoc
3091 1372 3225 1419 non
3272 1354 3462 1421 inve-

1916 1455 2188 1520 niuntur
2217 1473 2554 1539 expressae,
2586 1456 2781 1543 super
2809 1459 2933 1525 hoc
2956 1466 3107 1525 sunt
3132 1461 3464 1545 opiniones

1917 1564 2138 1629 variae.
2182 1564 2454 1642 Quidam
2499 1585 2780 1650 namque
2818 1568 3024 1633 dicere
3074 1569 3422 1636 voluerunt
3443 1621 3462 1653 ,
3494 1590 3652 1649 opinio
3668 1594 3708 1636 1.

1917 1672 2089 1754 quod
2130 1691 2353 1738 omnes
2391 1674 2685 1740 homines
2725 1681 3206 1742 assumerentur
3234 1680 3314 1744 ad
3340 1699 3464 1744 an-

1918 1777 2216 1858 gelorum
2241 1779 2529 1857 ordineS‚
2558 1799 2679 1844 nec
2705 1786 2917 1873 essent
2938 1783 3009 1846 in
3046 1784 3154 1848 illa
3189 1804 3466 1869 superna

1920 1884 2318 1952 Hierusalem
2342 1888 2471 1951 nisi
2494 1888 2747 1969 ordines
2776 1907 3016 1956 novem
3047 1910 3065 1955 t
3090 1896 3154 1956 et
3177 1892 3268 1957 sic
3289 1913 3465 1961 com·

1919 1995 2209 2078 petebat,
2253 1999 2328 2060 ut
2370 2002 2534 2061 esset
2577 2017 2873 2082 expressa
2922 2001 3346 2083 configuratio
3386 2003 3466 2068 ad

1919 2104 2511 2186 supermundanam
2553 2105 3015 2189 hierarchiam,
3050 2126 3198 2191 quae
3231 2109 3300 2172 in
3327 2107 3470 2174 Tri-

1921 2210 2119 2275 nitate
2166 2212 2450 2277 consistit
2497 2235 2512 2278 ε
2550 2218 2617 2278 61
2661 2214 2716 2278 si
2755 2215 2974 2297 angeli
3006 2216 3355 2296 stetissent,
3388 2217 3469 2282 ad

1921 2320 2178 2385 ordines
2208 2340 2434 2386 eorum
2464 2325 2777 2407 assumpti
2819 2329 3029 2388 essent
3047 2374 3065 2405 ,
3096 2325 3262 2389 sicut
3296 2344 3471 2389 nunc

1921 2435 2364 2495 assumuntur.
2396 2430 2471 2495 In
2495 2431 2614 2496 hoc
2632 2436 2846 2497 tamen
2865 2431 3096 2512 differt,
3118 2432 3291 2514 quod
3318 2436 3471 2496 tunc

1922 2535 2031 2600 illa
2085 2540 2437 2621 assumptio
2487 2548 2648 2603 esset
2695 2539 3036 2604 hominum
3092 2540 3470 2605 beatificatio

1923 2643 2131 2709 solum
2156 2667 2171 2723 3
2199 2664 2374 2710 nunc
2400 2650 2616 2710 autem
2649 2651 2744 2712 est
2767 2647 3114 2712 hominum
3140 2648 3471 2712 beatifica-
3540 2714 3544 2719 ,

1924 2752 2034 2832 110,
2056 2757 2119 2817 61
2145 2754 2352 2818 ruinae
2370 2755 2752 2837 angelorum
2770 2774 2885 2840 per
2904 2757 3253 2840 quamdam
3272 2757 3474 2840 aequi-

1924 2860 2268 2927 valentiam
2321 2865 2655 2948 reparatio.
2706 2862 2835 2930 Nec
2882 2865 3135 2930 obstant
3194 2866 3472 2930 rationes

1924 2968 2006 3033 ad
2058 2970 2179 3035 hoc
2234 2971 2512 3036 inductae
2530 3021 2548 3053 ,
2595 2973 2750 3055 quia
2783 2974 2994 3039 solum
3046 2974 3469 3058 congruitatis

1924 3082 2106 3158 sunt;
2138 3096 2255 3144 nec
2277 3079 2440 3145 illud
2465 3081 2637 3163 quod
2671 3081 2968 3164 objicitur
3007 3083 3085 3148 de
3117 3083 3301 3149 beata
3325 3083 3468 3149 Vir-

1926 3187 2079 3270 gine
2100 3237 2119 3269 ,
2167 3188 2324 3272 quia
2361 3189 2524 3254 sicut
2566 3190 2984 3272 privilegium
3022 3192 3289 3274 speciale
3334 3209 3470 3257 non

1926 3300 2021 3360 est
2054 3296 2496 3362 reducendum
2537 3297 2617 3362 ad
2651 3298 2862 3379 legem
2905 3317 3349 3378 communem,
3382 3299 3472 3364 sic

1925 3405 2271 3487 singularis
2292 3408 2739 3489 praerogativa,
2761 3425 2913 3490 quae
2931 3413 3025 3472 est
3044 3408 3115 3470 in
3134 3406 3476 3491 heatajlir-

1927 3513 2106 3595 gine,
2136 3531 2268 3578 non
2296 3518 2391 3578 est
2411 3514 2811 3579 numeranda
2837 3533 2987 3579 cum
3011 3514 3311 3582 ordinum
3340 3517 3475 3580 dis-

1926 3621 2252 3700 tinctione,
2280 3640 2427 3704 quae
2452 3626 2548 3685 est
2570 3622 2928 3687 secundum
2946 3623 3157 3704 legem
3185 3641 3474 3689 commu-

1927 3746 2102 3793 nem.
2148 3727 2226 3792 Et
2250 3728 2370 3792 ista
2395 3728 2611 3811 opinio
2649 3730 2799 3793 satis
2834 3730 3177 3812 probabilis
3211 3750 3345 3796 esse
3369 3732 3477 3797 vi-

1928 3834 2135 3899 detur.
2153 3832 2630 3915 Verumtamen,
2654 3835 2807 3918 quia
2823 3839 3037 3901 textus
3058 3840 3477 3920 evangelicus

1928 3940 2050 4005 hoc
2077 3960 2303 4006 sonare
2324 3942 2597 4023 videtur,
2617 3943 2776 4007 dum
2808 3944 3138 4010 hominem
3158 3946 3475 4012 decimam

1929 4039 2300 4113 drachmam
2327 4055 2550 4128 vocat,
2586 4053 2651 4115 et
2687 4051 3029 4116 Anselmus
3057 4053 3182 4118 hoc
3225 4054 3477 4119 videtur

1930 4157 2203 4224 innuere
2236 4158 2305 4223 in
2329 4158 2493 4223 libro
2530 4158 2611 4225 de
2650 4158 2824 4225 Casu
2848 4160 3104 4226 Diaboli
3128 4161 3191 4231 ¹5
3222 4160 3479 4226 videtur
3507 4195 3719 4253 0911„st

1931 4267 2073 4332 aliis
2114 4267 2327 4349 magis
2371 4286 2504 4332 esse
2550 4269 2879 4352 probabile
2898 4318 2917 4350 ,
2963 4269 3135 4352 quod
3182 4270 3480 4335 homines

1931 4393 2047 4457 per
2071 4393 2140 4439 se
2164 4376 2549 4440 constituant
2586 4378 3014 4443 communiter
3052 4395 3263 4442 unum
3300 4378 3476 4444 ordi-

1932 4500 2084 4547 nem
2101 4531 2118 4564 ,
2150 4500 2343 4565 quem
2367 4488 2599 4550 vocant
2624 4485 2946 4550 decimum
2963 4535 2981 4567 ,
3025 4489 3319 4569 respectu
3358 4505 3478 4552 no-

1932 4608 2083 4656 vem
2108 4589 2412 4655 ordinum
2436 4592 2839 4674 angelornm.
2871 4590 3230 4658 Non'enim
3257 4594 3434 4659 decet
3452 4643 3473 4675 ,

1936 4702 2009 4762 ut
2062 4698 2320 4777 dicunt,
2365 4700 2538 4783 quod
2581 4701 2877 4766 homines
2936 4705 3347 4767 assumantur
3400 4703 3481 4768 ad

1935 4806 2189 4871 ordines
2217 4808 2598 4889 angelorum
2621 4857 2639 4887 ,
2670 4810 2793 4873 nisi
2815 4809 2908 4873 illi
2947 4810 3063 4893 qui
3092 4811 3162 4875 in
3191 4812 3315 4876 hac
3346 4811 3482 4878 vita

1936 4914 2027 4978 eis
2052 4915 2294 4980 similes
2331 4916 2700 4982 extiterunt.
2733 4916 2814 4981 Hi
2840 4921 3055 4983 autem
3081 4924 3233 4984 sunt
3258 4921 3474 5002 virgi-

1936 5041 2050 5088 nes
2068 5071 2086 5100 ‚
2113 5024 2229 5106 qui
2255 5043 2374 5090 nec
2398 5025 2739 5091 nubuntur
2756 5074 2774 5104 ,
2803 5044 2921 5091 nec
2946 5028 3197 5093 nubent
3224 5036 3248 5072 ¹
3266 5049 3299 5094 ἐ
3332 5029 3477 5096 ideo

1936 5132 2091 5198 solae
2127 5131 2414 5215 virgines
2440 5134 2521 5199 ad
2553 5132 2807 5198 ordines
2831 5134 3215 5215 angelorum
3244 5136 3476 5201 debent

1938 5239 2200 5322 assumi,
2229 5245 2293 5306 et
2319 5259 2402 5307 ex
2424 5240 2516 5305 eis
2539 5239 2749 5305 solum
2788 5241 2980 5306 ruina
3006 5243 3298 5326 angelica
3336 5262 3477 5311 res-

1937 5349 2208 5428 taurari,
2256 5367 2374 5432 pro
2416 5367 2494 5415 eo
2539 5348 2712 5432 quod
2756 5349 3004 5431 angelis
3045 5352 3331 5419 multum
3384 5357 3482 5419 est
