4125 6225
1534 478 1913 546 DISTINCT.
1956 473 2191 546 XLVn.

268 619 448 682 nitur
474 622 695 682 nostra
732 619 1039 701 iniquitas
1071 639 1085 680 :
1129 622 1192 682 et
1220 616 1360 681 ideo
1402 616 1556 680 illud
1600 617 1812 697 magis

269 726 719 808 appropriatur
748 726 873 808 ipsi
900 725 1049 802 Dec,
1082 743 1279 808 quam
1309 724 1451 788 hoc.

907 914 1045 960 DUB.
1092 913 1162 959 11.

581 1031 743 1095 Ipsius
768 1044 992 1095 namque
1018 1029 1376 1095 permissione,
1405 1033 1505 1080 etc.

355 1151 572 1217 Innuit
608 1152 910 1235 Magister
946 1153 1118 1236 quod
1159 1154 1329 1217 mala
1371 1155 1538 1216 flunt
1584 1156 1841 1236 praeter

273 1259 384 1323 Dei
414 1260 810 1324 voluntatem
833 1310 851 1340 ,
885 1261 990 1324 sed
1033 1278 1164 1325 non
1191 1264 1424 1343 praeter
1456 1260 1818 1342 permissio-

273 1385 446 1430 nem.
482 1367 748 1431 Contra:
770 1367 1033 1433 Videtur
1062 1368 1230 1431 male
1258 1368 1458 1450 loqui,
1486 1370 1640 1450 quia
1667 1387 1816 1431 cum

273 1475 604 1556 permissio
643 1475 726 1538 sit
763 1476 1027 1555 signum
1063 1475 1410 1540 voluntatis
1447 1476 1685 1540 divinae
1705 1524 1724 1554 ,
1763 1476 1818 1538 si

276 1581 443 1644 fiunt
468 1585 699 1665 praeter
726 1582 1120 1646 voluntatem
1135 1631 1154 1662 ,
1183 1601 1341 1664 ergo
1369 1582 1562 1646 etiam
1589 1586 1822 1664 praeter

276 1688 782 1769 permissionem.
846 1688 1005 1752 Item
1065 1689 1379 1771 quaeritur
1433 1706 1582 1770 quae
1638 1689 1816 1753 diffe-

276 1795 486 1858 rentia
517 1800 613 1859 est
645 1795 814 1858 iuter
843 1796 984 1859 fleri
1016 1799 1248 1877 praeter
1290 1795 1689 1861 voluntatem
1708 1844 1723 1872 ‚
1757 1800 1822 1860 et

278 1907 534 1980 contra,
569 1907 634 1966 et
678 1902 931 1967 videtur
972 1904 1144 1986 quod
1170 1902 1388 1984 nulla,
1430 1903 1583 1987 quia
1612 1909 1670 1967 ¹:
1700 1904 1821 1977 Qui

278 2027 407 2076 non
440 2016 534 2076 est
560 2027 827 2090 mecum,
856 2019 1076 2077 contra
1104 2028 1199 2078 me
1226 2018 1339 2077 est.

361 2116 546 2198 Resp.
577 2117 950 2196 Dicendum,
974 2119 1148 2201 quod
1170 2120 1311 2181 fieri
1340 2120 1574 2199 praeter
1592 2116 1822 2181 volun-

278 2229 470 2288 tatem
490 2274 508 2305 ,
540 2226 664 2289 hoc
693 2231 788 2290 est
816 2227 972 2308 quia
1000 2226 1296 2292 voluntas
1324 2224 1436 2289 Dei
1463 2241 1595 2289 non
1627 2228 1723 2288 est
1750 2224 1822 2287 in

278 2332 403 2395 hoc
427 2333 593 2408 fieri,
617 2350 738 2396 nec
765 2333 838 2395 in
864 2336 1005 2414 eJus
1034 2334 1430 2416 oppositum3
1452 2336 1516 2396 et
1539 2333 1629 2396 ita
1654 2349 1820 2415 prae-

279 2441 378 2499 ter
411 2437 810 2500 voluntatem
849 2436 955 2513 fit,
988 2437 1162 2518 quod
1196 2454 1328 2500 non
1360 2437 1434 2498 fit
1471 2435 1825 2500 secundum

279 2544 674 2609 voluntatem
694 2594 713 2625 ,
748 2563 867 2610 nec
906 2550 1158 2624 contra,
1190 2549 1255 2610 et
1287 2545 1456 2609 inter
1504 2544 1645 2608 haec
1685 2563 1823 2608 me-

280 2653 457 2717 dium
492 2658 587 2716 est
621 2677 636 2717 :
677 2653 983 2717 Dominus
1016 2656 1234 2716 autem
1278 2653 1351 2717 in
1379 2651 1679 2720 Macthoeo
1720 2651 1825 2714 in-

280 2757 507 2842 telligit
529 2761 607 2824 de
637 2762 1001 2843 praeceptiS,
1035 2778 1184 2844 quae
1213 2761 1328 2844 qui
1358 2759 1663 2841 negligit,
1698 2758 1823 2822 ini-

281 2868 487 2931 micus
533 2867 642 2931 Dei
698 2867 991 2931 efficitur.
1053 2865 1235 2944 Quod
1283 2884 1443 2948 ergo
1503 2865 1822 2948 objicitur,

283 2974 454 3056 quod
480 2974 816 3056 permissio
841 2979 936 3039 est
963 2975 1226 3056 signum
1256 2974 1601 3039 voluntatis
1629 2975 1827 3038 bene-

282 3081 526 3165 placiti3
582 3081 925 3147 dicendum
944 3130 961 3160 ,
1020 3081 1190 3165 quod
1234 3099 1368 3146 non
1420 3085 1516 3147 est
1561 3080 1825 3165 signum

282 3189 457 3271 quod
487 3187 655 3254 Deus
690 3189 848 3254 velit
873 3188 1034 3254 illud
1059 3189 1233 3272 quod
1262 3190 1684 3272 permittitur3
1717 3189 1829 3254 sed

285 3295 457 3378 quod
483 3296 638 3361 velit
662 3296 819 3362 illud
835 3345 855 3377 ,
889 3297 1061 3379 quod
1099 3314 1183 3361 ex
1214 3314 1291 3361 eo
1319 3296 1619 3361 elicitur:
1649 3295 1829 3361 etsie

284 3406 458 3484 patet
485 3402 665 3469 illud.

918 3502 1057 3548 nun.
1100 3502 1194 3548 111.

287 3607 388 3659 Sed
415 3620 524 3661 non
548 3611 736 3672 proeter
763 3607 875 3674 ejus
900 3606 1293 3673 permissionem
1322 3618 1439 3674 quae
1464 3607 1575 3673 ipse
1600 3621 1709 3661 non
1730 3610 1826 3658 est.

367 3722 734 3788 Secundum
784 3723 910 3788 hoc
964 3723 1220 3788 videtur
1269 3724 1442 3807 quod
1497 3723 1829 3806 permissio

286 3849 421 3895 non
459 3832 541 3895 sit
577 3831 766 3896 Deus
807 3831 1037 3898 Contra
1067 3854 1085 3896 :
1118 3831 1288 3896 Deus
1321 3835 1418 3897 est
1450 3848 1574 3896 sua
1612 3833 1777 3897 actio
1807 3852 1825 3895 t

284 3955 444 4019 ergo
472 3937 636 4002 Deus
665 3942 761 4003 est
787 3958 905 4003 sua
932 3939 1290 4022 permissio,
1317 3956 1470 4003 cum
1495 3938 1829 4021 permissio

284 4047 369 4109 sit
391 4045 554 4109 actio
582 4045 712 4110 Dei.
745 4045 914 4110 Situ
940 4047 1112 4111 dicas
1134 4047 1260 4111 hoc
1291 4064 1426 4111 esse
1455 4046 1698 4110 dictum
1724 4064 1828 4110 ra-

284 4153 457 4217 tione
486 4153 839 4233 connotati3
871 4157 1025 4219 tunc
1049 4153 1369 4236 oincitur‚
1404 4153 1576 4235 quod
1598 4152 1832 4217 volun-

285 4265 382 4324 tas
409 4259 519 4324 Dei
543 4259 833 4325 similiter
862 4258 1108 4342 aliquid
1144 4261 1444 4326 connotat
1472 4259 1640 4324 circa
1665 4260 1830 4325 voli-

285 4374 448 4432 tum.

367 4474 550 4559 Resp.
580 4476 711 4541 Dici
748 4480 951 4560 potest
984 4476 1161 4564 quod
1204 4475 1509 4558 Magister
1545 4478 1832 4560 loquitur

282 4584 637 4648 secundum
698 4583 1068 4667 opinionem
1122 4582 1385 4648 illorum
1433 4583 1549 4666 qui
1610 4585 1835 4649 dicunt

287 4689 552 4754 nomina
568 4708 682 4754 sex
708 4709 1025 4772 generum
1056 4707 1191 4754 non
1214 4689 1565 4772 praedicare
1591 4691 1834 4773 aliquid

288 4795 368 4860 de
396 4797 543 4874 Deo,
569 4798 676 4863 vel
701 4799 771 4862 in
799 4797 948 4876 Dec,
976 4798 1090 4862 sed
1124 4816 1163 4861 a
1191 4798 1318 4862 Deo
1354 4819 1371 4861 ε
1403 4798 1513 4862 sed
1538 4797 1679 4862 11ωο
1702 4798 1836 4880 opi-

292 4902 401 4967 nio
423 4921 616 4986 supra
645 4904 1004 4986 improbata
1035 4907 1151 4967 est.
1184 4903 1264 4967 Et
1286 4903 1429 4967 ideo
1458 4909 1662 4986 potest
1684 4904 1831 4985 dici,

288 5010 465 5091 quod
505 5009 806 5091 Magister
841 5011 1131 5093 loquitur
1162 5012 1243 5075 de
1282 5010 1697 5093 permissione
1733 5030 1835 5076 ra-

294 5116 464 5180 tione
499 5116 604 5181 sui
637 5117 959 5181 connotati
976 5164 995 5194 ,
1040 5117 1213 5201 quod
1247 5117 1550 5200 importat
1592 5118 1835 5182 ratione

299 5222 396 5285 sui
422 5223 720 5286 nominis.
751 5222 830 5286 Et
869 5223 925 5287 si
967 5228 1042 5288 tu
1085 5223 1348 5306 oDJicias
1374 5225 1454 5289 de
1481 5225 1830 5305 voluntate,

301 5329 469 5408 quod
503 5334 833 5410 connotat3
872 5329 1214 5394 dicendum
1261 5331 1432 5414 quod
1483 5349 1712 5395 verum
1743 5337 1837 5396 est

367 5453 384 5486 ¹
404 5453 604 5514 Manli„
632 5466 729 5517 xn,
753 5456 832 5504 30.

3279 513 3286 522 -
3339 473 3452 541 211

1922 633 2005 678 ex
2042 615 2343 696 adjuncto
2376 633 2391 677 :
2434 614 2541 677 sed
2576 630 2710 676 non
2743 617 2839 677 est
2880 615 2968 677 ita
3009 613 3087 676 de
3126 612 3460 694 principali

1919 721 2382 803 significatione
2407 720 2711 784 nominis».

2563 929 2701 974 DUB.
2745 927 2836 974 lv.

1922 1054 2100 1117 Neque
2118 1051 2235 1102 ideo
2252 1051 2502 1116 praecepit
2514 1050 2750 1102 omnibus
2762 1051 2920 1112 bona,
2935 1048 3019 1099 vel
3034 1046 3296 1113 prohibuit
3308 1046 3459 1109 mala,

2327 1123 2411 1173 vel
2437 1122 2693 1174 consuluit
2719 1122 2931 1186 optima,
2961 1125 3059 1171 etc.
3471 1125 3476 1131 '

2002 1255 2267 1321 Videtur
2306 1256 2537 1320 falsum
2579 1256 2785 1319 dicere
2803 1304 2820 1335 ,
2871 1254 3026 1337 quia
3071 1256 3464 1336 praeceptum

1926 1364 2032 1427 Dei
2054 1367 2149 1426 est
2170 1364 2434 1444 signum
2462 1363 2808 1450 voluntatis
2833 1361 2966 1440 Dei,
2993 1361 3155 1422 sicut
3183 1377 3466 1441 praecep-

1924 1476 2067 1535 tum
2098 1474 2388 1534 nostrum
2417 1473 2510 1534 est
2535 1471 2799 1549 signum
2826 1465 3171 1531 voluntatis
3190 1468 3463 1530 nostrae:

1925 1579 2036 1642 sed
2067 1583 2278 1642 rectus
2314 1578 2509 1641 homo
2538 1592 2874 1657 nunquam
2899 1573 3186 1656 praecipit
3227 1573 3467 1655 aliquid

1927 1684 2140 1764 alicui,
2168 1684 2291 1747 nisi
2317 1683 2491 1767 quod
2519 1683 2660 1747 vult
2685 1681 2825 1745 fleri
2858 1703 2874 1743 ε
2911 1699 3072 1762 ergo
3106 1680 3312 1743 multo
3336 1679 3467 1743 for-

1925 1791 2055 1854 tius
2083 1809 2201 1855 nec
2234 1791 2371 1872 ipse
2404 1789 2588 1854 Deus.

2009 1897 2195 1980 Resp.
2227 1897 2576 1961 Dicendum
2592 1896 2765 1978 quod
2796 1895 3221 1977 Augustinus,
3250 1899 3316 1959 et
3343 1894 3468 1960 Ma·

1929 2006 2129 2087 gister
2155 2022 2426 2086 sequens
2456 2003 2932 2084 Augustinum,
2960 2002 3217 2085 quando
3243 2002 3323 2067 de
3352 2021 3472 2067 vo·
3596 2023 3600 2027 '

1927 2112 2174 2175 luntate
2215 2111 2590 2193 beneplaciti
2617 2110 2991 2192 loquuntur,
3019 2127 3271 2191 semper
3300 2111 3471 2174 acci-

1930 2220 2121 2301 piunt
2148 2238 2265 2302 pro
2296 2220 2625 2284 voluntate
2653 2235 2783 2298 qua
2817 2215 2982 2280 Deus
3018 2217 3304 2282 absolute
3332 2217 3475 2281 vult

1930 2326 2171 2409 aliquid
2194 2326 2450 2393 evenire
2483 2347 2499 2389 ε
2543 2328 2609 2389 01
2641 2324 2720 2390 de
2745 2324 2869 2392 hoc
2907 2340 3042 2388 non
3070 2328 3164 2389 est
3201 2323 3472 2390 dubium

1929 2433 2086 2496 illud
2132 2432 2305 2516 quod
2343 2432 2545 2495 dicit:
2576 2432 2686 2495 sed
2727 2431 2997 2495 ulterius
3042 2429 3318 2494 Joannes
3349 2430 3474 2494 Da·-

1932 2557 2267 2605 mascenus
2315 2539 2656 2620 distinguit
2709 2539 3103 2604 voluntatem
3160 2538 3352 2602 etiam
3404 2539 3476 2602 in

1929 2650 2434 2728 antecedentem,
2463 2648 2604 2713 sive
2642 2650 2961 2729 quantum
3002 2646 3072 2709 in
3109 2663 3181 2709 se
3217 2649 3313 2710 est
3346 2667 3361 2708 ε
3409 2648 3476 2708 01

1928 2757 2132 2839 hujus
2172 2756 2437 2837 signum
2481 2757 2578 2820 est
2618 2759 3011 2837 praeceptum
3055 2772 3072 2816 ε
3127 2757 3193 2817 01
3237 2751 3318 2816 (10
3354 2750 3477 2815 hac

1931 2882 2066 2929 non
2088 2863 2375 2945 loquitur
2403 2861 2806 2943 Augustinus
2835 2877 2955 2925 nec
2987 2858 3312 2941 Magister.

2581 3076 2719 3124 DUB·
2769 3075 2836 3124 V·

1936 3196 2189 3262 Praecepit
2207 3196 2332 3248 etin
2347 3196 2537 3260 veteri,
2561 3196 2692 3248 etin
2708 3195 3001 3260 1101101030,
3023 3198 3143 3260 que
3160 3195 3225 3245 ab
3248 3194 3343 3258 eis,
3368 3194 3480 3259 qui·

2329 3269 2428 3320 bus
2454 3269 2725 3333 paecepit,
2753 3267 2866 3318 fleri
2892 3268 3079 3319 noluit.

2015 3398 2282 3463 Videtur
2306 3397 2474 3461 male
2499 3398 2705 3462 dicere
2719 3445 2737 3476 ,
2768 3396 2922 3479 quia
2948 3399 3345 3479 praeeeptum
3386 3400 3483 3459 est

1932 3507 2200 3588 signum
2247 3504 2484 3569 divinae
2529 3503 2910 3568 voluntatis:
2945 3520 3112 3584 ¹ergo
3151 3502 3203 3565 si
3246 3502 3481 3583 praeci-

1936 3613 2148 3695 piebat
2165 3613 2342 3696 quod
2361 3611 2639 3690 volebat,
2670 3611 2924 3675 videtur
2946 3610 3120 3692 quod
3141 3609 3285 3673 illos
3310 3608 3483 3674 deci-

1938 3721 2175 3803 piebat,
2199 3720 2438 3803 quihus
2459 3718 2889 3801 praecipiebat.

2018 3827 2181 3892 Item
2225 3825 2480 3891 videtur
2514 3825 2748 3890 falsum
2784 3824 3020 3905 dicere,
3057 3824 3232 3907 quod
3271 3823 3482 3888 noluit

1934 3934 2444 3998 immolationem
2457 3931 2660 4011 1saac;
2681 3930 2836 4015 quia
2851 3930 3177 3996 Abraham
3191 3930 3443 3995 volebat
3461 3953 3478 3994 ι

1937 4058 2097 4122 ergo
2133 4040 2525 4107 voluntatem
2553 4057 2740 4103 suam
2784 4038 3021 4104 divinae
3056 4056 3187 4103 non
3228 4039 3477 4102 confor-

1938 4147 2190 4212 mabat:
2239 4163 2402 4227 ergo
2447 4162 2582 4210 non
2623 4146 2991 4211 merebatur
3007 4193 3026 4225 ,
3079 4146 3155 4208 ut
3203 4144 3479 4209 videtur.

1942 4259 2133 4341 Item,
2178 4276 2382 4342 quare
2430 4257 2753 4322 Abraham
2798 4257 3047 4340 paravit
3090 4274 3159 4320 se
3201 4256 3283 4320 ad
3323 4254 3483 4320 obe·

1939 4367 2269 4443 diendum,
2298 4383 2429 4431 non
2455 4368 2673 4430 autem
2695 4367 2956 4429 curatus
2980 4364 3049 4426 in
3073 4361 3431 4444 Evangelio
3449 4364 3482 4425 ⁶?

2020 4473 2208 4558 Resp.
2247 4471 2597 4537 Dicendum
2622 4471 2799 4555 quod
2836 4471 3134 4553 quaedam
3177 4487 3384 4552 praece
3390 4469 3481 4551 pit

1944 4581 2110 4646 Deus
2159 4581 2241 4645 ad
2278 4579 2639 4644 faciendum
2654 4626 2678 4659 ,
2707 4584 2780 4643 ut
2805 4582 3124 4661 praecepta
3170 4576 3481 4640 moralia:

1940 4689 2241 4771 quaedam
2281 4687 2364 4751 ad
2403 4685 2830 4768 probandum,
2875 4684 2942 4748 id
2984 4687 3103 4763 est,
3141 4682 3483 4765 probatum

1943 4794 2450 4873 ostendendum;
2480 4793 2779 4876 quaedam
2814 4790 2894 4856 ad
2926 4789 3389 4855 erudiendum:
3420 4792 3486 4852 et

1942 4903 2178 4966 horum
2189 4902 2471 4966 duorum
2480 4897 2773 4981 exempla
2781 4900 3144 4980 tanguntur
3161 4895 3235 4960 in
3252 4895 3481 4977 littera.

1944 5008 2019 5074 In
2069 5012 2385 5091 praecepto
2431 5024 2590 5087 ergo
2643 5004 2951 5080 Abrahae,
3004 5004 3301 5085 signatur
3353 5020 3482 5067 non

1945 5116 2113 5199 quod
2159 5116 2325 5180 Deus
2369 5113 2526 5179 velit
2568 5111 3111 5191 immolationem
3159 5111 3269 5176 sed
3310 5110 3484 5194 quod

1945 5224 2087 5289 vult
2112 5222 2437 5288 Abraham
2464 5220 2629 5287 velle
2661 5241 2677 5283 ε
2711 5223 2777 5283 01
2801 5218 2946 5283 ideo
2981 5235 3132 5282 cum
3160 5219 3388 5297 voluit,
3416 5236 3487 5282 sc

1943 5331 2036 5393 illi
2083 5329 2521 5393 conformavit.
2574 5327 2647 5392 In
2690 5330 3003 5409 praecepto
3045 5331 3267 5391 autem
3310 5325 3486 5409 quod

1944 5438 2091 5503 fecit
2135 5440 2379 5516 curato,
2422 5434 2704 5515 signavit
2737 5452 2806 5499 se
2849 5435 3008 5499 velle
3051 5441 3487 5517 contemptum
