4125 6225
663 441 782 501 268

746 577 805 634 4.
844 572 1023 649 Quod
1068 569 1297 634 ultimo
1345 567 1643 649 objicitur
1687 566 1765 630 de
1814 563 2166 628 ministerio
2180 610 2197 643 ,

602 698 607 709 ·
665 678 832 743 infra
879 677 1107 742 melius
1161 675 1397 760 patebit
1437 696 1453 738 :
1497 674 1576 738 ad
1624 690 1904 756 praesens
1951 673 2206 736 tantum

666 787 939 851 sufficiat
965 785 1204 862 dicere,
1237 783 1407 865 quod
1438 782 1626 846 alicui
1656 781 2053 845 ministratur
2079 779 2207 843 du-

669 895 917 978 pliciter
946 915 962 957 :
993 895 1108 957 aut
1157 894 1411 974 propter
1453 907 1519 954 se
1537 938 1556 968 ,
1601 889 1763 953 sicut
1802 888 1943 970 regi
1984 890 2049 951 et
2088 885 2208 950 do-

669 1002 873 1081 mino,
895 1004 960 1064 et
977 1000 1121 1064 talis
1136 1002 1232 1062 est
1248 997 1522 1062 nobilior
1532 1020 1549 1075 ;
1577 1001 1689 1061 aut
1709 1000 1963 1079 propter
1980 993 2205 1073 alium,

670 1107 836 1170 sicut
872 1106 1190 1169 ministrat
1226 1104 1407 1168 miles
1442 1103 1720 1185 gartioni
1746 1102 1923 1183 regis
1953 1123 1969 1166 ε
2000 1105 2063 1165 et
2097 1117 2212 1183 per

669 1215 794 1279 hoc
837 1216 932 1278 est
978 1215 1434 1294 argumentum
1477 1210 1854 1275 solvendum
1891 1232 1906 1273 z
1943 1208 2214 1289 angelus

673 1323 847 1386 enim
876 1321 1192 1385 ministrat
1225 1319 1467 1383 homini
1497 1323 1755 1401 propter
1782 1316 1985 1383 Deum
2001 1365 2020 1394 ‚
2050 1316 2215 1381 sicut

673 1430 853 1495 dives
879 1428 1176 1512 pauperi,
1206 1427 1384 1493 fortis
1413 1426 1776 1509 aegrotanti.

1131 1665 1617 1738 ARTICULUS
1660 1665 1773 1734 ΠΙ.

763 1860 1229 1941 consequenter
1249 1856 1436 1922 tertio
1454 1856 1591 1919 loco
1608 1853 1920 1937 quaeritur
1932 1852 2011 1916 de
2028 1851 2220 1916 modo

615 1932 619 1936 ῃ
681 1964 1112 2046 distinguendi
1152 1964 1449 2047 spiritum
1489 1962 1855 2044 angelicum
1896 1961 1977 2025 ab
2007 1960 2223 2025 anima

445 2936 655 2982 Fundam.

681 2071 1004 2148 rationali3
1039 2072 1102 2143 et
1132 2074 1512 2153 quaeruntur
1538 2069 1666 2133 duo
1694 2091 1710 2132 ε
1741 2069 1948 2151 primo
1979 2067 2223 2150 quaeri-

682 2182 791 2243 tur
822 2175 1044 2242 utrufm
1082 2178 1374 2242 differant
1412 2176 1619 2259 specie
1634 2225 1652 2256 ,
1682 2194 1767 2240 an
1806 2179 2056 2239 tantum
2098 2193 2223 2238 nu-

684 2301 898 2363 mero;
938 2284 1213 2348 secundo
1229 2331 1245 2360 ,
1279 2301 1427 2366 quae
1463 2283 1544 2346 sit
1580 2283 1689 2347 illa
1716 2282 2076 2348 differentia
2110 2299 2224 2364 per

682 2410 882 2474 quam
906 2391 1229 2455 differunt.

1107 2608 1117 2620 '
1206 2611 1614 2690 QUAESTIO
1652 2612 1702 2677 Ι.

864 2765 960 2819 An
987 2764 1209 2834 anqelus
1235 2766 1288 2819 et
1315 2764 1505 2819 anima
1532 2761 1792 2835 ἅπασαι
1816 2760 2041 2836 specie1.

768 2929 947 3005 Quod
970 2933 1183 2994 autem
1206 2928 1503 2994 differant
1523 2930 1750 3012 specie,
1768 2930 2045 2994 videtur.
2068 2929 2226 3005 Quae

685 3037 988 3102 differunt
1008 3038 1235 3121 specie,
1260 3037 1499 3102 habent
1521 3036 1799 3102 diversas
1817 3038 2229 3121 perfectiones

684 3146 1038 3211 secundum
1088 3146 1364 3230 speciem
1397 3164 1416 3209 ι
1447 3146 1557 3210 sed
1605 3145 1801 3210 homo
1851 3149 1914 3209 et
1961 3145 2230 3226 angelus

685 3255 989 3319 differunt
1016 3254 1221 3337 specie
1238 3303 1256 3334 ,
1288 3257 1566 3333 constat;
1601 3259 1664 3319 et
1695 3254 1909 3318 anima
1936 3254 2043 3318 dat
2079 3273 2227 3337 spe-

687 3363 848 3426 ciem
880 3361 1127 3425 homini
1148 3409 1165 3437 ,
1197 3365 1260 3425 et
1289 3366 1507 3426 actum
1536 3362 1903 3444 specificum
1933 3383 1949 3426 ι
1979 3381 2138 3444 ergo
2166 3366 2231 3427 et

685 3470 933 3547 anima,
963 3473 1025 3532 et
1052 3469 1343 3550 angelus.

767 3575 927 3639 Item
970 3594 1115 3658 quae
1154 3581 1304 3640 sunt
1341 3575 1577 3641 similia
1617 3578 1821 3659 specie
1841 3626 1858 3657 ,
1891 3577 1995 3643 vel
2012 3597 2017 3602 ·
2035 3578 2229 3643 simul

685 3682 1149 3765 producuntur,
1180 3683 1285 3746 vel
1318 3701 1526 3747 unum
1563 3684 1710 3747 facit
1745 3685 1825 3748 ad
1857 3685 2229 3767 productio-

686 3807 838 3854 nem
882 3789 1141 3853 alterius
1153 3804 1179 3866 ,·
1213 3790 1325 3853 ubi
1359 3790 1801 3872 producuntur
1844 3810 1959 3875 per
1990 3810 2230 3876 propa-

689 3897 1015 3979 gationem
1044 3920 1059 3961 :
1094 3897 1202 3961 sed
1237 3899 1471 3961 animae
1511 3916 1644 3963 non
1684 3899 1879 3963 simul
1916 3918 2066 3965 cum
2107 3920 2230 3965 an-

687 4004 850 4086 gelis
887 4009 1038 4068 sunt
1070 4004 1394 4087 productae
1412 4053 1429 4082 ,
1462 4023 1581 4069 nec
1609 4006 1825 4088 angeli
1865 4007 2111 4072 faciunt
2149 4011 2228 4073 ad

688 4112 1053 4176 animarum
1089 4111 1571 4193 productionem
1599 4134 1615 4176 ε
1643 4132 1801 4195 ergo
1815 4163 1831 4193 ,
1879 4118 1996 4179 etc.
2049 4116 2117 4181 Si
2159 4121 2230 4181 tu

686 4220 857 4284 dicas
883 4218 1059 4300 quod
1093 4219 1382 4283 similiter
1409 4223 1613 4301 potest
1648 4222 1839 4303 argui
1868 4222 1944 4286 de
1981 4224 2231 4287 anima-

687 4327 846 4404 bus;
878 4326 1001 4389 hoc
1029 4325 1261 4389 falsum
1288 4326 1565 4404 videtur,
1594 4327 1746 4410 quia
1774 4332 1952 4412 pater
1977 4330 2125 4395 facit
2148 4331 2230 4396 ad

688 4433 1170 4515 generationem
1202 4433 1416 4515 prolis,

770 4541 928 4606 Item
950 4541 1096 4624 plus
1120 4542 1417 4605 convenit
1438 4543 1731 4608 sensibile
1753 4562 1903 4608 cum
1925 4546 2228 4627 sensibili,

689 4653 753 4714 et
773 4649 1130 4730 vegetabile
1151 4667 1301 4713 cum
1325 4652 1696 4732 vegetabili,
1721 4671 1916 4735 quam
1940 4654 2233 4719 sensibile

688 4762 754 4821 et
772 4756 1130 4839 vegetabile
1152 4776 1301 4821 cum
1324 4776 1454 4822 non
1477 4759 1753 4823 sensibili
1776 4766 1840 4825 et
1855 4762 2228 4844 vegetabili:

689 4867 799 4932 sed
826 4867 1045 4932 anima
1078 4865 1361 4932 humana
1401 4886 1516 4951 per
1542 4869 1881 4933 essentiam
1907 4873 2003 4935 est
2032 4870 2233 4936 sensi-

689 4973 838 5038 bilis
864 4977 929 5038 et
952 4974 1347 5057 vegetabiliS,
1373 4976 1655 5058 alioquin
1682 4995 1815 5041 non
1842 4979 2074 5044 faceret
2098 4980 2234 5044 ani-

757 5135 775 5170 ¹
797 5136 878 5199 Cf.
909 5137 1055 5187 Alex.
1076 5137 1294 5198 Alensis,
1319 5151 1373 5201 p.
1396 5137 1459 5201 ΙΙ,
1488 5152 1539 5202 q.
1559 5149 1704 5202 xxv1,
1726 5140 1921 5222 memb.
1942 5144 1969 5192 5
1983 5158 2001 5206 3
2028 5144 2082 5194 S.
2103 5144 2234 5194 Tho-

693 5210 1261 5341 352302’133‘02513
1284 5212 1464 5345 {5322}
1495 5215 1551 5331 3}
1563 5211 1963 5348 ἐὲιῗῗὲεοῗὲὲ,
1980 5225 2040 5335 ¹1¹1¹
2052 5228 2232 5348 ’salz

696 5347 812 5396 dist.
837 5359 884 5410 1,
923 5363 976 5413 q.
1003 5360 1085 5414 v13
1126 5351 1294 5416 AEgid.
1324 5355 1494 5415 Rom„
1525 5353 1567 5403 ll
1599 5353 1761 5416 Seni„
1793 5354 1910 5404 dist.
1940 5367 2035 5419 111,
2075 5371 2127 5421 q.
2158 5371 2234 5422 11,

697 5423 793 5469 art.
816 5422 842 5468 5
860 5434 878 5482 ;
898 5420 1087 5471 Albert.
1112 5422 1177 5472 de
1204 5423 1433 5482 Quatuor
1446 5424 1645 5491 Coevis,
1676 5440 1728 5490 q.
1750 5438 1801 5489 v,
1828 5430 1925 5477 art.
1944 5429 2035 5493 255
2055 5430 2229 5494 Stepb.

1782 425 2406 494 SENTENTIARUM
2446 426 2592 492 LIB.
2641 426 2717 491 II.

2316 561 2482 627 mal:
2506 580 2662 643 ergo
2692 580 2840 626 cum
2867 561 3114 625 differat
3139 561 3344 643 specie
3369 561 3450 624 ab
3473 560 3682 625 anima
3703 580 3830 625 sen-

2314 670 2482 734 sibili
2511 673 2761 735 tantum
2785 673 2849 734 et
2867 668 3234 751 vegetabili,
3258 668 3461 732 multo
3483 668 3626 751 plus
3644 668 3835 733 differt

2316 799 2355 844 a
2380 780 2606 861 spiritu
2630 778 2942 861 angelicO,
2973 778 3085 861 qui
3113 796 3231 841 nec
3260 781 3354 841 est
3379 776 3705 854 sensibiliS,
3726 795 3835 841 nec

2315 886 2710 970 vegetabilis.

2397 996 2671 1061 Contra:
2702 1001 2732 1058 1
2747 1042 2762 1059 .
2800 993 3086 1072 Quorum
3135 992 3430 1076 perfectio
3472 994 3537 1056 et
3577 994 3834 1075 comple·
3863 1007 3922 1050 Aa
3945 1020 4016 1063 aa»
4087 980 4088 1065 g

2318 1107 2608 1170 mentum
2626 1101 2932 1167 ultimum
2955 1106 3050 1165 est
3071 1119 3282 1165 unum
3305 1100 3532 1182 specie,
3552 1100 3685 1183 ipsa
3701 1105 3840 1164 sunt
4087 1108 4088 1115 ’

2318 1229 2528 1277 unum
2561 1234 2575 1275 :
2608 1210 2718 1275 sed
2755 1211 2836 1275 ad
2870 1210 3160 1274 eamdem
3199 1207 3652 1273 beatitudinem
3681 1207 3844 1272 ordi-

2319 1323 2514 1384 natur
2559 1317 2756 1383 homo
2807 1320 2871 1381 et
2918 1316 3186 1398 angelus
3204 1363 3221 1394 ,
3266 1332 3413 1397 quae
3459 1318 3553 1379 est
3594 1314 3745 1379 visio
3785 1317 3844 1378 et

2320 1425 2537 1489 fruitio
2585 1425 2696 1491 Dei
2744 1447 2760 1488 ι
2810 1442 2966 1505 ergo
3013 1423 3208 1487 homo
3255 1426 3320 1486 et
3370 1422 3638 1504 angelus
3654 1472 3672 1503 ,
3719 1423 3844 1486 sive

2322 1534 2539 1597 anima
2567 1535 2630 1596 et
2654 1532 2927 1614 angelus
2954 1536 3108 1595 sunt
3134 1530 3337 1613 specie
3363 1548 3595 1594 unum.

2403 1644 2465 1704 Ξ.
2490 1639 2672 1720 Item,
2701 1656 2982 1722 quorum
3022 1637 3374 1702 differentia
3411 1637 3638 1702 ultimo
3677 1656 3846 1703 com-

2324 1749 2559 1833 pletiva
2582 1751 2676 1813 est
2701 1747 2907 1831 specie
2934 1765 3067 1811 una
3083 1795 3101 1824 ,
3129 1746 3268 1829 ipsa
3295 1750 3445 1810 sunt
3470 1765 3676 1810 unum
3702 1769 3720 1810 ι
3748 1746 3849 1810 sed

2327 1856 2680 1920 differentia
2716 1856 2944 1918 ultimo
2983 1853 3360 1936 completiva
3396 1853 3630 1917 animae
3668 1852 3852 1915 ratio-

2326 1965 2488 2028 nalis
2516 1968 2579 2028 et
2602 1961 2815 2044 angeli
2840 1967 2936 2026 est
2958 1980 3090 2027 una
3115 1964 3180 2025 et
3204 1961 3458 2038 eadem,
3488 1961 3718 2024 scilicet
3741 1961 3853 2025 hoc

2326 2072 2497 2154 quod
2537 2075 2631 2136 est
2657 2069 2965 2135 rationale
2983 2119 3001 2150 ,
3034 2069 3169 2135 sive
3205 2068 3626 2134 intellectuale
3643 2118 3660 2148 ,
3688 2073 3751 2131 et
3787 2068 3854 2131 in

2328 2179 2449 2243 hac
2497 2177 3010 2256 communicant,
3065 2176 3228 2241 sicut
3276 2176 3427 2240 dicit
3480 2175 3815 2258 Gregorius
3832 2178 3854 2211 ¹

2328 2287 2501 2370 quod
2525 2287 2721 2353 homo
2742 2284 3175 2351 communicat
3195 2301 3328 2347 esse
3347 2302 3499 2347 cum
3527 2283 3851 2367 lapidibus,

2329 2395 2685 2477 intelligere
2711 2410 2861 2458 cum
2889 2391 3135 2473 angelis
3168 2413 3183 2455 ε
3214 2408 3396 2473 erg0,
3425 2395 3549 2455 etc.

2414 2509 2474 2569 3.
2528 2503 2709 2581 Item,
2746 2519 3026 2585 quorum
3082 2500 3395 2583 optimum
3444 2499 3728 2563 naturale
3773 2503 3860 2564 aet

2332 2629 2566 2688 unum,
2591 2611 2729 2693 ipsa
2748 2614 2899 2674 sunt
2920 2608 3130 2692 specie
3151 2626 3360 2672 unum
3384 2626 3401 2670 ε
3423 2607 3534 2671 sed
3557 2607 3862 2689 optimum

2333 2718 2622 2783 naturale
2663 2717 2940 2782 hominis
2974 2720 3037 2781 et
3067 2715 3283 2797 angeli
3316 2718 3409 2778 est
3437 2732 3643 2779 unum
3662 2763 3679 2792 ,
3707 2714 3862 2779 sicut

2333 2827 2485 2892 dicit
2506 2827 2866 2892 Bernardus
2888 2825 2969 2891 ad
2991 2824 3360 2908 Eugenium
3376 2826 3398 2860 ⁸
3423 2846 3439 2887 :
3462 2848 3493 2886 α
3516 2823 3858 2907 Optimum,

2337 2935 2576 3018 inquit,
2611 2935 2706 2997 tui
2747 2938 2811 2998 et
2849 2933 3063 3015 angeli
3103 2933 3261 2996 ratio
3299 2936 3395 2996 est
3423 2950 3442 2995 z
3475 2954 3506 2992 n
3529 2951 3687 3014 ergo
3723 2950 3864 2996 cum

2333 3043 2569 3127 species
2595 3041 2942 3125 accipiatur
2968 3040 3049 3104 ab
3076 3039 3339 3124 optimc,
3371 3043 3570 3124 patet,
3603 3044 3718 3106 etc.

2828 3287 3384 3356 CONCLUSIO.

2335 3457 2545 3514 Anima
2567 3459 2893 3528 rationalis,
2924 3461 3164 3528 tametsi,
3189 3459 3422 3532 pressius
3453 3458 3728 3530 loquendo,
3756 3473 3863 3530 spe-

2408 3550 2511 3604 cies
2536 3547 2648 3603 dici
2671 3563 2779 3604 non
2800 3548 3008 3619 debeat,
3032 3548 3132 3606 sed
3148 3551 3330 3622 potius
3355 3551 3549 3620 speciei
3576 3551 3769 3617 torma,
3798 3548 3862 3603 ab

2408 3640 2597 3710 angelo
2625 3639 2976 3695 nihilominus
3002 3641 3176 3712 specie
3204 3639 3421 3710 differre
3448 3638 3670 3695 dicitur.

2417 3798 2601 3881 Resp.
2629 3799 2710 3863 ad
2734 3799 2895 3880 Arg.
2922 3798 3021 3862 Ad
3048 3797 3498 3881 praedictorum
3522 3798 3863 3880 inlelligen-
3884 3841 4032 3897 om,

2336 3907 2492 3970 tiam
2526 3907 2876 3971 notandum
2893 3954 2912 3985 ,
2941 3905 3116 3988 quod
3145 3906 3311 3969 circa
3338 3906 3465 3970 hoc
3499 3906 3623 3970 fuit
3646 3907 3864 3989 triplex

2337 4014 2574 4097 opinio.
2610 4013 2880 4091 Quidam
2921 4031 3205 4095 namque
3245 4012 3453 4078 dicere
3495 4013 3860 4093 voluerunt,

2337 4120 2510 4203 quod
2560 4121 2827 4202 quaestio
2881 4120 3002 4184 ista
3054 4120 3234 4184 nulla
3280 4123 3377 4185 est
3398 4122 3441 4184 ⁶.
3491 4120 3651 4187 Cum
3705 4122 3864 4185 enim

2337 4230 2654 4311 quaeritur
2676 4233 2897 4292 utrum
2920 4227 3134 4310 aliqua
3157 4227 3453 4292 differant
3478 4229 3707 4310 specie,
3732 4249 3866 4313 sup-

2338 4338 2597 4419 ponitur
2640 4337 2813 4420 quod
2858 4341 3206 4419 utrumque
3249 4337 3330 4400 sit
3373 4338 3443 4400 in
3490 4355 3727 4418 genere
3741 4386 3759 4416 ,
3798 4341 3864 4402 ut

2337 4445 2573 4527 species
2603 4449 2706 4509 :et
2740 4445 3044 4526 quoniam
3073 4443 3290 4508 anima
3324 4462 3455 4508 non
3484 4449 3579 4509 est
3611 4445 3858 4528 species,

2340 4553 2447 4618 sed
2488 4552 2715 4636 speciei
2752 4570 2934 4635 pars;
2980 4570 3099 4616 nec
3135 4554 3229 4615 est
3261 4553 3334 4616 in
3375 4572 3612 4635 genere
3651 4574 3862 4620 secun-

2340 4661 2496 4725 dum
2533 4665 2772 4725 rectam
2811 4659 3045 4723 lineam
3062 4707 3081 4738 ,
3119 4664 3194 4723 ut
3231 4660 3468 4742 species
3502 4662 3608 4726 vel
3642 4663 3860 4728 indivi-

2340 4769 2544 4832 duum
2559 4817 2577 4847 ,
2605 4767 2711 4831 sed
2741 4786 2780 4831 a
2802 4766 3030 4846 latere,
3055 4767 3160 4831 vel
3185 4767 3395 4848 magis
3421 4786 3536 4850 per
3562 4769 3860 4834 reductio-

2340 4892 2492 4939 nem
2545 4875 2709 4939 sicut
2765 4873 3149 4956 principium
3185 4895 3200 4936 ε
3234 4873 3378 4938 ideo
3429 4875 3652 4940 dicunt
3708 4874 3860 4959 quod

2342 4982 2609 5065 quaestio
2651 4983 2773 5046 ista
2811 4980 2991 5044 nulla
3027 4984 3156 5059 est,
3188 4999 3339 5044 cum
3377 4982 3597 5047 anima
3629 5002 3758 5048 non
3791 4983 3861 5047 sit

2342 5090 2596 5176 speeies
2629 5087 2750 5153 Sed
2780 5089 2920 5152 haec
2943 5088 3269 5170 responsio
3301 5089 3515 5171 potius
3542 5095 3638 5155 est
3667 5090 3860 5157 evasio

2343 5214 2552 5279 Brulef„
2583 5216 2624 5265 11
2655 5216 2812 5272 sent„
2842 5214 2958 5264 dist.
2986 5226 3039 5278 1,
3067 5227 3119 5277 q.
3143 5225 3231 5276 113
3277 5213 3428 5264 Gabr.
3456 5215 3565 5266 Biel
3584 5255 3597 5280 ,
3637 5216 3680 5267 11
3716 5218 3856 5278 Sent„

2342 5287 2461 5337 dist.
2482 5299 2518 5346 ι,
2538 5301 2588 5351 q.
2609 5298 2747 5335 v1.--
2769 5286 2787 5315 ²
2812 5286 2985 5349 Greg„
3017 5286 3069 5334 in
3096 5285 3288 5350 Evanq.
3315 5286 3494 5336 homil.
3520 5300 3676 5352 ωιτη
3695 5288 3855 5338 Horat.

2344 5357 2434 5408 lib.
2456 5359 2542 5420 Vl,
2569 5373 2614 5407 c.
2636 5369 2751 5407 vm.
2773 5382 2834 5393 —
2852 5356 2875 5391 ⁸
2893 5358 3066 5415 Beru„
3093 5355 3154 5405 de
3183 5356 3400 5420 Con-sid„
3431 5358 3518 5407 lib.
3546 5361 3609 5423 V,
3633 5359 3854 5425 postinit.

2345 5455 2409 5468 —
2426 5431 2448 5465 δ
2464 5428 2648 5480 Obviat
2668 5428 2749 5478 his
2778 5429 2960 5480 scotus
2985 5428 3041 5478 in
3070 5429 3108 5477 ll
3130 5465 3149 5492 ‚
3178 5442 3230 5492 q.
3251 5440 3323 5492 vi,
3345 5427 3448 5479 ibi:
3478 5430 3751 5494 Conclusio,
3769 5435 3854 5481 etc.
