4125 6225
1184 399 1385 468 DIST.
1426 398 1668 467 XXXV.
1713 398 1902 466 ART.
1946 399 1997 465 1.
2036 398 2337 478 QUAEST.
2376 401 2487 468 VI.

254 534 599 602 alinaneo
646 536 725 602 de
763 535 1134 606 necessitate
1174 536 1766 602 esoeflnitaaem:

253 660 385 724 ergo
407 642 706 708 similiter
728 647 792 709 et
816 644 1011 710 ideas.

318 754 368 814 3.
394 749 556 814 item
576 799 596 832 ‚
626 752 743 816 ubi
768 757 864 816 est
887 751 1205 829 infinitas,
1248 749 1339 814 ibi
1365 754 1463 814 est
1487 747 1774 814 confusio

254 861 305 923 et
316 857 692 923 inordinatio
716 881 732 923 :
754 859 865 924 sed
881 860 954 923 in
974 857 1324 941 exemplari
1338 861 1580 921 aeterno
1596 853 1777 920 nulla

254 964 389 1030 cadit
412 965 710 1032 confusio
732 971 798 1031 et
820 965 1212 1031 inordinatio
1237 987 1253 1028 τ
1280 982 1438 1046 ergo
1458 1012 1479 1044 ,
1503 967 1625 1028 etc.

318 1075 372 1136 4.
396 1069 557 1136 Item
571 1120 593 1149 ‚
624 1091 867 1155 ponere
891 1072 1277 1137 infinitatem
1314 1075 1462 1136 actu
1486 1071 1557 1135 in
1594 1088 1779 1136 crea·-

252 1184 394 1257 tura‚
411 1183 511 1243 est
524 1197 773 1263 ponere
792 1180 1370 1264 impeffectionem3
1396 1179 1568 1243 unde
1585 1196 1781 1244 omne

251 1290 510 1353 creatum
541 1305 624 1353 eo
645 1291 743 1353 est
764 1288 1025 1352 finitum
1042 1336 1061 1367 ,
1089 1305 1220 1370 quo
1244 1288 1597 1371 perfectum
1625 1308 1639 1350 ε
1668 1286 1783 1352 sed

250 1393 433 1458 omnis
473 1392 766 1458 conditio
809 1393 1303 1478 imperfectionis
1326 1397 1421 1458 est
1446 1412 1489 1457 a
1510 1392 1639 1458 Deo
1674 1411 1785 1458 re-

250 1500 499 1583 leganda
529 1521 551 1566 ε
588 1520 789 1585 ergo,
813 1506 937 1567 etc.

783 1745 1237 1815 CONCLUSIO.

248 1916 370 1975 Ideoe
400 1934 521 1974 cutm
564 1919 683 1975 sint
716 1921 963 1975 rationes
989 1913 1329 1988 coquoscendz·
1370 1917 1434 1971 in
1458 1917 1565 1972 Deo
1577 1955 1596 1984 ‚
1639 1915 1788 1986 cujus

312 2009 592 2080 sapientia»
637 2023 749 2064 non
795 2007 873 2064 cet
917 2019 1197 2076 numen-uc,
1245 2007 1309 2061 in
1361 2006 1519 2075 finito
1570 2019 1786 2062 numero

306 2098 435 2170 poni
460 2112 574 2152 non
617 2095 832 2154 debent.

320 2270 500 2354 Raep.
524 2270 605 2336 od
624 2271 789 2352 Arg.
820 2269 1173 2334 Dicendum
1197 2266 1371 2351 quod
1387 2316 1406 2348 ,
1435 2268 1604 2333 sicut
1629 2266 1791 2332 dici-

253 2378 432 2442 turin
462 2376 720 2442 Psalmo
742 2378 785 2455 ¹,
815 2398 849 2438 ι
884 2377 1138 2443 Divinoe
1163 2376 1509 2458 sapientiae
1532 2389 1666 2441 non
1695 2379 1792 2442 est

255 2500 544 2551 muneras
567 2533 589 2565 ,
618 2506 649 2544 ιο
699 2502 775 2549 ec
820 2503 938 2567 per
981 2484 1103 2548 hoc
1145 2501 1267 2547 nec
1312 2484 1637 2547 rationum
1678 2500 1792 2566 per

259 2613 405 2678 quos
422 2596 645 2661 divina
667 2596 981 2678 sapientia
1003 2595 1327 2678 cognoscit
1344 2616 1364 2674 3
1395 2599 1459 2658 et
1480 2594 1790 2678 quoniam

258 2721 378 2767 non
410 2703 649 2768 habent
677 2719 1034 2768 numerum
1054 2750 1072 2782 ,
1118 2720 1253 2767 non
1295 2705 1455 2766 sunt
1488 2718 1797 2766 numere-

261 2810 403 2874 biles
433 2832 452 2874 ι
494 2811 641 2875 ideo
682 2828 820 2875 non
864 2813 1018 2874 sunt
1049 2808 1119 2873 in
1151 2826 1425 2873 numero
1469 2809 1675 2873 finito.
1717 2807 1798 2872 Et

262 2917 667 2983 concedendae
694 2919 849 2981 sunt
874 2917 1151 2981 rationes
1178 2919 1245 2981 et
1276 2914 1685 2981 auctoritates
1715 2914 1799 2980 ed

264 3022 377 3089 hoc
398 3024 698 3089 inductae.

338 3136 395 3195 l.
422 3132 519 3197 Ad
541 3131 701 3197 illud
723 3132 902 3216 quod
923 3131 1223 3215 objicitur
1245 3132 1421 3217 quod
1450 3148 1645 3197 omno
1668 3129 1802 3194 sci·-

268 3239 385 3305 bile
409 3244 503 3306 est
529 3239 827 3320 finitum,
856 3239 1199 3304 dicendum
1224 3240 1395 3323 quod
1441 3257 1636 3304 omne
1677 3238 1803 3302 sci-

271 3349 390 3414 bile
418 3367 530 3433 per
557 3349 1195 3434 comprehensionem
1224 3354 1320 3415 est
1338 3350 1604 3414 finitum
1630 3365 1803 3414 com-

276 3457 677 3539 prehendenti
734 3480 753 3522 ε
796 3457 1076 3523 rationes
1122 3461 1341 3523 autem
1383 3460 1646 3521 aeternae
1688 3472 1805 3539 per

280 3568 900 3653 comprehensionem
926 3587 969 3632 a
995 3569 1130 3633 solo
1148 3567 1276 3633 Deo
1293 3569 1587 3632 sciuntur
1618 3582 1635 3629 ι
1659 3565 1806 3630 ideo

280 3676 393 3741 soli
431 3676 550 3743 Deo
606 3670 763 3742 sunt
802 3676 1029 3742 flnitae.
1076 3675 1201 3741 Sed
1257 3674 1803 3758 quemadmodum

282 3801 408 3848 non
426 3784 708 3869 sequitur
733 3806 751 3849 ε
786 3804 821 3846 α
846 3782 981 3849 Hoc
1002 3787 1300 3867 aequetur
1324 3781 1579 3846 infinito
1600 3826 1619 3858 ‚
1649 3796 1806 3862 ergo

286 3896 376 3955 est
394 3893 633 3958 finitum
654 3913 673 3974 ;
701 3912 734 3952 n
760 3892 899 3958 imo
920 3897 1016 3957 est
1036 3892 1127 3956 ibi
1145 3890 1303 3974 quid
1324 3894 1389 3954 et
1408 3887 1802 3971 simpliciter,

290 4006 352 4066 et
374 4004 569 4087 potius
612 4004 913 4087 sequitur
954 4003 1361 4087 oppositum:
1401 4018 1435 4062 α
1471 3999 1644 4081 Ergo
1676 4012 1810 4063 non

3333 409 3414 469 15

1881 535 2085 600 facere
2137 537 2392 602 infinite
2408 582 2430 615 ‚
2488 535 2788 619 quamvis
2837 553 3175 621 nunquam
3228 539 3418 604 faeiat

1880 643 2005 707 nisi
2043 645 2226 708 finita
2244 693 2264 725 ,
2314 645 2456 709 ideo
2492 644 2658 709 ideae
2689 644 2793 709 vel
2829 645 3103 711 rationes
3139 665 3414 730 cognos—

1883 750 2066 815 cendi
2093 752 2335 816 suntin
2363 750 2490 815 Deo
2514 752 2805 833 iuflnitae,
2836 752 2987 834 quia
3010 771 3145 818 non
3164 759 3417 820 tantum

1882 862 2034 922 sunt
2081 860 2331 924 entium
2381 859 2485 924 vel
2520 859 2888 924 futurorum
2905 907 2924 938 ‚
2973 859 3081 925 sed
3123 862 3417 928 omnium

1884 963 2011 1030 Deo
2057 966 2480 1049 possibilium.
2540 965 2716 1031 Nihil
2765 967 2940 1032 enim
2992 972 3204 1051 potest
3252 969 3419 1036 Deus

1884 1072 2056 1156 quod
2080 1092 2212 1139 non
2234 1079 2382 1139 actu
2406 1077 2768 1156 cognoscat.

1967 1185 2027 1245 3.
2057 1181 2157 1246 Ad
2199 1181 2355 1246 illud
2383 1182 2553 1265 quod
2588 1182 2888 1266 oincitur
2926 1181 3100 1265 quod
3139 1182 3424 1250 infinitos

1886 1292 2068 1372 ponit
2102 1290 2538 1354 confusionem
2559 1339 2578 1370 ,
2622 1289 2958 1355 dicendum
2987 1291 3160 1372 quod
3185 1292 3282 1354 est
3307 1310 3426 1375 po-

1887 1415 2041 1461 nere
2120 1397 2506 1463 infinitatem
2565 1399 2924 1463 secundum
2991 1398 3425 1464 diversitatem

1888 1505 2129 1569 realem
2149 1525 2167 1584 3
2197 1510 2262 1570 et
2299 1506 2391 1570 sic
2409 1506 2622 1589 privat
2645 1489 2721 1570 et‘
2729 1504 3198 1571 distinctionem
3227 1510 3292 1570 et
3312 1525 3430 1571 or·-

1891 1612 2132 1694 dinem,
2154 1614 2210 1677 si
2240 1617 2521 1697 ponatur
2539 1617 2689 1677 ectu
2721 1638 2736 1678 ι
2759 1613 2868 1678 sed
2891 1613 3237 1678 multitudo
3253 1613 3434 1679 idea-

1891 1739 2043 1785 rum
2079 1739 2212 1785 non
2259 1724 2354 1786 est
2391 1738 2612 1786 rerum
2645 1722 3046 1787 diversarum
3061 1770 3079 1802 ‚
3129 1722 3242 1786 sed
3278 1722 3433 1787 dicit

1892 1828 2387 1894 immensitatem
2411 1829 2648 1894 divinae
2673 1829 2957 1896 veritatis
2981 1829 3050 1893 in
3075 1830 3434 1912 exprimen-

1894 1935 1978 2000 do
2010 1939 2078 2000 et
2107 1937 2550 2019 cognoscendo
2579 1955 2771 2003 omne
2805 1937 2977 2021 quod
3008 1942 3105 2002 est
3133 1936 3261 2002 Deo
3287 1955 3432 2021 pos-

1894 2043 2077 2108 sibile
2114 2064 2134 2109 2
2175 2047 2238 2108 et
2278 2045 2400 2109 hoc
2434 2045 2693 2128 quidem
2717 2091 2736 2124 ,
2792 2044 3148 2110 secundum
3195 2061 3336 2109 rem
3373 2048 3440 2109 et

1897 2154 2157 2230 ectum,
2196 2154 2293 2216 est
2317 2170 2528 2216 unum
2560 2173 2578 2231 ;
2609 2152 2753 2217 ideo
2786 2169 2921 2217 uon
2956 2156 3053 2217 est
3084 2151 3393 2216 confusio.

1976 2261 2037 2320 4.
2098 2256 2197 2321 Ad
2241 2257 2401 2323 illud
2432 2258 2607 2341 quod
2649 2257 2951 2340 objicitur
2985 2259 3159 2341 quod
3193 2258 3442 2341 imper-

1896 2363 2188 2428 fectionis
2213 2367 2307 2428 est
2331 2363 2614 2428 infinitas
2637 2364 2707 2428 in
2732 2369 3026 2429 creatura
3044 2412 3063 2444 ‚
3098 2364 3438 2430 dicendum

1898 2469 2071 2552 quod
2095 2515 2116 2548 ‚
2157 2471 2455 2553 quamvis
2494 2472 2579 2536 sit
2616 2471 3107 2554 imperfectionis
3149 2472 3220 2535 iu
3259 2489 3441 2537 crea·

1896 2581 2046 2642 tura
2062 2623 2088 2656 ,
2128 2596 2262 2643 non
2296 2583 2516 2644 tamen
2554 2582 2650 2643 est
2674 2579 2745 2642 in
2787 2577 3077 2644 creatore
3098 2627 3116 2659 ,
3156 2580 3313 2662 quia
3347 2582 3446 2645 est

1901 2683 2257 2765 intelligere
2286 2684 2671 2750 infinitatem
2701 2703 2817 2768 per
2851 2685 3169 2750 defectum
3184 2732 3205 2765 ‚
3234 2689 3302 2749 et
3322 2703 3438 2768 per

1902 2809 2235 2857 excessum
2257 2813 2273 2856 t
2296 2792 2581 2857 infinitas
2605 2811 2721 2876 per
2750 2792 3064 2858 detectum
3079 2795 3443 2876 potestesse

1903 2897 1973 2962 in
1998 2903 2290 2965 creatura
2312 2901 2480 2966 utin
2507 2900 2773 2965 materie
2792 2950 2812 2982 ,
2838 2904 2902 2965 et
2928 2900 3050 2966 hoc
3082 2905 3179 2966 est
3201 2901 3446 2985 imper·-

1903 3006 2194 3073 fectionis
2219 3026 2238 3073 t
2265 3009 2390 3073 hoc
2414 3011 2631 3074 autem
2655 3008 3025 3074 nullatenus
3047 3008 3234 3074 estin
3257 3008 3450 3075 Crea-

1903 3119 2078 3195 tore;
2118 3116 2404 3181 infinitos
2425 3119 2641 3182 autem
2656 3134 2774 3200 per
2808 3134 3140 3182 excessum
3166 3135 3302 3182 non
3328 3134 3448 3200 po·-

1905 3226 2029 3288 test
2060 3223 2436 3307 simpliciter
2474 3242 2612 3288 esse
2659 3223 2731 3287 in
2772 3227 3064 3289 creatura
3085 3270 3105 3304 ‚
3139 3223 3448 3306 quonium

1906 3332 2101 3399 habet
2123 3351 2259 3399 esse
2286 3337 2574 3398 creatum
2596 3380 2615 3410 ‚
2663 3335 2727 3397 et
2765 3331 3191 3415 compositum
3215 3378 3233 3407 ,
3267 3334 3331 3395 et
3367 3331 3454 3395 li·-

1909 3440 2209 3505 mitatum
2241 3439 2455 3505 :Deus
2496 3444 2713 3504 autem
2742 3439 2904 3503 nihil
2931 3439 3167 3504 horum
3211 3437 3446 3502 habet:

1910 3552 1973 3613 et
1993 3548 2140 3612 ideo
2162 3547 2357 3611 habet
2382 3547 2790 3625 infinitatem,
2820 3549 2884 3611 et
2906 3545 3029 3610 hoc
3054 3549 3149 3610 est
3176 3561 3449 3609 summae

1910 3654 2331 3739 perfectionis».

2429 3787 2783 3868 QUAESTIO
2822 3788 2928 3857 VI.

2258 3934 2355 3991 An
2377 3932 2516 3993 Ideoe
2538 3933 2778 3991 ordinem
2803 3932 3039 3991 habeant
3061 3928 3107 3990 ¹.

1996 4096 2227 4163 Utrum
2251 4095 2324 4159 in
2349 4094 2509 4160 ideis
2534 4095 2618 4158 sit
2643 4108 2879 4178 ponere
2900 4102 3252 4158 numerum
3276 4093 3454 4159 ordi-
3485 4118 3556 4164 Aa
3586 4133 3690 4179 opp.

1916 4207 2184 4285 natum3
2211 4206 2275 4267 et
2307 4201 2482 4285 quod
2529 4200 2619 4264 sic
2638 4248 2656 4280 ,
2702 4199 2959 4266 videtur
2991 4215 3107 4282 per
3144 4200 3455 4282 Augusti-

1916 4326 2083 4376 num
2100 4311 2171 4375 ⁸:
2226 4332 2259 4371 α
2300 4307 2447 4374 Alia
2472 4307 2717 4372 ratione
2752 4305 3044 4372 conditus
3081 4310 3178 4372 est
3216 4307 3414 4374 homo
3434 4354 3453 4390 ‚

1919 4436 2118 4504 quem
2162 4434 2369 4501 equus
2391 4464 2408 4494 ,
2455 4416 2610 4499 quia
2656 4415 2820 4480 alius
2864 4418 2959 4479 est
3001 4415 3198 4481 homo
3224 4460 3244 4496 ‚
3295 4418 3459 4481 elius

1920 4543 2169 4612 equus:
2200 4544 2234 4584 n
2272 4540 2432 4606 ergo
2467 4536 2619 4587 cum
2644 4520 2840 4585 homo
2862 4521 2945 4585 sit
2965 4521 3238 4587 nobilior
3265 4539 3456 4606 equo,

1921 4635 2062 4721 pari
2107 4632 2355 4698 ratione
2403 4629 2701 4694 nobiliori
2739 4628 2881 4694 idea
2931 4628 3037 4693 vel
3075 4630 3322 4694 ratione
3366 4633 3461 4694 est

1923 4740 2217 4806 conditus
2255 4736 2453 4802 homo
2470 4780 2492 4817 ‚
2529 4753 2728 4819 quam
2765 4752 3019 4819 equus:
3048 4737 3160 4801 sed
3204 4736 3319 4802 ubi
3364 4739 3461 4800 eet

291 4114 383 4173 cst
416 4112 661 4177 finitum
683 4131 703 4192 ς
726 4133 760 4172 o
810 4112 906 4175 sic
949 4111 1142 4176 etiam
1166 4111 1237 4173 in
1275 4107 1599 4193 proposito
1628 4106 1810 4188 J'udi-

295 4218 569 4283 cundum.
595 4218 896 4284 Rationes
920 4222 1140 4283 autem
1162 4217 1291 4282 illae
1316 4229 1451 4281 non
1467 4219 1620 4280 sunt
1641 4228 1810 4278 com-

298 4324 729 4406 prehensibiles
772 4327 855 4391 ab
901 4325 1118 4409 aliquo
1161 4323 1487 4390 intellectu
1548 4320 1734 4387 finito
1790 4334 1808 4387 ε

298 4430 428 4496 ideo
451 4436 617 4516 patet
641 4433 821 4499 illud.

157 4554 276 4602 nin-
378 4543 433 4604 2.
480 4541 575 4605 Ad
608 4540 768 4606 illud
812 4540 988 4624 quod
1024 4536 1326 4623 objicitur
1361 4538 1537 4622 quod
1586 4537 1809 4603 multi—

116 4620 287 4736 s...
304 4646 445 4711 tudo
466 4647 743 4713 mearum
779 4652 873 4714 est
905 4666 949 4713 a
978 4647 1390 4713 multitudine
1415 4646 1777 4712 iduatomm
1791 4692 1811 4726 ‚

116 4745 1549 4859 Zffijinquanmmcreetastedinquuntum
1574 4768 1816 4822 conno-

116 4870 293 4972 ξπ
316 4868 434 4931 tata
460 4888 478 4931 ι
501 4867 639 4934 idea
661 4871 876 4933 autem
899 4868 1182 4934 ideetum
1224 4871 1525 4933 connotat
1553 4878 1688 4931 non
1714 4878 1817 4931 se·-

148 4994 270 5036 ηε.
319 4971 575 5038 cundum
614 4975 923 5040 actualem
971 4974 1372 5040 existentiam
1391 5022 1411 5056 ‚
1454 4974 1566 5040 sed
1604 4974 1818 5038 solum

139 5053 272 5159 ξω
318 5080 644 5147 secundum
680 5081 1024 5164 potentiam
1066 5101 1087 5147 ι
1123 5086 1187 5148 et
1219 5082 1374 5166 quia
1409 5081 1576 5148 Deus
1613 5082 1819 5164 potest

1923 4848 2140 4932 magis
2161 4844 2404 4926 nobile,
2433 4847 2498 4910 et
2530 4844 2777 4923 minus,
2804 4843 2897 4908 ibi
2927 4847 3023 4910 est
3046 4843 3200 4911 ordo
3227 4864 3243 4909 ε
3274 4856 3457 4926 erg-0,

1923 4962 2068 5130 et}
2107 5063 2266 5128 Item
2281 5110 2301 5144 ,
2335 5059 2502 5127 sicut
2536 5060 2703 5127 Deus
2737 5080 2853 5145 per
2883 5060 3057 5126 ideas
3097 5055 3457 5141 cognoscit,

1925 5176 1990 5239 et
2017 5169 2313 5256 producit
2355 5185 2460 5234 res
2501 5167 2824 5233 distinctas
2844 5216 2864 5248 ,
2905 5167 2998 5230 ita
3031 5165 3358 5247 cognoscit
3399 5169 3465 5232 et

382 5273 401 5310 ¹
432 5273 509 5326 1³2.
540 5288 719 5342 mvl,
746 5279 794 5327 5.
824 5303 877 5312 —
900 5276 1022 5341 ²Cs.
1051 5277 1216 5341 scot„
1252 5276 1307 5327 in
1348 5278 1568 5342 Repcwt„⁹
1610 5277 1629 5327 l
1659 5274 1819 5338 Sene,
2558 5329 2569 5341 ,
3004 5326 3016 5338 ,
3391 5328 3402 5340 ‚

324 5343 434 5396 dist.
474 5358 625 5398 mvi
643 5385 658 5411 ,
690 5361 740 5411 q.
774 5361 887 5412 un.;
913 5347 1171 5412 Richard„
1215 5349 1235 5399 1
1272 5350 1433 5409 sent„
1462 5346 1580 5399 dist.
1618 5356 1815 5411 xxxv,
1925 5339 2008 5390 Σο.
2028 5330 2492 5396 naccon.,18ene.,
2520 5330 2639 5381 dist.
2659 5339 2839 5394 xxxvt,
2856 5341 2910 5393 q.
2931 5327 3343 5395 umc.—⁸Aug.,
3368 5328 3461 5380 hb.

324 5427 464 5481 qm,
488 5421 579 5470 art.
596 5421 656 5483 23
683 5419 852 5482 Steph.
873 5418 1078 5484 omer„
1110 5421 1127 5470 ι
1149 5420 1311 5483 sent„
1335 5419 1453 5472 dist.
1472 5430 1633 5484 xm,
1660 5432 1716 5483 q.
1733 5428 1788 5469 v1
1795 5429 1815 5479 ;
1928 5404 2181 5464 cmm
2197 5405 2402 5468 Quoest„
2427 5416 2481 5469 q·
2500 5412 2645 5454 ¹1³1·
