4125 6225
1248 419 1444 487 ms'r.
1487 417 1592 485 xl.
1637 415 1797 484 ΛΒΤ

340 555 500 620 Item
518 554 803 621 Christus
819 557 901 621 ab
918 555 1177 622 instanti
1193 573 1329 621 suae
1347 554 1795 638 conceptionis,

259 664 323 727 et
347 664 702 728 secundum
732 663 1013 728 animam
1034 713 1053 744 ,
1080 668 1143 728 et
1168 663 1518 729 secundum
1539 680 1789 747 corpus,

257 769 378 834 fuit
394 770 710 834 divinitati
729 771 949 835 unitus
962 775 1137 835 tanta
1154 771 1417 851 unione,
1438 790 1568 854 qua
1588 773 1795 854 major

257 879 481 971 nequit
507 878 775 959 intelligi
803 898 820 942 ε
853 897 1010 960 ergo
1034 879 1088 941 si
1113 879 1330 942 divina
1357 879 1559 942 virtus
1590 878 1797 942 omni·

257 985 695 1065 potentissima
711 989 826 1062 est,
849 991 915 1050 et
936 1004 1049 1069 per
1065 986 1281 1049 omnia
1297 985 1377 1049 ad
1403 989 1638 1050 nutum
1656 1003 1793 1051 suae

255 1092 605 1156 voluntatis
633 1098 925 1176 prompta
957 1098 1124 1171 erat,
1151 1112 1310 1176 ergo
1336 1095 1592 1159 videtur
1623 1095 1794 1177 quod

256 1201 436 1264 nulla
462 1200 779 1284 indigeret
803 1202 1012 1267 aliena
1040 1203 1344 1267 custodia.

339 1312 497 1376 Item
518 1359 535 1391 ,
567 1311 680 1394 qui
702 1312 783 1375 ab
809 1310 936 1375 alio
965 1310 1352 1390 custoditur,
1383 1328 1467 1374 ex
1483 1309 1605 1376 hoc
1622 1311 1792 1394 quod

256 1418 637 1497 custoditur,
662 1421 756 1481 est
773 1418 1051 1501 quodam
1080 1416 1267 1482 modo
1292 1416 1383 1480 illi
1420 1417 1738 1481 obnoxius
1774 1439 1790 1481 ε

256 1544 414 1608 ergo
441 1525 499 1589 si
535 1523 817 1589 Christus
842 1525 1007 1589 nulli
1042 1523 1224 1589 debet
1260 1542 1394 1589 esse
1427 1525 1748 1589 obnoxius
1770 1573 1788 1602 ,

255 1653 295 1698 a
324 1635 506 1698 nullo
535 1634 766 1716 angelo
793 1633 1015 1697 debuit
1042 1632 1365 1699 custodiri.

337 1741 497 1807 Item
521 1790 539 1818 ,
572 1747 704 1806 esto
732 1741 899 1824 quod
932 1740 1215 1806 Christus
1252 1759 1381 1805 non
1414 1740 1644 1806 habeat
1673 1759 1794 1805 an·-

254 1850 478 1932 gelum
519 1850 597 1913 ad
628 1851 730 1913 sui
767 1849 1154 1928 custodiam,
1198 1866 1420 1931 quaero
1448 1853 1671 1912 utrum
1710 1868 1792 1914 ex

255 1957 379 2022 hoc
417 1958 702 2020 incurrat
730 1956 988 2039 aliquod
1022 1956 1361 2035 damnum,
1405 1957 1508 2020 vel
1544 1956 1792 2020 incom-

260 2064 556 2142 modum,
586 2064 689 2127 vel
725 2068 1086 2146 peccatum,
1130 2064 1234 2129 vel
1261 2063 1509 2127 omittat
1538 2063 1793 2145 aliquod

258 2171 501 2235 bonum
517 2192 535 2251 ;
552 2175 615 2236 et
633 2190 782 2236 cum
799 2172 1054 2235 nullum
1071 2172 1307 2235 horum
1327 2172 1430 2248 sit,
1453 2171 1615 2234 nibil
1634 2171 1798 2234 tollit

259 2298 299 2343 a
325 2279 571 2345 Christo
598 2280 881 2344 absentia
905 2279 1212 2361 angelicae
1240 2279 1543 2344 custodiae
1585 2302 1599 2343 :
1637 2296 1794 2360 ergo

259 2388 423 2452 nihil
463 2388 678 2471 adjicit
724 2387 1124 2471 praesidentia
1159 2410 1173 2451 :
1216 2405 1374 2468 ergo
1428 2387 1483 2449 si
1537 2386 1798 2470 ponitur

260 2494 545 2559 Christus
575 2494 657 2559 ab
682 2494 914 2576 angelo
949 2493 1289 2570 custodiri,
1331 2493 1584 2561 videtur
1623 2492 1796 2575 quod

260 2602 498 2686 aliquid
540 2602 705 2667 circa
741 2602 957 2685 ipsum
1000 2601 1110 2667 fiat
1148 2601 1385 2667 trustra
1427 2623 1442 2665 :
1481 2600 1655 2684 quod
1699 2604 1794 2664 est

262 2709 738 2776 inconveniens.

805 2882 1257 2952 CONCLUSIO.

261 3040 392 3097 Cum
418 3039 675 3097 Salvator
698 3042 876 3097 noster
905 3038 1142 3096 Christus
1168 3037 1316 3094 lesus
1340 3038 1489 3093 vinci
1514 3051 1550 3093 a
1573 3035 1790 3092 diabolo

332 3144 441 3186 non
462 3130 737 3202 potuerit,
768 3145 862 3186 nec
886 3145 985 3202 per
1016 3128 1315 3185 blanditias
1338 3126 1547 3190 seduci,
1580 3141 1672 3182 nec
1703 3140 1793 3181 re-

334 3221 626 3276 luctantem
648 3236 861 3276 carnem
885 3220 1167 3290 habuerit,
1197 3234 1290 3274 nec
1308 3215 1672 3289 proesidmtiae
1696 3231 1799 3272 αη-

332 3310 516 3379 qelicoe
539 3309 800 3380 subjectus
823 3310 1027 3378 fuerit,
1058 3307 1299 3365 custodia
1335 3307 1583 3380 anqelica
1610 3308 1662 3362 et·
1687 3320 1796 3362 non

329 3398 447 3466 ruit
472 3398 764 3457 destinata.

340 3571 525 3657 Resp.
564 3573 643 3638 ad
671 3573 946 3656 Argum.
977 3571 1324 3636 Dicendum
1351 3571 1527 3655 quod
1551 3570 1797 3636 Christo

260 3697 393 3746 non
440 3686 535 3746 est
576 3681 759 3746 datus
802 3680 1071 3764 angelus
1109 3679 1188 3745 ad
1228 3680 1579 3745 custodiam
1593 3728 1612 3760 ,
1654 3683 1797 3743 tum

260 3790 415 3872 quia
436 3789 722 3854 Christus
743 3808 872 3854 non
892 3790 1254 3872 indigebat,
1278 3793 1416 3852 tum
1435 3789 1627 3852 etiam
1646 3786 1797 3869 quia

260 3915 391 3963 non
419 3899 815 3982 competebat
846 3917 1015 3964 :non
1041 3897 1292 3980 egebat,
1318 3896 1473 3980 quia
1498 3894 1795 3960 adversa-

258 4005 397 4071 rius
422 4009 563 4090 ejus
585 4026 706 4072 nec
741 4011 985 4091 poterat
1011 4007 1368 4091 opprimere
1403 4022 1518 4088 per
1544 4003 1791 4068 violen-

258 4113 416 4179 tiam
452 4133 683 4199 corpus
721 4115 1038 4180 divinitati
1079 4115 1368 4192 unitum,
1400 4129 1517 4176 nec
1555 4113 1801 4193 poterat

259 4221 561 4287 seducere
601 4241 714 4306 per
763 4223 1026 4288 astutias
1069 4222 1460 4286 intellectum
1508 4237 1548 4282 a
1586 4215 1796 4280 Verbo

258 4327 541 4411 plenarie
568 4329 984 4410 illustratum,
1005 4349 1125 4395 nec
1153 4329 1399 4412 poterat
1415 4326 1663 4390 allicere
1684 4340 1798 4406 per

258 4435 596 4501 blanditias
626 4436 925 4501 affectum
964 4434 1356 4519 plenitudine
1382 4431 1609 4514 gratiae
1638 4447 1793 4493 con-

257 4546 592 4610 firmatum
623 4566 640 4608 z
670 4545 814 4610 ideo
851 4543 1135 4608 Christus
1160 4559 1291 4605 non
1316 4539 1641 4620 indigebat
1681 4556 1795 4602 an-

258 4653 406 4736 gelo
455 4652 647 4730 bone,
711 4669 829 4717 nec
875 4653 1190 4734 quantum
1245 4648 1329 4713 ad
1370 4646 1796 4710 defensionem

259 4760 545 4843 corporis
560 4808 579 4840 ,
617 4776 737 4824 nec
766 4761 1084 4841 quantum
1115 4755 1197 4821 ad
1228 4752 1649 4818 eruditionem
1684 4770 1797 4816 ra-

257 4866 451 4930 tionis
472 4915 490 4943 ,
520 4883 640 4930 nec
670 4867 985 4947 quantum
1013 4863 1094 4927 ad
1128 4860 1561 4925 incitationem
1601 4858 1794 4922 affec-

257 4973 473 5039 tionis.
505 4970 648 5038 Non
675 4972 884 5037 solum
905 4975 1123 5035 autem
1155 4987 1285 5032 non
1319 4966 1653 5048 indigebat
1677 4984 1796 5029 an-

259 5081 465 5164 gelica
498 5079 816 5158 custodia3
856 5077 965 5142 sed
998 5095 1115 5142 nec
1150 5076 1342 5140 etiam
1384 5075 1445 5137 ei
1475 5078 1795 5155 compete-

260 5188 369 5253 bat
401 5206 417 5252 :
451 5186 736 5251 custodia
763 5186 936 5250 enim
964 5185 1033 5249 in
1061 5181 1477 5261 custodienti,
1507 5184 1798 5263 respectu

261 5297 556 5364 custoditi
572 5345 590 5378 ‚
623 5297 773 5362 dicit
792 5294 1265 5379 praesidentiam
1289 5291 1634 5376 quamdam
1684 5311 1701 5354 ε
1729 5292 1798 5354 et

261 5406 417 5490 quia
454 5404 671 5486 angeli
693 5405 938 5469 Christo
970 5402 1236 5468 Domino
1275 5400 1617 5479 suberant,
1657 5415 1793 5462 non

1805 465 1820 481 .
1866 416 1916 481 1.
1961 415 2258 494 QUAEST.
2299 419 2405 485 111.

3326 427 3440 488 ΒΗ,

1906 557 2252 635 praeerant,
2284 554 2427 621 ideo
2456 574 2576 621 nec
2611 555 2866 640 aliquod
2902 556 3183 621 officium
3212 556 3441 639 praesi-

1907 660 2137 727 dentiae
2154 663 2304 745 ipsis
2321 663 2569 746 angelis
2583 668 2871 746 respectu
2891 662 3120 728 Christi
3135 664 3448 730 committi

1908 769 2175 837 debebat
2205 787 2221 832 :
2251 776 2314 835 et
2341 776 2673 854 propterea
2694 771 2912 836 nullus
2936 772 3208 854 angelus
3227 772 3447 837 debuit
3485 778 3489 783 ’

1907 877 2202 960 deputari
2220 879 2298 943 ad
2319 878 2798 944 custodiendum
2817 879 3139 946 Christum
3156 902 3174 957 ;
3199 881 3308 946 sed
3323 900 3448 945 an-

1907 985 2204 1067 gelorum
2229 986 2576 1053 multitudo
2613 988 2831 1053 debuit
2860 989 3148 1072 deputari
3183 989 3265 1053 ad
3306 991 3449 1072 ejus

1908 1095 2360 1160 ministerium.

1987 1210 2047 1268 1.
2093 1205 2191 1269 Ad
2217 1202 2576 1286 illudquod
2608 1203 2907 1286 objicitur
2943 1205 3013 1268 in
3050 1206 3445 1270 contrarium

1902 1312 1981 1376 de
2021 1296 2294 1389 Psalmo,
2325 1312 2581 1395 Amyclis
2620 1313 2760 1377 suis
2797 1314 2964 1379 Deus
2992 1312 3336 1380 mandavit
3365 1313 3446 1379 de

1908 1427 1991 1500 te,
2021 1425 2174 1500 etc.;
2234 1421 2571 1485 dicendum
2625 1419 2798 1503 quod
2849 1420 3007 1484 illud
3065 1420 3448 1502 intelligitur

1906 1527 1985 1593 de
2013 1528 2216 1611 capite
2234 1576 2252 1607 ,
2284 1529 2530 1593 ratione
2558 1527 3017 1592 membrorum.
3051 1525 3250 1608 Unde,
3279 1529 3447 1593 sicut

1908 1635 2059 1701 dicit
2071 1634 2494 1716 Augustinus,
2514 1634 2803 1699 diabolus
2824 1633 2987 1698 male
3005 1634 3298 1716 exposuit
3310 1636 3448 1701 sive

1906 1743 2247 1823 intellexit,
2276 1742 2433 1807 dum
2458 1742 2646 1824 capiti
2677 1742 2970 1807 attribuit
3027 1742 3273 1807 ratione
3304 1744 3443 1820 sui,

1907 1853 2079 1936 quod
2107 1852 2433 1935 Scriptura
2465 1852 2750 1916 attribuit
2777 1851 2838 1914 ei
2859 1852 3102 1915 ratione
3131 1851 3451 1916 membro-

1909 1979 2082 2024 rum.

1987 2073 2048 2132 2.
2080 2067 2180 2131 Ad
2206 2065 2364 2130 illud
2414 2065 2586 2146 quod
2614 2064 2911 2146 objicitur
2935 2111 2951 2139 ‚
2978 2064 3151 2146 quod
3177 2064 3450 2145 angelus

1903 2196 2057 2242 eum
2099 2176 2529 2255 confortabat3
2578 2173 2920 2237 dicendum
2964 2171 3135 2254 quod
3172 2172 3442 2253 angelus

1906 2302 2039 2347 non
2074 2282 2465 2348 confortabat
2494 2299 2647 2345 eum
2675 2279 3132 2344 confortatione
3161 2282 3444 2360 potesta·
3483 2294 3490 2301 ·
3521 2318 3524 2319 ν

1905 2391 2062 2471 tiva,
2096 2390 2262 2454 sicut
2289 2390 2597 2454 confortat
2634 2387 2774 2452 illos
2802 2404 2964 2469 quos
3005 2386 3302 2464 custodit3
3335 2386 3447 2451 sed

1907 2499 2118 2565 solum
2148 2496 2545 2563 ministeriali
2565 2544 2584 2575 ,
2622 2493 2786 2559 sicut
2817 2493 3126 2558 confortat
3161 2492 3449 2575 armiger

1909 2608 2245 2668 strenuum
2266 2604 2557 2668 militem.

1989 2716 2049 2776 3.
2080 2713 2178 2776 Ad
2205 2712 2362 2777 illud
2389 2711 2559 2794 quod
2590 2708 2893 2791 objicitur
2916 2755 2933 2787 ,
2962 2705 3135 2788 quod
3160 2704 3450 2772 Christus

1910 2825 2003 2886 est
2027 2821 2108 2885 ab
2136 2820 2383 2901 angelis
2420 2819 2802 2892 minoratus;
2853 2814 3190 2879 dicendum
3231 2813 3445 2897 quod,

1909 2925 2027 2991 etsi
2057 2927 2339 2992 Christus
2370 2927 2727 2991 minoratus
2753 2924 3001 2987 dicatur
3028 2922 3275 2987 ratione
3300 2939 3450 3004 pas-

1911 3034 2225 3099 sibilitatis
2247 3083 2265 3112 ,
2310 3049 2645 3117 nunquam
2685 3035 2901 3095 tamen
2944 3030 3034 3093 sic
3088 3029 3448 3093 minoratus

1912 3147 2005 3208 est
2020 3191 2038 3223 ,
2069 3147 2144 3206 ut
2168 3141 2400 3224 aliquis
2424 3141 2694 3223 angelus
2717 3138 2980 3203 auderet
3001 3136 3062 3201 ei
3083 3136 3446 3219 praesidere,

1912 3267 2062 3314 cum
2081 3251 2170 3314 ita
2186 3251 2350 3314 bene
2373 3250 2454 3313 sit
2474 3247 2835 3313 adorandus
2858 3244 3145 3309 Christus
3166 3244 3235 3307 in
3254 3262 3442 3309 cruce

1913 3357 2067 3422 etin
2092 3376 2210 3422 sua
2231 3355 2598 3420 infirmitate
2612 3403 2631 3433 ,
2659 3354 2823 3419 sicut
2846 3351 3041 3416 etiam
3065 3368 3218 3416 cum
3241 3349 3313 3414 in
3330 3367 3450 3416 sua

1911 3465 2238 3549 apparebit
2267 3465 2527 3530 virtute.

1990 3578 2053 3637 4.
2100 3574 2197 3639 Ad
2239 3573 2398 3638 illud
2428 3572 2599 3657 quod
2636 3568 2933 3653 obiicitur
2959 3615 2977 3644 ‚
3019 3567 3189 3650 quod
3223 3565 3451 3630 habuit

1912 3681 2154 3745 malum
2188 3680 2495 3763 angelum
2522 3678 2603 3743 ad
2644 3676 3019 3742 exercitium
3041 3720 3059 3751 ,
3103 3672 3450 3738 dicendum

1911 3791 2083 3875 quod
2111 3790 2271 3855 illud
2309 3788 2684 3854 exercitium
2723 3784 2933 3849 solum
2967 3783 3089 3845 fuit
3123 3782 3408 3846 exterius
3427 3827 3448 3859 ,
3559 3777 3567 3786 “

1910 3917 2041 3963 non
2060 3896 2346 3976 interius,
2369 3914 2488 3960 nec
2512 3894 2635 3958 t'uit
2655 3892 2735 3957 ad
2763 3891 2964 3975 ipsius
2983 3888 3448 3972 probationem,

1911 4005 2017 4070 sed
2050 4006 2259 4087 potius
2286 4003 2368 4068 ad
2394 4006 2674 4066 nostram
2696 3997 3176 4062 instructionem
3201 4044 3218 4074 ,
3249 3996 3314 4057 et
3334 3993 3450 4059 ad-

1910 4111 2176 4178 versarii
2204 4109 2698 4176 confutationem
2737 4128 2753 4171 z
2797 4122 2880 4170 ex
2911 4121 3039 4187 quo
3077 4101 3306 4167 Christi
3344 4100 3448 4166 di-

1913 4226 2129 4303 gnitas
2153 4239 2284 4285 non
2312 4218 2743 4290 minuebatur,
2768 4214 2876 4280 sed
2895 4212 3443 4278 manifestabatur.

1913 4328 2035 4393 Sed
2062 4346 2194 4393 non
2222 4328 2312 4391 sic
2339 4327 2528 4390 estin
2554 4324 2762 4388 officio
2802 4318 3192 4385 custodiendi
3230 4336 3247 4381 ε
3288 4336 3443 4381 nam

1911 4435 1964 4499 si
2005 4434 2277 4516 angelus
2304 4432 2384 4496 ad
2424 4433 2567 4514 ejus
2604 4428 2959 4494 custodiam
2992 4426 3407 4508 deputaretur
3425 4472 3446 4502 ,

1912 4538 2126 4621 potius
2161 4540 2323 4600 esset
2357 4532 2839 4599 defectibilitatis
2881 4530 3153 4594 ostensio
3180 4576 3199 4608 ,
3249 4545 3445 4611 quam

1909 4644 2166 4711 virtutis
2188 4648 2252 4707 et
2279 4640 2605 4723 dignitatis
2630 4636 3052 4704 manifestatio
3070 4683 3087 4713 ‚
3116 4634 3222 4700 vel
3253 4635 3447 4699 etiam

1910 4752 2184 4835 alicujus
2205 4749 2559 4814 instructio.

1991 4864 2052 4925 ὃ.
2100 4859 2198 4923 Ad
2240 4858 2396 4922 illud
2443 4856 2612 4939 quod
2648 4852 2974 4937 objicitur,
3022 4850 3195 4934 quod
3230 4849 3449 4931 digni-

1909 4967 2057 5031 tatis
2097 4972 2193 5030 est
2236 4965 2469 5029 babere
2507 4961 2860 5026 custodiam
2896 4958 3295 5041 angelicam3
3349 4956 3452 5021 di-

1907 5074 2181 5140 cendum
2207 5071 2380 5155 quod
2409 5070 2706 5153 quaedam
2735 5070 2886 5131 sunt
2927 5064 3258 5147 dignitatis
3287 5063 3449 5128 sim-

1909 5180 2176 5266 pliciter,
2219 5178 2517 5263 quaedam
2563 5194 2715 5240 vcro
2755 5175 2846 5239 sic
2880 5178 3031 5238 sunt
3071 5170 3404 5254 dignitatis
3425 5217 3446 5249 ,

1906 5292 1981 5354 ut
2001 5289 2194 5351 etiam
2220 5302 2548 5350 annexum
2575 5282 2852 5346 habeant
2885 5278 3128 5363 aliquid
3156 5278 3446 5359 indigni*

1908 5395 2052 5461 tatis
2097 5394 2235 5458 sive
2270 5390 2654 5456 infirmitatis
2695 5410 2712 5453 z
2750 5387 3052 5452 custodiri
3092 5390 3313 5452 autem
3362 5384 3445 5449 ab
