4125 6225
1530 418 1904 486 DISTINGT.
1945 417 2050 485 vl.
3262 424 3379 483 377

225 558 364 627 litia
390 563 903 626 consenserunt:
934 577 1175 648 eosque
1199 555 1498 625 cadentes
1529 555 1731 647 hujus
1771 553 2112 644 caliginosi
2138 553 2304 622 aeris
2345 552 2795 624 habitaculum
2832 553 3103 645 excepit.
3145 553 3230 623 Et
3258 554 3382 624 hoc
3484 545 3490 550 ’

227 675 304 744 ad
331 681 620 742 nostram
648 672 1092 765 probationem
1121 673 1367 743 factum
1393 678 1527 759 est,
1559 680 1636 740 ut
1661 672 1745 740 sit
1772 671 1961 740 nobis
1987 671 2464 740 exercitationis
2488 695 2705 741 causa.
2737 672 2927 742 Unde
2957 672 3308 765 Apostolus
3322 680 3374 740 ¹:

228 791 619 862 Colluctatio
647 802 742 858 est
768 790 947 858 nobis
976 787 1284 857 adversus
1307 789 1646 881 principes
1673 799 1738 856 et
1748 800 2113 880 potestates
2141 786 2378 880 mundi
2400 788 2598 880 liujus
2618 845 2638 872 ,
2684 801 2748 857 et
2773 788 3081 858 adversus
3105 800 3382 857 rectores

219 910 456 978 harum
485 906 930 988 tenebrarum,
966 918 1198 974 contra
1222 905 1603 998 spiritualia
1632 906 1944 997 nequitia»
1970 905 2045 972 in
2070 904 2431 973 coelestibus
2450 929 2479 987 ‚·
2505 905 2661 997 quia
2680 905 3010 975 daemones
3028 959 3046 992 ,
3083 905 3200 998 qui
3229 911 3384 974 sunt

220 1025 585 1120 spirituales
604 1031 669 1091 et
695 1045 1007 1115 nequam,
1038 1023 1112 1089 in
1134 1022 1255 1091 hoc
1284 1022 1666 1091 turbulento
1692 1043 1841 1090 aere
1870 1021 2058 1090 nobis
2085 1021 2481 1114 propinque,
2511 1021 2691 1113 quod
2718 1023 2962 1092 coelum
2989 1022 3379 1115 appellatur,

219 1141 534 1212 habitant.
566 1139 759 1209 Unde
786 1146 851 1207 et
876 1138 1175 1207 diabolus
1186 1139 1501 1230 princeps
1543 1139 1715 1208 aeris
1741 1137 1982 1207 dicitur
2001 1141 2047 1205 ².

302 1258 452 1326 Non
480 1256 657 1327 enim
685 1263 780 1323 est
803 1254 897 1323 eis
936 1276 1312 1323 concessum
1340 1255 1634 1324 habitare
1661 1255 1732 1323 in
1756 1255 1922 1324 coelo
1946 1306 1964 1340 ,
2008 1254 2168 1347 quia
2210 1256 2427 1325 clarus
2458 1257 2642 1326 locus
2667 1266 2764 1325 est
2800 1264 2864 1325 ct
2891 1279 3229 1342 amoenus;
3267 1278 3385 1324 nec
3435 1270 3606 1376 „pm

218 1376 287 1444 in
319 1382 493 1444 terra
518 1372 856 1465 nobiscum
877 1424 895 1457 ‚
926 1394 1010 1440 ne
1035 1371 1334 1440 homines
1359 1371 1556 1440 nimis
1592 1371 2009 1457 infestarent3
2040 1371 2176 1455 sed,
2218 1371 2411 1464 juxta
2451 1371 2723 1464 apostoli
2765 1374 2946 1443 Petri
2971 1382 2993 1418 ³
3022 1374 3383 1442 doctrinam
3436 1408 3609 1439 conoes-

3426 1472 3518 1502 sum
3543 1460 3607 1502 eis

219 1491 286 1562 in
322 1490 594 1583 epistola
637 1489 947 1557 canonica
974 1488 1281 1558 traditam
1308 1541 1326 1574 ,
1373 1487 1445 1555 in
1488 1510 1635 1556 aere
1671 1488 1796 1557 isto
1839 1487 2234 1577 caliginose,
2285 1489 2404 1581 qui
2444 1490 2536 1558 eis
2579 1489 2769 1582 quasi
2808 1511 3024 1559 carcer
3062 1512 3270 1582 usque
3301 1490 3384 1559 ad
3430 1520 3623 1564 hamma

220 1616 474 1700 tempus
491 1606 727 1698 judicii
755 1605 1107 1697 deputatus
1132 1612 1227 1673 est
1259 1629 1274 1671 ε
1310 1612 1469 1672 tunc
1498 1611 1717 1673 autem
1746 1604 2181 1674 detrudentur
2207 1605 2275 1671 in
2305 1605 2691 1673 barathrum
2720 1605 2990 1688 inferni,
3024 1606 3384 1675 secundum
3425 1583 3621 1688 iffssloeffl’

219 1724 383 1793 illud
409 1730 433 1766 ⁸
465 1748 481 1789 ε
512 1726 614 1793 Ite
638 1775 656 1808 ,
684 1721 1057 1805 maledicti,
1090 1723 1165 1790 in
1201 1723 1423 1813 iqnem
1453 1733 1774 1790 oetcmum
1794 1775 1814 1804 ,
1850 1721 1965 1812 qui
1982 1734 2406 1813 praeparatus
2434 1735 2530 1791 est
2557 1720 2817 1791 diabolo
2846 1736 2908 1791 et
2936 1723 3187 1815 anqelis
3216 1723 3379 1813 ejus.
3440 1712 3572 1753 Μ’·

302 1841 386 1909 Et
410 1840 577 1908 sicut
600 1840 773 1908 inter
799 1839 1004 1909 bonos
1031 1838 1299 1927 angelos
1324 1837 1440 1906 alii
1468 1837 1612 1905 aliis
1640 1847 1955 1928 praesunt,
1989 1839 2084 1906 ita
2106 1847 2170 1906 et
2187 1837 2361 1907 inter
2382 1838 2584 1906 malos
2608 1838 2722 1906 alii
2748 1838 2894 1925 aliis
2918 1839 3175 1930 praelati
3201 1847 3380 1925 sunt,
3412 1847 3628 1953 &2:¹32-

221 1966 281 2025 et
305 1957 420 2024 alii
448 1957 594 2026 aliis
619 1956 892 2048 subjecti
910 2010 928 2044 ,
956 1955 1256 2048 quandiu
1282 1955 1478 2024 durat
1506 1953 1797 2025 mundus
1818 2007 1837 2040 ,
1870 1954 2090 2042 angeli
2119 1955 2373 2043 angelis
2393 2008 2411 2041 ,
2442 1954 2770 2024 daemones
2796 1954 3237 2042 daemonibuS,
3269 1954 3384 2023 ho-
3415 1969 3490 2012 alii
3530 1971 3628 2013 alii·

222 2074 425 2142 mines
452 2072 831 2141 hominibus
856 2079 1171 2164 praesunt.
1206 2071 1335 2140 Sed
1364 2071 1433 2138 in
1462 2073 1685 2140 futuro
1713 2070 1927 2139 omnis
1955 2072 2383 2140 evacuabitur
2411 2071 2736 2163 praelatiO,
2778 2080 2855 2139 ut
2893 2072 3077 2140 docet
3112 2072 3387 2163 Aposto-
3413 2037 3630 2138 ἷῖἶῖἶὲἶιὶ

3459 2158 3586 2200 etiam

220 2185 321 2258 lus
348 2193 392 2256 ⁸.
425 2188 687 2258 Habent
710 2212 998 2281 quoque,
1031 2188 1390 2258 secundum
1417 2187 1689 2256 modum
1717 2186 2000 2257 scientiae
2028 2187 2295 2279 majoris
2319 2188 2425 2256 vel
2455 2187 2728 2256 minoris
2745 2240 2763 2274 ,
2793 2187 3201 2279 praelationes
3227 2186 3387 2254 alias
3414 2220 3627 2275 amp„

221 2305 496 2397 majores
520 2306 627 2375 vel
656 2306 942 2374 minores
973 2330 989 2373 ι
1035 2305 1306 2398 quidam
1333 2304 1509 2373 enim
1538 2304 1560 2338 ⁶
1589 2304 1709 2372 nni
1736 2304 2087 2396 provinciae
2107 2357 2125 2390 ,
2169 2304 2283 2372 alii
2320 2304 2438 2372 uni
2466 2303 2716 2373 homini
2733 2356 2754 2392 ‚
2792 2304 3002 2396 aliqui
3042 2304 3238 2372 etiam
3269 2303 3388 2372 uni
3415 2282 3610 2326 mmm·

220 2424 376 2493 vitio
403 2430 718 2516 praesunt.
752 2422 943 2491 Unde
966 2421 1207 2491 dicitur
1233 2420 1500 2513 spiritus
1527 2420 1853 2512 superbiae
1872 2472 1890 2507 ,
1921 2420 2192 2512 spiritus
2216 2420 2503 2489 luxuriae
2523 2472 2542 2507 ,
2574 2428 2639 2488 et
2664 2419 3078 2511 hujusmodi3
3123 2419 3282 2511 quia
3307 2418 3389 2488 de

218 2540 331 2610 illo
355 2540 522 2609 vitio
552 2539 833 2608 maxime
861 2546 1070 2630 potest
1095 2539 1394 2607 homines
1414 2546 1686 2623 tentare,
1717 2560 1757 2605 a
1782 2560 1917 2629 quo
1942 2537 2344 2605 dominatur.
2376 2537 2538 2605 Inde
2566 2538 2765 2605 etiam
2793 2537 3093 2629 estquod
3120 2537 3389 2604 nomine

218 2657 530 2727 daemonis
556 2656 799 2724 divitiae
837 2664 1183 2741 vocantur,
1216 2655 1457 2724 scilicet
1497 2657 1889 2725 Mammona
1914 2658 1936 2693 ⁷
1970 2679 1992 2719 .·
2021 2662 2118 2722 est
2158 2654 2335 2721 enim
2361 2653 2698 2722 Mammon
2734 2675 2977 2729 nomen
3021 2653 3340 2721 daemonis
3373 2677 3390 2719 τ

220 2796 349 2866 quo
388 2772 657 2841 nomine
703 2779 1024 2841 vocantur
1074 2771 1324 2840 divitiae
1368 2770 1728 2839 secundum
1764 2770 2086 2862 syriacam
2122 2770 2445 2859 linguam.
2483 2769 2620 2839 Hoc
2659 2777 2881 2838 autem
2923 2791 3059 2838 non
3097 2768 3244 2839 ideo
3272 2777 3392 2856 est,

222 2889 393 2981 quod
423 2889 724 2958 diabolus
749 2889 819 2956 in
853 2895 1165 2980 potestate
1191 2888 1428 2956 habeat
1453 2886 1608 2954 dare
1637 2887 1740 2955 vel
1773 2886 2031 2956 auferre
2060 2886 2322 2956 divitias
2350 2886 2459 2954 cui
2496 2886 2687 2972 velit3
2718 2887 2829 2955 sed
2859 2885 3017 2977 quia
3055 2885 3148 2954 eis
3185 2886 3397 2954 utitur

221 3007 298 3076 ad
326 3006 677 3076 hominum
704 3006 1127 3074 tentationem
1156 3013 1221 3073 et
1247 3003 1717 3095 deceptionem.

307 3124 491 3193 Solet
516 3131 735 3192 autem
763 3122 998 3215 quaeri,
1030 3129 1258 3191 utrum
1285 3143 1511 3191 omnes
1536 3120 1607 3188 in
1634 3121 1759 3190 isto
1784 3142 1930 3190 aere
1958 3120 2312 3210 caliginoso
2340 3119 2496 3205 sint,
2534 3142 2620 3188 an
2648 3118 2855 3211 aliqui
2878 3118 3018 3210 jam
3045 3119 3177 3188 sint
3202 3120 3276 3189 in
3297 3120 3400 3188 in·
3449 3124 3519 3167 An
3549 3137 3638 3167 ⁰¹¹¹·

223 3241 433 3309 terno.
466 3239 657 3322 Quod
683 3240 753 3307 in
780 3240 1117 3308 infernum
1149 3237 1443 3330 quotidie
1469 3237 1860 3306 descendant
1885 3237 2093 3329 aliqui
2121 3237 2500 3305 daemonum
2520 3288 2539 3322 ,
2568 3233 2922 3306 verisimile
2957 3243 3076 3322 est,
3109 3237 3226 3329 qui
3256 3238 3397 3305 ani-
3441 3187 3613 3291 ”22³3

229 3380 364 3425 mas
390 3356 555 3423 illuc
580 3355 960 3424 cruciandas
985 3354 1357 3440 deducunt3
1388 3362 1452 3429 et
1476 3354 1655 3444 quod
1683 3353 1820 3422 illic
1847 3354 2056 3445 aliqui
2081 3376 2335 3446 semper
2363 3354 2530 3438 sint,
2561 3352 2895 3421 alternatis
2924 3354 3090 3421 forte
3118 3353 3393 3440 vicibuS,
3437 3314 3638 3444 1:⁵0ssthss

228 3494 359 3539 non
391 3472 622 3563 procul
650 3479 745 3540 est
770 3494 811 3539 a
834 3493 992 3540 vero
1010 3523 1028 3557 ,
1053 3471 1172 3563 qui
1200 3469 1337 3538 illic
1363 3470 1617 3537 animas
1642 3469 1936 3538 detinent
1961 3478 2160 3561 atque
2187 3470 2500 3538 cruciant.
2535 3469 2725 3550 Quod
2758 3478 2980 3537 autem
3007 3469 3241 3538 animae
3269 3493 3400 3539 ma·
3425 3434 3630 3601 οἶζῗᾛ

3467 3571 3491 3600 a
3509 3572 3600 3613 iqui

226 3588 448 3656 lorum
484 3588 646 3656 illuc
671 3586 1093 3672 descendant,
1126 3594 1323 3678 atque
1350 3586 1486 3653 illic
1516 3587 1899 3676 puniantur,
1950 3610 2032 3654 ex
2075 3609 2151 3655 eo
2190 3594 2441 3654 constat
2475 3586 2652 3677 quod
2701 3585 2996 3654 Christus
3033 3585 3115 3654 ad
3157 3587 3401 3656 inferos
3454 3622 3538 3663 ,m
3569 3622 3613 3664 ὴ.

227 3705 557 3774 descendit
579 3757 597 3790 ,
644 3714 719 3773 ut
750 3706 961 3796 justos
1001 3704 1120 3796 qui
1161 3704 1255 3772 ibi
1301 3704 1709 3786 tenebantur,
1756 3704 2057 3772 educeret
2101 3728 2116 3770 :
2163 3704 2219 3772 si
2252 3702 2431 3771 enim
2467 3702 2632 3793 justi
2682 3703 2842 3770 illuc
2881 3703 3396 3789 descendebant,
3455 3684 3638 3730 ΜΨ·

228 3822 442 3889 multo
469 3821 677 3909 magis
702 3820 931 3913 injusti
960 3846 975 3889 :
1009 3830 1072 3890 et
1099 3821 1266 3890 sicut
1293 3820 1559 3890 tradidit
1597 3821 1951 3888 auctoritas
1977 3829 2026 3907 ⁸,
2070 3842 2223 3888 cum
2254 3818 2467 3911 justos
2510 3818 2772 3904 eduxit,
2820 3818 3085 3910 iniquos
3118 3819 3212 3887 ibi
3250 3819 3404 3887 reli-

228 3937 370 4027 quit
403 3962 422 4004 t
458 3935 816 4005 Memordit
842 3937 1018 4004 enim
1045 3937 1384 4028 infernum
1405 3992 1425 4019 ,
1460 3959 1592 4003 non
1621 3935 1975 4004 absorbuit.

314 4052 409 4121 De
437 4051 740 4121 Lucifero
768 4062 986 4122 autem
1011 4054 1280 4145 quidam
1312 4053 1664 4146 opinantur
1689 4053 1868 4145 quod
1899 4053 1992 4121 ibi
2019 4053 2347 4142 relegatus
2370 4052 2478 4139 sit,
2508 4051 2681 4120 etad
2709 4075 2830 4121 nos
2857 4054 3199 4123 tentandos
3224 4078 3401 4125 nunc
3459 4070 3641 4121 Quidam

228 4189 557 4237 accessum
602 4191 736 4237 non
773 4168 1053 4258 habeat3
1104 4171 1263 4260 quia
1299 4172 1370 4237 in
1414 4169 1808 4260 Apocalypsi
1858 4168 2141 4259 legitur⁹
2177 4195 2193 4235 ε
2231 4170 2401 4237 Cum
2444 4171 2887 4239 consummati
2932 4172 3187 4263 suerint
3228 4173 3402 4241 mille
3450 4136 3620 4237 ιῗιῗζῗτὲι-

230 4286 427 4369 anni,
460 4286 744 4354 solvetur
768 4288 1062 4354 Satanas
1092 4285 1173 4355 de
1199 4309 1455 4355 carcere
1481 4309 1617 4368 su0,
1652 4297 1716 4353 et
1742 4285 1933 4368 exiet,
1969 4297 2032 4353 et
2059 4283 2320 4354 seducet
2358 4297 2622 4377 qentes,·
2661 4286 2839 4377 quod
2877 4287 3002 4356 erit
3043 4287 3399 4358 novissimo
3427 4269 3641 4363 ‘1⁰:1¹¹'ssss

231 4408 523 4492 tempore
551 4402 932 4471 Antichristi
960 4456 978 4490 ,
1008 4403 1272 4495 quando
1300 4404 1428 4471 erit
1456 4415 1652 4471 tanta
1683 4402 2024 4471 tribulatio
2045 4457 2064 4485 ,
2103 4414 2176 4470 ut
2201 4403 2440 4485 etiam,
2473 4403 2532 4471 si
2553 4403 2708 4494 fieri
2719 4414 2942 4495 potest
2960 4457 2978 4490 ‚
3010 4418 3401 4474 moveantur
3444 4384 3642 4501 {22:¹2¹ss
3689 4440 3694 4447 ·

231 4518 419 4586 electi
446 4519 516 4585 ¹⁰.
546 4518 758 4599 Quem
784 4520 878 4587 ibi
904 4521 1269 4609 relegatum
1296 4520 1523 4588 dicunt
1557 4520 1639 4588 ab
1673 4542 1749 4588 eo
1794 4528 2081 4611 tempore
2100 4572 2118 4606 ,
2149 4542 2281 4611 quo
2320 4520 2597 4589 tentavit
2633 4511 2986 4589 Christum
3007 4522 3079 4590 in
3112 4522 3397 4609 deserto,
3446 4520 3624 4612 {2323

232 4635 336 4703 vel
366 4635 440 4702 in
466 4636 760 4726 passione
776 4689 794 4723 ,
826 4644 890 4705 et
916 4636 1127 4705 victus
1152 4637 1280 4705 fuit
1305 4637 1387 4705 ab
1413 4660 1513 4707 eo.
1546 4637 1773 4729 Ipsum
1798 4645 2036 4731 putant
2061 4638 2353 4728 primum
2380 4636 2716 4705 hominem
2741 4643 3019 4708 tentasse
3046 4646 3109 4705 et
3137 4638 3391 4706 vicisse·
3431 4630 3642 4676 Cb‘ssmm

3377 4692 3393 4724 ’
3431 4698 3475 4737 et
3509 4696 3644 4738 victus

234 4760 296 4819 et
322 4753 610 4822 secundo
635 4753 882 4839 Deum,
913 4753 1025 4822 sed
1052 4754 1135 4822 ab
1161 4776 1237 4822 eo
1262 4754 1512 4822 victum
1541 4776 1710 4841 esse,
1752 4761 1816 4823 et
1843 4755 1988 4823 ideo
2014 4755 2086 4822 in
2117 4754 2375 4823 inferno
2412 4753 2797 4842 relegatum.
2845 4754 2980 4822 Alii
3024 4760 3244 4823 autem
3282 4778 3403 4846 pu·
3431 4756 3563 4872 qusffi
3582 4772 3646 4862 jn·

233 4873 415 4956 tant,
451 4876 529 4937 ex
557 4891 690 4961 quo
719 4869 947 4938 cecidit
974 4892 1090 4961 pro
1122 4870 1364 4961 peccati
1389 4870 1492 4938 sui
1520 4870 1974 4960 magnitudine
1998 4923 2016 4956 ‚
2048 4870 2210 4939 illuc
2237 4870 2436 4939 fuisse
2465 4869 2860 4939 demersum.
3433 4885 3532 4923 cunt
3558 4882 3645 4987 ¹2¹⁴*

325 4983 456 5053 Sed
486 4985 621 5054 sive
647 4986 717 5053 in
745 4986 1081 5054 infernum
1109 4986 1443 5055 demersus
1469 4987 1576 5074 sit,
1600 4987 1736 5055 sive
1763 5008 1923 5073 non,
1952 4986 2266 5055 credibile
2296 4995 2391 5056 est
2415 5009 2568 5055 eum
2596 5008 2729 5054 non
2757 4985 2995 5055 habere
3023 4992 3402 5077 potestatem
3434 4954 3646 5051 mssffiemffi

236 5101 581 5171 accedendi
606 5102 690 5171 ad
716 5124 836 5171 nos
854 5156 872 5189 ‚
905 5124 1106 5195 quam
1132 5101 1399 5172 habebit
1426 5103 1494 5172 in
1526 5112 1816 5196 tempore
1840 5103 2227 5173 Antichristi
2260 5128 2277 5173 ε
2307 5104 2378 5172 in
2406 5126 2540 5196 quo
2567 5102 3023 5172 fraudulenter
3047 5125 3121 5171 ac
3155 5102 3407 5171 violen-
3434 5073 3645 5179 :531¹ssssss

302 5346 541 5419 ¹Ephes.,
560 5367 634 5419 vr,
659 5358 736 5406 12.
753 5354 1075 5420 —¹Ephes.‚
1098 5367 1164 5421 n,
1188 5360 1236 5407 2.
1256 5356 1355 5394 ...⁸
1372 5358 1414 5408 11
1445 5359 1601 5423 Petra,
1626 5370 1663 5409 11
1682 5398 1695 5420 ,
1720 5361 1768 5410 4.
1787 5384 1851 5395 -
1868 5359 1889 5393 ⁸
1923 5356 2128 5419 Matth„
2146 5369 2267 5423 xxv,
2292 5361 2370 5409 41.
2402 5384 2465 5397 -
2483 5314 2541 5409 ‘l
2572 5358 2709 5420 cor„
2732 5367 2820 5421 xv,
2849 5359 2928 5408 24.
2949 5358 3053 5396 --ο
3072 5356 3224 5423 Dan„
3249 5368 3302 5421 x,
3328 5357 3402 5409 13.

232 5447 298 5467 -·
312 5424 336 5462 '¹
352 5426 557 5491 Manli„
587 5438 659 5493 vx,
677 5428 758 5480 24.
774 5453 839 5467 —
859 5426 883 5465 ⁸
901 5428 1030 5494 ose„
1048 5439 1175 5494 ιω,
1198 5429 1275 5480 14.
1293 5454 1356 5467 —
1373 5429 1396 5465 ⁹
1411 5429 1586 5496 Apoc„
1612 5441 1705 5498 xx,
1728 5433 1776 5484 Ἰ.
1797 5455 1859 5469 -
1880 5432 1925 5467 ¹⁰
1938 5429 2142 5493 Manli„
2171 5442 2318 5495 xxm,
2337 5432 2418 5483 24.
