4125 6225
462 2370 658 2426 Inprob-

697 399 818 460 584

687 527 1044 595 secundum
1080 525 1502 609 quantitatem
1535 548 1550 590 ε
1581 529 1646 589 et
1681 524 2036 590 secundum
2063 525 2237 608 quod

689 639 758 701 in
785 636 876 699 eis
908 633 1120 716 magis
1155 633 1658 716 praedominatur
1683 632 1793 697 illa
1827 637 2061 697 natura
2082 681 2100 711 ‚
2129 651 2237 698 se-

689 742 977 808 cundum
1022 741 1144 805 hoc
1187 740 1427 804 habent
1474 740 1615 804 loca
1657 740 1870 822 magis
1915 745 1980 804 et
2029 740 2238 822 magis

689 867 1014 932 suprema.
1049 847 1128 911 Et
1160 848 1466 929 quoniam
1509 847 1582 911 in
1626 845 1839 923 Luna,
1878 865 2025 929 quse
2051 848 2238 911 nobis

689 956 1045 1039 proximior
1089 959 1184 1019 est
1205 1003 1222 1033 ,
1275 954 1543 1019 minime
1592 954 1960 1019 dominatur
2003 960 2237 1020 natura

690 1064 885 1146 ignea
914 1064 1080 1127 inter
1110 1066 1342 1126 caetera
1375 1062 1751 1139 luminaria,
1782 1067 1846 1126 et
1881 1063 2025 1145 plus
2054 1082 2241 1146 repe-

690 1172 857 1236 ritur
881 1171 953 1234 in
994 1171 1131 1253 ipsa
1157 1169 1235 1234 de
1270 1172 1505 1234 natura
1541 1169 1808 1233 luminis
1837 1171 2232 1254 susceptiva3

697 1281 850 1346 hinc
892 1284 988 1345 est
1024 1281 1197 1362 quod
1233 1278 1416 1344 Luna
1440 1296 1674 1361 parum
1718 1264 1831 1361 per
1850 1297 1918 1343 se
1952 1279 2145 1357 lucet,
2176 1285 2241 1345 et

694 1408 777 1453 ex
803 1388 1143 1471 praesentia
1165 1386 1329 1451 Solis
1361 1386 1645 1450 multum
1678 1386 1939 1469 suscipit
1976 1386 2234 1467 lumen,

693 1499 849 1564 adeo
874 1502 948 1562 ut
975 1500 1298 1562 mereatur
1322 1496 1450 1560 dici
1477 1495 1815 1575 luminare,
1842 1500 1906 1559 et
1932 1513 2238 1579 maynum

696 1608 1041 1684 luminare,
1089 1606 1348 1687 propter
1387 1620 1706 1684 magnum
1745 1602 2009 1666 luminis
2049 1603 2240 1668 effee-

693 1718 836 1778 tum
879 1731 1073 1795 quem
1119 1711 1310 1775 habet
1349 1710 1420 1772 in
1468 1709 1674 1774 terris.
1723 1708 1799 1773 In
1841 1727 1978 1774 suae
2021 1710 2239 1774 autem

696 1820 1026 1904 positionis
1053 1817 1499 1882 fulcimentum
1531 1815 1855 1880 adducunt
1880 1816 2036 1896 hoc,
2068 1818 2241 1899 quod

696 1925 878 1991 Luna
903 1925 1156 1990 videtur
1182 1942 1319 1989 esse
1344 1941 1578 2006 corpus
1596 1924 2014 1988 terminatum
2043 1929 2108 1988 et
2132 1943 2239 1989 co-

694 2034 975 2098 loratum
1007 2050 1024 2095 z
1055 2035 1119 2097 et
1148 2032 1315 2111 ideo,
1349 2031 1519 2119 inter
1545 2047 1663 2094 nos
1679 2034 1742 2094 et
1756 2029 1968 2095 Solem
1999 2033 2235 2114 posita,

697 2138 907 2203 radios
933 2138 1094 2202 Solis
1119 2137 1304 2202 nobis
1334 2137 1638 2216 occultat3
1678 2142 1742 2201 et
1763 2135 1896 2201 Soli
1925 2140 2235 2221 opposita,

698 2245 885 2323 dum,
915 2262 998 2308 ex
1036 2262 1112 2307 ea
1144 2248 1323 2326 parte
1355 2262 1486 2326 qua
1519 2243 1704 2307 nobis
1737 2245 2102 2328 opponitur,
2134 2244 2237 2308 lu-

700 2370 850 2416 men
893 2351 1181 2435 suscipit,
1219 2351 1522 2415 inferiora
1559 2350 1902 2415 illuminat.
1940 2347 2066 2418 Sed
2100 2352 2239 2416 baec

700 2458 930 2542 positio
955 2462 1050 2522 est
1074 2462 1296 2523 contra
1321 2477 1732 2525 communem
1757 2460 1931 2524 viam
1958 2460 2236 2543 philoso-

701 2566 1002 2650 phorum,
1041 2570 1105 2629 et
1144 2570 1366 2630 contra
1404 2584 1814 2633 communem
1842 2569 2019 2635 viam
2046 2587 2238 2633 sanc-

692 2676 930 2736 torum.

775 2778 1006 2843 Contra
1028 2778 1437 2863 philosophos
1462 2799 1741 2864 namque
1768 2787 1883 2860 est,
1915 2784 2072 2866 quia
2097 2786 2238 2868 phi·

694 2884 942 2969 losophi
977 2885 1198 2950 dicunt
1231 2887 1405 2969 quod
1440 2888 1644 2952 mixta
1678 2908 1761 2954 ex
1794 2895 2071 2972 quatuor
2109 2890 2238 2954 ele-

695 2992 928 3056 mentis
970 2996 1122 3056 sunt
1158 2994 1625 3077 corruptibilia;
1672 2999 1736 3060 et
1773 2995 1854 3060 ad
1898 2995 2021 3060 hoc
2064 2998 2237 3080 quod

695 3101 778 3165 sit
802 3101 1186 3167 conveniens
1217 3104 1478 3184 mixti0,
1507 3107 1756 3189 oportet
1781 3105 1950 3188 quod
1986 3106 2133 3190 plus
2158 3107 2241 3170 sit

696 3208 889 3273 ibide
919 3213 1153 3273 natura
1186 3211 1489 3291 gravium
1524 3212 1877 3276 secundum
1912 3213 2236 3295 quantita-

697 3321 828 3380 tem
847 3366 865 3396 ,
900 3318 1082 3382 etita
1115 3317 1463 3382 luminaria
1501 3320 1642 3383 coeli
1680 3319 2033 3384 secundum
2073 3321 2239 3388 hanc

698 3424 1078 3507 positionem
1112 3429 1176 3489 et
1201 3430 1412 3490 essent
1437 3428 1874 3510 corruptibilia
1894 3477 1912 3508 ,
1941 3432 2005 3492 et
2031 3435 2240 3494 essent

699 3532 948 3613 gravia.
997 3531 1179 3609 Quod
1224 3533 1279 3595 si
1328 3537 1402 3597 tu
1449 3534 1828 3616 respondeas
1844 3583 1863 3614 ,
1914 3536 2085 3618 quod
2132 3536 2241 3600 illa

698 3638 1040 3703 sublimata
1075 3644 1226 3704 sunt
1254 3659 1294 3704 a
1327 3644 1560 3705 natura
1597 3642 2139 3725 corruptibilitatis
2176 3647 2241 3707 et

698 3746 1054 3828 gravitatiS‚
1085 3746 1248 3810 sicut
1272 3765 1539 3830 corpora
1562 3748 1902 3813 hominum
1926 3750 2235 3831 gloriosa,

696 3852 820 3917 hoc
847 3870 983 3916 non
1013 3853 1232 3933 solvit,
1264 3855 1416 3936 quia
1446 3873 1578 3919 non
1606 3857 1921 3939 quaeritur
1951 3856 2058 3920 hic
2084 3857 2240 3940 quid

697 3959 883 4024 faciat
930 3959 1094 4024 Deus
1146 3978 1260 4043 per
1312 3962 1587 4043 gratiam
1641 3966 1704 4026 et
1757 3962 2030 4045 gloriam
2051 4013 2069 4044 ,
2126 3964 2236 4029 sed

696 4068 913 4151 qualia
950 4069 1079 4132 sint
1119 4068 1229 4132 illa
1269 4068 1616 4132 luminaria
1658 4069 1910 4134 condita
1955 4088 2072 4154 per
2114 4090 2238 4135 na-

695 4177 934 4239 turam.

778 4281 1007 4348 Contra
1043 4301 1455 4349 communem
1491 4284 1666 4349 viam
1706 4291 2071 4376 sanctorum
2110 4292 2234 4368 est,

697 4389 852 4472 quia
880 4390 933 4453 si
959 4408 1222 4473 corpora
1246 4391 1359 4455 illa
1382 4396 1534 4457 sunt
1563 4394 1795 4473 mixta,
1823 4395 2023 4459 nobili
2054 4396 2238 4461 valde

696 4495 1008 4562 mixtione
1037 4498 1242 4561 mixta
1277 4502 1431 4562 sunt
1460 4504 1564 4564 :et
1604 4500 1658 4563 si
1695 4499 1818 4564 hoc
1834 4548 1851 4579 ,
1890 4520 2048 4584 ergo
2089 4507 2239 4567 sunt

697 4607 847 4667 nata
876 4604 1094 4686 perfici
1118 4604 1200 4668 ab
1226 4605 1473 4685 anima,
1499 4611 1562 4670 et
1589 4607 1680 4671 sic
1708 4612 1858 4672 sunt
1885 4610 2233 4675 animalia:

696 4715 762 4777 et
799 4712 921 4778 hoc
963 4715 1058 4777 est
1100 4718 1319 4777 contra
1355 4713 1816 4780 Damascenum
1836 4765 1852 4793 ,
1883 4718 1997 4801 qui
2038 4718 2190 4782 dicit
2213 4720 2233 4755 ¹

696 4820 887 4884 coelos
931 4838 1068 4885 esse
1112 4820 1494 4886 inanimatos
1535 4826 1598 4886 et
1641 4824 2059 4890 insensibiles.
2105 4826 2239 4891 Hoc

696 4930 888 4993 etiam
924 4934 1019 4993 est
1058 4933 1278 4993 contra
1304 4929 1769 5014 Hieronymum
1787 4981 1805 5011 ‚
1837 4934 1995 4998 adeo
2032 4938 2107 4997 ut
2142 4933 2239 4996 di·-

696 5054 839 5101 cere
880 5040 1048 5100 astra
1087 5055 1221 5100 esse
1261 5038 1541 5102 animata
1559 5088 1575 5116 ,
1611 5037 1775 5103 dicat
1811 5040 2189 5105 haereticum
2218 5064 2233 5105 ε

763 5162 782 5198 ²
799 5163 1056 5225 Damaso..
1090 5162 1152 5213 de
1177 5163 1303 5214 Fide
1326 5164 1543 5227 orthod„
1568 5164 1655 5217 lib.
1686 5166 1766 5230 11,
1796 5180 1842 5216 c.
1862 5177 1938 5217 vr.
1959 5193 2022 5204 —
2047 5167 2070 5201 ¹
2087 5169 2239 5233 Aug„

697 5234 909 5288 neit-act.
935 5236 1026 5287 lib.
1055 5238 1102 5300 1,
1131 5251 1179 5288 c.
1200 5249 1260 5301 v,
1283 5252 1336 5290 n.
1357 5241 1415 5302 3,
1445 5243 1562 5289 etc.
1587 5250 1640 5291 ¹1
1658 5276 1672 5298 .
1699 5254 1754 5290 n.
1776 5241 1837 5304 4;
1865 5239 1927 5290 de
1953 5240 2236 5292 [mmor-tal.

698 5307 875 5366 anim„
914 5322 960 5358 c.
983 5319 1081 5369 XV,
1117 5323 1170 5360 n.
1196 5312 1290 5372 24;
1331 5310 1393 5360 de
1429 5310 1581 5361 Cz'vit.
1613 5312 1741 5371 Dei,
1783 5310 1870 5361 ΙΙΙ).
1904 5313 1968 5362 lV
1990 5349 2005 5375 ‚
2047 5329 2094 5363 c.
2125 5325 2236 5377 1113

699 5376 789 5434 lib.
811 5379 923 5444 Vll,
943 5394 990 5430 c.
1009 5391 1093 5444 v13
1116 5380 1207 5432 lib.
1231 5382 1295 5444 X,
1318 5396 1366 5431 c.
1385 5393 1545 5446 11113
1571 5383 1660 5435 lib.
1684 5384 1819 5448 xlll,
1838 5397 1883 5434 c.
1904 5395 2043 5448 xv11;
2070 5385 2237 5436 Ser-m.

1855 388 2484 457 SENTENTIARUM
2523 389 2670 455 LIB.
2709 388 2787 455 11.

2345 524 2517 590 unde
2546 525 2671 589 hoc
2699 526 3036 589 enumerat
3064 523 3230 586 inter
3256 522 3531 587 haereses
3556 520 3874 603 Origenis.

2344 632 2748 714 Augustinus
2781 636 2997 697 autem
3027 635 3322 697 retractat
3339 635 3361 669 ¹
3386 632 3557 716 quod
3578 635 3662 712 (a)
3694 632 3879 696 dixe-

2343 745 2444 805 rat
2482 741 2551 803 in
2598 740 2759 804 libro
2796 740 2875 806 de
2908 740 3394 809 Immortalitate
3434 741 3694 805 animoe.
3736 738 3881 803 Non

2344 852 2561 913 tamen
2585 849 2849 913 omnino
2876 853 3182 931 tanquam
3209 849 3442 914 falsum
3469 848 3875 925 condemnat3

2344 955 2435 1021 ait
2456 956 2633 1021 enim
2658 957 2746 1020 sic
2770 957 2840 1020 in
2866 956 3030 1021 libro
3052 958 3596 1025 &tractationum
3618 979 3642 1022 .·
3664 979 3697 1016 ιι
3719 955 3879 1020 Ani-

2346 1063 2474 1127 mal
2500 1081 2636 1127 esse
2657 1063 2998 1141 mundum,
3021 1064 3183 1129 sicut
3208 1062 3384 1129 Plato
3410 1064 3623 1142 sentit,
3648 1062 3879 1146 aliique

2346 1169 2606 1252 plurimi
2624 1219 2642 1249 ‚
2676 1187 2808 1234 non
2839 1172 3081 1236 ratione
3121 1177 3290 1236 certa
3321 1171 3629 1253 indagare
3658 1171 3837 1253 potui
3854 1220 3873 1249 ,

2346 1292 2465 1338 nec
2478 1275 2842 1341 divinarum
2861 1275 3335 1361 Scripturarum
3353 1278 3726 1343 auctoritate
3742 1295 3880 1360 per-

2345 1382 2596 1447 suaderi
2636 1401 2818 1467 posse
2858 1386 3152 1466 cognovi.
3193 1383 3369 1450 Unde
3403 1385 3528 1449 tale
3565 1385 3809 1479 aliquid
3840 1404 3879 1449 a

2349 1507 2453 1553 me
2474 1490 2747 1571 dictum,
2773 1493 3090 1575 quomodo
3113 1493 3312 1575 accipi
3335 1493 3529 1575 possit
3548 1493 3719 1575 quod
3743 1492 3880 1556 ani-

2347 1596 2475 1660 mal
2502 1597 2579 1661 sit
2607 1599 2910 1679 mundus,
2935 1604 3173 1664 temere
3197 1600 3437 1664 dictum
3456 1601 3874 1683 reprehendO,

2346 1721 2477 1767 non
2503 1705 2658 1787 quia
2680 1706 2804 1770 hoo
2828 1725 2961 1771 esse
2988 1707 3218 1770 falsum
3244 1708 3575 1786 confirmo,
3598 1707 3710 1771 sed
3732 1709 3883 1790 quia

2346 1828 2466 1874 nec
2492 1830 2723 1876 verum
2756 1830 2890 1877 esse
2922 1811 3412 1896 comprehendo,
3442 1835 3471 1873 a
3505 1813 3686 1890 Quod
3724 1813 3778 1876 si
3811 1818 3881 1877 tu

2346 1917 2515 1983 dicas
2560 1918 2668 1984 illa
2712 1938 2847 1984 esse
2894 1920 3404 2003 complexionata
3424 1968 3440 1998 ‚
3489 1939 3619 1986 non
3668 1926 3884 1984 tamen

2345 2025 2654 2106 animata3
2680 2028 3002 2109 quomodo
3028 2045 3259 2092 verum
3284 2046 3420 2091 esse
3448 2028 3709 2109 poterit,
3736 2047 3881 2091 cum

2345 2134 2529 2199 nobis
2572 2135 2927 2219 complexio
2971 2135 3053 2199 sit
3096 2135 3177 2200 ad
3224 2135 3693 2218 suscipiendam
3740 2135 3879 2199 ani-

2348 2261 2521 2306 mam
2561 2245 2853 2325 proxima
2895 2242 3261 2325 dispositio?
3290 2239 3554 2324 Propter
3594 2243 3775 2320 haec,
3822 2249 3881 2306 et

2344 2349 2445 2412 his
2485 2350 2714 2414 similia
2736 2399 2753 2428 ,
2786 2350 2895 2415 hic
2939 2350 3169 2414 modus
3197 2367 3328 2413 non
3366 2350 3622 2414 videtur
3650 2367 3881 2433 appro-

2343 2455 2612 2520 bandus,
2663 2456 2953 2522 Secundo
2999 2456 3187 2521 modo
3238 2459 3441 2539 potest
3483 2457 3608 2521 dici
3655 2475 3881 2521 secun-
3920 2472 4051 2526 0⁹2²

2343 2562 2501 2626 dum
2521 2563 2976 2647 Philosophum
2990 2571 3012 2606 ⁸
3031 2565 3203 2647 quod
3220 2563 3567 2629 luminaria
3585 2566 3884 2647 producta

2342 2674 2494 2734 sunt
2523 2689 2606 2735 ex
2632 2672 3092 2768 aggregatione
3128 2672 3321 2747 lucia,
3355 2670 3456 2737 vel
3483 2690 3757 2736 suorum
3779 2690 3880 2737 or-

2341 2779 2545 2845 bium.
2568 2780 2747 2846 Sicut
2765 2781 2962 2861 enim,
2983 2782 3035 2845 si
3056 2781 3227 2845 calor
3244 2782 3568 2865 dispersus
3586 2783 3656 2847 in
3678 2803 3879 2848 unum

2336 2886 2771 2969 colligeretur,
2818 2890 3000 2953 fleret
3040 2888 3350 2952 intensior
3392 2892 3455 2952 et
3497 2890 3749 2964 sortior,
3796 2889 3883 2952 sie

2342 2995 2500 3059 dum
2525 2999 2757 3059 natura
2790 2995 2950 3060 lucis
2979 2996 3046 3057 in
3075 2995 3338 3059 orbibus
3368 3000 3619 3078 reperta
3646 2995 3882 3059 virtute

2342 3102 2443 3167 sui
2492 3102 2734 3185 opificis
2782 3103 2850 3167 in
2899 3122 3107 3168 unum
3158 3101 3515 3184 colligitur,
3563 3102 3883 3167 luminare

2344 3210 2766 3289 constituitur,
2791 3214 2856 3276 et
2881 3210 3237 3274 secundum
3261 3210 3387 3274 hoc
3409 3210 3729 3275 luminare
3752 3230 3882 3274 ma-

2333 3320 2446 3400 jus
2473 3322 2536 3381 et
2571 3317 2784 3381 minus
2812 3321 2935 3397 est,
2974 3317 3329 3381 secundum
3360 3317 3531 3400 quod
3561 3320 3767 3400 major
3790 3323 3884 3381 est

2343 3423 2413 3486 in
2437 3441 2514 3488 eo
2540 3423 2701 3488 lucis
2719 3422 3125 3506 aggregatio.
3159 3423 3237 3487 Et
3252 3424 3555 3505 quoniam
3575 3423 3756 3488 Luna
3778 3425 3879 3487 in-

2342 3533 2439 3593 ter
2464 3549 2729 3614 corpora
2754 3532 3028 3595 coelestia
3055 3532 3265 3613 magis
3292 3535 3388 3594 est
3412 3532 3596 3596 nobis
3623 3532 3878 3616 propin-

2341 3658 2500 3722 qua,
2532 3644 2595 3703 et
2628 3642 2768 3722 ejus
2793 3639 2995 3718 orbis;
3026 3639 3179 3704 hinc
3211 3644 3308 3703 est
3343 3640 3515 3722 quod
3544 3643 3677 3703 tam
3712 3641 3879 3722 ipsa,

2341 3765 2540 3830 quam
2578 3748 2721 3828 eJus
2758 3746 2959 3823 orbis,
2995 3746 3211 3811 minus
3251 3748 3584 3829 participat
3621 3747 3699 3812 de
3738 3765 3884 3830 per-

2341 3853 2610 3919 fectione
2644 3854 2804 3917 lucis
2832 3876 2846 3918 z
2878 3855 3033 3937 quia
3068 3858 3284 3917 tamen
3323 3853 3600 3919 multum
3633 3861 3728 3920 est
3766 3874 3880 3919 na-

2344 3964 2507 4025 turae
2546 3962 2708 4034 lucis
2746 3961 3084 4026 conformis
3103 4009 3119 4039 ,
3151 3962 3396 4044 objecta
3439 3962 3569 4027 Soli
3606 3964 3884 4029 multum

2343 4069 2743 4134 illuminatur
2779 4093 2793 4134 :
2832 4074 2896 4134 et
2942 4070 3098 4153 quia
3148 4069 3340 4134 habet
3387 4070 3762 4135 densitatem
3810 4074 3878 4136 in

2339 4176 2648 4258 partibuS,
2671 4176 2811 4241 ideo
2837 4177 3029 4241 radiis
3056 4176 3222 4240 Solis
3249 4178 3467 4259 pervia
3494 4196 3625 4241 non
3653 4184 3750 4243 est
3776 4200 3792 4242 :
3820 4185 3881 4243 et

2341 4288 2674 4366 propterea
2703 4284 2943 4359 radim,
2973 4303 3136 4366 quos
3167 4284 3466 4366 suscipit,
3499 4285 3777 4350 refundit
3800 4306 3884 4352 ex
3918 4311 3941 4350 t

2341 4410 2420 4455 ea
2456 4396 2634 4474 parte
2670 4410 2753 4456 ex
2786 4410 2914 4475 qua
2940 4391 3072 4456 Soli
3110 4411 3177 4455 se
3213 4392 3476 4473 objicit:
3506 4398 3570 4457 et
3611 4413 3764 4459 cum
3802 4397 3887 4459 sit

2341 4500 2525 4563 nobis
2559 4499 2945 4582 propinqua,
2978 4500 3259 4564 multum
3286 4518 3405 4564 nos
3435 4500 3798 4566 illuminat:
3823 4508 3887 4567 et

2342 4615 2675 4693 propterea
2730 4627 2909 4674 sacra
2958 4609 3286 4691 Scriptura
3332 4615 3517 4674 vocat
3564 4609 3775 4675 Solem
3824 4617 3885 4675 et

2342 4716 2592 4781 Lunam
2628 4716 2755 4783 duo
2789 4715 3148 4784 luminaria
3181 4733 3436 4799 maqna.
3473 4716 3552 4780 Et
3589 4717 3734 4782 haec
3772 4736 3884 4801 po·

2343 4825 2486 4889 sitio
2518 4824 2669 4888 satis
2695 4829 2788 4889 est
2817 4824 3193 4906 probabilis»,
3223 4842 3353 4888 non
3384 4830 3602 4888 tamen
3633 4826 3885 4891 videtur
4120 4903 4121 4912 ἵ

2344 4933 2608 4997 omnino
2643 4933 2964 4997 sufficiens
2993 4954 3008 4996 ε
3040 4933 3094 4995 si
3121 4933 3293 4995 enim
3320 4930 3502 4995 Luna
3524 4936 3621 4996 est
3655 4951 3741 4995 ex
3769 4952 3879 5014 ag·
3918 4943 4057 5001 lar*
4120 4923 4121 4928 ¹

2343 5039 2720 5123 gregatione
2750 5044 2814 5104 et
2853 5039 3221 5104 densatione
3257 5040 3538 5122 partium
3576 5040 3685 5104 sui
3720 5040 3881 5104 orbis

2344 5212 2566 5264 ccxxxv,
2596 5201 2663 5252 al.
2690 5200 2753 5250 de
2782 5201 2964 5266 remp„
2989 5211 3106 5252 exn.
3142 5225 3204 5238 —
3232 5199 3255 5236 θ
3276 5200 3452 5263 Arist„
3490 5199 3553 5250 de
3600 5199 3770 5262 Goelo,
3794 5200 3877 5252 lib.

2346 5275 2427 5338 11,
2456 5276 2596 5325 cont.
2624 5275 2678 5324 41
2712 5275 2765 5323 et
2801 5287 2909 5337 seq.

2407 5383 2475 5447 (α)
2504 5381 2626 5433 coet.
2646 5378 2773 5431 edit.
2802 5380 2937 5448 quia.
