4125 6225
569 433 693 493 616

573 558 1064 646 perfectissimus
1079 605 1098 636 ,
1139 555 1310 620 inter
1334 555 1562 621 caetera
1587 555 1684 619 est
1708 553 2109 638 compositis-

573 669 805 746 simus,
835 667 1002 731 sicut
1026 663 1278 747 planius
1299 661 1617 729 videbitur
1642 662 1927 728 inferius.

652 780 716 841 4.
759 774 856 839 Ad
892 772 1052 839 illud
1082 770 1254 855 quod
1293 770 1590 853 objicitur
1621 771 1700 835 de
1741 768 2112 853 corporibus
2154 841 2163 847 Β

575 883 952 951 ornantibus
982 881 1213 946 coelum
1231 928 1250 959 ‚
1289 878 1628 943 dicendum
1654 877 1825 960 quod
1857 894 1991 942 non
2020 878 2115 940 est

575 989 813 1070 simile,
852 988 1005 1072 quia
1042 987 1152 1051 illa
1184 1004 1304 1050 nec
1344 985 1619 1068 propriis
1658 983 1940 1048 motibus
1972 1000 2115 1046 mo-

577 1101 846 1175 ventur,
887 1114 1005 1161 nec
1040 1093 1476 1178 spiritualibus
1511 1090 1732 1156 formis
1767 1091 2111 1174 perficiun-

577 1214 710 1288 tur,
737 1207 971 1291 quibus
1001 1204 1307 1270 debeatur
1340 1199 1769 1283 multiplicitas
1803 1198 2118 1281 operatio-

581 1335 766 1395 num,
788 1314 894 1382 vel
914 1311 1248 1378 diversitas
1270 1310 1550 1393 partium
1571 1305 2114 1389 componentium,

582 1425 648 1487 et
670 1437 1066 1503 organorum
1084 1466 1102 1496 ,
1135 1416 1299 1482 sicut
1325 1416 1589 1500 ponitur
1612 1415 1682 1479 in
1709 1413 2114 1478 animalibus,

665 1531 727 1592 5.
768 1527 868 1592 Ad
906 1525 1065 1590 illud
1100 1523 1271 1607 quod
1315 1522 1635 1606 objicitur,
1668 1521 1839 1603 quod
1880 1520 1964 1584 sit
1995 1521 2120 1585 ele-

587 1639 952 1701 mentorum
979 1631 1378 1710 violentati03
1422 1629 1760 1696 dicendum
1787 1628 1957 1711 quod
1987 1645 2121 1691 non

586 1746 683 1810 est
707 1740 1194 1822 intelligendum
1222 1739 1393 1821 quod
1420 1736 1726 1801 Dominus
1751 1735 1822 1799 in
1853 1735 2124 1818 primor-

587 1850 715 1930 dio,
740 1867 889 1913 cnm
915 1864 1179 1930 corpora
1203 1844 1581 1909 animalium
1602 1843 1977 1926 composuit,
2002 1842 2126 1907 ele-

589 1961 807 2023 menta
839 1974 921 2021 ex
959 1953 1223 2021 diversis
1258 1950 1525 2034 sphaeris
1559 1967 1936 2015 concurrere
1969 1949 2126 2014 fece-

589 2065 676 2129 rit
701 2086 716 2129 ε
741 2063 865 2129 hoc
888 2062 1063 2127 enim
1092 2079 1225 2125 non
1250 2058 1616 2143 oportebat:
1643 2061 1784 2122 tum
1813 2059 1968 2142 quia
1991 2061 2125 2123 tam

592 2175 788 2255 aqu'a,
815 2187 1012 2253 quam
1037 2171 1236 2247 terra,
1265 2184 1399 2232 non
1424 2170 1574 2230 sunt
1600 2166 1915 2231 elementa
1939 2185 2124 2250 pura,

592 2280 702 2344 sed
728 2277 867 2342 aliis
891 2275 1208 2360 permixta
1231 2274 1586 2339 seeundum
1609 2292 1835 2339 earum
1856 2278 2125 2357 partem,

593 2384 945 2451 secundum
971 2402 1166 2465 quam
1198 2384 1360 2448 facta
1384 2386 1536 2448 sunt
1563 2401 1646 2446 ex
1671 2382 1761 2446 eis
1791 2382 2125 2463 animalia3

593 2497 736 2558 tum
763 2492 956 2556 etiam
981 2489 1165 2573 quia,
1195 2490 1250 2554 si
1276 2493 1484 2554 essent
1510 2507 1674 2572 pura
1698 2493 1762 2554 et
1786 2489 2128 2572 simplicia,

595 2600 665 2664 in
692 2616 823 2663 uno
848 2599 1160 2662 elemento
1196 2599 1346 2661 sunt
1372 2601 1599 2661 caetera
1625 2597 1697 2660 in
1732 2599 2039 2680 potentia,
2072 2598 2135 2660 et

598 2724 681 2772 ex
718 2722 849 2769 uno
887 2707 1154 2788 possunt
1189 2705 1330 2768 fleri
1364 2703 1583 2769 omnia
1598 2752 1616 2784 ,
1651 2704 1706 2766 si
1745 2703 1907 2768 adsit
1930 2704 2135 2769 virtus

599 2813 874 2877 alterans
899 2815 963 2876 et
988 2811 1223 2891 activa,
1254 2811 1391 2876 sine
1417 2810 1631 2894 aliqua
1656 2811 2011 2876 mutatione
2037 2812 2136 2876 lo-

601 2918 750 2999 cali,
780 2938 854 2984 ac
879 2936 994 3002 per
1017 2917 1139 2982 hoc
1167 2917 1302 2983 sine
1325 2917 1541 3001 aliqua
1565 2916 2037 2983 violentatione.

681 3029 742 3090 6.
777 3024 856 3091 Et
880 3043 995 3108 per
1015 3024 1141 3090 hoc
1164 3028 1336 3107 patet
1356 3024 1683 3108 responsio
1706 3025 1787 3090 ad
1808 3024 2135 3105 ultimum,

603 3132 759 3216 quia
792 3133 1105 3211 similiter,
1140 3134 1397 3216 quando
1432 3133 1508 3196 fit
1538 3133 1764 3197 mixtio
1800 3134 2140 3198 elemento-

603 3258 755 3305 rum
772 3288 792 3318 ,
823 3243 1055 3306 natura
1089 3259 1223 3304 non
1257 3240 1403 3306 facit
1434 3239 1655 3322 ignem
1674 3289 1692 3320 ‚
1727 3240 1842 3324 qui
1882 3258 2140 3305 sursum

605 3352 722 3429 est,
748 3347 1143 3429 descendere,
1168 3348 1272 3413 vel
1296 3365 1510 3412 aerem
1541 3370 1557 3412 ι
1585 3348 1695 3412 sed
1715 3366 1865 3413 eum
1892 3349 2137 3431 ignem,

607 3455 712 3520 vel
734 3473 968 3535 aerem,
994 3455 1107 3537 qui
1127 3455 1230 3519 vel
1251 3458 1347 3520 est
1367 3455 1438 3519 in
1457 3458 1648 3538 terra,
1669 3457 1771 3523 vel
1795 3461 2144 3538 generatur

607 3581 724 3647 per
762 3564 1076 3629 actionem
1115 3563 1385 3646 alicujus
1422 3564 1672 3647 agentis
1688 3613 1705 3642 ,
1748 3565 1896 3630 facit
1926 3565 2147 3631 venire

610 3671 692 3735 ad
721 3671 1231 3736 constitutionem
1267 3671 1563 3737 animalis
1594 3694 1609 3737 :
1639 3675 1702 3737 et
1739 3673 1861 3737 hoc
1886 3673 2147 3756 quidem

609 3781 686 3844 fit
721 3797 838 3862 per
868 3783 1167 3845 naturam
1184 3829 1204 3861 ,
1241 3798 1374 3844 non
1411 3798 1527 3862 per
1550 3780 1920 3845 violentiam
1951 3801 1967 3846 z
1999 3780 2151 3863 quia

613 3886 786 3953 enim
812 3890 1044 3951 natura
1057 3934 1074 3964 ,
1104 3889 1456 3953 secundum
1489 3889 1662 3970 quod
1686 3888 1836 3953 dicit
1864 3887 2152 3953 Philoso-

612 3995 785 4079 phus
800 4043 819 4075 ,
869 4013 1122 4078 semper
1168 3996 1476 4061 desiderat
1521 3996 1692 4078 quod
1742 3996 1971 4061 melius
2017 4001 2112 4062 est
2127 4047 2147 4078 ,

614 4102 879 4166 materia
915 4120 1062 4185 quae
1088 4107 1184 4166 est
1218 4104 1339 4167 sub
1374 4103 1579 4168 forma
1603 4103 2006 4185 elementari,
2036 4123 2153 4188 ap-

615 4209 773 4294 petit
812 4228 948 4275 esse
978 4211 1099 4275 sub
1127 4212 1334 4276 forma
1369 4211 1590 4292 mixti3
1621 4215 1684 4276 et
1717 4230 1863 4294 quae
1900 4216 1994 4276 est
2031 4212 2153 4277 sub

613 4318 822 4383 forma
845 4317 1056 4399 mixti,
1080 4319 1321 4403 appetit
1344 4337 1479 4383 esse
1506 4319 1626 4383 sub
1651 4320 1854 4384 forma
1882 4320 2151 4403 comple-

614 4421 805 4487 tionis
829 4440 847 4486 :
873 4422 1017 4488 ideo
1043 4442 1193 4488 cum
1216 4441 1298 4487 ex
1322 4422 1591 4488 diversis
1615 4423 1940 4488 elementis
1964 4426 2038 4488 fit
2063 4424 2144 4509 (a)

617 4530 843 4594 mixtio
872 4530 943 4594 in
971 4549 1181 4596 unum
1195 4579 1213 4609 ,
1244 4531 1562 4615 appetitus
1589 4532 1871 4596 materiae
1899 4531 2004 4598 vel
2028 4551 2152 4597 na-

616 4640 766 4703 tura
789 4639 1164 4723 completur,
1194 4642 1260 4705 et
1279 4638 1581 4706 violentia
1603 4657 1736 4706 non
1761 4639 2053 4706 infertur.

1110 4880 1469 4959 QUAESTlo
1512 4882 1620 4948 Ill.

618 5037 712 5095 An
741 5051 966 5111 corpora
995 5038 1321 5095 animalium
1356 5040 1534 5111 maqis
1568 5042 1806 5096 constent
1833 5055 1900 5098 eae
1921 5041 2119 5097 activis
2135 5079 2156 5111 ‚

993 5144 1154 5201 quam
1173 5131 1414 5203 passivis
1442 5129 1713 5187 elementis
1733 5132 1774 5186 ¹.

382 5300 589 5352 ruam.
697 5284 928 5351 Utrum
951 5305 1216 5371 corpora
1234 5288 1612 5353 animalium
1634 5287 1846 5371 magis
1870 5293 2160 5355 constent

618 5412 703 5459 ex
744 5396 1074 5461 elementis
1111 5396 1380 5481 passivis
1394 5445 1412 5479 ‚
1454 5417 1652 5483 quam
1695 5397 1919 5465 activis
1936 5447 1954 5477 ‚
1992 5417 2079 5467 an
2121 5418 2159 5467 e

1687 415 2310 485 SENTENTIARUM
2347 416 2497 484 LIB.
2541 415 2624 483 11.

2218 571 2561 632 converso3
2593 555 2656 618 et
2690 553 2863 636 quod
2891 554 3102 635 magis
3126 570 3211 620 ex
3236 556 3565 622 elementis
3603 575 3766 641 pas-

2217 660 2392 736 sivis,
2412 659 2568 724 illud
2589 660 2843 727 videtur
2863 680 2977 745 per
2997 660 3416 745 scripturam,
3436 683 3587 748 quae
3608 665 3766 730 dicit

2219 787 2294 833 ea
2337 768 2501 832 facta
2536 784 2619 832 ex
2653 772 2824 832 terra
2864 772 2928 833 et
2961 787 3129 851 aqua
3158 788 3175 833 :
3206 769 3330 834 hoc
3371 776 3587 836 autem
3626 791 3766 838 non

2219 877 2314 939 est
2338 874 2616 955 dictum,
2647 875 2818 957 quod
2843 875 3168 958 quodlibet
3192 876 3450 941 illorum
3479 878 3765 944 elemen-

2221 986 2434 1046 torum
2459 981 2539 1044 sit
2561 981 2635 1065 (b)
2659 982 3037 1047 animalium
3057 983 3453 1048 sensibilium
3471 989 3601 1049 tota
3621 1004 3769 1052 ma-

2220 1089 2418 1154 teria:
2443 1106 2601 1170 ergo
2623 1088 2864 1153 dictum
2885 1093 2980 1153 est
3002 1108 3117 1171 per
3137 1091 3767 1173 praedominantiam.

2304 1195 2462 1259 Item
2481 1244 2499 1275 ‚
2531 1195 2697 1260 sicut
2719 1195 2865 1260 vult
2891 1195 3314 1281 Philosophus
3337 1203 3387 1276 ⁸,
3417 1217 3501 1262 ex
3527 1199 3772 1265 eisdem

2226 1306 2516 1368 constant
2558 1302 2857 1367 animalia
2871 1351 2890 1384 ,
2937 1322 3020 1368 ex
3057 1304 3292 1386 quibus
3335 1307 3713 1372 nutriuntur
3747 1329 3768 1373 t

2227 1411 2337 1475 sed
2359 1410 2658 1475 animalia
2683 1411 2962 1475 maxime
2989 1411 3368 1477 nutriuntur
3397 1432 3480 1479 ex
3506 1433 3679 1498 aqua
3705 1421 3775 1481 et

2226 1522 2425 1596 terra,
2454 1536 2570 1601 per
2593 1518 2807 1583 cibum
2834 1522 2898 1582 et
2923 1523 3147 1601 potum
3178 1539 3197 1586 ε
3228 1539 3407 1603 ergo,
3439 1528 3558 1588 etc.

2310 1625 2469 1689 Item
2513 1643 2596 1690 ex
2643 1625 2733 1689 eis
2778 1625 3058 1691 maxime
3105 1629 3579 1697 constituuntur
3622 1653 3777 1700 cor-

2229 1750 2387 1816 pora
2401 1781 2421 1812 ,
2472 1732 2537 1796 in
2582 1733 2818 1816 quibus
2868 1734 3077 1816 magis
3124 1736 3571 1821 requiescunt,
3619 1742 3781 1824 quia

2231 1842 2412 1925 quies
2440 1843 2790 1907 attenditur
2826 1862 3019 1926 penes
3046 1846 3398 1928 appetitum
3416 1896 3435 1927 ‚
3468 1853 3531 1913 et
3568 1869 3779 1933 appe-

2232 1949 2386 2014 titus
2421 1949 2696 2014 intensio
2734 1968 2929 2033 penae
2966 1953 3384 2034 quantitatem
3424 1957 3780 2038 praedomi-

2233 2055 2445 2119 nantis
2476 2077 2490 2119 :
2521 2056 2577 2119 si
2604 2074 2761 2138 ergo
2792 2059 3009 2123 omnia
3034 2060 3334 2126 animalia
3361 2064 3641 2130 maxime
3666 2084 3779 2129 re-

2236 2162 2572 2244 quiescunt
2596 2163 2669 2227 in
2694 2183 2862 2247 aqua
2889 2167 2993 2232 vel
3017 2167 3087 2230 in
3112 2172 3305 2248 terra,
3330 2169 3581 2236 videtur
3604 2173 3778 2255 quod

2236 2286 2321 2334 ex
2345 2268 2437 2332 eis
2467 2269 2746 2333 maxime
2776 2270 2904 2334 sint
2934 2273 3298 2337 constituta.

2320 2375 2478 2440 Item
2528 2376 2599 2439 in
2647 2377 3100 2460 compositione
3149 2382 3432 2463 corporis
3488 2383 3784 2450 animalis

2240 2483 2531 2547 membra
2567 2484 2858 2548 officialia
2897 2487 3065 2550 fiunt
3100 2505 3183 2552 ex
3216 2488 3683 2570 consimilibuS,
3718 2498 3785 2558 et

2241 2590 2595 2655 consimilia
2634 2609 2716 2655 ex
2758 2592 3142 2658 humoribus
3173 2616 3188 2659 :
3220 2596 3330 2659 sed
3371 2597 3440 2660 in
3482 2598 3785 2663 humori-

2242 2698 2366 2762 bus
2390 2698 2668 2763 maxime
2697 2699 3066 2764 dominatur
3090 2706 3324 2767 natura
3347 2722 3553 2787 aquea
3571 2753 3591 2784 ,
3622 2710 3688 2769 et
3714 2706 3787 2771 in

2244 2806 2548 2870 membris
2585 2806 2798 2871 solidis
2834 2808 3117 2872 maxime
3157 2809 3522 2875 dominatur
3562 2816 3733 2876 terra
3764 2835 3780 2877 :

2245 2930 2403 2994 ergo
2437 2912 2493 2976 si
2532 2913 2845 2979 elementa
2879 2933 3011 2979 non
3043 2916 3316 2981 veniunt
3351 2919 3431 2984 ad
3472 2921 3787 2984 constitu-

2245 3020 2487 3085 tionem
2517 3020 2797 3103 corporis
2822 3022 3145 3102 animalis,
3180 3024 3305 3088 nisi
3329 3043 3443 3109 per
3476 3026 3791 3092 humores

2248 3132 2313 3194 et
2337 3130 2649 3210 membra,
2674 3131 2929 3196 videtur
2954 3133 3129 3215 quod
3145 3136 3363 3199 omnia
3379 3135 3681 3201 animalia
3705 3157 3792 3203 ex

2252 3235 2351 3300 his
2377 3236 2627 3301 duobus
2645 3236 2974 3303 elementis
2993 3241 3271 3306 maxime
3287 3242 3413 3305 sint
3425 3246 3792 3314 constituta.

2330 3343 2428 3408 Ad
2463 3345 2827 3427 oppositum
2864 3347 3160 3428 arguitur
3200 3349 3290 3413 sic
3319 3370 3334 3414 ε
3363 3348 3543 3417 Sicut
3575 3348 3792 3416 Philo-

2255 3452 2494 3535 sophus
2519 3452 2721 3530 vult⁸‚
2753 3453 2887 3518 vita
2911 3454 3190 3519 maxime
3234 3460 3329 3521 est
3362 3475 3476 3539 per
3517 3458 3797 3523 calidum

2254 3561 2318 3623 et
2358 3557 2702 3625 humidum
2736 3577 2754 3622 ε
2793 3577 2951 3641 ergo
2995 3561 3048 3624 si
3094 3563 3313 3626 omnia
3353 3563 3653 3628 animalia
3691 3566 3801 3629 vi·-

2256 3670 2451 3746 vunt,
2476 3667 2547 3730 in
2574 3667 2664 3731 eis
2687 3667 2970 3732 abundat
3017 3671 3081 3732 et
3114 3671 3615 3752 praedominatur
3640 3672 3802 3736 cali·-

2257 3774 2444 3852 dum,
2474 3778 2539 3838 et
2576 3774 2918 3840 humidum
2949 3793 2967 3839 z
2999 3793 3154 3858 ergo
3188 3777 3345 3842 illud
3372 3778 3797 3860 elementum,

2260 3881 2364 3945 cui
2389 3881 2530 3945 haec
2552 3881 2980 3965 principaliter
3002 3883 3265 3949 insunt:
3286 3885 3410 3949 hoc
3431 3890 3646 3950 autem
3669 3886 3806 3951 ele-

2260 3993 2553 4054 mentum
2573 3993 2669 4053 est
2693 3990 2977 4054 activum
2992 4040 3010 4071 ,
3035 3991 3271 4056 scilicet
3298 4011 3407 4058 aer
3429 4011 3446 4057 ε
3468 4011 3649 4074 ergo,
3675 3999 3800 4061 etc.

2341 4097 2537 4175 Item,
2576 4097 2740 4162 sicut
2771 4097 2919 4163 vult
2937 4099 3342 4179 Augustinus
3377 4116 3564 4182 super
3601 4101 3807 4167 Gene-

2262 4209 2388 4273 sim
2420 4205 2510 4272 ad
2549 4206 2826 4274 litteram
2844 4214 2891 4287 ⁸,
2923 4211 2987 4270 et
3022 4206 3101 4274 de
3131 4208 3383 4291 Spiritu
3419 4217 3479 4276 ec
3498 4212 3737 4276 Anima
3754 4212 3808 4291 ⁸,

2272 4338 2303 4375 ιι
2329 4315 2446 4378 lux
2487 4318 2581 4378 est
2619 4314 2714 4391 id,
2755 4332 2883 4397 quo
2923 4315 3270 4393 mediante,
3310 4334 3539 4400 corpus
3578 4318 3812 4383 unitur

2265 4423 2524 4500 animae,
2549 4424 2613 4486 et
2635 4423 2852 4489 anima
2874 4423 3042 4505 regit
3068 4442 3338 4507 corpus:
3364 4446 3395 4484 ι»
3423 4444 3580 4507 ergo
3605 4426 3659 4488 si
3685 4426 3813 4492 lux

2266 4529 2588 4613 praecipue
2613 4530 2927 4613 reperitur
2951 4529 3017 4593 in
3042 4531 3230 4614 igne,
3258 4532 3510 4597 videtur
3536 4532 3709 4615 quod
3736 4533 3814 4598 in

2267 4654 2528 4720 corpore
2556 4637 2896 4720 cujuslibet
2920 4637 3215 4703 animalis
3240 4641 3472 4703 natura
3497 4639 3668 4727 ignis
3693 4640 3816 4706 de-

2266 4744 2412 4810 beat
2436 4745 2915 4829 praedominari.

2332 4891 2353 4925 ²
2374 4889 2456 4954 Cf.
2473 4889 2732 4954 Richard.‚
2753 4889 2799 4940 11
2819 4890 2980 4954 sent„
2998 4888 3116 4939 dist.
3133 4901 3221 4953 κν,
3248 4903 3301 4955 q.
3323 4901 3371 4954 13
3398 4890 3573 4954 Steph.
3595 4891 3813 4959 Brulet„

2268 4963 2313 5014 11
2346 4961 2505 5027 Sent„
2533 4962 2651 5012 dist.
2670 4974 2739 5013 xv
2749 4999 2766 5025 ,
2797 4976 2850 5027 q.
2874 4974 2956 5013 111.
2977 4987 3040 4998 —
3060 4962 3083 4998 ¹
3103 4962 3330 5026 Ariston,
3356 4962 3418 5012 dc
3447 4962 3610 5023 Coelo,
3638 4963 3730 5013 lib.
3755 4966 3813 5029 l,

2271 5038 2408 5085 cont.
2429 5038 2518 5098 213
2541 5034 2601 5084 de
2623 5034 2879 5096 Gener-at„
2903 5034 2990 5085 lib.
3013 5036 3077 5099 ΙΙ,
3100 5039 3239 5086 cont.
3260 5038 3287 5085 4
3300 5050 3319 5099 3
3345 5034 3406 5085 de
3428 5037 3558 5085 Hist.
3575 5036 3816 5101 animal„

2267 5106 2357 5156 lib.
2392 5107 2537 5169 vm,
2579 5109 2719 5157 cont.
2758 5109 2817 5170 ¹3
2848 5105 2908 5156 de
2952 5108 3168 5167 Anima,
3197 5106 3287 5156 lib.
3336 5108 3410 5170 ll,
3456 5112 3594 5157 cont.
3634 5109 3714 5156 45.
3746 5134 3819 5146 —

2270 5177 2484 5244 ⁸Arist.,
2512 5178 2573 5228 de
2598 5177 2862 5243 Lonqitud.
2883 5180 2933 5227 et
2953 5179 3294 5228 Brevit.vitoe.
3333 5205 3396 5215 —
3429 5178 3451 5213 ὅ
3486 5181 3722 5241 August..
3750 5177 3819 5228 de

2272 5251 2392 5302 Gen.
2409 5250 2478 5300 ad
2494 5251 2618 5313 litt„
2637 5251 2726 5300 lib.
2747 5254 2787 5313 l,
2808 5264 2854 5301 c.
2874 5260 2951 5302 111.
2963 5277 3026 5289 —
3039 5250 3061 5285 ὕ
3077 5251 3149 5300 De
3169 5250 3350 5316 Spirit.
3368 5253 3418 5300 et
3433 5251 3622 5309 anima,
3638 5263 3683 5300 c.
3702 5261 3815 5314 mv,

2270 5324 2405 5378 inter
2419 5337 2577 5388 opera
2603 5325 2657 5375 S.
2681 5326 2918 5389 August„
2949 5324 3181 5389 Append.
3213 5329 3251 5374 t.
3278 5325 3374 5389 vl,
3403 5323 3523 5375 edit.
3550 5322 3745 5374 Bened.

2332 5414 2398 5480 (a)
2430 5413 2553 5466 coet.
2576 5413 2698 5466 east.
2727 5412 2892 5465 sie-
2907 5412 3133 5480 (ῡχοωι.
3152 5412 3275 5465 edit.
3299 5412 3418 5464 aad.
3447 5412 3685 5468 anonim.
