4125 6225
1699 448 2083 516 DISTINCT.
2131 449 2263 516 XV.

379 589 503 656 nisi
532 589 694 654 forte
721 592 797 654 tu
824 588 1019 665 dicas,
1042 587 1207 653 sicut
1230 587 1460 652 volunt
1488 585 1687 670 aliqui
1721 588 1922 650 astro·-

378 698 514 778 logi
541 696 772 777 dicere,
802 695 976 778 quod
1014 695 1194 759 stella
1234 694 1450 778 aliqua
1479 696 1711 776 praeest
1740 693 1926 776 prin-

381 804 527 886 cipi,
557 821 704 885 quae
734 803 806 866 in
847 804 987 885 ejus
1029 806 1233 866 morte
1277 800 1495 866 divino
1535 802 1723 882 jussu
1752 800 1833 865 ad
1860 819 1929 865 se

380 910 574 975 trahit
620 914 833 995 partes
875 909 1157 974 coelestes
1174 958 1192 989 ,
1247 928 1395 992 quae
1446 912 1629 973 erant
1680 909 1750 971 in
1788 911 1930 990 eJus

382 1036 647 1100 corpore
669 1039 686 1097 3
709 1018 945 1100 quibus
969 1017 1299 1081 abstractis
1325 1036 1365 1082 a
1391 1034 1679 1099 corpore,
1724 1034 1929 1097 gene-

381 1128 561 1188 ratur
582 1125 909 1189 dissolutio
938 1126 1004 1188 in
1030 1141 1106 1188 eo
1142 1123 1313 1206 quod
1340 1126 1658 1201 remanet3
1686 1125 1750 1185 et
1772 1122 1931 1186 dum

382 1249 644 1296 sursum
685 1231 1062 1310 trahuntur,
1110 1235 1174 1295 et
1212 1230 1408 1295 stellae
1453 1229 1926 1313 approximant,

383 1339 624 1403 faciunt
658 1343 994 1403 cometam.
1028 1337 1151 1403 Sed
1191 1341 1344 1402 tunc
1378 1341 1594 1401 manet
1630 1337 1926 1419 quaestio,

384 1463 584 1531 quare
607 1445 897 1509 similiter
925 1463 1059 1509 non
1092 1445 1165 1508 nt
1192 1445 1360 1509 circa
1391 1446 1734 1509 rusticum.
1782 1443 1930 1508 Ideo

385 1552 673 1617 securius
718 1552 842 1616 dici
885 1556 1091 1635 potest
1132 1552 1303 1634 qnod
1347 1556 1596 1618 cometa
1637 1555 1753 1616 aut
1795 1569 1931 1615 non

385 1659 705 1740 significat
748 1661 1020 1722 mortem
1047 1659 1386 1742 principis,
1419 1659 1527 1723 sed
1569 1658 1778 1722 solnm
1808 1658 1931 1722 hoc

386 1766 636 1843 accidit,
665 1766 837 1849 quod
865 1765 1180 1830 moriatur
1209 1766 1280 1829 in
1307 1768 1449 1847 ejus
1492 1765 1925 1849 apparitione3

388 1876 500 1937 aut
527 1873 580 1936 si
625 1872 945 1954 significat
964 1920 984 1952 ,
1007 1872 1131 1937 hoc
1183 1874 1256 1936 fit
1300 1873 1520 1938 divino
1540 1874 1769 1954 jussu,
1801 1890 1932 1954 quo

389 1979 598 2061 magis
641 1982 780 2062 ejus
823 1984 1097 2044 mortem
1138 1981 1531 2063 praenuntiat
1554 2028 1572 2060 ,
1598 1984 1740 2044 tum
1780 1979 1933 2062 quia

389 2092 483 2152 est
502 2105 771 2170 persona
798 2087 1181 2165 communiS,
1206 2092 1348 2152 tum
1376 2088 1529 2172 quia
1558 2106 1640 2152 ex
1668 2087 1792 2152 hoc
1824 2105 1933 2170 po-

390 2195 511 2257 test
551 2193 915 2278 frequenter
958 2193 1114 2260 oriri
1157 2194 1547 2278 perturbatio
1589 2193 1819 2297 regni,
1862 2193 1933 2257 in

3470 452 3592 514 603

2036 587 2224 669 cujus
2276 584 2559 651 custodia
2613 583 2824 665 magis
2866 582 3288 648 sollicitantur
3339 582 3590 665 angeli,

2035 693 2195 757 dum
2249 693 2499 756 bonum
2570 707 2915 754 commune
2971 692 3363 773 praeponunt
3426 688 3631 756 bono’

2037 799 2320 884 speciali.

2121 911 2182 970 5.
2211 905 2311 970 Ad
2337 905 2495 970 illud
2516 904 2687 988 quod
2702 903 3027 986 objicitur,
3054 904 3224 987 quod
3244 903 3324 986 (a)
3351 904 3597 987 perfec-

2040 1014 2214 1078 tione
2246 1013 2485 1078 ordinis
2511 1017 2633 1092 est,
2678 1012 2853 1095 quod
2894 1011 3052 1076 illud
3099 1010 3273 1094 quod
3312 1012 3588 1094 regitur,

2041 1121 2318 1203 perfecte
2338 1120 2714 1201 subjiciatur
2740 1119 3026 1199 regenti;
3055 1118 3393 1182 dicendum
3420 1119 3595 1201 quod

2040 1225 2165 1290 hoc
2193 1245 2425 1290 verum
2453 1230 2569 1306 est,
2600 1226 2712 1290 ubi
2747 1243 2981 1307 regens
3006 1225 3246 1308 aliquid
3278 1226 3450 1307 regit
3478 1244 3593 1309 per

2043 1333 2309 1397 modum
2361 1333 2747 1399 dominantis
2768 1382 2786 1412 ,
2820 1351 2951 1397 non
2997 1351 3113 1416 per
3154 1332 3422 1422 modum
3467 1333 3595 1395 mi-

2043 1444 2401 1508 nistrantis:
2424 1443 2594 1508 unde
2613 1443 2765 1526 quia
2782 1442 3053 1506 humani
3073 1446 3254 1507 actus
3270 1446 3594 1524 reguntur

2041 1570 2082 1615 a
2107 1551 2326 1616 divina
2346 1550 2768 1634 providentia,
2800 1550 2966 1613 sicut
2991 1568 3030 1612 a
3058 1550 3448 1625 dominante,
3483 1550 3593 1614 ni-

2041 1659 2135 1723 hil
2163 1659 2419 1723 evenire
2446 1663 2651 1741 potest
2679 1663 2912 1740 praeter
2936 1657 3136 1740 ipsius
3163 1657 3400 1722 divinae
3428 1676 3589 1743 pro-

2042 1766 2345 1832 videntiae
2370 1766 2789 1830 intentionem
2823 1766 2899 1849 (b)
2927 1770 2990 1831 et
3025 1765 3459 1846 cognitionem
3478 1814 3497 1845 ,
3529 1767 3593 1830 et

2040 1873 2133 1936 ita
2155 1873 2318 1936 nihil
2344 1891 2497 1937 casu
2536 1897 2553 1937 ι
2583 1873 2737 1955 quia
2760 1890 2915 1937 vero
2941 1873 3021 1936 ab
3063 1871 3249 1935 astris
3285 1872 3586 1954 dirigun-

2044 1982 2151 2042 tur
2173 1979 2574 2044 solummodo
2600 1997 2715 2062 per
2744 1978 3013 2043 modum
3051 1978 3415 2056 ministerii,
3445 1979 3590 2044 ideo

2043 2104 2178 2150 non
2205 2090 2454 2169 oportet
2496 2087 2666 2170 quod
2707 2104 2820 2170 per
2851 2087 3069 2150 omnia
3093 2085 3451 2151 subdantur
3473 2087 3589 2167 eis,

2045 2211 2165 2258 nec
2189 2193 2312 2258 hoc
2338 2193 2552 2277 exigit
2575 2195 2872 2278 perfectio
2901 2194 3210 2260 universi.

1504 2516 2238 2614 DISTINCTIO
2303 2519 2486 2615 XV

510 2743 589 2790 ΒΕ
634 2743 828 2790 orm
873 2743 1113 2799 QUINTAE
1155 2746 1284 2793 mm
1303 2776 1322 2811 ,
1372 2747 1451 2793 ΕΤ
1494 2746 1738 2811 SEXTAE3
1787 2746 1864 2792 ΕΤ
1908 2745 1987 2791 m:
2029 2746 2253 2800 REQUIE
2297 2747 2376 2792 ET
2420 2746 2959 2795 SANCTIFICATIONE
3004 2749 3130 2796 mm
3178 2746 3469 2795 snm.

487 2921 682 2990 Dixit
699 2922 1122 2991 etiamDeus²
1140 2948 1162 2989 .-
1184 2922 1570 2992 Producant
1601 2946 1792 3016 aquae
1818 2924 2052 3015 reptile
2072 2923 2322 2991 animae
2346 2922 2649 3005 viventis,
2683 2936 2749 2992 et
2781 2924 3057 2993 volatile
3086 2947 3279 3017 super
3307 2935 3589 3008 terram,
3622 2966 3686 3010 ῃ,
3730 2979 3829 3023 ΡΜ,

399 3045 527 3106 etc.
587 3036 773 3131 Opus
805 3039 1053 3132 quintae
1082 3039 1213 3108 diei
1241 3047 1339 3109 est
1360 3046 1383 3079 ²
1411 3040 1718 3109 formatio
1745 3040 2026 3132 piscium
2055 3048 2121 3108 et
2146 3040 2399 3128 avium,
2431 3040 2677 3134 quibus
2702 3040 2836 3109 duo
2863 3042 3187 3111 elementa
3217 3049 3540 3111 ornantur
3570 3066 3586 3109 ε

402 3163 468 3224 et
493 3154 574 3223 de
600 3155 826 3224 eadem
856 3157 1155 3243 materia,
1188 3156 1259 3224 id
1301 3165 1397 3225 est
1433 3156 1517 3226 de
1551 3157 1767 3249 aquis,
1799 3157 2005 3250 pisces
2030 3164 2095 3225 et
2131 3180 2285 3227 aves
2328 3157 2611 3246 creavit3
2645 3158 2944 3229 volatilia
2969 3158 3197 3230 levans
3220 3158 3291 3226 in
3319 3181 3497 3247 aera,
3531 3166 3595 3228 et
3650 3156 3797 3199 ⁰¹³¹*

404 3272 703 3342 natatilia
728 3273 1066 3342 remittens
1089 3274 1363 3363 gurgiti.

3621 3030 3824 3074 ductione

3658 3106 3804 3137 rerum

3623 3230 3717 3261 rum
3738 3231 3832 3262 sen-

3622 3280 3831 3324 sibilium.

495 3388 812 3481 Sequitur
839 3391 862 3427 ⁸
898 3415 913 3457 ε
945 3389 1140 3457 Dixit
1165 3393 1339 3459 Deus
1370 3414 1392 3456 .-
1421 3389 1759 3459 Producat
1796 3402 1974 3459 terra
2005 3394 2313 3459 animam
2349 3391 2699 3474 viventem,
2735 3391 3078 3481 jumenta,
3111 3403 3176 3460 et
3206 3391 3497 3484 reptilia,
3531 3404 3595 3461 et
3625 3447 3688 3492 ne
3704 3461 3838 3505 opem

411 3504 649 3576 bestias
679 3517 870 3574 ειη-ναξ
895 3506 1256 3575 secundum
1281 3507 1521 3599 species
1538 3530 1719 3594 suaS,
1749 3514 1871 3577 etc.
1897 3506 2112 3578 Sextae
2138 3508 2270 3576 diei
2287 3531 2454 3599 opus
2475 3509 2888 3592 describitur,
2912 3532 3068 3578 cum
3098 3517 3271 3577 terra
3291 3509 3429 3577 suis
3452 3510 3595 3578 ani-
3671 3516 3801 3585 ⁸5¹²?

410 3622 694 3691 malibus
721 3623 941 3691 ornari
970 3622 1234 3691 dicitur.

3678 3574 3783 3626 dici,

3646 3638 3819 3689 quaudo

3651 3703 3796 3742 ereata

498 3737 720 3819 Qnoeri
747 3737 913 3807 solet
943 3736 1026 3806 de
1069 3739 1412 3808 venenosis
1449 3746 1515 3808 et
1549 3740 1928 3832 perniciosis
1972 3740 2446 3830 animantibuS,
2480 3750 2707 3810 utrum
2750 3750 2896 3834 post
2931 3753 3268 3834 peccatum
3309 3743 3597 3812 hominis
3624 3765 3721 3802 eunt
3741 3763 3837 3804 ani·

3623 3822 3773 3875 maiia,
3796 3831 3841 3869 et

410 3855 493 3923 ad
530 3854 885 3924 vindictam
921 3863 1136 3924 creata
1174 3855 1329 3943 sint,
1360 3878 1444 3924 an
1481 3857 1701 3948 potius
1726 3865 1940 3925 creata
1973 3856 2248 3927 innoxia
2279 3859 2729 3950 peccatoribus
2775 3881 3007 3928 nocere
3053 3860 3387 3952 coeperint.
3421 3859 3594 3927 Sane
3645 3886 3819 3940 reptilia

3666 3950 3810 3992 terrae.

411 3971 539 4039 dici
565 3979 772 4063 potest
801 3976 848 4057 ¹⁰,
888 3972 1068 4065 quod
1108 3980 1323 4042 creata
1360 3974 1528 4042 nihil
1555 3973 1811 4043 homini
1837 3974 2235 4061 nocuissent,
2263 3976 2317 4043 si
2336 3998 2472 4043 non
2493 3983 2811 4067 peccasset
2842 4000 2857 4042 ε
2888 3976 3376 4067 puniendorum
3408 3999 3597 4044 nam·
3682 4021 3833 4066 „mm

411 4110 541 4180 que
572 4088 915 4176 vitiorum,
948 4096 1012 4157 et
1038 4090 1519 4177 terrendorum,
1553 4091 1658 4159 vel
1699 4092 2081 4182 probandae,
2112 4092 2219 4160 vel
2248 4092 2660 4185 perficiendae
2695 4093 2961 4161 virtutis
2985 4114 3181 4161 causa
3206 4114 3439 4161 nocere
3464 4114 3595 4161 οω-
3624 4088 3840 4140 ''⁰⁸²¹“‘2‘

410 4214 672 4296 perunt.
703 4206 1006 4275 Fuerunt
1029 4229 1184 4296 ergo
1211 4215 1425 4275 creata
1446 4207 1739 4290 innoxia,
1774 4208 1888 4277 sed
1911 4217 2179 4301 propter
2205 4217 2541 4300 peccatum
2570 4209 2740 4277 facta
2764 4215 2922 4276 sunt
2944 4209 3169 4277 noxia.

497 4321 593 4391 De
619 4323 1016 4414 quibusdam
1042 4324 1238 4393 etiam
1271 4324 1546 4393 minutis
1573 4324 2021 4393 animantibus
2042 4325 2321 4417 quaestio
2348 4334 2467 4411 est,
2498 4333 2727 4395 utrum
2753 4324 2825 4392 in
2854 4324 3085 4416 primis
3108 4324 3592 4395 conditionibus

411 4446 626 4507 creata
650 4438 804 4526 sint,
840 4462 925 4508 an
951 4462 1034 4509 ex
1073 4441 1272 4509 rebus
1302 4440 1626 4534 corruptis
1650 4448 1872 4533 postea
1898 4450 2042 4509 orta
2064 4441 2220 4511 sint.
2265 4441 2593 4533 Pleraque
2632 4442 2811 4509 enim
2837 4445 2859 4480 ⁸
2886 4440 2967 4509 de
2995 4440 3424 4509 humidorum
3451 4464 3593 4511 cor-
3619 4448 3738 4502 ‘1⁰²2
3782 4462 3840 4493 ³¹²

3664 4151 3807 4188 catum

3661 4326 3787 4367 noxia

3620 4383 3731 4428 lacta
3747 4386 3837 4431 fue·

3642 4514 3823 4565 propter

411 4577 649 4647 porum
676 4556 878 4643 vitiis,
910 4557 1016 4627 vel
1043 4557 1568 4628 exhalationibus
1602 4566 1814 4647 terrm,
1846 4558 1985 4627 sive
2025 4557 2108 4626 de
2142 4558 2567 4628 cadaveribus
2593 4558 2999 4648 gignuntur3
3047 4556 3348 4649 quaedam
3392 4558 3589 4627 etiam
3617 4577 3837 4626 peceatum

413 4795 632 4856 autem
677 4787 829 4877 dici,
869 4791 1048 4880 quod
1089 4812 1166 4858 ea
1208 4812 1354 4881 quae
1382 4790 1462 4859 de
1506 4792 1892 4882 corporibus
1933 4791 2348 4879 animalium,
2398 4791 2683 4860 maxime
2730 4800 3170 4879 mortuorum,

3203 4799 3592 4878 nascuntur,

412 4925 564 4972 cum
605 4904 1004 4974 animalibus
1038 4914 1253 4975 creata
1289 4928 1424 4975 non
1467 4907 1736 4994 fuerint,
1767 4908 1895 4976 nisi
1935 4906 2379 4999 potentialiter
2420 4916 2485 4977 et
2528 4907 2972 4978 materialiter.
3003 4908 3098 4976 Ea
3138 4930 3294 4977 vero
3322 4928 3469 4999 quae
3515 4929 3596 4975 ex

412 5025 587 5089 terra
611 5022 1021 5109 germinante
1052 5031 1196 5090 orta
1223 5030 1402 5109 sunt,
1433 5031 1590 5091 tunc
1617 5032 1832 5091 creata
1861 5023 2059 5092 fuisse
2088 5044 2223 5092 non
2250 5023 2611 5114 incongrue
2638 5024 2766 5092 dici
2795 5032 3023 5115 potest.

501 5134 826 5206 Omnibus
848 5146 1068 5207 autem
1092 5138 1322 5207 creatis
1347 5146 1546 5231 atque
1571 5138 1923 5232 dispositis,
1948 5140 2304 5209 novissime
2333 5140 2543 5209 factus
2568 5149 2663 5209 est
2690 5139 2886 5209 homo
2914 5147 3254 5233 tamquam
3283 5140 3597 5210 dominus
3680 5159 3782 5196 tuno

3645 4655 3776 4686 nocer

3668 4767 3788 4822 prius

3685 4828 3797 4871 facta

3648 4904 3791 4934 iiiiii
3793 4905 3837 4936 a.

3653 5028 3820 5072 minuta

3626 5092 3832 5134 animalia

3672 5220 3818 5259 creata

485 5288 664 5352 men„
692 5300 743 5353 1,
768 5292 848 5341 20.
866 5314 927 5326 --
945 5291 968 5325 ¹
987 5290 1068 5353 cs.
1093 5291 1347 5353 imbros„
1375 5291 1430 5341 in
1457 5291 1698 5355 Hem„
1723 5292 1816 5343 lib.
1840 5294 1905 5358 v,
1934 5307 1980 5345 c.
2001 5304 2043 5345 11
2069 5296 2121 5345 et
2146 5304 2231 5347 m.
2250 5320 2315 5332 —
2340 5296 2358 5327 ⁸
2382 5296 2527 5358 Gen„
2560 5306 2604 5360 ι,
2629 5297 2705 5347 24.
2727 5319 2787 5331 -
2807 5295 2828 5330 ι
2847 5294 2930 5359 Cf·
2961 5298 3113 5361 Aug„
3147 5294 3208 5346 de
3235 5295 3358 5347 cen.
3381 5294 3601 5361 adem„
3647 5282 3833 5360 ‘ming

415 5356 503 5410 lib.
534 5362 640 5425 111,
667 5376 714 5412 c.
733 5372 902 5411 xv.—
921 5363 943 5398 ⁸
963 5362 1044 5426 Cf.
1069 5361 1216 5426 ibid„
1245 5376 1291 5413 c.
1309 5374 1420 5414 nv.

482 5449 548 5517 (a)
580 5449 755 5517 suppl.
783 5465 829 5501 e.
850 5477 912 5488 -
936 5450 997 5516 (b)
1031 5452 1152 5502 Coee.
1174 5452 1295 5502 edit.
1322 5453 1687 5507 intensionem·
