4125 6225
467 1063 672 1110 ruam..

699 400 820 462 ⁴56

699 531 798 597 rei
813 527 1084 596 visibilis
1103 526 1450 612 corporalis
1470 574 1491 606 ,
1519 526 1660 610 peri
1685 525 2243 591 ratiomsimiliter

697 638 824 703 erit
859 637 930 701 iu
981 635 1169 701 oculo
1217 633 1534 719 spirituali
1571 638 1863 717 respectu
1905 635 2242 715 cognosci-

697 744 844 810 bilis
867 742 1260 827 spiritualis:
1298 758 1460 824 ergo
1483 742 1540 805 si
1565 740 1828 807 oculum
1859 759 2079 805 meum
2108 742 2241 823 spi-

701 843 1002 907 ritualem
1062 860 1198 905 non
1245 839 1399 906 latet
1467 845 1780 904 secretum
1834 839 2241 905 conscientiae

701 968 865 1016 meae
881 996 899 1025 ,
931 949 1070 1032 pari
1095 947 1342 1013 ratione
1368 965 1489 1011 nec
1511 947 1732 1012 oculos
1760 947 2159 1012 daemonum.

782 1056 882 1122 Ad
928 1054 1287 1139 oppositum
1331 1061 1348 1095 ²
1391 1076 1406 1118 :
1445 1054 1538 1119 Tu
1586 1053 1760 1120 solus
1819 1055 1994 1119 nosti
2043 1053 2243 1120 corda

701 1165 986 1248 filiorum
1025 1163 1374 1230 hominum.
1422 1158 1565 1225 Non
1599 1178 1758 1243 ergo
1795 1159 2054 1226 daemon
2076 1209 2093 1237 ,
2138 1161 2244 1227 vel

697 1273 887 1339 alius.
1155 1288 1170 1303 ‘

785 1380 946 1445 item
968 1386 992 1421 ²
1029 1403 1044 1443 :
1095 1379 1229 1463 Eoo
1257 1379 1568 1445 Dominus
1608 1382 1906 1445 scrutans
1947 1377 2144 1445 corda
2183 1387 2244 1446 et

705 1504 910 1556 renes.
949 1485 1154 1569 Erg0,
1192 1486 1246 1550 si
1285 1485 1593 1551 Dominus
1627 1486 1750 1550 hoc
1781 1485 1906 1549 sibi
1952 1486 2246 1550 attribuit

705 1604 1015 1679 tanquam
1039 1593 1372 1678 proprium
1395 1640 1414 1671 ,
1445 1593 1703 1658 videtur
1723 1594 1895 1676 quod
1916 1612 2049 1658 non
2075 1612 2246 1659 com·

706 1703 991 1769 municet
1014 1700 1288 1766 diabolo.

787 1810 949 1875 Item
971 1815 994 1851 ⁸
1023 1826 1042 1871 ι
1076 1809 1266 1875 Nemo
1286 1810 1412 1877 scit
1433 1824 1577 1891 quae
1601 1812 1751 1875 sunt
1771 1807 2053 1874 hominis
2066 1855 2087 1887 ,
2111 1809 2249 1874 nisi

705 1922 985 2004 spiritus
1004 1918 1310 1995 hominis,
1331 1919 1449 2001 qui
1466 1923 1558 1985 est
1585 1917 1662 1983 in
1682 1917 1815 1983 illo.
1845 1916 1968 1981 Sed
1990 1916 2248 1981 daemon

708 2046 828 2093 nec
870 2030 967 2093 est
1007 2025 1270 2109 spiritus
1315 2028 1566 2101 noster,
1610 2043 1730 2088 nec
1763 2029 1859 2089 est
1897 2024 1966 2088 in
2005 2023 2192 2087 nobis
2226 2045 2244 2088 ι

707 2153 868 2217 ergo
893 2152 1023 2199 non
1061 2132 1243 2197 novit
1269 2136 1510 2197 secreta
1542 2131 1945 2197 conscientiae
1984 2135 2244 2195 nostrae.

791 2242 950 2308 Item
978 2239 1383 2322 Augustinus
1413 2245 1464 2320 ⁸,
1493 2240 1563 2304 in
1590 2239 1756 2304 libro
1784 2238 1866 2305 de
1900 2239 2251 2307 Ecclesias-

712 2352 865 2420 ticis
911 2345 1327 2431 Doqmatibus
1368 2367 1394 2411 .·
1427 2370 1459 2407 α
1503 2346 1792 2411 Internas
1834 2346 2251 2428 cogitationes

712 2459 961 2522 nostras
990 2454 1322 2519 diabolum
1348 2471 1483 2518 non
1510 2453 1728 2520 videre
1755 2457 2000 2518 certum
2026 2457 2140 2517 est.
2171 2475 2202 2512 ι

795 2562 955 2627 Item
999 2562 1242 2627 ratione
1287 2561 1543 2626 videtur
1586 2583 1601 2624 ε
1658 2560 1818 2638 Quia
1867 2561 1919 2624 si
1968 2561 2253 2626 internas

712 2665 1129 2749 cogitationes
1154 2667 1587 2747 cognosceret,
1610 2667 2019 2745 cognosceret
2037 2667 2102 2728 et
2118 2665 2253 2728 vir-

712 2777 924 2838 tutes:
963 2789 1122 2854 ergo
1168 2770 1286 2838 Job
1343 2772 1711 2856 patientiam
1765 2773 2171 2855 cognovisset
2232 2796 2247 2836 ε

715 2880 887 2963 quod
929 2879 983 2943 si
1031 2878 1475 2962 cognovisset,
1525 2896 1658 2942 non
1704 2882 2005 2943 tentasset
2026 2927 2044 2956 ,
2101 2898 2252 2944 cum

715 2987 877 3052 nolit
904 2987 1194 3071 superari
1228 3009 1244 3053 z
1276 2986 1385 3051 sed
1415 2989 1682 3051 tentavit
1711 3005 1729 3051 ι
1757 3004 1915 3068 ergo
1954 3005 2075 3052 nec
2114 2988 2254 3051 vir-

715 3099 884 3162 tutes
905 3145 923 3178 ,
958 3115 1077 3162 nec
1102 3095 1517 3179 cogitationes
1548 3095 1690 3178 ejus
1716 3095 2039 3177 cognovit.

1258 3362 1708 3433 CONCLUSIO.

715 3519 956 3590 Anaelus
985 3518 1191 3590 malus,
1235 3533 1400 3590 neque
1431 3520 1597 3575 etiam
1631 3519 1818 3584 bonus.
1855 3523 2031 3592 potest
2056 3524 2257 3577 secreta

787 3611 1119 3666 conscientiae
1138 3613 1333 3666 nostroe
1356 3612 1609 3674 scrutari,
1641 3626 1968 3682 quanquam,
1994 3625 2095 3683 per
2113 3614 2258 3666 exte-

787 3701 940 3756 riora
962 3697 1203 3770 quadam
1222 3700 1402 3771 siqua,
1431 3714 1495 3756 ea
1521 3699 1777 3771 conjicere
1797 3702 1987 3772 possit.

796 3858 980 3942 Resp.
1014 3857 1096 3923 ad
1124 3858 1400 3940 Argum.
1441 3858 1538 3923 Ad
1577 3859 2030 3943 praedictorum
2070 3858 2257 3923 intel-

719 3966 1087 4048 ligentiam,
1122 3968 1219 4030 est
1246 3966 1601 4030 notandum
1636 3966 1810 4050 quod
1831 4013 1849 4045 ,
1887 3965 2050 4031 sicut
2093 3965 2260 4031 Deus

717 4074 1034 4139 voluntati
1089 4079 1398 4139 creaturae
1450 4073 1776 4138 rationalis
1831 4073 2003 4139 dedit
2049 4073 2260 4138 domi-

717 4183 903 4247 nium
927 4229 945 4259 ,
988 4180 1124 4246 sive
1173 4181 1553 4258 arbitrium,
1602 4180 1709 4243 cui
1755 4179 1933 4244 nulla
1976 4182 2259 4263 potentia

715 4288 1048 4372 praesidet,
1104 4288 1232 4351 nisi
1287 4287 1543 4367 divina;
1596 4286 1686 4352 sic
1725 4290 1865 4370 ejus
1913 4286 2258 4369 cognitivae

714 4395 883 4462 dedit
910 4395 1313 4461 conscientIae
1341 4400 1656 4459 secretum
1675 4443 1693 4476 ,
1724 4397 1913 4478 cujus
1933 4399 2172 4460 secreta
2196 4398 2259 4459 et

716 4503 1032 4585 profunda
1055 4522 1188 4569 nou
1213 4505 1503 4586 penetrat
1530 4502 1653 4566 nisi
1679 4503 1899 4568 divina
1925 4501 2253 4585 sapientia.

714 4609 794 4677 Et
820 4610 962 4677 ideo
991 4611 1132 4676 dico
1155 4659 1174 4690 ,
1205 4610 1381 4695 quod
1407 4609 1584 4677 nulla
1622 4615 1942 4687 creatura,
1971 4628 2092 4676 nec
2121 4608 2256 4674 hu—

715 4735 943 4799 mana,
977 4736 1096 4784 nec
1122 4718 1442 4801 angelica,
1473 4723 1678 4802 potest
1697 4718 2105 4783 conscientiae
2127 4719 2257 4783 hu-

715 4843 926 4892 manae
973 4845 1158 4891 nosse
1204 4830 1443 4891 secreta
1462 4874 1481 4905 ,
1539 4826 1663 4891 nisi
1716 4845 1829 4911 per
1875 4827 2062 4908 signa
2080 4874 2098 4905 ,
2154 4826 2258 4891 vel

713 4936 1111 5018 conjecturas
1125 4983 1143 5016 ,
1165 4934 1269 5000 vel
1289 4934 1416 4999 nisi
1435 4935 1689 5000 noverit
1706 4934 1816 4999 Dei
1842 4933 2251 5014 revelatione,

714 5045 828 5106 aut
888 5041 1167 5107 hominis
1211 5042 1691 5108 denuntiatione
1733 5049 1778 5105 ⁸.
1827 5041 1906 5107 Et
1948 5042 2255 5124 quoniam

714 5169 920 5233 pauca
959 5155 1112 5217 sunt
1151 5151 1241 5217 ita
1297 5154 1569 5230 secreta,
1622 5150 1786 5234 quin
1832 5149 2141 5234 prodeant
2186 5150 2255 5213 in

762 5322 780 5356 ¹
803 5322 844 5372 ll
876 5321 1126 5389 Par-clip„
1156 5335 1235 5386 v1,
1257 5325 1403 5375 30.-
1419 5324 1661 5384 ’lev-em„
1687 5333 1798 5374 xvu
1812 5357 1829 5385 ,
1855 5325 1996 5372 lo.--
2019 5322 2079 5372 ³1
2113 5322 2251 5384 Cor„

717 5402 777 5454 ιι,
801 5396 937 5444 il.-
969 5395 991 5431 ὁ
1011 5396 1121 5446 lmo
1154 5395 1405 5459 Gennad.,
1431 5394 1493 5446 de
1518 5394 1731 5486 Eeccles.
1763 5396 1963 5458 Doqm„
1992 5409 2037 5444 c.
2068 5404 2252 5456 nvm,

1817 389 2449 457 ammaum
2486 389 2637 456 mn.
2680 390 2763 455 ll.

2348 544 2545 610 opera
2582 525 2901 591 exteriora
2920 573 2940 605 ,
2992 523 3095 589 vel
3142 526 3488 606 appare-nt
3528 538 3645 606 per
3692 519 3868 600 Qua

2348 634 2665 699 exteriora
2688 634 2905 713 faciei,
2938 634 3045 697 vel
3071 650 3187 715 per
3216 632 3405 713 sigua
3429 628 3671 707 cordis,
3710 626 3867 710 quod

2350 746 2650 807 movetur
2714 742 3141 807 diversimode
3201 739 3555 804 secundum
3612 737 3868 801 diversi-

2348 852 2546 913 tatem
2598 849 3045 927 affectionum3
3098 848 3248 912 hinc
3299 852 3393 911 est
3440 844 3619 929 quod
3660 844 3867 907 multae

2348 959 2765 1041 cogitationes
2800 963 2865 1023 et
2890 958 3219 1024 atrefionoe
3242 960 3476 1020 nostrae
3500 949 3869 1035 deprehendi

2349 1070 2617 1147 possunt
2633 1085 2672 1130 a
2690 1066 2990 1147 malignis
3004 1064 3361 1147 spiritibus,
3392 1062 3521 1124 nisi
3551 1064 3870 1123 arceantur
3988 1106 3993 1111 .

2351 1169 2460 1236 Dei
2492 1173 2775 1237 virtute:
2806 1171 2946 1237 haec
2971 1178 3187 1235 autem
3230 1170 3514 1251 cognitio
3551 1166 3759 1249 potius
3786 1168 3870 1227 est

2351 1284 2734 1364 conjecturae
2758 1330 2776 1361 ,
2816 1299 3013 1364 quam
3055 1284 3242 1345 certae
3278 1276 3565 1341 scientiae
3593 1294 3613 1337 :
3642 1278 3707 1337 et
3742 1273 3869 1337 ideo

2352 1388 2775 1453 eonoedendae
2798 1393 2949 1453 sunt
2972 1388 3255 1452 ration&
3288 1384 3693 1450 ostendentes
3714 1380 3867 1464 quod

2350 1496 2625 1576 angelus
2669 1495 2878 1560 malus
2920 1500 3161 1558 secreta
3200 1491 3611 1557 conscientiae
3657 1492 3868 1552 nostrae

2351 1603 2733 1685 perscrutari
2760 1620 2892 1666 uon
2918 1605 3141 1685 potest.

2435 1714 2495 1773 1.
2531 1710 2630 1775 Ad
2662 1710 2817 1775 illud
2842 1728 3002 1791 ergo
3027 1707 3199 1792 quod
3241 1705 3543 1788 objicitur
3586 1702 3786 1787 primo
3812 1702 3869 1765 in

2354 1817 2745 1882 contrarium
2768 1817 2846 1881 de
2880 1814 3261 1880 accusatoris
3279 1812 3521 1892 offici03
3554 1809 3870 1876 dicendum

2355 1926 2529 2009 quod
2556 1945 2688 1991 non
2710 1926 2917 1991 solum
2948 1926 3081 2009 ipse
3098 1923 3352 1989 daemon
3380 1922 3506 1985 erit
3536 1924 3868 1995 accusator,

2356 2034 2557 2098 immo
2586 2035 2780 2099 etiam
2803 2052 2913 2098 cor
2938 2039 3229 2098 nostrum
3257 2054 3273 2094 :
3300 2030 3495 2108 unde,
3522 2028 3643 2092 etsi
3670 2027 3747 2091 de
3770 2045 3871 2091 ex-

2358 2142 2701 2206 terioribus
2748 2141 3102 2207 visibilibus
3139 2137 3423 2204 accusari
3462 2153 3799 2219 possumus
3841 2152 3873 2196 a

2357 2249 2628 2332 diabolo,
2658 2251 2737 2315 de
2766 2249 3018 2315 secretis
3054 2252 3119 2313 et
3158 2246 3420 2312 occultis
3456 2264 3634 2323 non;
3671 2248 3874 2308 neutra
3942 2312 3947 2317 ,

2358 2363 2571 2423 tamen
2602 2359 2919 2441 impunita
2941 2357 3418 2438 relinquentur,
3448 2353 3609 2435 quia
3632 2369 3756 2415 non
3779 2350 3874 2414 de·

2360 2465 2480 2530 erit
2504 2469 2826 2530 accusator
2851 2468 2915 2529 et
2937 2463 3135 2527 testis.

2440 2579 2500 2636 2.
2533 2572 2629 2636 Ad
2651 2571 2808 2636 illud
2828 2570 3000 2654 quod
3025 2569 3346 2652 objicitur,
3368 2566 3544 2649 quod
3574 2566 3876 2649 peccatum

2361 2684 2456 2745 est
2480 2680 2803 2745 charactcr
2826 2677 3092 2755 diaboli3
3120 2673 3459 2741 dicendum
3488 2672 3664 2754 quod
3689 2686 3879 2753 pecca·

2362 2792 2503 2852 tum
2561 2791 2715 2851 tunc
2767 2785 2997 2850 dicitur
3046 2801 3180 2848 esse
3232 2781 3566 2846 character
3585 2828 3604 2856 ,
3650 2774 3878 2860 quando

2362 2896 2660 2960 scribitur
2685 2897 2754 2959 in
2780 2895 3024 2958 fronte:
3048 2892 3170 2956 hoc
3187 2895 3399 2954 autem
3428 2892 3546 2966 est,
3578 2906 3727 2952 cum
3754 2903 3875 2968 pec·

2363 3010 2463 3068 cat
2493 3003 2628 3066 sine
2654 3001 2919 3079 rubore,
2953 3002 3019 3064 et
3040 2998 3313 3082 publice,
3345 3001 3417 3060 ut
3437 2998 3585 3078 jam
3616 2995 3801 3079 possit
3828 2993 3876 3056 ei

2363 3111 2572 3178 dici⁸:
2616 3111 2818 3176 Frons
2859 3108 3151 3174 mulieris
3195 3106 3545 3172 meretricis
3594 3105 3767 3185 facta
3804 3106 3881 3167 est

2367 3220 2509 3298 tibi,
2555 3217 2828 3286 noluisti
2881 3217 3231 3283 erubescere
3269 3236 3294 3278 .·
3336 3217 3398 3277 et
3453 3216 3616 3276 tunc
3669 3212 3881 3292 absque

2364 3326 2561 3392 dubio
2606 3329 2934 3410 peccatum
2980 3328 3272 3388 nostrum
3324 3318 3663 3401 cognitum
3717 3321 3806 3381 est
3848 3334 3882 3379 a

2366 3433 2635 3510 diabolo,
2666 3433 2972 3516 quiajam
2999 3448 3134 3495 non
3160 3432 3254 3493 est
3279 3430 3624 3503 secretum,
3640 3425 3744 3490 sed
3768 3442 3882 3487 ma·

2367 3542 2694 3607 nifestum.

2448 3654 2509 3713 3.
2539 3648 2638 3713 Ad
2669 3647 2826 3713 illud
2860 3646 3033 3730 quod
3068 3644 3364 3727 oincitur
3390 3643 3468 3706 de
3511 3640 3878 3724 Augustino,

2367 3758 2539 3841 quod
2557 3756 2970 3839 cogitationes
2993 3755 3347 3829 noverunt·,
3369 3750 3713 3815 dicendum
3734 3746 3879 3831 quod

2367 3864 2653 3947 loquitur
2681 3864 2758 3929 de
2784 3862 3145 3944 cognitione
3171 3862 3587 3943 conjecturae,
3612 3877 3739 3923 non
3763 3872 3882 3920 cer-

2366 3977 2452 4037 1ae
2476 3971 2779 4035 scientiae.

2448 4084 2509 4143 4.
2540 4079 2637 4143 Ad
2660 4078 2819 4142 illud
2839 4077 3011 4160 quod
3037 4075 3357 4158 objicitur,
3384 4073 3557 4156 quod
3586 4072 3787 4136 notior
3804 4073 3884 4133 est

2368 4185 2672 4270 operatiO,
2707 4202 2900 4267 quam
2930 4183 3306 4260 substantia;
3342 4180 3688 4245 dicendum
3732 4176 3883 4261 quod

2368 4313 2597 4361 verum
2623 4297 2719 4358 est
2753 4293 2830 4357 de
2865 4291 3232 4373 operatione
3264 4288 3669 4353 extrinseca:
3697 4286 3773 4351 de
3795 4285 3885 4347 in·

2367 4403 2638 4467 trinseca
2654 4404 2871 4465 autem
2890 4417 3020 4463 non
3043 4398 3234 4462 habet
3250 4414 3501 4479 semper
3525 4394 3844 4459 veritatem
3866 4413 3879 4453 ε

2369 4510 2587 4575 multae
2621 4508 2796 4573 enim
2846 4525 2949 4571 res
2983 4509 3135 4569 sunt
3179 4504 3361 4568 nobis
3404 4507 3600 4582 notae,
3630 4516 3883 4585 quarum

2368 4620 2639 4683 virtutes
2689 4620 2754 4679 et
2790 4614 3189 4698 operationes
3234 4629 3351 4676 nos
3392 4610 3614 4675 latent.
3662 4607 3773 4674 Vel
3803 4606 3885 4669 di-

2368 4726 2641 4791 cendum
2662 4711 2834 4808 quod
2863 4723 2985 4787 hoc
3004 4721 3220 4788 locum
3236 4719 3429 4784 habet
3448 4720 3518 4782 in
3540 4716 3883 4802 operatione

2367 4832 2666 4911 naturali,
2697 4830 2922 4896 nonin
2948 4828 3313 4912 operatione
3340 4826 3720 4891 voluntaria.
3749 4822 3884 4905 Ope-

2366 4941 2528 5006 ratio
2556 4939 2729 5004 enim
2760 4936 3097 5015 naturaHS,
3134 4935 3488 5000 secundum
3515 4933 3688 5017 quod
3708 4936 3884 4996 natu-

2366 5049 2516 5115 ralis
2542 5051 2658 5126 est,
2687 5047 2776 5111 ita
2818 5065 2884 5110 se
2927 5043 3301 5110 naturaliter
3340 5047 3493 5106 nata
3535 5045 3630 5105 est
3662 5054 3881 5122 reprae-

2367 5189 2422 5227 u.
2441 5177 2521 5238 81,
2548 5173 2682 5224 inter
2701 5184 2860 5236 opera
2887 5172 2940 5224 S.
2966 5173 3198 5234 August„
3230 5169 3460 5234 Append.
3504 5171 3628 5219 tom.
3671 5166 3797 5216 vm.
3825 5187 3879 5200 ·-

2368 5250 2390 5284 ⁸
2409 5249 2572 5309 Scot„
2596 5246 2712 5296 dist.
2737 5256 2789 5295 lx
2818 5244 2967 5308 hujus
2986 5248 3166 5307 quaest.
3191 5254 3249 5306 ιι,
3279 5241 3351 5292 ibi
3380 5240 3492 5292 :Ad
3505 5244 3607 5290 art.
3624 5242 3671 5299 2,
3694 5235 3879 5287 videtur

2368 5324 2540 5371 tenere
2556 5355 2572 5380 ‚
2602 5317 2739 5382 quod
2778 5315 2990 5379 angelus
3017 5315 3161 5365 alteri
3185 5314 3369 5379 angelo
3405 5326 3511 5362 non
3538 5312 3703 5376 potest
3726 5307 3875 5357 celare

2365 5389 2639 5442 essentiam
2655 5392 2707 5439 et
2724 5387 3139 5439 intellectionem.
3150 5412 3212 5428 --
3225 5388 3246 5418 ⁸
3261 5386 3461 5445 levent„
3478 5394 3557 5446 ιιι,
3572 5385 3617 5433 3.
