4125 6225
19 2483 95 2529 Ad
111 2494 217 2538 opp.

1694 4 2253 99 mss
2331 4 2578 54 Μ*
2689 4 3080 172 av
3140 4 3285 174 ι’

1220 389 1417 457 DIST.
1458 387 1617 472 XVI.
1658 385 1840 469 Am,-
1881 385 1962 456 11.
1999 387 2304 466 QUAEST.
2345 389 2423 457 11.

293 538 356 600 2.
373 531 534 600 Item
546 530 857 600 Glossaibi
867 530 1015 596 dicit
1037 551 1052 594 ι
1096 552 1127 591 α
1144 527 1241 593 Ad
1263 526 1616 608 imaginem
1642 523 1753 588 Dei

217 642 421 707 factus
448 644 543 704 est
565 639 690 719 vir,
710 656 845 703 non
868 636 1099 702 mulier
1131 657 1196 702 :n
1223 636 1333 700 sed
1358 635 1481 699 hoc
1499 651 1634 710 non
1661 635 1755 696 est

218 748 482 825 dictum,
517 745 688 830 quod
716 743 945 809 mulier
970 743 1146 808 nullo
1176 742 1365 806 modo
1385 741 1467 805 sit
1491 740 1574 805 ad
1600 739 1756 803 ima-

220 855 441 937 ginem
471 854 634 917 facta
670 875 686 917 ε
718 870 874 933 ergo
913 850 1156 915 dictum
1184 853 1308 929 est,
1338 848 1510 931 quod
1539 845 1756 912 minus

221 961 419 1026 estad
449 961 822 1043 imaginem,
852 976 1050 1042 quam
1075 958 1196 1021 vir.

305 1074 362 1135 3.
387 1069 568 1145 Item,
596 1070 749 1152 quia
770 1069 966 1134 homo
994 1071 1088 1131 est
1111 1065 1191 1130 ad
1208 1063 1583 1145 imaginem,
1605 1061 1758 1126 uni·
1793 1112 1800 1126 .

224 1178 368 1243 bilis
394 1182 488 1243 est
510 1182 759 1242 naturae
786 1174 1021 1242 divinae
1054 1196 1069 1238 :
1099 1173 1211 1238 sed
1229 1169 1439 1254 magis
1459 1170 1581 1234 suit
1614 1168 1760 1233 uni-

226 1285 370 1348 bilis
394 1286 471 1349 in
511 1303 671 1348 sexu
716 1282 1069 1348 masculino
1091 1329 1110 1362 ,
1155 1297 1351 1364 quam
1391 1276 1696 1342 foemineo
1739 1292 1757 1338 ι
1806 1301 1820 1316 ’

230 1410 387 1474 ergo
408 1392 620 1475 magis
644 1395 738 1455 est
759 1390 979 1472 imago
1001 1388 1124 1469 vir,
1152 1404 1348 1471 quam
1377 1382 1631 1452 mulier.

312 1501 371 1566 t.
394 1500 575 1579 Item,
591 1500 746 1583 quia
769 1499 967 1565 homo
981 1500 1074 1561 est
1089 1497 1308 1575 imago
1321 1492 1455 1569 Dei,
1467 1489 1765 1556 omnihus

233 1615 327 1676 est
376 1609 678 1692 praelatus
699 1656 717 1687 ,
768 1607 905 1672 sive
952 1602 1357 1687 praepositus,
1416 1598 1768 1666 secundum

233 1717 404 1801 quod
437 1716 729 1781 innuitur
754 1715 823 1779 in
849 1718 1032 1778 textu
1076 1711 1333 1778 Genesis
1369 1731 1393 1775 .·
1427 1709 1767 1773 Faciamus

235 1827 550 1892 hominem
576 1822 664 1890 ad
686 1823 1074 1905 imaginent,
1120 1823 1275 1897 etc.;
1322 1820 1385 1881 et
1414 1815 1708 1880 subditur
1749 1835 1765 1877 ε

238 1935 330 2002 Et
384 1935 614 2017 proesit
673 1930 997 2012 piscibus,
1044 1930 1163 1991 ete.
1224 1924 1396 2006 Ergo
1435 1921 1775 2006 praesidere

242 2043 296 2106 si
320 2060 451 2106 non
469 2039 765 2105 convenit
780 2034 1069 2102 homini
1053 2054 1121 2098 in
1138 2052 1301 2098 sexu
1317 2031 1638 2106 foemineo,
1667 2025 1776 2092 sed

244 2149 616 2228 masculine,
648 2146 902 2213 videtur
925 2143 1131 2228 quod
1115 2160 1333 2224 imago
1351 2134 1781 2205 excellentiori

248 2259 438 2323 modo
464 2257 546 2322 sit
586 2257 656 2324 in
694 2252 1046 2319 masculino
1087 2269 1283 2328 sexu,
1313 2267 1510 2333 quam
1547 2247 1618 2310 in
1656 2247 1778 2309 foe-

248 2367 486 2433 mineo·

327 2474 558 2552 Contra
593 2472 609 2506 ¹
643 2493 658 2535 :
690 2469 940 2535 creavit
965 2467 1128 2546 Deus
1150 2465 1462 2532 hominem
1496 2463 1586 2531 ad
1612 2463 1783 2532 ima-

247 2585 457 2667 qinem
475 2587 536 2647 et
561 2575 1056 2645 similitudinem
1074 2589 1297 2656 suam;
1317 2571 1693 2651 masculum,
1723 2576 1784 2639 et

243 2692 575 2774 soeminam
617 2687 861 2754 creavit
914 2682 1058 2750 illos
1108 2702 1130 2743 .-
1188 2681 1242 2746 εἰ
1295 2681 1497 2762 igitur
1548 2678 1782 2744 mulier

247 2802 456 2863 creata
481 2799 576 2860 est
600 2794 678 2860 ad
719 2791 1075 2873 imaginem
1115 2787 1264 2868 Dei,
1305 2793 1368 2853 et
1404 2788 1482 2853 ad
1509 2786 1783 2871 aequali-

247 2909 444 2970 tatem
470 2901 617 2980 viri,
648 2901 811 2965 sicut
836 2897 1045 2961 innuit
1065 2895 1358 2962 formatio
1393 2896 1535 2977 ejus
1580 2893 1659 2959 dc
1685 2894 1785 2958 la-··

247 3015 404 3093 tere,
434 3014 499 3075 et
517 3008 681 3077 ratio
715 3006 907 3070 etiam
942 3021 1141 3086 quare
1169 3003 1438 3068 formata
1476 3006 1594 3081 est,
1635 3018 1786 3066 cum

251 3122 482 3187 dicitur
546 3123 570 3158 ⁸
638 3140 653 3183 ε
730 3123 1076 3189 Faciamus
1130 3111 1530 3197 adjutorium
1579 3107 1788 3176 simile

253 3230 384 3297 sibi
429 3253 454 3295 .·
488 3230 740 3294 videtur
792 3228 994 3311 igitur
1035 3223 1226 3308 quod,
1247 3222 1318 3285 in
1356 3221 1497 3287 viro
1531 3222 1595 3282 et
1637 3236 1785 3282 mu-

255 3336 411 3419 liere
436 3337 764 3420 aequaliter
789 3333 1143 3419 reperiatur
1163 3330 1325 3395 ratio
1360 3326 1684 3410 imaginis.

341 3445 500 3510 Item
513 3446 728 3526 imago
748 3442 1091 3509 attenditur
1107 3440 1176 3504 in
1195 3438 1458 3503 homine
1478 3437 1792 3520 quantum

261 3553 345 3621 ad
356 3571 730 3637 supremum
749 3552 983 3617 animae
1002 3572 1018 3614 ι
1036 3548 1227 3613 sedin
1244 3563 1543 3629 supremo
1557 3543 1794 3608 animae

263 3681 396 3727 non
426 3665 520 3727 est
552 3660 865 3727 distinctio
890 3659 1104 3740 aliqua
1134 3653 1489 3725 secundum
1511 3669 1744 3727 sexum
1777 3667 1796 3714 z

263 3789 447 3853 ergo,
478 3769 612 3835 sive
635 3769 831 3835 homo
867 3767 950 3831 sit
976 3762 1228 3842 mulier,
1255 3762 1391 3828 sive
1414 3760 1541 3839 vir,
1574 3777 1801 3842 aequa-

264 3879 409 3947 liter
424 3881 520 3941 est
537 3877 778 3958 imago,

351 3988 508 4049 ltem
537 4002 728 4048 sexus
759 4000 893 4047 non
922 3980 1125 4046 variat
1147 3979 1422 4061 speciem
1451 3998 1468 4043 ε
1502 3995 1659 4060 ergo
1701 3977 1803 4042 vir

272 4097 336 4158 et
360 4092 591 4157 mulier
616 4094 766 4156 sunt
797 4089 1084 4172 ejusdem
1117 4086 1347 4170 speciei
1377 4109 1394 4151 t
1433 4086 1543 4151 sed
1585 4086 1803 4166 imago

274 4200 680 4284 consequitur
703 4198 1036 4273 hominem
1073 4200 1387 4280 quantum
1427 4194 1508 4258 ad
1531 4193 1806 4258 formam

274 4310 523 4395 speciei,
552 4327 687 4374 non
708 4311 1024 4391 quantum
1046 4305 1125 4372 ad
1149 4306 1424 4371 formam
1444 4299 1802 4366 individui:

275 4436 432 4501 ergo
459 4416 787 4501 aequaliter
813 4420 907 4480 est
934 4415 1007 4478 in
1031 4414 1193 4494 viro,
1219 4415 1283 4476 et
1307 4409 1598 4477 muliere.

356 4523 557 4593 Item
539 4542 758 4605 imago
791 4521 1124 4588 creationis
1158 4520 1489 4587 ordinatur
1522 4520 1606 4586 ad
1645 4519 1809 4584 ima·-

2404 626 2855 697 CONCLUSIO.

1864 777 2127 848 Imaqinis
2162 781 2339 850 ratio,
2378 786 2640 852 quantum
2691 783 2766 840 ad
2810 784 2875 840 id
2899 786 3040 857 quod
3072 792 3151 844 est
3185 787 3248 846 de
3286 789 3396 860 eius

1936 869 2345 940 complemento,
2409 888 2520 929 non
2581 875 2660 930 est
2704 875 3073 947 principalius
3126 880 3191 933 in
3249 894 3398 935 mas-

1935 958 2052 1012 culo
2089 973 2250 1028 quam
2274 962 2338 1015 in
2362 962 2588 1029 foemina
2608 981 2625 1030 ς
2666 965 2722 1019 si
2747 979 2871 1020 vero
2902 965 3310 1037 proecidentiam
3348 972 3403 1024 et

1936 1052 2205 1110 rationem
2236 1054 2612 1128 principiendi
2648 1060 3027 1131 respiciamus,
3067 1062 3255 1131 utique
3294 1062 3404 1117 ali·-

1941 1153 2043 1208 quo
2079 1140 2227 1196 modo
2248 1145 2620 1218 principalius
2656 1150 2732 1203 est
2770 1148 2834 1204 in
2859 1150 2979 1206 viro
3007 1164 3169 1221 quam
3205 1152 3269 1208 in
3300 1152 3402 1220 soe-

1941 1242 2115 1285 mma.

1953 1389 2138 1475 Resp.
2169 1394 2250 1459 ad
2273 1394 2432 1477 Arg.
2461 1395 2559 1462 Ad
2578 1398 3028 1481 praedictorum
3053 1403 3411 1485 intelligen-

1875 1497 2030 1562 tiam
2056 1503 2151 1564 est
2198 1501 2552 1567 notandum
2589 1507 2762 1588 quod
2780 1554 2798 1586 ,
2843 1509 3007 1574 sicut
3051 1529 3132 1576 ex
3172 1531 3409 1594 praece-

1874 1606 2170 1674 dentibus
2211 1614 2419 1692 patet,
2448 1612 2668 1696 imago
2694 1663 2711 1693 ,
2742 1622 3058 1698 quantum
3095 1620 3176 1684 ad
3218 1639 3414 1686 sunm

1878 1731 2034 1792 esse,
2060 1716 2487 1800 principaliter
2530 1722 2815 1786 consistit
2850 1723 2922 1788 in
2947 1725 3166 1790 anima
3187 1731 3249 1791 et
3275 1730 3416 1811 ejus

1878 1822 2200 1902 potentiis,
2228 1824 2378 1888 etin
2400 1825 2500 1890 his
2518 1829 2840 1909 potissime
2869 1834 3061 1913 prout
3081 1832 3313 1898 habent
3337 1836 3418 1901 ad

1882 1925 2084 1992 Deum
2109 1933 2393 1996 converti
2433 1956 2448 1997 t
2481 1939 2544 1999 et
2568 1941 2884 2018 quantum
2909 1939 2989 2004 ad
3019 1940 3142 2004 hoc
3167 1961 3299 2006 non
3325 1946 3421 2008 est

1884 2035 2202 2103 distinctio
2230 2043 2498 2108 masculi
2516 2045 2578 2108 et
2594 2045 2903 2125 soeminae,
2921 2049 3092 2115 servi
3116 2053 3179 2113 et
3203 2049 3416 2116 liberi:

1884 2143 2026 2210 ideo
2046 2146 2286 2229 imago,
2308 2155 2621 2232 quantum
2639 2153 2721 2218 ad
2742 2154 2809 2218 id
2830 2156 3002 2238 quod
3024 2160 3119 2221 est
3143 2156 3221 2222 de
3248 2175 3426 2222 com-

1886 2251 2206 2333 plemento
2241 2258 2412 2338 ejuS,
2444 2262 2508 2322 et
2541 2259 2620 2323 de
2658 2262 2801 2346 ejus
2841 2280 3013 2343 esse,
3041 2282 3175 2328 non
3215 2265 3427 2346 magis

1888 2364 2204 2444 reperitur
2219 2364 2287 2428 in
2299 2366 2463 2446 viro,
2484 2386 2682 2449 quam
2698 2371 2767 2432 in
2784 2370 3076 2436 muliere.
3103 2372 3427 2450 Quantum

1888 2473 2108 2533 autem
2141 2470 2220 2534 ad
2260 2471 2423 2536 hene
2462 2492 2627 2554 esse,
2658 2476 2795 2541 sive
2830 2478 2912 2543 ad
2943 2479 3277 2545 clariorem
3312 2500 3430 2545 ex-

1889 2578 2277 2659 pressionem
2298 2628 2316 2656 ,
2346 2582 2629 2646 consistit
2671 2583 2891 2666 imago
2933 2587 3004 2650 in
3041 2589 3257 2655 anima
3280 2637 3298 2668 ‚
3323 2607 3429 2655 se·-

1891 2684 2178 2748 cundum
2217 2687 2387 2768 quod
2426 2688 2507 2752 ad
2537 2706 2767 2773 corpus
2812 2691 3008 2757 habet
3049 2695 3339 2760 ordinem
3368 2699 3434 2762 et

1890 2789 2352 2857 habitudinem.
2384 2793 2464 2858 Et
2492 2797 2798 2878 quoniam
2823 2817 2906 2864 ex
2933 2804 3112 2882 parte
3152 2803 3433 2886 corporis

1892 2902 1988 2962 est
2012 2917 2291 2964 sexuum
2316 2901 2651 2985 distinctio,
2683 2909 2747 2970 et
2773 2908 3130 2972 secundum
3156 2927 3434 2976 sexuum

1894 2991 2360 3075 distinctionem
2404 3016 2615 3097 major
2644 3020 2738 3080 est
2771 3019 3267 3100 repraesentatio,
3299 3020 3435 3087 sive

1894 3123 2209 3199 quantum
2224 3119 2304 3183 ad
2322 3121 2633 3187 rationem
2653 3124 3054 3206 praesidendi,
3080 3126 3216 3192 sive
3236 3146 3438 3211 quan-

1893 3228 2037 3287 tum
2063 3224 2146 3288 ad
2175 3226 2488 3291 rationem
2530 3229 2953 3314 principiandi
2974 3278 2991 3312 ,
3024 3234 3178 3315 quia
3204 3235 3306 3300 vir
3343 3238 3441 3299 est

1896 3337 2090 3414 caput
2116 3333 2422 3412 mulieriS,
2446 3340 2511 3400 et
2534 3336 2641 3401 vir
2667 3342 2760 3402 est
2788 3339 3176 3422 principium
3209 3343 3439 3408 mulie-

1898 3440 2012 3519 riS,
2032 3446 2098 3506 et
2121 3459 2252 3505 non
2274 3443 2376 3508 vir
2397 3440 2656 3528 propter
2685 3445 3048 3531 mulierem,
3062 3447 3172 3513 sed
3208 3450 3441 3517 mulier

1898 3552 2159 3632 propter
2196 3550 2410 3615 virum
2452 3572 2468 3615 ι
2510 3556 2826 3635 quantum
2874 3554 2957 3619 ad
3006 3556 3180 3621 hunc
3221 3558 3443 3641 utique

1904 3657 2171 3721 modum
2192 3658 2621 3725 excellentiori
2646 3662 2837 3728 modo
2871 3665 3187 3746 reperitur
3221 3665 3441 3747 imago

1905 3762 1976 3826 in
2000 3781 2162 3829 sexu
2205 3765 2559 3831 masculino
2576 3814 2594 3845 ,
2636 3787 2836 3851 quam
2879 3770 3210 3837 foeminino
3252 3795 3266 3836 ε
3310 3791 3444 3837 non

1905 3872 2151 3935 ratione
2172 3874 2314 3953 ejus
2337 3873 2505 3955 quod
2526 3878 2621 3939 est
2637 3875 2715 3940 de
2735 3894 2870 3941 esse
2888 3877 3086 3960 ipsius
3110 3879 3437 3961 imaginis,

1908 3978 2017 4043 sed
2040 3979 2285 4043 ratione
2309 3981 2453 4061 eJus
2479 3982 2653 4063 quod
2678 3982 2939 4067 adjacet.
2982 3984 3062 4050 Et
3091 3988 3445 4054 secundum

1909 4087 2032 4152 hoc
2056 4087 2208 4151 satis
2230 4087 2415 4170 plane
2437 4093 2640 4171 potest
2664 4091 3028 4174 responderi
3050 4094 3133 4159 ad
3158 4094 3441 4179 objecta:

1911 4197 2187 4262 rationes
2212 4201 2386 4260 enim
2425 4197 2823 4264 ostendentes
2862 4202 3029 4282 quod
3066 4219 3200 4266 non
3239 4203 3446 4286 magis

1913 4308 2005 4368 est
2030 4303 2250 4387 imago
2280 4304 2419 4385 vir,
2447 4323 2644 4388 quam
2679 4307 2945 4387 mulier,
2983 4309 3337 4391 procedunt
3371 4308 3449 4374 de

1832 4413 2202 4501 imagine
2249 4417 2566 4496 quantum
2611 4416 2690 4480 ad
2736 4432 2931 4480 suum
2966 4416 3250 4499 primum
3290 4436 3450 4501 esse,

1917 4522 2083 4587 sicut
2104 4521 2378 4585 intuenti
2402 4523 2607 4605 patet,
2590 4543 2606 4558 ·
2641 4521 2933 4586 rationes'
2959 4540 3116 4588 vero
3146 4521 3227 4587 ad
3252 4540 3457 4609 oppo-

278 4632 503 4721 ginem
526 4630 951 4710 recreationis,
979 4630 1114 4697 sive
1142 4627 1667 4712 gratificationis·
1699 4625 1813 4693 sed
1917 4631 2114 4696 situm
2154 4630 2503 4713 procedunt
2546 4629 2624 4695 de
2669 4630 2954 4712 imagine
3007 4634 3325 4712 quantum
3375 4629 3457 4695 ad

278 4741 497 4822 imago
520 4737 958 4816 recreationis,
986 4754 1136 4821 quae
1172 4736 1456 4803 consistit
1494 4735 1568 4803 in
1602 4736 1816 4818 gratia
1920 4739 2205 4822 aliquam
2225 4737 2674 4802 accidentalem
2691 4736 3162 4822 proprietatem,
3181 4738 3318 4804 sive
3343 4755 3459 4823 per

281 4850 346 4915 et
367 4846 752 4924 virtutibus,
789 4845 881 4910 ita
911 4844 1291 4911 excellenter
1330 4847 1536 4929 potest
1572 4862 1712 4910 esse
1745 4844 1819 4908 in
1921 4848 2298 4915 relationem
2325 4848 2406 4913 ad
2427 4865 2679 4931 corpus.

282 4956 575 5036 muliere,
601 4954 810 5021 sicut
793 4971 864 5017 in
888 4953 1079 5023 viro:
1108 4970 1268 5036 argo
1293 4952 1435 5037 pari
1469 4952 1723 5017 ratione
1747 4954 1816 5017 et
2002 4954 2105 5022 Ad
2147 4954 2306 5021 illud
2355 4957 2568 5019 antem
2601 4952 2774 5038 quod
2811 4953 2964 5018 dicit
3006 4951 3345 5038 Apostolus
3399 4956 3465 5017 et
3490 4977 3626 5035 nesp-
3649 4975 3706 5020 aa

283 5064 502 5146 imago
530 5060 883 5141 creationis,
910 5061 982 5124 in
1006 5077 1137 5143 qua
1165 5060 1455 5127 conditus
1477 5063 1575 5126 est
1595 5059 1815 5127 homo.
1926 5064 2145 5132 Glossa
2164 5111 2181 5144 ,
2210 5065 2385 5148 quod
2425 5063 2529 5128 vir
2573 5065 2669 5128 est
2704 5063 2925 5145 imago
2965 5065 3030 5128 et
3068 5062 3277 5146 gloria
3310 5060 3461 5144 Dei;
3492 5051 3704 5147 ⁸334&

341 5188 529 5253 taem,
557 5185 983 5255 1,2·1.-⁸aen.,
1014 5198 1074 5255 n,
1113 5188 1192 5238 is.
1930 5172 2271 5240 dicendum
2313 5172 2485 5256 quod
2536 5172 2640 5239 vir
2681 5170 2989 5255 accipitur
3032 5170 3467 5256 metaphorice
3525 5170 3610 5210 ’θ’
3638 5169 3683 5209 ²·

507 5260 514 5269 ’
1934 5301 2053 5366 pro
2081 5280 2395 5364 superiori
2427 5283 2608 5363 parte
2647 5280 2944 5356 rationis,
2977 5284 3043 5344 et
3083 5278 3320 5345 mulier
3354 5297 3474 5362 pro

1938 5391 2249 5466 interiori,
2277 5392 2440 5453 sicut
2462 5390 2726 5471 exponit
2757 5388 3189 5470 Augustiana,
3220 5386 3299 5454 de
3334 5386 3482 5457 Tri-

3095 5503 3169 5565 41
