4125 6225
1320 446 1512 514 DIST.
1558 447 1661 513 lv.
1706 448 1888 514 ART.
1934 450 1979 513 Ι.
2026 448 2322 526 QUAEST.
2368 449 2417 513 Ι.

261 585 517 651 arbitrii
533 586 606 649 in
622 586 832 666 beate,
850 585 971 650 nisi
986 603 1101 669 per
1120 585 1394 667 gloriam
1428 608 1444 648 ε
1474 602 1654 667 erg0‚
1689 589 1808 649 etc.

260 692 405 757 Aut
429 694 483 757 si
503 695 674 759 dicas
693 695 865 778 quod
893 713 1024 758 non
1046 694 1262 759 debuit
1286 694 1510 771 facere,
1537 692 1659 756 hoc
1681 711 1814 757 non

264 801 550 880 videtur,
570 803 723 884 quia
743 801 959 866 debuit
981 803 1183 865 facere
1206 820 1307 866 res
1327 801 1567 883 optimo
1589 800 1806 864 modo:

260 907 387 971 sed
432 908 547 972 iste
596 913 690 973 est
732 909 1012 991 optimus
1053 913 1253 972 status
1297 908 1497 990 ipsius
1541 907 1753 988 angeli
1795 929 1810 970 ε

262 1031 440 1095 ergo
467 1016 791 1098 aliquem
774 1035 844 1080 ιιι
870 1017 992 1081 hoc
1017 1020 1184 1080 statu
1210 1016 1427 1081 debuit
1453 1016 1675 1079 facere.

360 1122 819 1189 Contra¹21lle
865 1127 941 1190 in
982 1127 1243 1191 veritate
1281 1140 1411 1189 non
1451 1123 1679 1190 stetit:
1707 1120 1817 1185 sed

262 1229 604 1295 beatitudo
640 1236 734 1295 est
771 1214 971 1296 status
1005 1231 1298 1297 omnium
1341 1231 1661 1295 bonorum
1698 1247 1813 1310 ag-

264 1338 655 1419 gregatione
688 1339 1041 1421 perfectus:
1069 1357 1226 1419 ergo
1254 1343 1348 1403 est
1377 1341 1576 1401 status
1606 1337 1676 1401 in
1709 1354 1817 1402 ve-

263 1444 465 1507 ritate
497 1463 513 1507 :
543 1463 700 1526 ergo
727 1441 975 1509 Lucifer
1001 1462 1134 1509 non
1171 1444 1291 1508 fuit
1325 1444 1526 1508 factus
1561 1444 1812 1522 beatuS,

264 1552 391 1616 sed
417 1553 583 1616 inter
605 1571 829 1617 omnes
856 1554 1168 1637 perfectus
1193 1556 1257 1616 et
1281 1551 1509 1616 nobilis
1536 1555 1630 1615 est
1656 1568 1814 1614 con-

263 1659 492 1722 ditus:
520 1678 700 1742 erg0‚
731 1665 852 1724 etc.

361 1766 519 1831 Item
569 1768 896 1850 objicitur,
950 1768 1122 1850 quod
1170 1767 1635 1851 perseverantia
1682 1765 1817 1829 sive

264 1876 583 1939 securitas
609 1880 704 1941 est
731 1876 809 1940 de
840 1877 1108 1940 essentia
1135 1876 1270 1941 sive
1300 1874 1651 1940 substantia
1676 1874 1818 1937 bea-

266 1982 601 2063 titudinis3
648 1985 872 2048 beatus
916 1984 1091 2049 enim
1123 2002 1255 2047 non
1299 1988 1414 2060 est,
1462 1983 1574 2065 qui
1619 1986 1821 2064 potest

268 2089 565 2153 amittere
594 2091 838 2154 bonum
867 2092 1036 2173 quod
1064 2091 1257 2154 habet
1283 2112 1298 2154 ε
1326 2089 1433 2154 sed
1466 2088 1680 2170 angeli
1715 2105 1821 2170 po-

270 2201 543 2261 tuerunt
563 2199 875 2277 amittere,
904 2198 1055 2281 quia
1079 2198 1466 2262 amiserunt:
1489 2213 1669 2277 erg0,
1695 2198 1816 2259 etc.

363 2303 518 2368 Item
553 2306 769 2370 nullus
809 2306 1130 2385 laudatur,
1161 2305 1265 2369 vel
1301 2306 1722 2386 vituperatur,
1751 2303 1820 2365 in

269 2411 381 2475 his
414 2431 562 2494 quae
606 2412 863 2477 habeta
885 2417 1117 2476 natura
1146 2412 1251 2475 vel
1285 2411 1684 2475 conditione:
1712 2409 1820 2474 sed

272 2520 443 2584 sicut
479 2520 868 2584 damnationi
904 2520 1228 2584 essentiale
1258 2523 1353 2583 est
1386 2519 1782 2601 vituperium
1799 2566 1815 2596 ,

272 2625 370 2691 ita
393 2626 769 2690 beatitudini
796 2628 1141 2692 essentialis
1168 2630 1261 2690 est
1288 2626 1427 2690 laus
1457 2644 1474 2688 ε
1511 2644 1667 2707 ergo
1694 2625 1816 2689 im-

273 2734 578 2817 possibile
606 2738 699 2798 est
727 2735 896 2817 quod
921 2735 1149 2817 aliquis
1185 2735 1407 2799 beatus
1431 2734 1512 2798 sit
1535 2753 1574 2797 a
1602 2734 1815 2798 condi-

272 2841 484 2920 tione,
512 2840 641 2905 imo
668 2845 762 2905 est
786 2842 1216 2924 repugnantia
1242 2842 1312 2905 in
1339 2829 1603 2922 adjecto·

362 2947 520 3012 Item
547 2952 660 3013 aut
684 2967 907 3013 omnes
931 2950 1076 3013 fecit
1097 2950 1264 3013 Deus
1295 2949 1537 3024 beatOS,
1567 2950 1679 3011 aut
1705 2946 1821 3010 ali-

274 3074 444 3141 quos
474 3079 489 3121 :
519 3074 652 3122 non
688 3075 944 3137 omnes,
986 3061 1227 3123 constat
1245 3106 1263 3138 ,
1305 3056 1456 3140 quia
1492 3054 1705 3140 plures
1740 3072 1822 3118 ex

275 3164 375 3229 eis
399 3164 789 3246 ceciderunt;
817 3183 950 3230 non
974 3165 1245 3247 aliquOS,
1274 3169 1348 3231 ut
1367 3164 1643 3242 videtur,
1670 3162 1822 3245 quia

274 3276 439 3337 tunc
474 3273 566 3337 illi
604 3274 1037 3357 praecellerent
1069 3273 1225 3338 alios
1260 3273 1441 3356 quasi
1476 3270 1821 3355 praeexcel-

274 3379 477 3446 lentia
527 3380 1069 3465 improportionali
1111 3399 1129 3444 z
1177 3398 1336 3462 ergo
1389 3379 1636 3445 Lucifer
1687 3397 1821 3443 non

274 3489 503 3554 fuisset
529 3508 724 3554 ausus
753 3508 821 3553 se
845 3489 937 3553 eis
971 3506 1342 3572 praeponere
1370 3511 1384 3551 ε
1414 3487 1588 3570 quod
1621 3486 1677 3550 si
1703 3505 1822 3551 au-

278 3615 396 3661 sus
418 3601 532 3677 oet,
548 3596 802 3661 videtur
823 3596 993 3679 quod
1015 3596 1175 3660 nulli
1194 3595 1432 3660 conditi
1451 3597 1605 3659 sunt
1625 3593 1816 3659 beati.

280 3705 355 3770 Si
399 3709 473 3769 tu
507 3704 678 3770 dicas
716 3704 890 3787 quod
928 3706 1237 3787 majorem
1279 3702 1610 3768 audaciam
1654 3719 1822 3784 prae·

281 3811 601 3896 sumpsit,
651 3811 884 3876 scilicet
939 3811 1320 3894 aequiparari
1373 3812 1497 3876 Deo
1514 3860 1532 3891 ,
1583 3816 1823 3894 quanto

282 3919 498 4002 magis
534 3937 800 4003 praeesse
838 3919 1067 3998 beatis;
1099 3919 1308 3983 adhuc
1342 3936 1475 3983 non
1502 3906 1700 3983 'solvit
1726 3937 1742 3993 ;
1772 3919 1824 3982 si

283 4027 462 4091 enim
504 4026 669 4091 Deus
708 4027 924 4091 beatos
964 4026 1243 4091 condidit
1277 4028 1540 4108 angelos
1573 4028 1654 4091 ab
1690 4028 1827 4109 ipsa

285 4133 671 4214 conditione,
698 4134 819 4198 hoc
844 4134 967 4198 fuit
989 4134 1141 4217 quia
1159 4138 1409 4198 naturae
1432 4152 1658 4200 eorum
1680 4152 1827 4199 con-

285 4243 556 4307 sonabat
586 4246 660 4308 ut
686 4243 806 4308 sub
832 4243 941 4307 tali
976 4242 1356 4325 perfectione
1382 4248 1445 4306 et
1469 4247 1602 4307 tam
1629 4242 1827 4307 nobili

286 4351 517 4414 fierent
545 4368 563 4413 ε
593 4348 647 4413 si
691 4367 847 4431 ergo
888 4348 1157 4427 Lucifer,
1199 4353 1273 4414 ut
1315 4349 1531 4413 dicunt
1574 4348 1823 4429 Sancti,

288 4462 355 4523 et
382 4457 682 4540 Magister
707 4458 856 4523 dicit
880 4458 951 4521 in
979 4457 1419 4540 sequentibus,
1450 4456 1827 4540 splendidis-

288 4567 458 4631 sima
484 4566 710 4630 habuit
730 4566 1065 4647 naturalia,
1091 4567 1302 4646 magiS
1328 4565 1566 4644 debuit,
1589 4570 1652 4631 et
1677 4584 1828 4631 con-

290 4693 536 4757 gruum
559 4674 703 4754 fuit,
729 4674 928 4757 ipsius
951 4677 1245 4739 naturam
1269 4673 1474 4755 gloria
1496 4673 1822 4755 insigniri:

290 4783 460 4865 quod
487 4783 541 4847 si
567 4783 723 4866 ipse,
749 4786 823 4848 ut
846 4784 1041 4866 patet,
1068 4781 1290 4847 beatus
1313 4782 1512 4849 factus
1537 4800 1668 4846 non
1693 4784 1822 4859 est,

290 4895 493 4973 patet,
524 4893 644 4955 etc.

362 5037 377 5066 ¹
402 5035 564 5099 Joan„
592 5044 719 5098 vm,
755 5035 835 5085 44.
856 5058 920 5073 —
945 5033 967 5069 ¹
988 5035 1141 5098 Aug„
1168 5031 1228 5081 de
1263 5031 1415 5082 civit.
1442 5032 1569 5093 Dei,
1609 5031 1699 5083 lib.
1726 5033 1793 5083 xl
1809 5069 1827 5098 ,

298 5118 344 5227 ξ.
364 5104 744 5228 {1.n-2:¹16id.,
772 5119 819 5156 c.
837 5116 948 5156 ιιι.
970 5130 1034 5145 —
1058 5105 1082 5141 ὀ
1103 5103 1199 5165 ld„
1238 5102 1299 5153 de
1335 5105 1551 5156 correct.
1585 5108 1634 5155 et
1659 5104 1827 5168 Grac„

334 5213 347 5226 .
403 5213 420 5240 ,
488 5210 501 5227 .
592 5214 603 5227 .

363 5267 429 5329 (a)
460 5266 662 5332 Coi-riq.
684 5270 832 5318 erant
850 5271 1125 5333 antequam
1147 5266 1413 5331 caderent,
1442 5270 1501 5318 ut
1520 5269 1656 5332 apud
1677 5270 1827 5334 Aug„

296 5340 335 5389 t.
354 5338 429 5403 X,
454 5353 507 5403 p.
525 5340 637 5403 ¹164,
665 5340 788 5390 edit.
808 5339 1069 5391 Benedict.
1090 5365 1147 5377 —
1173 5338 1234 5403 (b)
1264 5339 1387 5391 Coet.
1414 5339 1535 5390 edit.
1565 5340 1827 5405 quiddam.

3334 451 3451 513 349

2455 645 2901 716 CONCLUSIO.

1923 817 2128 888 Anqeli
2156 819 2281 874 boni
2314 835 2424 875 non
2445 821 2668 887 fuer-imi
2692 822 2862 875 creati
2885 823 2948 875 in
2968 823 3118 874 statu
3156 817 3452 873 beatitudi-

1994 910 2100 973 nis,
2127 912 2176 962 si
2204 909 2478 964 beatitudo
2505 914 2707 965 statum
2733 912 3048 981 perfectum,
3078 925 3196 964 cum
3218 911 3455 963 omnium

1998 997 2249 1053 bonorum
2269 999 2628 1070 plenitudine,
2651 1002 2854 1054 visione
2880 1001 2981 1054 Dei
2997 1001 3171 1066 clara,
3197 1001 3455 1054 tentione-

1994 1103 2095 1156 que
2114 1090 2375 1159 perfecta,
2406 1088 2664 1154 claudam
2695 1088 2836 1159 quod
2858 1091 2907 1144 si
2939 1089 3211 1145 beatitudo
3243 1093 3455 1144 tantum

1993 1176 2144 1232 dicat
2162 1181 2526 1250 privationem
2545 1181 2910 1250 cujuscumque
2934 1181 3098 1246 mali,
3134 1183 3246 1235 tam
3266 1180 3455 1251 culpw,

1995 1283 2158 1338 quam
2177 1284 2369 1339 poenae,
2402 1268 2548 1324 beati
2574 1270 2744 1324 creati
2762 1271 3005 1337 fuerunt.

2004 1443 2189 1526 Resp.
2214 1445 2295 1509 ad
2316 1446 2473 1527 Arg.
2502 1444 2870 1523 Dicendum,
2896 1445 3061 1509 sicut
3081 1449 3458 1528 praetactum
3538 1461 3695 1521 opinio

1925 1555 2020 1614 est
2044 1571 2240 1634 supra
2265 1575 2279 1616 :
2311 1551 2746 1629 Quorumdam
2770 1552 2983 1636 opinio
3011 1552 3131 1616 fuit
3156 1553 3326 1634 quod
3352 1571 3461 1616 an-
3485 1526 3606 1570 ‘⁸¹⁸⁸‘

1926 1659 2090 1740 geli,
2140 1660 2292 1742 quia
2334 1665 2483 1725 sunt
2524 1661 2880 1743 spirituales
2923 1664 2985 1723 et
3028 1661 3338 1738 actualeS,
3389 1660 3459 1722 in

1928 1767 2191 1832 instanti
2217 1787 2355 1833 suae
2383 1767 2713 1833 creationis
2750 1769 3007 1832 fuerunt
3040 1767 3110 1830 in
3136 1771 3280 1832 actu
3308 1784 3457 1830 con-

1926 1876 2258 1955 versioniS,
2307 1879 2370 1940 et
2412 1876 2795 1953 aversionis;
2851 1877 2913 1939 et
2959 1874 3124 1938 sicut
3153 1874 3219 1936 in
3255 1873 3462 1955 prima

1926 1983 2256 2048 aversione
2294 1987 2446 2047 sunt
2480 1982 2762 2046 damnati
2808 1981 3189 2045 aeternaliter
3222 1979 3312 2043 illi
3348 1979 3460 2061 qui

1927 2092 2137 2155 aversi
2180 2096 2361 2169 sunt,
2414 2091 2503 2154 ita
2546 2091 2616 2154 in
2662 2090 2869 2172 prima
2917 2087 3328 2152 conversione
3372 2087 3461 2150 illi

1928 2197 2262 2279 glorificati
2280 2204 2432 2263 sunt
2449 2198 2830 2262 aeternaliter
2846 2196 2960 2280 qui
2977 2195 3266 2260 conversi
3286 2198 3457 2259 sunt:

1927 2311 1989 2369 et
2035 2307 2126 2370 ita
2168 2307 2385 2370 dicunt
2428 2305 2805 2371 intellexisse
2852 2303 3360 2385 Augustinum¹,
3402 2307 3464 2364 et

1926 2411 2120 2476 fuisse
2139 2415 2279 2493 ejus
2301 2413 2698 2495 positionem,
2720 2411 2889 2494 quod
2911 2411 3111 2494 aliqui
3133 2412 3258 2475 sint
3273 2409 3464 2476 creati

1926 2519 2093 2582 beati
2129 2523 2191 2582 et
2230 2519 2514 2599 formati,
2550 2519 2705 2601 quia
2743 2518 2939 2581 simul
2971 2523 3290 2600 tempore,
3320 2517 3465 2580 licet

1924 2626 2239 2707 posterius
2265 2632 2494 2690 natura
2512 2674 2529 2704 ,
2559 2625 2797 2688 factum
2824 2628 2917 2687 est
2950 2623 3185 2688 coelum
3214 2627 3275 2687 et
3306 2623 3421 2686 lux
3441 2669 3458 2698 ,

1924 2732 1990 2797 id
2021 2736 2148 2813 est,
2182 2734 2469 2815 angelica
2502 2738 2732 2797 natura
2763 2732 3050 2795 informis
3075 2736 3139 2796 et
3169 2732 3458 2796 formata.

1926 2839 2066 2905 Lux
2092 2842 2288 2920 enim,
2321 2845 2392 2906 ut
2416 2841 2566 2905 dicit
2588 2839 2992 2921 Augustinus
3011 2845 3057 2918 ³,
3082 2838 3159 2905 de
3185 2839 3461 2905 Ciuitate

1926 2949 2079 3029 Dei,
2117 2950 2416 3014 dicuntur
2453 2948 2668 3030 angeli
2686 2996 2704 3028 ,
2742 2948 2898 3029 quia
2932 2946 3273 3011 illuminati
3312 2952 3463 3010 sunt

1924 3061 1999 3122 ut
2017 3058 2200 3123 beate
2217 3075 2591 3142 semperque
2610 3056 2920 3122 viverent.
2944 3054 3065 3120 Sed
3087 3057 3302 3119 tamen
3319 3053 3461 3119 haec

1923 3164 2151 3246 positio
2184 3184 2378 3249 supra
2420 3164 2776 3247 improbata
2810 3166 2937 3243 est,
2966 3167 3274 3245 tanquam
3302 3162 3459 3226 falsa

1925 3276 1989 3335 et
2014 3290 2313 3350 erronea,
2351 3273 2593 3337 ratione
2618 3271 2791 3335 illius
2818 3270 3013 3353 partis
3037 3287 3184 3353 quae
3212 3269 3402 3334 dicit
3385 3288 3455 3332 ιιι

1924 3378 2134 3461 primo
2166 3381 2426 3444 instanti
2461 3380 2653 3445 fuisse
2687 3398 2961 3444 aversos.
3000 3378 3266 3444 Ratione
3304 3377 3459 3442 alte·
3486 3380 3704 3490 mlmrifro·

1926 3486 2063 3551 rius
2110 3488 2302 3571 partis
2344 3487 2483 3570 pari
2529 3488 2771 3553 ratione
2821 3487 3178 3570 improbata
3222 3490 3351 3566 est,
3400 3490 3462 3550 et

1924 3599 2096 3677 patet
2139 3596 2375 3660 falsitas
2416 3613 2529 3679 per
2567 3595 3048 3676 Augustinum‚
3091 3593 3170 3660 de
3210 3594 3465 3660 Correo-

1929 3704 2097 3768 tione
2129 3710 2190 3769 et
2218 3705 2463 3783 Gratia,
2493 3703 2607 3767 ubi
2635 3702 2787 3767 dicit
2806 3707 2830 3743 '0
2853 3702 3024 3786 quod
3054 3726 3085 3764 α
3110 3702 3325 3783 angeli
3352 3701 3467 3766 etsi

1927 3811 2094 3874 beati
2120 3812 2245 3876 sint
2265 3811 2373 3893 (a),
2404 3815 2540 3876 erat
2561 3815 2775 3875 tamen
2803 3810 3013 3875 adhuc
3038 3810 3209 3893 quod
3236 3828 3465 3876 eorum

1928 3916 2307 3982 beatitudini
2348 3917 2715 3998 adderetur,
2763 3917 2817 3981 si
2862 3916 3375 4000 permansissent.
3425 3939 3456 3977 n

1930 4023 2184 4090 Constat
2221 4025 2390 4108 quod
2421 4024 2795 4091 beatitudIni
2831 4028 2894 4089 et
2928 4025 3181 4107 gloriae,
3211 4042 3362 4089 cum
3387 4024 3469 4087 sit

1927 4133 2353 4214 invariabilis,
2396 4151 2530 4198 non
2568 4135 2643 4197 fit
2678 4133 2913 4198 additio
2946 4156 2960 4199 :
2991 4137 3234 4197 constat
3270 4132 3464 4197 etiam

1929 4243 2101 4322 quod
2121 4241 2402 4324 loquitur
2423 4240 2847 4306 communiter
2868 4241 2946 4305 de
2967 4241 3149 4305 bonis
3170 4245 3233 4305 et
3254 4240 3460 4318 maiia,

1930 4369 2081 4416 cum
2107 4350 2297 4415 dicit:
2329 4372 2361 4411 α
2387 4348 2453 4414 Si
2480 4349 3051 4433 permansissent.»
3079 4348 3156 4414 Et
3183 4349 3323 4414 ideo
3350 4348 3465 4414 ali-
3547 4353 3704 4410 opimo

1929 4461 2026 4523 ter
2050 4462 2146 4523 est
2171 4458 2542 4536 dicendum,
2576 4457 2746 4541 quod
2774 4456 3097 4521 beatitudo
3129 4430 3595 4539 duplicitervera

1931 4570 2135 4651 potest
2163 4566 2337 4633 dici.
2367 4586 2499 4632 uno
2527 4567 2739 4645 modo,
2767 4570 2966 4631 status
2991 4566 3304 4649 perfectus
3330 4566 3466 4649 ple·-

1931 4674 2223 4739 nitudine
2250 4674 2458 4738 omnis
2482 4674 2632 4739 boni
2649 4723 2666 4752 ‚
2697 4677 2759 4738 et
2785 4674 2927 4738 haec
2952 4673 3129 4756 ponit
3153 4673 3463 4739 visionem

1932 4780 2043 4846 Dei
2074 4782 2309 4846 claram
2327 4829 2344 4859 ‚
2375 4785 2437 4846 et
2468 4781 2815 4847 tentionem
2845 4781 3184 4864 perfectam
3198 4828 3218 4858 ,
3250 4785 3312 4844 et
3345 4780 3467 4845 hoc

1933 4889 2123 4954 modo
2156 4888 2371 4971 angeli
2403 4906 2536 4953 non
2571 4891 2721 4953 sunt
2750 4888 2943 4953 creati
2969 4887 3168 4965 beati,
3197 4905 3316 4952 nec
3349 4887 3467 4952 ali·

1933 4996 2046 5079 qui
2066 5045 2083 5076 ‚
2114 5015 2232 5061 nec
2268 5014 2525 5075 omneS,
2558 4997 2668 5061 sed
2700 4997 3063 5061 habuerunt
3090 4995 3350 5077 quidam
3383 4995 3461 5078 (b)

1934 5126 2015 5172 ex
2037 5107 2130 5172 eis
2153 5108 2223 5172 in
2248 5108 2385 5191 ipsa
2410 5106 2916 5184 confirmatione;
2945 5105 3069 5171 alio
3095 5105 3287 5170 modo
3313 5105 3470 5170 dici-

1932 5218 2040 5279 tur
2055 5215 2376 5280 beatitudo
2399 5218 2599 5279 status
2622 5214 2931 5297 perfectus
2952 5212 3307 5295 privatione
3327 5230 3467 5277 om·

1932 5322 2034 5385 nis
2075 5322 2226 5386 mali
2264 5325 2394 5385 tam
2430 5338 2667 5404 poenae,
2696 5336 2894 5402 quam
2928 5318 3134 5401 culpae
3159 5366 3176 5395 ,
3209 5323 3274 5383 et
3311 5319 3468 5383 tales

1935 5429 2129 5494 creati
2147 5434 2297 5494 sunt
2316 5428 2562 5511 angeli,
2584 5428 2738 5511 quia
2759 5426 3135 5492 innocentes
3157 5429 3222 5490 et
3241 5425 3472 5509 impas-
