4125 6225
662 475 665 476 ἢ
779 503 897 564 276

774 638 965 699 testas
983 630 1311 697 coercendi
1336 629 1621 695 subditos
1635 677 1653 708 ,
1683 631 1746 693 et
1767 627 1889 693 hoc
1913 627 2037 692 fuit
2056 643 2307 709 semper

774 737 843 800 in
871 735 1018 800 Deo.
1047 733 1444 798 Contrarium
1466 736 1685 796 autem
1719 731 1995 810 videtur,
2023 729 2179 811 quia
2199 746 2306 792 re-

774 844 969 908 lativa
990 841 1182 906 simul
1208 844 1357 905 sunt
1386 843 1616 904 natura
1646 860 1660 903 :
1693 843 1754 902 et
1775 856 1999 902 servus
2024 855 2157 901 non
2185 836 2308 900 fuit

775 956 857 1020 ab
881 958 1123 1019 aeterno
1157 976 1171 1017 :
1203 970 1361 1033 ergo
1387 970 1505 1016 nec
1537 950 1864 1014 Dominus,

854 1063 1040 1146 Resp.
1079 1059 1426 1125 Dicendum
1466 1059 1639 1141 quod
1678 1057 1887 1121 differt
1928 1056 2170 1136 dicere,
2201 1073 2307 1120 se-

774 1171 1060 1235 cundum
1085 1168 1528 1249 Augustinum
1545 1174 1589 1243 ¹,
1616 1164 1853 1247 aliquid
1871 1164 2010 1229 fieri
2025 1179 2109 1228 ea:
2136 1168 2306 1226 tem-

773 1295 962 1359 pore,
992 1281 1055 1340 et
1094 1278 1168 1341 in
1204 1278 1519 1355 tempore,
1546 1275 1608 1334 et
1646 1288 1790 1336 cum
1827 1273 2155 1353 tempore:
2191 1270 2307 1332 Ex

773 1383 948 1448 enim
978 1382 1277 1465 importat
1309 1379 1629 1456 ordinem;
1662 1380 1736 1443 in
1767 1377 2069 1459 importat
2095 1376 2307 1439 conti-

771 1489 1086 1566 nentiam;
1114 1505 1257 1553 cum
1283 1488 1585 1570 importat
1606 1485 1995 1549 simultatem
2026 1506 2042 1547 ι
2074 1488 2138 1548 et
2164 1483 2306 1546 ideo

770 1597 934 1661 nihil
955 1596 1308 1660 estfactum
1329 1595 1396 1658 in
1422 1598 1729 1675 tempore,
1751 1610 1870 1656 nec
1889 1610 1973 1655 ex
1994 1596 2303 1673 tempore,

771 1704 895 1768 nisi
921 1703 1094 1786 quod
1120 1702 1449 1767 exceditur
1485 1719 1526 1764 a
1562 1704 1871 1781 tempore.
1905 1697 2068 1774 Quia
2107 1697 2308 1778 igitur

771 1814 1056 1892 tempuS,
1103 1814 1166 1873 et
1201 1827 1278 1872 ea
1321 1824 1468 1891 quae
1507 1807 1578 1870 in
1616 1805 1963 1889 primordio
2003 1803 2308 1886 temporis

772 1920 983 1980 creata
1000 1918 1170 1995 sunt,
1186 1934 1225 1979 a
1243 1918 1531 1997 tempore
1556 1931 1686 1977 non
1708 1912 2134 1990 exceduntur3
2165 1911 2308 1975 ideo

771 2023 921 2088 dicit
959 2042 1036 2087 ea
1080 2041 1213 2087 esse
1259 2025 1469 2086 creata
1514 2039 1665 2084 cum
1708 2025 2023 2102 tempore,
2059 2036 2192 2082 non
2238 2019 2308 2082 in

771 2134 1088 2214 tempore,
1113 2148 1231 2195 nec
1256 2149 1339 2195 ex
1361 2132 1669 2211 tempore.
1696 2129 1774 2193 Et
1799 2128 1940 2192 ideo
1967 2145 2113 2191 cum
2144 2126 2309 2190 Deus

773 2238 1017 2302 dicatur
1034 2238 1342 2302 Dominus
1370 2240 1660 2318 respectu
1685 2235 1895 2299 omnis
1924 2233 2017 2298 rei
2044 2237 2271 2297 creatae
2289 2280 2307 2310 ,

773 2344 942 2410 Deus
978 2364 1110 2410 non
1149 2346 1355 2428 potuit
1389 2345 1667 2428 incipere
1709 2343 2008 2407 dominus
2047 2359 2183 2405 esse
2228 2359 2311 2405 ex

771 2456 1081 2536 tempore,
1111 2454 1322 2518 necin
1338 2458 1646 2536 tempore,
1678 2449 1932 2534 proprie
1949 2447 2309 2531 accipiendo

771 2558 1216 2625 habitudinem
1233 2564 1395 2642 ejuS,
1417 2560 1590 2642 quod
1612 2564 1707 2623 est
1729 2573 1814 2623 ex
1831 2561 1895 2622 et
1919 2558 1994 2622 in
2005 2576 2031 2636 ,·
2057 2573 2175 2619 nos
2192 2573 2311 2619 au-

773 2675 904 2736 tem
931 2672 1000 2735 in
1026 2671 1352 2737 communi
1381 2688 1675 2734 sermone
1717 2670 1896 2751 large
1937 2667 2307 2751 accipimus·

774 2778 956 2859 Quod
982 2783 1198 2844 autem
1224 2778 1561 2861 quaeritur,
1586 2781 1811 2843 utrum
1844 2776 2008 2841 Deus
2033 2777 2311 2858 incoepe-

772 2890 857 2950 rit
879 2903 1014 2951 esse
1040 2886 1369 2964 dominus,
1415 2884 1755 2949 dicendum
1790 2883 1961 2966 quod
1995 2885 2312 2949 Dominus

772 3008 906 3054 uno
962 2990 1152 3054 modo
1203 2990 1505 3074 importat
1556 2994 1931 3073 potestatem
1978 2991 2310 3054 coercendi

773 3097 1079 3178 subditoS,
1101 3101 1166 3162 et
1187 3097 1276 3161 sic
1303 3097 1454 3163 dicit
1470 3096 1943 3181 praesidentiam
1957 3096 2311 3161 secundum

773 3204 1069 3270 habitum
1085 3254 1102 3286 ,
1143 3210 1207 3270 et
1239 3206 1539 3271 convenit
1580 3205 1706 3270 Deo
1741 3204 1822 3269 ab
1868 3209 2127 3269 aeterno.
2170 3204 2313 3268 Alio

775 3312 965 3376 modo
992 3313 1295 3395 importat
1325 3312 1800 3396 praesidentiam
1826 3312 2143 3377 actualem
2169 3329 2310 3376 res-

774 3422 962 3500 pectu
983 3419 1185 3497 servi,
1211 3423 1277 3483 et
1300 3419 1391 3483 sic
1415 3419 1673 3501 incoepit
1699 3437 1833 3484 esse
1852 3418 2154 3484 dominus
2179 3436 2313 3483 non
2363 3486 2368 3491 ,

774 3527 1022 3592 ratione
1050 3528 1421 3593 mutationis
1443 3529 1623 3593 factae
1642 3527 1713 3592 in
1737 3528 1877 3611 ipso
1892 3578 1909 3606 ,
1940 3528 2051 3593 sed
2069 3528 2314 3592 ratione

777 3635 1148 3700 mutationis
1171 3636 1353 3702 factae
1375 3635 1448 3701 in
1473 3654 1594 3701 suo
1621 3635 2018 3701 correlative.

1249 3875 1734 3949 ARTICULUS
1780 3878 1833 3946 Ι.

858 4063 959 4128 Ad
999 4062 1488 4145 intelligentiam
1532 4063 1731 4144 huJus
1779 4061 1976 4145 partis
1991 4111 2009 4143 ‚
2068 4061 2136 4125 in
2191 4080 2321 4145 qua

781 4169 1096 4253 quaeritur
1136 4170 1215 4234 de
1253 4188 1557 4235 mensura
1597 4169 1972 4233 conditionis
2011 4169 2320 4250 angelicae

780 4282 1054 4356 naturae,
1073 4276 1201 4340 duo
1212 4276 1638 4359 principaliter
1650 4280 2066 4358 quaeruntur:
2084 4279 2317 4360 primo,

782 4384 858 4449 de
888 4401 1189 4447 mensura
1218 4386 1360 4466 ejus
1399 4383 1470 4446 in
1506 4402 1602 4462 se;
1636 4384 1913 4449 secundo
1931 4432 1949 4464 ,
1989 4403 2104 4467 per
2140 4403 2320 4450 com-

780 4490 1174 4572 parationem
1225 4490 1306 4555 ad
1359 4508 1729 4555 mensuram
1796 4509 1931 4556 esse
1982 4493 2325 4576 corporalis

781 4601 1054 4662 naturae.
1115 4598 1292 4664 Circa
1344 4599 1630 4681 primum
1686 4600 1812 4665 tria
1863 4604 2250 4683 quaeruntur
2303 4623 2320 4665 2

783 4705 1015 4786 prim0,
1040 4708 1261 4769 utrum
1277 4705 1633 4788 spiritualia
1657 4707 1935 4772 habeant
1951 4724 2324 4772 mensuram

800 4884 807 4895 '
851 4902 872 4937 ¹
910 4901 1146 4965 August„
1189 4900 1249 4950 de
1293 4900 1446 4951 civit.
1490 4900 1614 4962 oei,
1669 4901 1762 4952 ub.
1805 4903 1869 4954 xi
1894 4940 1911 4967 ‚
1959 4916 2075 4967 cap.
2135 4915 2209 4953 v1.
2261 4931 2325 4943 -

845 4974 869 5009 ¹
887 4972 969 5036 Cf.
990 4974 1153 5035 Scot.,
1177 4974 1221 5024 ll
1245 4972 1404 5037 Seni„
1429 4972 1549 5022 dist.
1566 4984 1626 5036 11,
1646 4987 1697 5038 q.
1721 4985 1793 5037 113
1821 4975 2072 5039 Dur-and„
2098 4975 2141 5026 11
2166 4975 2322 5039 Sent„

785 5046 902 5096 dist.
924 5058 996 5109 ιι,
1025 5060 1075 5109 q.
1097 5057 1152 5110 v;
1186 5046 1367 5096 Franc.
1393 5045 1457 5095 de
1484 5047 1668 5111 Mayr„
1700 5046 1743 5095 ll
1775 5047 1934 5107 Sene„
1966 5047 2087 5097 dist.
2111 5059 2168 5109 11,
2194 5062 2246 5112 q.
2269 5061 2320 5112 13

783 5118 967 5168 Thom.
992 5121 1135 5182 Arg„
1168 5118 1206 5166 ΙΙ
1241 5117 1398 5177 Seni„
1428 5116 1547 5167 dist.
1575 5126 1648 5181 11,
1676 5132 1729 5182 q.
1750 5130 1801 5180 1,
1830 5123 1925 5167 art.
1953 5122 2011 5181 13
2053 5118 2186 5169 Guil.
2217 5120 2323 5169 Vo-

782 5189 959 5253 rilon.,
989 5190 1032 5240 ll
1058 5190 1216 5255 Seni„
1244 5190 1364 5239 dist.
1386 5200 1458 5252 11,
1485 5202 1536 5253 q.
1562 5201 1613 5251 13
1646 5188 1821 5252 Steph.
1846 5189 2057 5253 Brulet„
2093 5192 2133 5241 ΙΙ
2165 5191 2325 5250 Sena,

786 5261 902 5311 dist.
933 5274 1004 5326 11,
1045 5276 1095 5326 q.
1128 5275 1178 5325 ¹3
1219 5262 1377 5311 Gabr.
1406 5261 1545 5324 Biel,
1590 5261 1632 5310 ll
1672 5260 1830 5325 Seni„
1866 5261 1981 5313 dist.
2014 5274 2085 5326 11,
2115 5277 2166 5328 q.
2198 5276 2235 5313 1.
2263 5288 2327 5300 —

787 5331 1014 5382 ⁸Auctor
1052 5333 1142 5383 lib.
1178 5332 1238 5382 de
1268 5333 1478 5396 Caucis,
1517 5345 1667 5396 prop.
1694 5335 1742 5382 7.
1766 5359 1828 5369 —
1854 5332 2076 5399 *Bet-113,
2105 5346 2158 5399 1,
2189 5338 2233 5384 1.
2261 5361 2326 5373 —-

789 5402 810 5436 ⁸
825 5405 992 5467 Boet.,
1011 5404 1074 5453 de
1094 5404 1366 5468 Con-solat„
1385 5404 1475 5456 lib.
1497 5405 1584 5469 111,
1603 5408 1753 5456 metr.
1770 5407 1816 5456 9.
1830 5431 1887 5443 -
1901 5404 2090 5457 ‘Diem
2111 5409 2322 5471 Areop.,

786 5471 846 5522 de
872 5475 986 5525 Dio.
1014 5475 1238 5539 Nomia„
1255 5490 1305 5526 c.
1320 5488 1376 5527 x.

1888 489 2506 558 SENTENTIARUM
2544 491 2695 559 Lis.
2742 491 2822 584 ιι.

2420 627 2777 709 propriam3
2809 627 3111 706 secund0,
3141 631 3360 692 utrum
3396 630 3675 695 habeant
3707 649 3955 698 mensu·

2419 752 2558 798 ram
2591 735 2875 812 unicam;
2911 734 3120 812 tertie,
3140 738 3363 798 utrum
3392 737 3667 802 habeant
3695 759 3957 805 mensu-

2417 858 2559 904 ram
2585 841 2932 923 simplicem
2958 890 2974 918 ,
3005 845 3117 905 aut
3143 845 3555 926 compositam
3573 893 3591 926 ,
3623 847 3762 911 sive
3795 852 3956 912 stan-

2418 951 2574 1029 tem,
2600 949 2703 1012 vel
2725 950 3162 1014 successivam.

2925 1179 3273 1259 QUAESTI
3285 1185 3332 1248 Ο
3376 1183 3438 1248 1.

2491 1334 2585 1388 An
2608 1334 2930 1406 spiritualia
2958 1335 3193 1392 habeant
3218 1340 3501 1410 propriam
3527 1354 3832 1396 mensuram
3846 1342 3890 1397 ¹.

2501 1483 2680 1562 Quod
2696 1485 2971 1549 habeant
2988 1487 3312 1570 propriam
3333 1507 3727 1570 mensuram,
3755 1492 3958 1574 primo
3985 1493 4125 1536 Fundam

2420 1590 2675 1657 videtur
2700 1610 2814 1674 per
2831 1590 3317 1676 Philosophum,
3344 1596 3414 1659 in
3435 1597 3595 1661 libro
3620 1597 3698 1663 de
3729 1598 3953 1665 Causis

2419 1698 2487 1760 in
2527 1699 2876 1781 penultima
2903 1701 3353 1783 propositione.
3399 1701 3570 1767 Inter
3606 1723 3745 1768 rem
3775 1708 3959 1789 cujus

2420 1804 2770 1870 substantia
2807 1812 2871 1872 et
2902 1808 3184 1890 operatio
3214 1813 3311 1904 est
3355 1810 3425 1872 in
3468 1813 3823 1877 aeternitate
3840 1861 3858 1893 ,
3901 1819 3963 1878 et

2420 1930 2558 1977 rem
2581 1916 2767 1996 cujus
2801 1915 3155 1979 substantia
3178 1920 3240 1980 et
3264 1918 3550 1998 operatio
3576 1923 3672 1983 est
3697 1920 3770 1984 in
3795 1925 3958 1984 tem-

2421 2037 2573 2101 pore
2591 2067 2610 2098 ,
2639 2024 2735 2083 est
2769 2023 2870 2084 res
2896 2020 3138 2101 media,
3175 2024 3363 2103 cujus
3389 2023 3742 2088 substantia
3773 2027 3960 2091 estin

2422 2128 2792 2208 aeternitate,
2822 2133 2885 2192 et
2908 2129 3071 2193 actio
3098 2130 3169 2192 in
3192 2134 3517 2213 tempore:
3550 2132 3659 2196 sed
3686 2134 3812 2198 hoc
3834 2133 3964 2199 no'n

2421 2239 2626 2316 potest
2651 2235 2925 2317 intelligi
2958 2236 3036 2300 de
3067 2238 3417 2301 aeternitate
3444 2238 3724 2304 increata
3757 2263 3772 2304 z
3811 2259 3964 2323 ergo

2422 2341 2499 2406 de
2527 2347 2734 2406 creata
2765 2365 2779 2406 ε
2813 2347 2876 2407 et
2899 2342 3066 2406 hanc
3101 2344 3443 2425 distinguit
3469 2365 3510 2409 a
3545 2350 3833 2431 tempore
3851 2398 3869 2428 ,
3906 2353 3968 2413 et

2422 2449 2601 2531 ponit
2619 2468 2988 2515 mensuram
3006 2452 3504 2518 substantiarum
3529 2456 3964 2538 spiritualium

2421 2561 2484 2620 et
2511 2558 3093 2640 incorruptibilium
3127 2580 3142 2624 t
3174 2578 3331 2641 ergo
3361 2562 3635 2641 videtur,
3668 2567 3788 2628 etc.

2505 2663 2664 2729 Item
2698 2668 2766 2728 *ε
2810 2666 3031 2733 Omnis
3070 2669 3402 2749 sapientia
3448 2686 3492 2734 a
3531 2670 3803 2738 Domino
3846 2673 3969 2739 Deo

2422 2778 2537 2842 est,
2567 2778 2629 2838 et
2645 2773 2911 2839 camillo
2934 2775 3065 2853 fuit
3078 2790 3342 2855 semper,
3366 2781 3423 2841 et
3442 2782 3532 2841 est
3552 2784 3697 2842 ante
3715 2793 3921 2844 oevum
3944 2799 3968 2840 .-

2424 2896 2582 2960 ergo
2595 2897 2812 2946 aevum
2831 2882 2982 2945 dicit
3003 2882 3161 2963 quid
3180 2886 3466 2946 creatum
3499 2904 3514 2947 :
3536 2901 3668 2946 non
3685 2884 3972 2948 substan-

2422 2987 2580 3050 tiam
2627 3010 2642 3050 :
2677 3007 2834 3070 ergo
2866 3007 3236 3054 mensuram
3266 3008 3397 3054 non
3425 3009 3646 3055 rerum
3685 2993 3971 3057 materia-

2423 3092 2606 3175 lium,
2635 3096 2743 3161 sed
2774 3096 3224 3180 spiritualium,
3254 3101 3315 3162 et
3341 3097 3483 3163 haec
3508 3098 3724 3163 differt
3753 3119 3793 3164 a
3815 3105 3966 3166 tem-

2424 3219 2601 3284 pore.
2637 3202 2809 3269 Unde
2835 3203 3112 3278 Boetius.
3143 3204 3222 3271 de
3245 3204 3689 3274 Gon-solatione
3715 3208 3737 3243 ¹
3765 3228 3791 3269 .-

3050 3415 3146 3432 .....
3171 3380 3271 3441 Qui
3296 3382 3499 3446 tempus
3523 3380 3589 3432 ab
3606 3394 3720 3433 oevo

2612 3448 2691 3499 Ire
2712 3448 2864 3514 jubes
2867 3483 2966 3502 .....

2427 3648 2607 3713 ergo,
2627 3634 2746 3697 etc.
2777 3630 2979 3699 Omne
3004 3632 3180 3698 enim
3206 3633 3380 3717 quod
3408 3635 3542 3700 exit
3568 3636 3651 3701 ab
3673 3636 3821 3715 alio,
3845 3637 3971 3703 dif-

2426 3738 2550 3803 fert
2572 3740 2654 3804 ab
2683 3757 2782 3804 eo.

2495 3846 2670 3941 'Item
2707 3866 2821 3931 per
2850 3848 3221 3932 Dionysium
3234 3897 3252 3929 ,
3285 3848 3364 3915 de
3395 3850 3656 3918 Divinis
3684 3851 3974 3919 Nomini-

2431 3953 2585 4034 bu8,
2615 3955 2689 4019 in
2721 3955 2926 4039 capite
2950 3955 3029 4022 de
3066 3956 3226 4022 AEvo
3255 3961 3278 3998 ⁶
3316 3979 3344 4022 .·
3384 3981 3419 4020 α
3459 3956 3816 4041 Proprietas
3849 3960 3972 4025 aevi

2431 4065 2527 4127 est
2549 4062 2978 4127 inveteratum
3014 4069 3079 4128 et
3118 4064 3460 4146 antiquum
3493 4066 3849 4131 secundum
3875 4072 3974 4132 to-

2430 4170 2573 4233 tum
2597 4186 2733 4232 esse
2764 4187 3178 4250 mensurans3
3207 4170 3510 4253 temporis
3538 4189 3694 4236 vero
3723 4171 3792 4235 in
3821 4172 3971 4236 alte-

2431 4273 2675 4338 ratione
2703 4273 2884 4338 aliter
2907 4280 2971 4339 et
3003 4277 3185 4355 aliter
3213 4295 3281 4341 se
3302 4277 3546 4342 habens
3580 4280 3661 4362 (a)
3699 4301 3713 4342 :
3749 4300 3781 4338 n
3813 4296 3972 4360 ergo

2433 4380 2487 4443 si
2523 4380 2692 4445 idem
2716 4399 2850 4446 non
2892 4399 2959 4447 se
2993 4382 3186 4448 habet
3218 4384 3344 4465 sic,
3375 4389 3439 4448 et
3471 4385 3655 4451 aliter
3693 4385 3887 4450 simul
3913 4389 3975 4450 et

2433 4488 2630 4553 semel
2649 4537 2667 4567 ,
2701 4506 2836 4553 non
2876 4493 2973 4554 est
3010 4490 3232 4556 eadem
3272 4509 3578 4557 mensura
3617 4498 3872 4576 tempus
3913 4498 3977 4558 et

2434 4612 2652 4659 aevum
2687 4613 2704 4659 ε
2737 4586 2848 4662 sed
2878 4614 3096 4661 aevum
3135 4602 3230 4662 est
3262 4617 3567 4670 mensura
3604 4600 3975 4666 durantium

2433 4707 2740 4787 perpetuo
2762 4752 2780 4784 ,
2839 4710 2904 4770 et
2957 4705 3103 4770 talis
3159 4711 3254 4770 est
3309 4713 3540 4773 natura
3605 4709 3899 4792 angelica
3954 4730 3969 4773 z

2434 4828 2615 4893 ergo,
2643 4816 2761 4877 etc.
2961 4848 2968 4853 ·

2498 4976 2569 5043 (a)
2598 4979 2858 5042 Inter-pret.
2900 4977 3131 5029 Corda-23
3168 4994 3187 5030 .·
3214 4981 3584 5043 Saepenumero
3621 4983 3970 5048 antiquissima

2436 5065 2652 5115 quaeque
2683 5050 2978 5102 aeternitatis
3000 5051 3337 5115 appellatione
3361 5052 3710 5117 significant...
3725 5061 3972 5119 quatenus

2433 5121 2674 5173 videlicet
2713 5126 2980 5188 antiquum
3029 5137 3140 5174 esse
3193 5127 3244 5174 et
3310 5122 3660 5190 immutabile,
3709 5131 3968 5192 totumque

2432 5207 2608 5243 rerum
2647 5198 2832 5244 statum
2877 5209 3173 5246 mensurare
3227 5196 3492 5260 proprium
3535 5201 3612 5247 est
3658 5200 3964 5249 teter-nitatis,

2434 5267 2654 5328 Tempus
2689 5280 2812 5317 vero
2837 5267 3091 5331 appellant
3134 5267 3188 5318 id
3209 5268 3347 5332 quod
3383 5272 3648 5319 mensurat
3689 5271 3969 5334 generatio-

2434 5350 2582 5400 nem,
2613 5341 2663 5387 et
2701 5340 3080 5402 corruptionem
3124 5343 3280 5403 atque
3318 5340 3692 5405 alterationem,
3732 5343 3965 5407 quodque

2432 5408 2732 5545 {1⁸13qu
2761 5398 2820 5460 se·
2851 5409 3023 5462 hahet.
3047 5408 3184 5461 Βεω.
3212 5411 3356 5460 Patr.
3384 5410 3563 5475 uqa..
3589 5415 3722 5475 pm.
3750 5413 3805 5476 1,
3832 5417 3874 5463 t.
3897 5413 3965 5474 ιι,
