<?xml version="1.0" encoding="UTF-8"?>
<!DOCTYPE html PUBLIC "-//W3C//DTD XHTML 1.0 Transitional//EN"
    "http://www.w3.org/TR/xhtml1/DTD/xhtml1-transitional.dtd">
<html xmlns="http://www.w3.org/1999/xhtml" xml:lang="en" lang="en">
 <head>
  <title>
</title>
<meta http-equiv="Content-Type" content="text/html;charset=utf-8" />
  <meta name='ocr-system' content='tesseract 3.04.00' />
  <meta name='ocr-capabilities' content='ocr_page ocr_carea ocr_par ocr_line ocrx_word'/>
</head>
<body>
  <div class='ocr_page' id='page_1' title='image "./srecardinalissb01peltgoog_0191.png"; bbox 0 0 4125 6225; ppageno 0'>
   <div class='ocr_carea' id='block_1_1' title="bbox 1242 261 2570 381">
    <p class='ocr_par' dir='ltr' id='par_1_1' title="bbox 1242 261 2570 381">
     <span class='ocr_line' id='line_1_1' title="bbox 1242 261 2570 381; baseline 0.003 -16"><span class='ocrx_word' id='word_1_1' title='bbox 1242 299 1440 369; x_wconf 78' lang='lat' dir='ltr'>msr.</span> <span class='ocrx_word' id='word_1_2' title='bbox 1476 300 1683 368; x_wconf 78' lang='lat' dir='ltr'>mv,</span> <span class='ocrx_word' id='word_1_3' title='bbox 1727 301 1909 369; x_wconf 87' lang='lat' dir='ltr'>ART.</span> <span class='ocrx_word' id='word_1_4' title='bbox 1956 302 2006 368; x_wconf 91' lang='lat'>1.</span> <span class='ocrx_word' id='word_1_5' title='bbox 2050 301 2350 381; x_wconf 82' lang='lat' dir='ltr'>QUAEST.</span> <span class='ocrx_word' id='word_1_6' title='bbox 2398 302 2505 369; x_wconf 92' lang='lat'>111.</span> <span class='ocrx_word' id='word_1_7' title='bbox 2552 261 2570 275; x_wconf 80' lang='grc'><strong>’</strong></span> 
     </span>
    </p>
   </div>
   <div class='ocr_carea' id='block_1_2' title="bbox 245 435 1817 2142">
    <p class='ocr_par' dir='ltr' id='par_1_2' title="bbox 245 435 1817 2142">
     <span class='ocr_line' id='line_1_2' title="bbox 247 435 1816 520; baseline 0.002 -21"><span class='ocrx_word' id='word_1_8' title='bbox 247 435 666 501; x_wconf 81' lang='lat' dir='ltr'>distinctione</span> <span class='ocrx_word' id='word_1_9' title='bbox 690 437 970 501; x_wconf 88' lang='lat' dir='ltr'>concedo</span> <span class='ocrx_word' id='word_1_10' title='bbox 990 435 1161 518; x_wconf 91' lang='lat' dir='ltr'>quod</span> <span class='ocrx_word' id='word_1_11' title='bbox 1186 441 1473 519; x_wconf 86' lang='lat' dir='ltr'>possunt,</span> <span class='ocrx_word' id='word_1_12' title='bbox 1494 437 1656 501; x_wconf 88' lang='lat' dir='ltr'>utin</span> <span class='ocrx_word' id='word_1_13' title='bbox 1679 437 1816 520; x_wconf 90' lang='lat' dir='ltr'>plu-</span> 
     </span>
     <span class='ocr_line' id='line_1_3' title="bbox 246 543 1817 630; baseline 0.003 -24"><span class='ocrx_word' id='word_1_14' title='bbox 246 545 436 608; x_wconf 86' lang='lat' dir='ltr'>ribus</span> <span class='ocrx_word' id='word_1_15' title='bbox 455 594 476 623; x_wconf 88' lang='lat'>‚</span> <span class='ocrx_word' id='word_1_16' title='bbox 512 549 838 629; x_wconf 88' lang='lat' dir='ltr'>quantum</span> <span class='ocrx_word' id='word_1_17' title='bbox 863 545 944 609; x_wconf 89' lang='lat' dir='ltr'>ad</span> <span class='ocrx_word' id='word_1_18' title='bbox 978 543 1389 627; x_wconf 80' lang='lat' dir='ltr'>proprietates</span> <span class='ocrx_word' id='word_1_19' title='bbox 1423 546 1564 630; x_wconf 82' lang='lat' dir='ltr'>fieri</span> <span class='ocrx_word' id='word_1_20' title='bbox 1591 546 1817 611; x_wconf 89' lang='lat' dir='ltr'>melio-</span> 
     </span>
     <span class='ocr_line' id='line_1_4' title="bbox 247 651 1810 733; baseline 0.001 -19"><span class='ocrx_word' id='word_1_21' title='bbox 247 668 378 728; x_wconf 62' lang='lat' dir='ltr'>rae3</span> <span class='ocrx_word' id='word_1_22' title='bbox 413 652 582 733; x_wconf 90' lang='lat' dir='ltr'>quia</span> <span class='ocrx_word' id='word_1_23' title='bbox 622 669 753 716; x_wconf 94' lang='lat' dir='ltr'>non</span> <span class='ocrx_word' id='word_1_24' title='bbox 794 655 947 716; x_wconf 90' lang='lat' dir='ltr'>sunt</span> <span class='ocrx_word' id='word_1_25' title='bbox 979 652 1064 716; x_wconf 88' lang='lat' dir='ltr'>de</span> <span class='ocrx_word' id='word_1_26' title='bbox 1101 651 1454 717; x_wconf 83' lang='lat' dir='ltr'>substantia</span> <span class='ocrx_word' id='word_1_27' title='bbox 1487 652 1810 733; x_wconf 85' lang='lat' dir='ltr'>universi,</span> 
     </span>
     <span class='ocr_line' id='line_1_5' title="bbox 245 758 1815 842; baseline 0 -18"><span class='ocrx_word' id='word_1_28' title='bbox 245 779 364 824; x_wconf 87' lang='lat' dir='ltr'>nec</span> <span class='ocrx_word' id='word_1_29' title='bbox 379 763 553 824; x_wconf 87' lang='lat' dir='ltr'>sunt</span> <span class='ocrx_word' id='word_1_30' title='bbox 575 779 618 824; x_wconf 93' lang='lat' dir='ltr'>a</span> <span class='ocrx_word' id='word_1_31' title='bbox 634 759 768 823; x_wconf 85' lang='lat' dir='ltr'>solo</span> <span class='ocrx_word' id='word_1_32' title='bbox 793 758 940 838; x_wconf 78' lang='lat' dir='ltr'>Dee,</span> <span class='ocrx_word' id='word_1_33' title='bbox 969 759 1078 823; x_wconf 88' lang='lat' dir='ltr'>sed</span> <span class='ocrx_word' id='word_1_34' title='bbox 1097 778 1137 823; x_wconf 92' lang='lat' dir='ltr'>a</span> <span class='ocrx_word' id='word_1_35' title='bbox 1157 758 1285 822; x_wconf 91' lang='lat' dir='ltr'>Deo</span> <span class='ocrx_word' id='word_1_36' title='bbox 1304 759 1498 823; x_wconf 89' lang='lat' dir='ltr'>simul</span> <span class='ocrx_word' id='word_1_37' title='bbox 1515 764 1815 842; x_wconf 81' lang='lat' dir='ltr'>operante</span> 
     </span>
     <span class='ocr_line' id='line_1_6' title="bbox 248 865 1815 950; baseline -0.001 -18"><span class='ocrx_word' id='word_1_38' title='bbox 248 886 400 932; x_wconf 82' lang='lat' dir='ltr'>cum</span> <span class='ocrx_word' id='word_1_39' title='bbox 432 872 681 950; x_wconf 79' lang='lat' dir='ltr'>agente</span> <span class='ocrx_word' id='word_1_40' title='bbox 721 865 1118 949; x_wconf 78' lang='lat' dir='ltr'>particulari,</span> <span class='ocrx_word' id='word_1_41' title='bbox 1163 867 1333 948; x_wconf 91' lang='lat' dir='ltr'>quod</span> <span class='ocrx_word' id='word_1_42' title='bbox 1373 866 1714 949; x_wconf 86' lang='lat' dir='ltr'>impeditur</span> <span class='ocrx_word' id='word_1_43' title='bbox 1751 871 1815 930; x_wconf 89' lang='lat' dir='ltr'>et</span> 
     </span>
     <span class='ocr_line' id='line_1_7' title="bbox 245 973 1815 1057; baseline -0.002 -18"><span class='ocrx_word' id='word_1_44' title='bbox 245 976 495 1041; x_wconf 78' lang='lat' dir='ltr'>deficit.</span> <span class='ocrx_word' id='word_1_45' title='bbox 546 976 614 1041; x_wconf 93' lang='lat' dir='ltr'>Si</span> <span class='ocrx_word' id='word_1_46' title='bbox 660 979 878 1040; x_wconf 91' lang='lat' dir='ltr'>autem</span> <span class='ocrx_word' id='word_1_47' title='bbox 916 973 1351 1055; x_wconf 84' lang='lat' dir='ltr'>intelligamus</span> <span class='ocrx_word' id='word_1_48' title='bbox 1398 975 1477 1039; x_wconf 90' lang='lat' dir='ltr'>de</span> <span class='ocrx_word' id='word_1_49' title='bbox 1527 974 1815 1057; x_wconf 87' lang='lat' dir='ltr'>partibus</span> 
     </span>
     <span class='ocr_line' id='line_1_8' title="bbox 246 1080 1814 1166; baseline -0.004 -17"><span class='ocrx_word' id='word_1_50' title='bbox 246 1101 398 1166; x_wconf 80' lang='lat' dir='ltr'>quae</span> <span class='ocrx_word' id='word_1_51' title='bbox 475 1088 631 1148; x_wconf 90' lang='lat' dir='ltr'>sunt</span> <span class='ocrx_word' id='word_1_52' title='bbox 693 1083 770 1147; x_wconf 89' lang='lat' dir='ltr'>de</span> <span class='ocrx_word' id='word_1_53' title='bbox 819 1082 1263 1146; x_wconf 87' lang='lat' dir='ltr'>constitutione</span> <span class='ocrx_word' id='word_1_54' title='bbox 1325 1084 1389 1145; x_wconf 91' lang='lat' dir='ltr'>et</span> <span class='ocrx_word' id='word_1_55' title='bbox 1445 1080 1814 1161; x_wconf 87' lang='lat' dir='ltr'>integritate</span> 
     </span>
     <span class='ocr_line' id='line_1_9' title="bbox 248 1189 1811 1270; baseline 0 -18"><span class='ocrx_word' id='word_1_56' title='bbox 248 1190 512 1269; x_wconf 79' lang='lat' dir='ltr'>mundi,</span> <span class='ocrx_word' id='word_1_57' title='bbox 549 1195 613 1254; x_wconf 90' lang='lat' dir='ltr'>et</span> <span class='ocrx_word' id='word_1_58' title='bbox 634 1190 1000 1254; x_wconf 86' lang='lat' dir='ltr'>immediate</span> <span class='ocrx_word' id='word_1_59' title='bbox 1026 1192 1176 1253; x_wconf 88' lang='lat' dir='ltr'>sunt</span> <span class='ocrx_word' id='word_1_60' title='bbox 1202 1207 1242 1252; x_wconf 92' lang='lat' dir='ltr'>a</span> <span class='ocrx_word' id='word_1_61' title='bbox 1271 1189 1417 1268; x_wconf 87' lang='lat' dir='ltr'>Deo,</span> <span class='ocrx_word' id='word_1_62' title='bbox 1448 1206 1599 1251; x_wconf 92' lang='lat' dir='ltr'>cum</span> <span class='ocrx_word' id='word_1_63' title='bbox 1624 1205 1811 1270; x_wconf 81' lang='lat' dir='ltr'>quae-</span> 
     </span>
     <span class='ocr_line' id='line_1_10' title="bbox 249 1297 1810 1382; baseline 0 -21"><span class='ocrx_word' id='word_1_64' title='bbox 249 1299 419 1364; x_wconf 84' lang='lat' dir='ltr'>ritur</span> <span class='ocrx_word' id='word_1_65' title='bbox 435 1303 670 1364; x_wconf 88' lang='lat' dir='ltr'>utrum</span> <span class='ocrx_word' id='word_1_66' title='bbox 690 1299 1011 1382; x_wconf 87' lang='lat' dir='ltr'>potuerint</span> <span class='ocrx_word' id='word_1_67' title='bbox 1027 1298 1163 1362; x_wconf 84' lang='lat' dir='ltr'>fleri</span> <span class='ocrx_word' id='word_1_68' title='bbox 1182 1297 1476 1361; x_wconf 89' lang='lat' dir='ltr'>meliores</span> <span class='ocrx_word' id='word_1_69' title='bbox 1493 1302 1810 1379; x_wconf 90' lang='lat' dir='ltr'>quantum</span> 
     </span>
     <span class='ocr_line' id='line_1_11' title="bbox 249 1406 1812 1491; baseline 0.001 -21"><span class='ocrx_word' id='word_1_70' title='bbox 249 1408 326 1470; x_wconf 81' lang='lat' dir='ltr'>ad</span> <span class='ocrx_word' id='word_1_71' title='bbox 367 1408 804 1491; x_wconf 84' lang='lat' dir='ltr'>proprietates</span> <span class='ocrx_word' id='word_1_72' title='bbox 826 1455 844 1485; x_wconf 86' lang='lat'>,</span> <span class='ocrx_word' id='word_1_73' title='bbox 892 1406 1414 1488; x_wconf 88' lang='lat' dir='ltr'>distinguendum</span> <span class='ocrx_word' id='word_1_74' title='bbox 1454 1410 1549 1469; x_wconf 84' lang='lat' dir='ltr'>est</span> <span class='ocrx_word' id='word_1_75' title='bbox 1601 1429 1617 1469; x_wconf 77' lang='lat' dir='ltr'><em>z</em></span> <span class='ocrx_word' id='word_1_76' title='bbox 1660 1407 1812 1489; x_wconf 89' lang='lat' dir='ltr'>quia</span> 
     </span>
     <span class='ocr_line' id='line_1_12' title="bbox 250 1512 1810 1600; baseline -0.003 -20"><span class='ocrx_word' id='word_1_77' title='bbox 250 1521 362 1580; x_wconf 81' lang='lat' dir='ltr'>aut</span> <span class='ocrx_word' id='word_1_78' title='bbox 387 1516 681 1600; x_wconf 80' lang='lat' dir='ltr'>loqueris</span> <span class='ocrx_word' id='word_1_79' title='bbox 707 1517 785 1581; x_wconf 89' lang='lat' dir='ltr'>de</span> <span class='ocrx_word' id='word_1_80' title='bbox 813 1515 966 1598; x_wconf 86' lang='lat' dir='ltr'>ipsis</span> <span class='ocrx_word' id='word_1_81' title='bbox 992 1513 1298 1591; x_wconf 87' lang='lat' dir='ltr'>absolute,</span> <span class='ocrx_word' id='word_1_82' title='bbox 1327 1517 1442 1578; x_wconf 88' lang='lat' dir='ltr'>aut</span> <span class='ocrx_word' id='word_1_83' title='bbox 1467 1514 1544 1578; x_wconf 91' lang='lat' dir='ltr'>de</span> <span class='ocrx_word' id='word_1_84' title='bbox 1562 1513 1715 1596; x_wconf 89' lang='lat' dir='ltr'>ipsis</span> <span class='ocrx_word' id='word_1_85' title='bbox 1740 1512 1810 1576; x_wconf 92' lang='lat' dir='ltr'>iu</span> 
     </span>
     <span class='ocr_line' id='line_1_13' title="bbox 251 1619 1812 1705; baseline -0.003 -18"><span class='ocrx_word' id='word_1_86' title='bbox 251 1623 569 1689; x_wconf 82' lang='lat' dir='ltr'>relatione</span> <span class='ocrx_word' id='word_1_87' title='bbox 589 1625 672 1688; x_wconf 90' lang='lat' dir='ltr'>ad</span> <span class='ocrx_word' id='word_1_88' title='bbox 698 1626 895 1689; x_wconf 84' lang='lat' dir='ltr'>finem</span> <span class='ocrx_word' id='word_1_89' title='bbox 925 1643 939 1683; x_wconf 91' lang='lat'>:</span> <span class='ocrx_word' id='word_1_90' title='bbox 969 1623 1023 1685; x_wconf 92' lang='lat' dir='ltr'>si</span> <span class='ocrx_word' id='word_1_91' title='bbox 1043 1621 1290 1705; x_wconf 89' lang='lat' dir='ltr'>deipsis</span> <span class='ocrx_word' id='word_1_92' title='bbox 1306 1619 1614 1700; x_wconf 86' lang='lat' dir='ltr'>absolute,</span> <span class='ocrx_word' id='word_1_93' title='bbox 1641 1622 1812 1703; x_wconf 89' lang='lat' dir='ltr'>patet</span> 
     </span>
     <span class='ocr_line' id='line_1_14' title="bbox 252 1728 1805 1815; baseline -0.005 -18"><span class='ocrx_word' id='word_1_94' title='bbox 252 1733 430 1815; x_wconf 87' lang='lat' dir='ltr'>quod</span> <span class='ocrx_word' id='word_1_95' title='bbox 452 1733 751 1798; x_wconf 87' lang='lat' dir='ltr'>meliores</span> <span class='ocrx_word' id='word_1_96' title='bbox 772 1732 1159 1797; x_wconf 57' lang='lat' dir='ltr'>conditiones</span> <span class='ocrx_word' id='word_1_97' title='bbox 1179 1733 1523 1814; x_wconf 88' lang='lat' dir='ltr'>potuerunt</span> <span class='ocrx_word' id='word_1_98' title='bbox 1539 1728 1805 1807; x_wconf 90' lang='lat' dir='ltr'>habere;</span> 
     </span>
     <span class='ocr_line' id='line_1_15' title="bbox 253 1836 1812 1923; baseline -0.003 -20"><span class='ocrx_word' id='word_1_99' title='bbox 253 1841 305 1903; x_wconf 86' lang='lat' dir='ltr'>si</span> <span class='ocrx_word' id='word_1_100' title='bbox 333 1840 421 1905; x_wconf 87' lang='lat' dir='ltr'>de</span> <span class='ocrx_word' id='word_1_101' title='bbox 458 1840 614 1923; x_wconf 88' lang='lat' dir='ltr'>ipsis</span> <span class='ocrx_word' id='word_1_102' title='bbox 654 1841 724 1903; x_wconf 89' lang='lat' dir='ltr'>in</span> <span class='ocrx_word' id='word_1_103' title='bbox 757 1839 1061 1904; x_wconf 87' lang='lat' dir='ltr'>relatione</span> <span class='ocrx_word' id='word_1_104' title='bbox 1104 1838 1185 1903; x_wconf 89' lang='lat' dir='ltr'>ad</span> <span class='ocrx_word' id='word_1_105' title='bbox 1223 1838 1504 1902; x_wconf 85' lang='lat' dir='ltr'>invicem</span> <span class='ocrx_word' id='word_1_106' title='bbox 1520 1886 1539 1918; x_wconf 92' lang='lat'>,</span> <span class='ocrx_word' id='word_1_107' title='bbox 1582 1836 1686 1901; x_wconf 87' lang='lat' dir='ltr'>vel</span> <span class='ocrx_word' id='word_1_108' title='bbox 1729 1836 1812 1900; x_wconf 91' lang='lat' dir='ltr'>ad</span> 
     </span>
     <span class='ocr_line' id='line_1_16' title="bbox 257 1943 1810 2034; baseline -0.004 -20"><span class='ocrx_word' id='word_1_109' title='bbox 257 1952 483 2029; x_wconf 83' lang='lat' dir='ltr'>finem,</span> <span class='ocrx_word' id='word_1_110' title='bbox 502 1951 780 2034; x_wconf 88' lang='lat' dir='ltr'>optimas</span> <span class='ocrx_word' id='word_1_111' title='bbox 792 1951 1158 2015; x_wconf 88' lang='lat' dir='ltr'>habuerunt</span> <span class='ocrx_word' id='word_1_112' title='bbox 1171 1947 1587 2030; x_wconf 84' lang='lat' dir='ltr'>proprietates</span> <span class='ocrx_word' id='word_1_113' title='bbox 1605 1966 1620 2009; x_wconf 77' lang='lat' dir='ltr'>t</span> <span class='ocrx_word' id='word_1_114' title='bbox 1638 1943 1810 2027; x_wconf 91' lang='lat' dir='ltr'>quod</span> 
     </span>
     <span class='ocr_line' id='line_1_17' title="bbox 253 2050 1810 2142; baseline -0.007 -18"><span class='ocrx_word' id='word_1_115' title='bbox 253 2063 454 2142; x_wconf 83' lang='lat' dir='ltr'>patet,</span> <span class='ocrx_word' id='word_1_116' title='bbox 475 2059 633 2142; x_wconf 87' lang='lat' dir='ltr'>quia</span> <span class='ocrx_word' id='word_1_117' title='bbox 657 2059 821 2122; x_wconf 89' lang='lat' dir='ltr'>sicut</span> <span class='ocrx_word' id='word_1_118' title='bbox 838 2057 988 2122; x_wconf 90' lang='lat' dir='ltr'>dicit</span> <span class='ocrx_word' id='word_1_119' title='bbox 1003 2054 1405 2137; x_wconf 81' lang='lat' dir='ltr'>Augustinus</span> <span class='ocrx_word' id='word_1_120' title='bbox 1428 2075 1445 2117; x_wconf 68' lang='grc' dir='ltr'>ι</span> <span class='ocrx_word' id='word_1_121' title='bbox 1477 2076 1508 2114; x_wconf 75' lang='grc' dir='ltr'>α</span> <span class='ocrx_word' id='word_1_122' title='bbox 1526 2050 1810 2115; x_wconf 63' lang='lat' dir='ltr'>Meliore-s</span> 
     </span>
    </p>
   </div>
   <div class='ocr_carea' id='block_1_3' title="bbox 250 2160 1856 2261">
    <p class='ocr_par' dir='ltr' id='par_1_3' title="bbox 250 2160 1856 2261">
     <span class='ocr_line' id='line_1_18' title="bbox 250 2160 1856 2261; baseline -0.004 -30"><span class='ocrx_word' id='word_1_123' title='bbox 250 2167 570 2250; x_wconf 83' lang='lat' dir='ltr'>judicavit</span> <span class='ocrx_word' id='word_1_124' title='bbox 595 2167 763 2231; x_wconf 87' lang='lat' dir='ltr'>Deus</span> <span class='ocrx_word' id='word_1_125' title='bbox 792 2166 1117 2261; x_wconf 74' lang='lat' dir='ltr'>homineS‚</span> <span class='ocrx_word' id='word_1_126' title='bbox 1147 2164 1203 2228; x_wconf 91' lang='lat' dir='ltr'>si</span> <span class='ocrx_word' id='word_1_127' title='bbox 1240 2164 1299 2227; x_wconf 90' lang='lat' dir='ltr'>ei</span> <span class='ocrx_word' id='word_1_128' title='bbox 1334 2161 1673 2226; x_wconf 86' lang='lat' dir='ltr'>liberaliter</span> <span class='ocrx_word' id='word_1_129' title='bbox 1698 2160 1810 2225; x_wconf 89' lang='lat' dir='ltr'>de-</span> <span class='ocrx_word' id='word_1_130' title='bbox 1840 2185 1856 2195; x_wconf 93' lang='lat'><strong>·</strong></span> 
     </span>
    </p>
   </div>
   <div class='ocr_carea' id='block_1_4' title="bbox 255 2269 1811 5052">
    <p class='ocr_par' dir='ltr' id='par_1_4' title="bbox 255 2269 1811 3092">
     <span class='ocr_line' id='line_1_19' title="bbox 257 2269 1811 2352; baseline -0.005 -12"><span class='ocrx_word' id='word_1_131' title='bbox 257 2277 599 2340; x_wconf 73' lang='lat' dir='ltr'>servirent.</span> <span class='ocrx_word' id='word_1_132' title='bbox 627 2297 659 2335; x_wconf 74' lang='lat' dir='ltr'>n</span> <span class='ocrx_word' id='word_1_133' title='bbox 681 2275 984 2340; x_wconf 86' lang='lat' dir='ltr'>Similiter</span> <span class='ocrx_word' id='word_1_134' title='bbox 1011 2273 1242 2337; x_wconf 87' lang='lat' dir='ltr'>melius</span> <span class='ocrx_word' id='word_1_135' title='bbox 1259 2271 1379 2336; x_wconf 80' lang='lat' dir='ltr'>fuit</span> <span class='ocrx_word' id='word_1_136' title='bbox 1396 2269 1565 2352; x_wconf 89' lang='lat' dir='ltr'>quod</span> <span class='ocrx_word' id='word_1_137' title='bbox 1589 2285 1811 2333; x_wconf 88' lang='lat' dir='ltr'>omnes</span> 
     </span>
     <span class='ocr_line' id='line_1_20' title="bbox 255 2377 1810 2461; baseline -0.004 -14"><span class='ocrx_word' id='word_1_138' title='bbox 255 2384 554 2447; x_wconf 87' lang='lat' dir='ltr'>homines</span> <span class='ocrx_word' id='word_1_139' title='bbox 580 2386 788 2447; x_wconf 85' lang='lat' dir='ltr'>essent</span> <span class='ocrx_word' id='word_1_140' title='bbox 816 2402 896 2446; x_wconf 84' lang='lat' dir='ltr'>ex</span> <span class='ocrx_word' id='word_1_141' title='bbox 920 2400 1077 2457; x_wconf 91' lang='lat' dir='ltr'>un0‚</span> <span class='ocrx_word' id='word_1_142' title='bbox 1104 2384 1168 2444; x_wconf 88' lang='lat' dir='ltr'>et</span> <span class='ocrx_word' id='word_1_143' title='bbox 1193 2380 1284 2442; x_wconf 89' lang='lat' dir='ltr'>ita</span> <span class='ocrx_word' id='word_1_144' title='bbox 1306 2378 1480 2461; x_wconf 89' lang='lat' dir='ltr'>quod</span> <span class='ocrx_word' id='word_1_145' title='bbox 1504 2377 1810 2441; x_wconf 87' lang='lat' dir='ltr'>haberent</span> 
     </span>
     <span class='ocr_line' id='line_1_21' title="bbox 259 2486 1810 2575; baseline -0.004 -20"><span class='ocrx_word' id='word_1_146' title='bbox 259 2510 490 2575; x_wconf 83' lang='lat' dir='ltr'>corpus</span> <span class='ocrx_word' id='word_1_147' title='bbox 536 2491 816 2554; x_wconf 85' lang='lat' dir='ltr'>animale</span> <span class='ocrx_word' id='word_1_148' title='bbox 835 2538 852 2566; x_wconf 89' lang='lat'>‚</span> <span class='ocrx_word' id='word_1_149' title='bbox 905 2494 968 2553; x_wconf 88' lang='lat' dir='ltr'>et</span> <span class='ocrx_word' id='word_1_150' title='bbox 1011 2487 1365 2552; x_wconf 89' lang='lat' dir='ltr'>secundum</span> <span class='ocrx_word' id='word_1_151' title='bbox 1416 2486 1810 2567; x_wconf 85' lang='lat' dir='ltr'>exigentiam</span> 
     </span>
     <span class='ocr_line' id='line_1_22' title="bbox 257 2591 1810 2679; baseline -0.005 -18"><span class='ocrx_word' id='word_1_152' title='bbox 257 2602 402 2679; x_wconf 90' lang='lat' dir='ltr'>ejus</span> <span class='ocrx_word' id='word_1_153' title='bbox 431 2616 693 2662; x_wconf 86' lang='lat' dir='ltr'>necesse</span> <span class='ocrx_word' id='word_1_154' title='bbox 732 2598 853 2661; x_wconf 74' lang='lat' dir='ltr'>tuit</span> <span class='ocrx_word' id='word_1_155' title='bbox 895 2597 1050 2660; x_wconf 88' lang='lat' dir='ltr'>alias</span> <span class='ocrx_word' id='word_1_156' title='bbox 1094 2598 1417 2659; x_wconf 90' lang='lat' dir='ltr'>creaturas</span> <span class='ocrx_word' id='word_1_157' title='bbox 1455 2591 1810 2674; x_wconf 87' lang='lat' dir='ltr'>corporales</span> 
     </span>
     <span class='ocr_line' id='line_1_23' title="bbox 259 2699 1810 2789; baseline -0.005 -19"><span class='ocrx_word' id='word_1_158' title='bbox 259 2707 513 2789; x_wconf 88' lang='lat' dir='ltr'>disponi</span> <span class='ocrx_word' id='word_1_159' title='bbox 549 2707 618 2770; x_wconf 93' lang='lat' dir='ltr'>in</span> <span class='ocrx_word' id='word_1_160' title='bbox 654 2708 836 2768; x_wconf 90' lang='lat' dir='ltr'>motu</span> <span class='ocrx_word' id='word_1_161' title='bbox 873 2708 937 2767; x_wconf 90' lang='lat' dir='ltr'>et</span> <span class='ocrx_word' id='word_1_162' title='bbox 977 2701 1525 2784; x_wconf 83' lang='lat' dir='ltr'>corruptibilitate.</span> <span class='ocrx_word' id='word_1_163' title='bbox 1570 2699 1670 2763; x_wconf 84' lang='lat' dir='ltr'>Ex</span> <span class='ocrx_word' id='word_1_164' title='bbox 1709 2700 1810 2762; x_wconf 91' lang='lat' dir='ltr'>his</span> 
     </span>
     <span class='ocr_line' id='line_1_24' title="bbox 260 2809 1803 2901; baseline -0.005 -24"><span class='ocrx_word' id='word_1_165' title='bbox 260 2820 477 2895; x_wconf 86' lang='lat' dir='ltr'>patent</span> <span class='ocrx_word' id='word_1_166' title='bbox 493 2815 781 2901; x_wconf 57' lang='lat' dir='ltr'>rationes</span> <span class='ocrx_word' id='word_1_167' title='bbox 808 2811 1081 2874; x_wconf 79' lang='lat' dir='ltr'>inductae</span> <span class='ocrx_word' id='word_1_168' title='bbox 1107 2810 1188 2873; x_wconf 91' lang='lat' dir='ltr'>ad</span> <span class='ocrx_word' id='word_1_169' title='bbox 1214 2809 1490 2891; x_wconf 90' lang='lat' dir='ltr'>primam</span> <span class='ocrx_word' id='word_1_170' title='bbox 1515 2812 1761 2890; x_wconf 89' lang='lat' dir='ltr'>partem</span> <span class='ocrx_word' id='word_1_171' title='bbox 1787 2828 1803 2869; x_wconf 72' lang='grc' dir='ltr'><strong><em>τ</em></strong></span> 
     </span>
     <span class='ocr_line' id='line_1_25' title="bbox 261 2916 1808 3003; baseline -0.004 -18"><span class='ocrx_word' id='word_1_172' title='bbox 261 2922 616 3003; x_wconf 88' lang='lat' dir='ltr'>procedunt</span> <span class='ocrx_word' id='word_1_173' title='bbox 667 2920 842 2983; x_wconf 92' lang='lat' dir='ltr'>enim</span> <span class='ocrx_word' id='word_1_174' title='bbox 910 2918 989 2982; x_wconf 92' lang='lat' dir='ltr'>de</span> <span class='ocrx_word' id='word_1_175' title='bbox 1045 2916 1538 3000; x_wconf 89' lang='lat' dir='ltr'>proprietatibus</span> <span class='ocrx_word' id='word_1_176' title='bbox 1586 2933 1808 2980; x_wconf 89' lang='lat' dir='ltr'>rerum</span> 
     </span>
     <span class='ocr_line' id='line_1_26' title="bbox 257 3025 1305 3092; baseline -0.005 0"><span class='ocrx_word' id='word_1_177' title='bbox 257 3028 621 3092; x_wconf 82' lang='lat' dir='ltr'>secundum</span> <span class='ocrx_word' id='word_1_178' title='bbox 649 3045 716 3091; x_wconf 87' lang='lat' dir='ltr'>se</span> <span class='ocrx_word' id='word_1_179' title='bbox 742 3025 1305 3090; x_wconf 85' lang='lat' dir='ltr'>consideratarum.</span> 
     </span>
    </p>

    <p class='ocr_par' dir='ltr' id='par_1_5' title="bbox 267 3131 1809 3429">
     <span class='ocr_line' id='line_1_27' title="bbox 343 3131 1808 3218; baseline -0.003 -18"><span class='ocrx_word' id='word_1_180' title='bbox 343 3142 404 3200; x_wconf 81' lang='lat'>1.</span> <span class='ocrx_word' id='word_1_181' title='bbox 448 3137 548 3201; x_wconf 84' lang='lat' dir='ltr'>Ad</span> <span class='ocrx_word' id='word_1_182' title='bbox 588 3136 747 3200; x_wconf 91' lang='lat' dir='ltr'>illud</span> <span class='ocrx_word' id='word_1_183' title='bbox 786 3134 956 3218; x_wconf 89' lang='lat' dir='ltr'>quod</span> <span class='ocrx_word' id='word_1_184' title='bbox 992 3133 1290 3214; x_wconf 83' lang='lat' dir='ltr'>objicitur</span> <span class='ocrx_word' id='word_1_185' title='bbox 1320 3133 1390 3194; x_wconf 90' lang='lat' dir='ltr'>in</span> <span class='ocrx_word' id='word_1_186' title='bbox 1417 3131 1808 3196; x_wconf 87' lang='lat' dir='ltr'>contrarium</span> 
     </span>
     <span class='ocr_line' id='line_1_28' title="bbox 267 3238 1809 3326; baseline -0.003 -20"><span class='ocrx_word' id='word_1_187' title='bbox 267 3242 344 3306; x_wconf 90' lang='lat' dir='ltr'>de</span> <span class='ocrx_word' id='word_1_188' title='bbox 369 3241 696 3326; x_wconf 85' lang='lat' dir='ltr'>Dionysio,</span> <span class='ocrx_word' id='word_1_189' title='bbox 731 3242 1070 3306; x_wconf 88' lang='lat' dir='ltr'>dicendum</span> <span class='ocrx_word' id='word_1_190' title='bbox 1105 3240 1277 3323; x_wconf 89' lang='lat' dir='ltr'>quod</span> <span class='ocrx_word' id='word_1_191' title='bbox 1310 3239 1467 3304; x_wconf 91' lang='lat' dir='ltr'>illud</span> <span class='ocrx_word' id='word_1_192' title='bbox 1500 3238 1809 3319; x_wconf 87' lang='lat' dir='ltr'>intelligi-</span> 
     </span>
     <span class='ocr_line' id='line_1_29' title="bbox 269 3347 1803 3429; baseline -0.001 -16"><span class='ocrx_word' id='word_1_193' title='bbox 269 3355 376 3414; x_wconf 87' lang='lat' dir='ltr'>tur</span> <span class='ocrx_word' id='word_1_194' title='bbox 408 3351 762 3415; x_wconf 90' lang='lat' dir='ltr'>secundum</span> <span class='ocrx_word' id='word_1_195' title='bbox 812 3349 1100 3413; x_wconf 90' lang='lat' dir='ltr'>ordinem</span> <span class='ocrx_word' id='word_1_196' title='bbox 1122 3396 1140 3425; x_wconf 91' lang='lat'>,</span> <span class='ocrx_word' id='word_1_197' title='bbox 1171 3348 1335 3412; x_wconf 88' lang='lat' dir='ltr'>sicut</span> <span class='ocrx_word' id='word_1_198' title='bbox 1366 3350 1505 3429; x_wconf 88' lang='lat' dir='ltr'>jam</span> <span class='ocrx_word' id='word_1_199' title='bbox 1544 3347 1803 3428; x_wconf 89' lang='lat' dir='ltr'>patebit.</span> 
     </span>
    </p>

    <p class='ocr_par' dir='ltr' id='par_1_6' title="bbox 268 3436 1807 4620">
     <span class='ocr_line' id='line_1_30' title="bbox 347 3436 1805 3540; baseline -0.001 -19"><span class='ocrx_word' id='word_1_200' title='bbox 347 3462 405 3521; x_wconf 69' lang='lat'>2.</span> <span class='ocrx_word' id='word_1_201' title='bbox 442 3459 536 3522; x_wconf 90' lang='lat' dir='ltr'>Ad</span> <span class='ocrx_word' id='word_1_202' title='bbox 562 3458 722 3523; x_wconf 90' lang='lat' dir='ltr'>illud</span> <span class='ocrx_word' id='word_1_203' title='bbox 764 3458 934 3540; x_wconf 91' lang='lat' dir='ltr'>quod</span> <span class='ocrx_word' id='word_1_204' title='bbox 963 3456 1259 3539; x_wconf 77' lang='lat' dir='ltr'>oincitur</span> <span class='ocrx_word' id='word_1_205' title='bbox 1283 3436 1367 3520; x_wconf 39' lang='lat' dir='ltr'>de*</span> <span class='ocrx_word' id='word_1_206' title='bbox 1389 3455 1677 3535; x_wconf 85' lang='lat' dir='ltr'>Platone,</span> <span class='ocrx_word' id='word_1_207' title='bbox 1707 3457 1805 3520; x_wconf 91' lang='lat' dir='ltr'>di-</span> 
     </span>
     <span class='ocr_line' id='line_1_31' title="bbox 268 3562 1804 3649; baseline -0.002 -20"><span class='ocrx_word' id='word_1_208' title='bbox 268 3565 534 3629; x_wconf 79' lang='lat' dir='ltr'>cendum</span> <span class='ocrx_word' id='word_1_209' title='bbox 566 3565 734 3649; x_wconf 92' lang='lat' dir='ltr'>quod</span> <span class='ocrx_word' id='word_1_210' title='bbox 772 3582 904 3628; x_wconf 92' lang='lat' dir='ltr'>non</span> <span class='ocrx_word' id='word_1_211' title='bbox 934 3564 1124 3628; x_wconf 88' lang='lat' dir='ltr'>habet</span> <span class='ocrx_word' id='word_1_212' title='bbox 1151 3563 1482 3627; x_wconf 88' lang='lat' dir='ltr'>veritatem</span> <span class='ocrx_word' id='word_1_213' title='bbox 1498 3610 1517 3642; x_wconf 91' lang='lat'>,</span> <span class='ocrx_word' id='word_1_214' title='bbox 1550 3562 1676 3624; x_wconf 88' lang='lat' dir='ltr'>nisi</span> <span class='ocrx_word' id='word_1_215' title='bbox 1702 3562 1804 3626; x_wconf 91' lang='lat' dir='ltr'>in-</span> 
     </span>
     <span class='ocr_line' id='line_1_32' title="bbox 269 3670 1807 3755; baseline -0.003 -18"><span class='ocrx_word' id='word_1_216' title='bbox 269 3673 586 3755; x_wconf 84' lang='lat' dir='ltr'>telligatur</span> <span class='ocrx_word' id='word_1_217' title='bbox 607 3674 787 3737; x_wconf 88' lang='lat' dir='ltr'>salvo</span> <span class='ocrx_word' id='word_1_218' title='bbox 813 3674 1032 3737; x_wconf 90' lang='lat' dir='ltr'>ordine</span> <span class='ocrx_word' id='word_1_219' title='bbox 1059 3671 1365 3748; x_wconf 84' lang='lat' dir='ltr'>universi,</span> <span class='ocrx_word' id='word_1_220' title='bbox 1387 3675 1450 3734; x_wconf 89' lang='lat' dir='ltr'>et</span> <span class='ocrx_word' id='word_1_221' title='bbox 1466 3670 1589 3734; x_wconf 89' lang='lat' dir='ltr'>hoc</span> <span class='ocrx_word' id='word_1_222' title='bbox 1607 3688 1807 3753; x_wconf 91' lang='lat' dir='ltr'>quan-</span> 
     </span>
     <span class='ocr_line' id='line_1_33' title="bbox 268 3777 1807 3858; baseline -0.002 -13"><span class='ocrx_word' id='word_1_223' title='bbox 268 3785 399 3845; x_wconf 88' lang='lat' dir='ltr'>tum</span> <span class='ocrx_word' id='word_1_224' title='bbox 414 3782 512 3846; x_wconf 86' lang='lat' dir='ltr'>-ad</span> <span class='ocrx_word' id='word_1_225' title='bbox 543 3783 896 3846; x_wconf 87' lang='lat' dir='ltr'>bonitatem</span> <span class='ocrx_word' id='word_1_226' title='bbox 940 3778 1335 3844; x_wconf 84' lang='lat' dir='ltr'>essentialem</span> <span class='ocrx_word' id='word_1_227' title='bbox 1357 3827 1375 3858; x_wconf 86' lang='lat'>,</span> <span class='ocrx_word' id='word_1_228' title='bbox 1416 3777 1807 3843; x_wconf 84' lang='lat' dir='ltr'>considerata</span> 
     </span>
     <span class='ocr_line' id='line_1_34' title="bbox 269 3886 1806 3971; baseline 0.001 -23"><span class='ocrx_word' id='word_1_229' title='bbox 269 3887 662 3971; x_wconf 79' lang='lat' dir='ltr'>dispositione</span> <span class='ocrx_word' id='word_1_230' title='bbox 701 3889 770 3951; x_wconf 91' lang='lat' dir='ltr'>in</span> <span class='ocrx_word' id='word_1_231' title='bbox 815 3887 1082 3950; x_wconf 87' lang='lat' dir='ltr'>materia</span> <span class='ocrx_word' id='word_1_232' title='bbox 1126 3908 1141 3951; x_wconf 90' lang='lat'>:</span> <span class='ocrx_word' id='word_1_233' title='bbox 1187 3904 1308 3950; x_wconf 89' lang='lat' dir='ltr'>nec</span> <span class='ocrx_word' id='word_1_234' title='bbox 1344 3886 1506 3949; x_wconf 91' lang='lat' dir='ltr'>ratio</span> <span class='ocrx_word' id='word_1_235' title='bbox 1546 3903 1664 3948; x_wconf 87' lang='lat' dir='ltr'>sua</span> <span class='ocrx_word' id='word_1_236' title='bbox 1712 3888 1806 3949; x_wconf 87' lang='lat' dir='ltr'>est</span> 
     </span>
     <span class='ocr_line' id='line_1_35' title="bbox 271 3992 1799 4077; baseline -0.001 -20"><span class='ocrx_word' id='word_1_237' title='bbox 271 3996 646 4074; x_wconf 88' lang='lat' dir='ltr'>necessaria,</span> <span class='ocrx_word' id='word_1_238' title='bbox 690 3993 799 4059; x_wconf 92' lang='lat' dir='ltr'>sed</span> <span class='ocrx_word' id='word_1_239' title='bbox 837 3995 1047 4059; x_wconf 86' lang='lat' dir='ltr'>solum</span> <span class='ocrx_word' id='word_1_240' title='bbox 1090 3994 1412 4077; x_wconf 85' lang='lat' dir='ltr'>persuasio</span> <span class='ocrx_word' id='word_1_241' title='bbox 1459 3993 1530 4055; x_wconf 90' lang='lat' dir='ltr'>in</span> <span class='ocrx_word' id='word_1_242' title='bbox 1571 3992 1765 4056; x_wconf 88' lang='lat' dir='ltr'>simili</span> <span class='ocrx_word' id='word_1_243' title='bbox 1783 4043 1799 4071; x_wconf 88' lang='lat'>‚</span> 
     </span>
     <span class='ocr_line' id='line_1_36' title="bbox 269 4102 1805 4187; baseline 0.002 -23"><span class='ocrx_word' id='word_1_244' title='bbox 269 4104 423 4168; x_wconf 87' lang='lat' dir='ltr'>sicut</span> <span class='ocrx_word' id='word_1_245' title='bbox 447 4106 514 4168; x_wconf 93' lang='lat' dir='ltr'>in</span> <span class='ocrx_word' id='word_1_246' title='bbox 538 4105 802 4170; x_wconf 89' lang='lat' dir='ltr'>homine</span> <span class='ocrx_word' id='word_1_247' title='bbox 826 4105 937 4187; x_wconf 93' lang='lat' dir='ltr'>qui</span> <span class='ocrx_word' id='word_1_248' title='bbox 960 4106 1166 4186; x_wconf 88' lang='lat' dir='ltr'>potest</span> <span class='ocrx_word' id='word_1_249' title='bbox 1190 4103 1299 4166; x_wconf 89' lang='lat' dir='ltr'>alii</span> <span class='ocrx_word' id='word_1_250' title='bbox 1324 4102 1713 4182; x_wconf 76' lang='lat' dir='ltr'>benefacere,</span> <span class='ocrx_word' id='word_1_251' title='bbox 1741 4106 1805 4168; x_wconf 89' lang='lat' dir='ltr'>et</span> 
     </span>
     <span class='ocr_line' id='line_1_37' title="bbox 268 4210 1804 4296; baseline 0 -22"><span class='ocrx_word' id='word_1_252' title='bbox 268 4230 390 4275; x_wconf 92' lang='lat' dir='ltr'>non</span> <span class='ocrx_word' id='word_1_253' title='bbox 419 4212 593 4291; x_wconf 84' lang='lat' dir='ltr'>facit,</span> <span class='ocrx_word' id='word_1_254' title='bbox 625 4213 798 4296; x_wconf 91' lang='lat' dir='ltr'>quod</span> <span class='ocrx_word' id='word_1_255' title='bbox 822 4232 904 4276; x_wconf 82' lang='lat' dir='ltr'>ex</span> <span class='ocrx_word' id='word_1_256' title='bbox 926 4213 1051 4276; x_wconf 89' lang='lat' dir='ltr'>hoc</span> <span class='ocrx_word' id='word_1_257' title='bbox 1082 4211 1407 4294; x_wconf 90' lang='lat' dir='ltr'>judicatur</span> <span class='ocrx_word' id='word_1_258' title='bbox 1427 4210 1665 4275; x_wconf 84' lang='lat' dir='ltr'>invidia</span> <span class='ocrx_word' id='word_1_259' title='bbox 1683 4259 1701 4289; x_wconf 93' lang='lat'>,</span> <span class='ocrx_word' id='word_1_260' title='bbox 1741 4213 1804 4274; x_wconf 88' lang='lat' dir='ltr'>et</span> 
     </span>
     <span class='ocr_line' id='line_1_38' title="bbox 268 4318 1801 4402; baseline 0.001 -22"><span class='ocrx_word' id='word_1_261' title='bbox 268 4319 621 4402; x_wconf 77' lang='lat' dir='ltr'>frequenter</span> <span class='ocrx_word' id='word_1_262' title='bbox 651 4319 912 4385; x_wconf 89' lang='lat' dir='ltr'>dimittit</span> <span class='ocrx_word' id='word_1_263' title='bbox 937 4323 1196 4402; x_wconf 90' lang='lat' dir='ltr'>propter</span> <span class='ocrx_word' id='word_1_264' title='bbox 1220 4318 1533 4382; x_wconf 86' lang='lat' dir='ltr'>invidiam</span> <span class='ocrx_word' id='word_1_265' title='bbox 1553 4341 1570 4397; x_wconf 86' lang='lat'><em>3</em></span> <span class='ocrx_word' id='word_1_266' title='bbox 1598 4324 1662 4382; x_wconf 85' lang='lat' dir='ltr'>et</span> <span class='ocrx_word' id='word_1_267' title='bbox 1687 4318 1801 4402; x_wconf 88' lang='lat' dir='ltr'>qui</span> 
     </span>
     <span class='ocr_line' id='line_1_39' title="bbox 270 4424 1801 4492; baseline -0.001 -2"><span class='ocrx_word' id='word_1_268' title='bbox 270 4432 429 4492; x_wconf 83' lang='lat' dir='ltr'>caret</span> <span class='ocrx_word' id='word_1_269' title='bbox 456 4428 695 4492; x_wconf 80' lang='lat' dir='ltr'>invidia</span> <span class='ocrx_word' id='word_1_270' title='bbox 730 4446 766 4491; x_wconf 89' lang='lat' dir='ltr'>e</span> <span class='ocrx_word' id='word_1_271' title='bbox 792 4445 1099 4491; x_wconf 82' lang='lat' dir='ltr'>converso</span> <span class='ocrx_word' id='word_1_272' title='bbox 1124 4426 1272 4492; x_wconf 81' lang='lat' dir='ltr'>facit</span> <span class='ocrx_word' id='word_1_273' title='bbox 1302 4447 1319 4490; x_wconf 70' lang='grc' dir='ltr'><strong><em>ε</em></strong></span> <span class='ocrx_word' id='word_1_274' title='bbox 1356 4430 1420 4490; x_wconf 88' lang='lat' dir='ltr'>et</span> <span class='ocrx_word' id='word_1_275' title='bbox 1454 4426 1544 4490; x_wconf 87' lang='lat' dir='ltr'>sic</span> <span class='ocrx_word' id='word_1_276' title='bbox 1569 4424 1801 4490; x_wconf 87' lang='lat' dir='ltr'>intelli-</span> 
     </span>
     <span class='ocr_line' id='line_1_40' title="bbox 271 4515 1690 4620; baseline -0.002 -16"><span class='ocrx_word' id='word_1_277' title='bbox 271 4540 436 4620; x_wconf 83' lang='lat' dir='ltr'>gitur</span> <span class='ocrx_word' id='word_1_278' title='bbox 459 4542 732 4604; x_wconf 83' lang='lat' dir='ltr'>verbum</span> <span class='ocrx_word' id='word_1_279' title='bbox 758 4537 1132 4620; x_wconf 85' lang='lat' dir='ltr'>Augustini.</span> <span class='ocrx_word' id='word_1_280' title='bbox 1682 4515 1690 4522; x_wconf 43' lang='lat'>⁵</span> 
     </span>
    </p>

    <p class='ocr_par' dir='ltr' id='par_1_7' title="bbox 272 4644 1804 5052">
     <span class='ocr_line' id='line_1_41' title="bbox 341 4644 1802 4730; baseline -0.001 -20"><span class='ocrx_word' id='word_1_281' title='bbox 341 4650 401 4711; x_wconf 84' lang='lat'>3.</span> <span class='ocrx_word' id='word_1_282' title='bbox 430 4648 525 4712; x_wconf 87' lang='lat' dir='ltr'>Ad</span> <span class='ocrx_word' id='word_1_283' title='bbox 551 4647 708 4712; x_wconf 89' lang='lat' dir='ltr'>illud</span> <span class='ocrx_word' id='word_1_284' title='bbox 747 4647 918 4730; x_wconf 91' lang='lat' dir='ltr'>quod</span> <span class='ocrx_word' id='word_1_285' title='bbox 943 4645 1238 4730; x_wconf 85' lang='lat' dir='ltr'>objicitur</span> <span class='ocrx_word' id='word_1_286' title='bbox 1268 4644 1439 4726; x_wconf 89' lang='lat' dir='ltr'>quod</span> <span class='ocrx_word' id='word_1_287' title='bbox 1480 4662 1680 4726; x_wconf 86' lang='lat' dir='ltr'>agens</span> <span class='ocrx_word' id='word_1_288' title='bbox 1719 4662 1802 4710; x_wconf 83' lang='lat' dir='ltr'>ex</span> 
     </span>
     <span class='ocr_line' id='line_1_42' title="bbox 272 4751 1801 4837; baseline -0.001 -19"><span class='ocrx_word' id='word_1_289' title='bbox 272 4755 394 4818; x_wconf 84' lang='lat' dir='ltr'>tota</span> <span class='ocrx_word' id='word_1_290' title='bbox 440 4756 722 4837; x_wconf 88' lang='lat' dir='ltr'>potentia</span> <span class='ocrx_word' id='word_1_291' title='bbox 781 4753 1073 4837; x_wconf 86' lang='lat' dir='ltr'>producit</span> <span class='ocrx_word' id='word_1_292' title='bbox 1129 4752 1366 4836; x_wconf 90' lang='lat' dir='ltr'>optime</span> <span class='ocrx_word' id='word_1_293' title='bbox 1387 4800 1407 4829; x_wconf 91' lang='lat'>,</span> <span class='ocrx_word' id='word_1_294' title='bbox 1462 4751 1801 4817; x_wconf 89' lang='lat' dir='ltr'>dicendum</span> 
     </span>
     <span class='ocr_line' id='line_1_43' title="bbox 276 4859 1804 4944; baseline 0.001 -18"><span class='ocrx_word' id='word_1_295' title='bbox 276 4862 430 4943; x_wconf 87' lang='lat' dir='ltr'>qnod</span> <span class='ocrx_word' id='word_1_296' title='bbox 465 4881 662 4943; x_wconf 87' lang='lat' dir='ltr'>agens</span> <span class='ocrx_word' id='word_1_297' title='bbox 697 4879 779 4925; x_wconf 85' lang='lat' dir='ltr'>ex</span> <span class='ocrx_word' id='word_1_298' title='bbox 819 4861 1105 4944; x_wconf 91' lang='lat' dir='ltr'>potentia</span> <span class='ocrx_word' id='word_1_299' title='bbox 1141 4864 1273 4925; x_wconf 86' lang='lat' dir='ltr'>tota</span> <span class='ocrx_word' id='word_1_300' title='bbox 1304 4859 1623 4942; x_wconf 86' lang='lat' dir='ltr'>quoddam</span> <span class='ocrx_word' id='word_1_301' title='bbox 1662 4860 1804 4940; x_wconf 85' lang='lat' dir='ltr'>agit</span> 
     </span>
     <span class='ocr_line' id='line_1_44' title="bbox 277 4968 1799 5052; baseline -0.001 -20"><span class='ocrx_word' id='word_1_302' title='bbox 277 4970 608 5034; x_wconf 85' lang='lat' dir='ltr'>secundum</span> <span class='ocrx_word' id='word_1_303' title='bbox 659 4969 977 5052; x_wconf 89' lang='lat' dir='ltr'>impetum</span> <span class='ocrx_word' id='word_1_304' title='bbox 994 5015 1013 5046; x_wconf 92' lang='lat'>,</span> <span class='ocrx_word' id='word_1_305' title='bbox 1072 4968 1392 5051; x_wconf 86' lang='lat' dir='ltr'>quoddam</span> <span class='ocrx_word' id='word_1_306' title='bbox 1446 4968 1799 5031; x_wconf 89' lang='lat' dir='ltr'>secundum</span> 
     </span>
    </p>
   </div>
   <div class='ocr_carea' id='block_1_5' title="bbox 280 5093 1800 5379">
    <p class='ocr_par' dir='ltr' id='par_1_8' title="bbox 280 5093 1800 5379">
     <span class='ocr_line' id='line_1_45' title="bbox 337 5093 1796 5159; baseline 0.001 -15"><span class='ocrx_word' id='word_1_307' title='bbox 337 5094 443 5157; x_wconf 81' lang='lat' dir='ltr'>¹Cf.</span> <span class='ocrx_word' id='word_1_308' title='bbox 472 5097 616 5145; x_wconf 76' lang='lat' dir='ltr'>Alex.</span> <span class='ocrx_word' id='word_1_309' title='bbox 646 5094 879 5157; x_wconf 81' lang='lat' dir='ltr'>Alensis,</span> <span class='ocrx_word' id='word_1_310' title='bbox 907 5109 961 5159; x_wconf 93' lang='lat' dir='ltr'>p.</span> <span class='ocrx_word' id='word_1_311' title='bbox 989 5095 1044 5159; x_wconf 90' lang='lat'>1,</span> <span class='ocrx_word' id='word_1_312' title='bbox 1075 5107 1127 5158; x_wconf 88' lang='lat' dir='ltr'>q.</span> <span class='ocrx_word' id='word_1_313' title='bbox 1151 5105 1244 5144; x_wconf 74' lang='lat'>111</span> <span class='ocrx_word' id='word_1_314' title='bbox 1263 5131 1276 5156; x_wconf 91' lang='lat'>,</span> <span class='ocrx_word' id='word_1_315' title='bbox 1306 5093 1500 5146; x_wconf 87' lang='lat' dir='ltr'>memb.</span> <span class='ocrx_word' id='word_1_316' title='bbox 1527 5097 1586 5155; x_wconf 91' lang='grc'>3,</span> <span class='ocrx_word' id='word_1_317' title='bbox 1613 5096 1710 5144; x_wconf 81' lang='lat' dir='ltr'>art.</span> <span class='ocrx_word' id='word_1_318' title='bbox 1733 5096 1796 5158; x_wconf 81' lang='lat'>63</span> 
     </span>
     <span class='ocr_line' id='line_1_46' title="bbox 281 5166 1800 5231; baseline 0.001 -15"><span class='ocrx_word' id='word_1_319' title='bbox 281 5167 329 5216; x_wconf 87' lang='lat' dir='ltr'>S.</span> <span class='ocrx_word' id='word_1_320' title='bbox 350 5166 542 5231; x_wconf 65' lang='lat' dir='ltr'>Thom„</span> <span class='ocrx_word' id='word_1_321' title='bbox 569 5169 589 5219; x_wconf 89' lang='lat'>1</span> <span class='ocrx_word' id='word_1_322' title='bbox 622 5168 786 5228; x_wconf 59' lang='lat' dir='ltr'>Sena,</span> <span class='ocrx_word' id='word_1_323' title='bbox 816 5167 933 5217; x_wconf 78' lang='lat' dir='ltr'>dist.</span> <span class='ocrx_word' id='word_1_324' title='bbox 956 5178 1105 5230; x_wconf 66' lang='grc' dir='ltr'>κων,</span> <span class='ocrx_word' id='word_1_325' title='bbox 1136 5179 1189 5229; x_wconf 88' lang='lat' dir='ltr'>q.</span> <span class='ocrx_word' id='word_1_326' title='bbox 1209 5178 1261 5227; x_wconf 93' lang='lat'>1,</span> <span class='ocrx_word' id='word_1_327' title='bbox 1289 5169 1385 5216; x_wconf 84' lang='lat' dir='ltr'>art.</span> <span class='ocrx_word' id='word_1_328' title='bbox 1411 5168 1470 5229; x_wconf 79' lang='lat'>35</span> <span class='ocrx_word' id='word_1_329' title='bbox 1505 5166 1716 5231; x_wconf 71' lang='lat' dir='ltr'>ScotuS,</span> <span class='ocrx_word' id='word_1_330' title='bbox 1744 5166 1800 5217; x_wconf 89' lang='lat' dir='ltr'>in</span> 
     </span>
     <span class='ocr_line' id='line_1_47' title="bbox 280 5237 1797 5303; baseline -0.001 -14"><span class='ocrx_word' id='word_1_331' title='bbox 280 5237 479 5303; x_wconf 57' lang='lat' dir='ltr'>stimi„</span> <span class='ocrx_word' id='word_1_332' title='bbox 501 5242 520 5291; x_wconf 91' lang='lat'>1</span> <span class='ocrx_word' id='word_1_333' title='bbox 545 5240 707 5300; x_wconf 68' lang='lat' dir='ltr'>Seut„</span> <span class='ocrx_word' id='word_1_334' title='bbox 731 5239 852 5290; x_wconf 79' lang='lat' dir='ltr'>dist.</span> <span class='ocrx_word' id='word_1_335' title='bbox 874 5251 1013 5303; x_wconf 57' lang='lat' dir='ltr'>zmil,</span> <span class='ocrx_word' id='word_1_336' title='bbox 1033 5253 1087 5303; x_wconf 92' lang='lat' dir='ltr'>q.</span> <span class='ocrx_word' id='word_1_337' title='bbox 1106 5250 1178 5301; x_wconf 81' lang='lat'>113</span> <span class='ocrx_word' id='word_1_338' title='bbox 1207 5237 1376 5302; x_wconf 79' lang='lat' dir='ltr'>AEgid.</span> <span class='ocrx_word' id='word_1_339' title='bbox 1395 5238 1567 5302; x_wconf 66' lang='lat' dir='ltr'>Rom„</span> <span class='ocrx_word' id='word_1_340' title='bbox 1597 5238 1613 5287; x_wconf 93' lang='lat'>1</span> <span class='ocrx_word' id='word_1_341' title='bbox 1638 5237 1797 5298; x_wconf 69' lang='lat' dir='ltr'>Sem„</span> 
     </span>
     <span class='ocr_line' id='line_1_48' title="bbox 283 5308 1794 5379; baseline 0 -19"><span class='ocrx_word' id='word_1_342' title='bbox 283 5308 549 5379; x_wconf 52' lang='lat' dir='ltr'>diuam,</span> <span class='ocrx_word' id='word_1_343' title='bbox 586 5326 638 5378; x_wconf 88' lang='lat' dir='ltr'>q.</span> <span class='ocrx_word' id='word_1_344' title='bbox 661 5321 761 5376; x_wconf 81' lang='lat'><em>1113</em></span> <span class='ocrx_word' id='word_1_345' title='bbox 795 5310 1055 5376; x_wconf 64' lang='lat' dir='ltr'>Richard„</span> <span class='ocrx_word' id='word_1_346' title='bbox 1091 5312 1110 5360; x_wconf 87' lang='lat'>1</span> <span class='ocrx_word' id='word_1_347' title='bbox 1150 5309 1311 5373; x_wconf 67' lang='lat' dir='ltr'>Sene„</span> <span class='ocrx_word' id='word_1_348' title='bbox 1340 5309 1457 5362; x_wconf 79' lang='lat' dir='ltr'>dist.</span> <span class='ocrx_word' id='word_1_349' title='bbox 1479 5321 1633 5372; x_wconf 80' lang='lat' dir='ltr'>xmv,</span> <span class='ocrx_word' id='word_1_350' title='bbox 1659 5324 1711 5375; x_wconf 90' lang='lat' dir='ltr'>q.</span> <span class='ocrx_word' id='word_1_351' title='bbox 1735 5320 1794 5373; x_wconf 64' lang='grc' dir='ltr'>νς</span> 
     </span>
    </p>
   </div>
   <div class='ocr_carea' id='block_1_6' title="bbox 40 5408 1030 6225">
    <p class='ocr_par' dir='ltr' id='par_1_9' title="bbox 40 5408 1030 6225">
     <span class='ocr_line' id='line_1_49' title="bbox 40 5408 1030 6225; baseline 0 1"><span class='ocrx_word' id='word_1_352' title='bbox 40 5408 1030 6225; x_wconf 95' lang='lat' dir='ltr'> </span> 
     </span>
    </p>
   </div>
   <div class='ocr_carea' id='block_1_7' title="bbox 3357 307 3475 370">
    <p class='ocr_par' dir='ltr' id='par_1_10' title="bbox 3357 307 3475 370">
     <span class='ocr_line' id='line_1_50' title="bbox 3357 307 3475 370; baseline 0.017 -2"><span class='ocrx_word' id='word_1_353' title='bbox 3357 307 3475 370; x_wconf 73' lang='lat'>165</span> 
     </span>
    </p>
   </div>
   <div class='ocr_carea' id='block_1_8' title="bbox 1917 422 3476 1927">
    <p class='ocr_par' dir='ltr' id='par_1_11' title="bbox 1919 422 3476 1280">
     <span class='ocr_line' id='line_1_51' title="bbox 1923 422 3474 522; baseline 0 -19"><span class='ocrx_word' id='word_1_354' title='bbox 1923 442 2126 503; x_wconf 88' lang='lat' dir='ltr'>artem</span> <span class='ocrx_word' id='word_1_355' title='bbox 2152 442 2218 504; x_wconf 91' lang='lat' dir='ltr'>et</span> <span class='ocrx_word' id='word_1_356' title='bbox 2236 438 2613 522; x_wconf 84' lang='lat' dir='ltr'>sapientiam</span> <span class='ocrx_word' id='word_1_357' title='bbox 2654 460 2669 503; x_wconf 77' lang='grc' dir='ltr'>ε</span> <span class='ocrx_word' id='word_1_358' title='bbox 2697 442 2761 502; x_wconf 90' lang='lat' dir='ltr'>et</span> <span class='ocrx_word' id='word_1_359' title='bbox 2784 437 2955 521; x_wconf 92' lang='lat' dir='ltr'>quod</span> <span class='ocrx_word' id='word_1_360' title='bbox 2972 437 3328 504; x_wconf 89' lang='lat' dir='ltr'>secundum</span> <span class='ocrx_word' id='word_1_361' title='bbox 3353 422 3474 503; x_wconf 57' lang='lat' dir='ltr'>imss</span> 
     </span>
     <span class='ocr_line' id='line_1_52' title="bbox 1922 544 3476 628; baseline 0 -18"><span class='ocrx_word' id='word_1_362' title='bbox 1922 548 2144 628; x_wconf 89' lang='lat' dir='ltr'>petum</span> <span class='ocrx_word' id='word_1_363' title='bbox 2169 546 2329 627; x_wconf 88' lang='lat' dir='ltr'>agit,</span> <span class='ocrx_word' id='word_1_364' title='bbox 2359 544 2505 608; x_wconf 86' lang='lat' dir='ltr'>facit</span> <span class='ocrx_word' id='word_1_365' title='bbox 2526 549 2766 627; x_wconf 86' lang='lat' dir='ltr'>quanto</span> <span class='ocrx_word' id='word_1_366' title='bbox 2792 544 3020 609; x_wconf 87' lang='lat' dir='ltr'>melius</span> <span class='ocrx_word' id='word_1_367' title='bbox 3044 545 3275 627; x_wconf 81' lang='lat' dir='ltr'>potest3</span> <span class='ocrx_word' id='word_1_368' title='bbox 3299 545 3476 627; x_wconf 91' lang='lat' dir='ltr'>quod</span> 
     </span>
     <span class='ocr_line' id='line_1_53' title="bbox 1922 656 3475 740; baseline -0.001 -18"><span class='ocrx_word' id='word_1_369' title='bbox 1922 659 2058 739; x_wconf 89' lang='lat' dir='ltr'>agit</span> <span class='ocrx_word' id='word_1_370' title='bbox 2110 658 2467 723; x_wconf 87' lang='lat' dir='ltr'>secundum</span> <span class='ocrx_word' id='word_1_371' title='bbox 2516 662 2720 722; x_wconf 88' lang='lat' dir='ltr'>artem</span> <span class='ocrx_word' id='word_1_372' title='bbox 2770 660 2833 721; x_wconf 92' lang='lat' dir='ltr'>et</span> <span class='ocrx_word' id='word_1_373' title='bbox 2875 656 3242 740; x_wconf 87' lang='lat' dir='ltr'>sapientiam</span> <span class='ocrx_word' id='word_1_374' title='bbox 3265 705 3282 733; x_wconf 88' lang='lat'><strong>‚</strong></span> <span class='ocrx_word' id='word_1_375' title='bbox 3335 658 3475 738; x_wconf 87' lang='lat' dir='ltr'>agit</span> 
     </span>
     <span class='ocr_line' id='line_1_54' title="bbox 1922 767 3472 851; baseline 0.001 -19"><span class='ocrx_word' id='word_1_376' title='bbox 1922 773 2238 851; x_wconf 87' lang='lat' dir='ltr'>quantum</span> <span class='ocrx_word' id='word_1_377' title='bbox 2266 770 2442 849; x_wconf 82' lang='lat' dir='ltr'>vult,</span> <span class='ocrx_word' id='word_1_378' title='bbox 2474 774 2538 834; x_wconf 89' lang='lat' dir='ltr'>et</span> <span class='ocrx_word' id='word_1_379' title='bbox 2576 772 2896 851; x_wconf 88' lang='lat' dir='ltr'>quantum</span> <span class='ocrx_word' id='word_1_380' title='bbox 2929 768 3263 850; x_wconf 87' lang='lat' dir='ltr'>congruit,</span> <span class='ocrx_word' id='word_1_381' title='bbox 3295 767 3472 834; x_wconf 84' lang='lat' dir='ltr'>salvo</span> 
     </span>
     <span class='ocr_line' id='line_1_55' title="bbox 1920 876 3471 961; baseline 0.001 -21"><span class='ocrx_word' id='word_1_382' title='bbox 1920 877 2141 942; x_wconf 89' lang='lat' dir='ltr'>ordine</span> <span class='ocrx_word' id='word_1_383' title='bbox 2164 926 2182 957; x_wconf 90' lang='lat'>,</span> <span class='ocrx_word' id='word_1_384' title='bbox 2238 878 2395 961; x_wconf 88' lang='lat' dir='ltr'>quia</span> <span class='ocrx_word' id='word_1_385' title='bbox 2453 878 2756 960; x_wconf 89' lang='lat' dir='ltr'>sapientis</span> <span class='ocrx_word' id='word_1_386' title='bbox 2807 882 2902 941; x_wconf 88' lang='lat' dir='ltr'>est</span> <span class='ocrx_word' id='word_1_387' title='bbox 2952 877 3266 942; x_wconf 88' lang='lat' dir='ltr'>ordinare.</span> <span class='ocrx_word' id='word_1_388' title='bbox 3326 876 3471 942; x_wconf 83' lang='lat' dir='ltr'>ideo</span> 
     </span>
     <span class='ocr_line' id='line_1_56' title="bbox 1919 984 3472 1068; baseline -0.001 -19"><span class='ocrx_word' id='word_1_389' title='bbox 1919 984 2221 1068; x_wconf 84' lang='lat' dir='ltr'>quaedam</span> <span class='ocrx_word' id='word_1_390' title='bbox 2240 984 2388 1048; x_wconf 81' lang='lat' dir='ltr'>facit</span> <span class='ocrx_word' id='word_1_391' title='bbox 2410 985 2611 1062; x_wconf 87' lang='lat' dir='ltr'>bona,</span> <span class='ocrx_word' id='word_1_392' title='bbox 2632 985 2929 1068; x_wconf 80' lang='lat' dir='ltr'>quaedam</span> <span class='ocrx_word' id='word_1_393' title='bbox 2953 984 3219 1049; x_wconf 90' lang='lat' dir='ltr'>meliora</span> <span class='ocrx_word' id='word_1_394' title='bbox 3233 1032 3250 1062; x_wconf 83' lang='lat'>‚</span> <span class='ocrx_word' id='word_1_395' title='bbox 3283 1002 3472 1067; x_wconf 82' lang='lat' dir='ltr'>quae-</span> 
     </span>
     <span class='ocr_line' id='line_1_57' title="bbox 1919 1091 3468 1179; baseline 0.001 -24"><span class='ocrx_word' id='word_1_396' title='bbox 1919 1091 2069 1155; x_wconf 90' lang='lat' dir='ltr'>dam</span> <span class='ocrx_word' id='word_1_397' title='bbox 2096 1092 2336 1174; x_wconf 89' lang='lat' dir='ltr'>optima</span> <span class='ocrx_word' id='word_1_398' title='bbox 2369 1110 2387 1155; x_wconf 75' lang='lat' dir='ltr'><em>z</em></span> <span class='ocrx_word' id='word_1_399' title='bbox 2418 1095 2481 1156; x_wconf 89' lang='lat' dir='ltr'>et</span> <span class='ocrx_word' id='word_1_400' title='bbox 2504 1092 2592 1156; x_wconf 86' lang='lat' dir='ltr'>sic</span> <span class='ocrx_word' id='word_1_401' title='bbox 2620 1095 2792 1175; x_wconf 90' lang='lat' dir='ltr'>patet</span> <span class='ocrx_word' id='word_1_402' title='bbox 2822 1091 2994 1179; x_wconf 86' lang='lat' dir='ltr'>quod</span> <span class='ocrx_word' id='word_1_403' title='bbox 3028 1091 3186 1156; x_wconf 87' lang='lat' dir='ltr'>illud</span> <span class='ocrx_word' id='word_1_404' title='bbox 3212 1111 3345 1157; x_wconf 91' lang='lat' dir='ltr'>non</span> <span class='ocrx_word' id='word_1_405' title='bbox 3369 1110 3468 1157; x_wconf 86' lang='lat' dir='ltr'>se-</span> 
     </span>
     <span class='ocr_line' id='line_1_58' title="bbox 1919 1198 2408 1280; baseline 0.004 -19"><span class='ocrx_word' id='word_1_406' title='bbox 1919 1198 2167 1280; x_wconf 89' lang='lat' dir='ltr'>quitur.</span> <span class='ocrx_word' id='word_1_407' title='bbox 2405 1267 2408 1270; x_wconf 66' lang='grc'>,</span> 
     </span>
    </p>

    <p class='ocr_par' dir='ltr' id='par_1_12' title="bbox 1917 1303 3469 1927">
     <span class='ocr_line' id='line_1_59' title="bbox 1997 1303 3469 1387; baseline 0.002 -19"><span class='ocrx_word' id='word_1_408' title='bbox 1997 1310 2059 1368; x_wconf 74' lang='grc'>4.</span> <span class='ocrx_word' id='word_1_409' title='bbox 2103 1305 2202 1368; x_wconf 91' lang='lat' dir='ltr'>Ad</span> <span class='ocrx_word' id='word_1_410' title='bbox 2242 1304 2395 1370; x_wconf 86' lang='lat' dir='ltr'>illud</span> <span class='ocrx_word' id='word_1_411' title='bbox 2442 1304 2613 1387; x_wconf 90' lang='lat' dir='ltr'>quod</span> <span class='ocrx_word' id='word_1_412' title='bbox 2662 1303 2965 1387; x_wconf 84' lang='lat' dir='ltr'>objicitur</span> <span class='ocrx_word' id='word_1_413' title='bbox 3008 1304 3183 1387; x_wconf 92' lang='lat' dir='ltr'>quod</span> <span class='ocrx_word' id='word_1_414' title='bbox 3223 1305 3469 1371; x_wconf 90' lang='lat' dir='ltr'>bonum</span> 
     </span>
     <span class='ocr_line' id='line_1_60' title="bbox 1918 1410 3466 1487; baseline -0.001 -10"><span class='ocrx_word' id='word_1_415' title='bbox 1918 1431 2250 1477; x_wconf 86' lang='lat' dir='ltr'>summum</span> <span class='ocrx_word' id='word_1_416' title='bbox 2292 1429 2544 1476; x_wconf 90' lang='lat' dir='ltr'>summe</span> <span class='ocrx_word' id='word_1_417' title='bbox 2606 1429 2675 1475; x_wconf 89' lang='lat' dir='ltr'>se</span> <span class='ocrx_word' id='word_1_418' title='bbox 2724 1410 3063 1487; x_wconf 83' lang='lat' dir='ltr'>diffundit,</span> <span class='ocrx_word' id='word_1_419' title='bbox 3125 1412 3466 1475; x_wconf 88' lang='lat' dir='ltr'>dicendum</span> 
     </span>
     <span class='ocr_line' id='line_1_61' title="bbox 1917 1519 3462 1603; baseline -0.001 -18"><span class='ocrx_word' id='word_1_420' title='bbox 1917 1521 2090 1603; x_wconf 93' lang='lat' dir='ltr'>quod</span> <span class='ocrx_word' id='word_1_421' title='bbox 2113 1521 2237 1584; x_wconf 89' lang='lat' dir='ltr'>hoc</span> <span class='ocrx_word' id='word_1_422' title='bbox 2275 1538 2508 1585; x_wconf 85' lang='lat' dir='ltr'>verum</span> <span class='ocrx_word' id='word_1_423' title='bbox 2546 1523 2641 1584; x_wconf 90' lang='lat' dir='ltr'>est</span> <span class='ocrx_word' id='word_1_424' title='bbox 2667 1520 2743 1584; x_wconf 93' lang='lat' dir='ltr'>de</span> <span class='ocrx_word' id='word_1_425' title='bbox 2780 1519 3121 1583; x_wconf 83' lang='lat' dir='ltr'>diffusione</span> <span class='ocrx_word' id='word_1_426' title='bbox 3150 1519 3462 1598; x_wconf 90' lang='lat' dir='ltr'>naturali;</span> 
     </span>
     <span class='ocr_line' id='line_1_62' title="bbox 1917 1625 3467 1710; baseline -0.001 -19"><span class='ocrx_word' id='word_1_427' title='bbox 1917 1628 2027 1691; x_wconf 90' lang='lat' dir='ltr'>sed</span> <span class='ocrx_word' id='word_1_428' title='bbox 2053 1625 2130 1691; x_wconf 91' lang='lat' dir='ltr'>de</span> <span class='ocrx_word' id='word_1_429' title='bbox 2158 1627 2521 1691; x_wconf 85' lang='lat' dir='ltr'>voluntaria</span> <span class='ocrx_word' id='word_1_430' title='bbox 2548 1626 2627 1710; x_wconf 86' lang='grc' dir='ltr'>(α)</span> <span class='ocrx_word' id='word_1_431' title='bbox 2652 1674 2671 1705; x_wconf 92' lang='lat'>,</span> <span class='ocrx_word' id='word_1_432' title='bbox 2702 1626 2837 1691; x_wconf 84' lang='lat' dir='ltr'>sive</span> <span class='ocrx_word' id='word_1_433' title='bbox 2872 1645 2914 1690; x_wconf 89' lang='lat' dir='ltr'>a</span> <span class='ocrx_word' id='word_1_434' title='bbox 2937 1627 3261 1710; x_wconf 88' lang='lat' dir='ltr'>proposito</span> <span class='ocrx_word' id='word_1_435' title='bbox 3287 1675 3304 1706; x_wconf 88' lang='lat'>,</span> <span class='ocrx_word' id='word_1_436' title='bbox 3333 1645 3467 1690; x_wconf 93' lang='lat' dir='ltr'>non</span> 
     </span>
     <span class='ocr_line' id='line_1_63' title="bbox 1917 1733 3466 1816; baseline -0.001 -19"><span class='ocrx_word' id='word_1_437' title='bbox 1917 1737 2011 1797; x_wconf 88' lang='lat' dir='ltr'>est</span> <span class='ocrx_word' id='word_1_438' title='bbox 2037 1752 2289 1797; x_wconf 89' lang='lat' dir='ltr'>verum.</span> <span class='ocrx_word' id='word_1_439' title='bbox 2322 1733 2536 1798; x_wconf 91' lang='lat' dir='ltr'>Primo</span> <span class='ocrx_word' id='word_1_440' title='bbox 2567 1733 2758 1797; x_wconf 91' lang='lat' dir='ltr'>modo</span> <span class='ocrx_word' id='word_1_441' title='bbox 2789 1738 2885 1797; x_wconf 86' lang='lat' dir='ltr'>est</span> <span class='ocrx_word' id='word_1_442' title='bbox 2924 1733 3179 1798; x_wconf 85' lang='lat' dir='ltr'>diffusio</span> <span class='ocrx_word' id='word_1_443' title='bbox 3201 1734 3288 1810; x_wconf 70' lang='lat' dir='ltr'>[in</span> <span class='ocrx_word' id='word_1_444' title='bbox 3315 1751 3466 1816; x_wconf 94' lang='lat' dir='ltr'>pro-</span> 
     </span>
     <span class='ocr_line' id='line_1_64' title="bbox 1918 1843 3468 1927; baseline -0.001 -19"><span class='ocrx_word' id='word_1_445' title='bbox 1918 1844 2212 1908; x_wconf 84' lang='lat' dir='ltr'>ductione</span> <span class='ocrx_word' id='word_1_446' title='bbox 2239 1862 2689 1927; x_wconf 84' lang='lat' dir='ltr'>personarum3</span> <span class='ocrx_word' id='word_1_447' title='bbox 2717 1843 2996 1908; x_wconf 90' lang='lat' dir='ltr'>secundo</span> <span class='ocrx_word' id='word_1_448' title='bbox 3018 1844 3210 1909; x_wconf 91' lang='lat' dir='ltr'>modo</span> <span class='ocrx_word' id='word_1_449' title='bbox 3233 1844 3303 1907; x_wconf 91' lang='lat' dir='ltr'>in</span> <span class='ocrx_word' id='word_1_450' title='bbox 3327 1862 3468 1926; x_wconf 90' lang='lat' dir='ltr'>pro-</span> 
     </span>
    </p>
   </div>
   <div class='ocr_carea' id='block_1_9' title="bbox 1917 1955 2704 2020">
    <p class='ocr_par' dir='ltr' id='par_1_13' title="bbox 1917 1955 2704 2020">
     <span class='ocr_line' id='line_1_65' title="bbox 1917 1955 2704 2020; baseline 0 -1"><span class='ocrx_word' id='word_1_451' title='bbox 1917 1955 2216 2020; x_wconf 92' lang='lat' dir='ltr'>ductione</span> <span class='ocrx_word' id='word_1_452' title='bbox 2242 1959 2704 2020; x_wconf 72' lang='lat' dir='ltr'>creaturarum.</span> 
     </span>
    </p>
   </div>
   <div class='ocr_carea' id='block_1_10' title="bbox 2428 2191 2941 2274">
    <p class='ocr_par' dir='ltr' id='par_1_14' title="bbox 2428 2191 2941 2274">
     <span class='ocr_line' id='line_1_66' title="bbox 2428 2191 2941 2274; baseline -0.008 -15"><span class='ocrx_word' id='word_1_453' title='bbox 2428 2191 2786 2274; x_wconf 82' lang='lat' dir='ltr'><strong>QUAESTIO</strong></span> <span class='ocrx_word' id='word_1_454' title='bbox 2830 2192 2941 2258; x_wconf 89' lang='grc' dir='ltr'><strong>ΙΙΙ.</strong></span> 
     </span>
    </p>
   </div>
   <div class='ocr_carea' id='block_1_11' title="bbox 1873 2360 3461 2436">
    <p class='ocr_par' dir='ltr' id='par_1_15' title="bbox 1873 2360 3461 2436">
     <span class='ocr_line' id='line_1_67' title="bbox 1873 2360 3461 2436; baseline -0.001 -15"><span class='ocrx_word' id='word_1_455' title='bbox 1873 2376 1874 2379; x_wconf 73' lang='grc'>’</span> <span class='ocrx_word' id='word_1_456' title='bbox 1916 2365 2012 2422; x_wconf 83' lang='lat' dir='ltr'>An</span> <span class='ocrx_word' id='word_1_457' title='bbox 2039 2366 2180 2421; x_wconf 79' lang='lat' dir='ltr'>Deus</span> <span class='ocrx_word' id='word_1_458' title='bbox 2202 2363 2441 2436; x_wconf 78' lang='lat' dir='ltr'>potuerit</span> <span class='ocrx_word' id='word_1_459' title='bbox 2469 2364 2650 2431; x_wconf 81' lang='lat' dir='ltr'>facere</span> <span class='ocrx_word' id='word_1_460' title='bbox 2674 2360 2929 2417; x_wconf 82' lang='lat' dir='ltr'>mundum</span> <span class='ocrx_word' id='word_1_461' title='bbox 2950 2363 3253 2429; x_wconf 70' lang='lat' dir='ltr'>meliorem,</span> <span class='ocrx_word' id='word_1_462' title='bbox 3283 2379 3461 2434; x_wconf 79' lang='lat' dir='ltr'>quan-</span> 
     </span>
    </p>
   </div>
   <div class='ocr_carea' id='block_1_12' title="bbox 2292 2448 3106 2522">
    <p class='ocr_par' dir='ltr' id='par_1_16' title="bbox 2292 2448 3106 2522">
     <span class='ocr_line' id='line_1_68' title="bbox 2292 2448 3106 2522; baseline -0.002 -14"><span class='ocrx_word' id='word_1_463' title='bbox 2292 2455 2404 2508; x_wconf 79' lang='lat' dir='ltr'>tum</span> <span class='ocrx_word' id='word_1_464' title='bbox 2433 2450 2507 2506; x_wconf 82' lang='lat' dir='ltr'>ad</span> <span class='ocrx_word' id='word_1_465' title='bbox 2531 2451 2772 2508; x_wconf 73' lang='lat' dir='ltr'>ordinem</span> <span class='ocrx_word' id='word_1_466' title='bbox 2791 2453 3046 2522; x_wconf 78' lang='lat' dir='ltr'>partium</span> <span class='ocrx_word' id='word_1_467' title='bbox 3066 2448 3106 2505; x_wconf 93' lang='lat'>¹.</span> 
     </span>
    </p>
   </div>
   <div class='ocr_carea' id='block_1_13' title="bbox 1997 2597 3698 2682">
    <p class='ocr_par' dir='ltr' id='par_1_17' title="bbox 1997 2597 3698 2682">
     <span class='ocr_line' id='line_1_69' title="bbox 1997 2597 3698 2682; baseline 0.004 -20"><span class='ocrx_word' id='word_1_468' title='bbox 1997 2598 2228 2664; x_wconf 89' lang='lat' dir='ltr'>Utrum</span> <span class='ocrx_word' id='word_1_469' title='bbox 2256 2598 2422 2663; x_wconf 89' lang='lat' dir='ltr'>Deus</span> <span class='ocrx_word' id='word_1_470' title='bbox 2446 2597 2724 2680; x_wconf 87' lang='lat' dir='ltr'>potuerit</span> <span class='ocrx_word' id='word_1_471' title='bbox 2748 2597 3064 2661; x_wconf 87' lang='lat' dir='ltr'>mundum</span> <span class='ocrx_word' id='word_1_472' title='bbox 3089 2598 3293 2662; x_wconf 80' lang='lat' dir='ltr'>facere</span> <span class='ocrx_word' id='word_1_473' title='bbox 3324 2618 3461 2664; x_wconf 89' lang='lat' dir='ltr'>me·</span> <span class='ocrx_word' id='word_1_474' title='bbox 3489 2636 3698 2682; x_wconf 52' lang='lat' dir='ltr'>Euam„</span> 
     </span>
    </p>
   </div>
   <div class='ocr_carea' id='block_1_14' title="bbox 1909 2704 3465 5052">
    <p class='ocr_par' dir='ltr' id='par_1_18' title="bbox 1914 2704 3464 3327">
     <span class='ocr_line' id='line_1_70' title="bbox 1914 2704 3464 2789; baseline 0.003 -20"><span class='ocrx_word' id='word_1_475' title='bbox 1914 2706 2140 2772; x_wconf 91' lang='lat' dir='ltr'>liorem</span> <span class='ocrx_word' id='word_1_476' title='bbox 2187 2710 2503 2789; x_wconf 88' lang='lat' dir='ltr'>quantum</span> <span class='ocrx_word' id='word_1_477' title='bbox 2553 2705 2633 2769; x_wconf 91' lang='lat' dir='ltr'>ad</span> <span class='ocrx_word' id='word_1_478' title='bbox 2687 2704 2977 2769; x_wconf 90' lang='lat' dir='ltr'>ordinem</span> <span class='ocrx_word' id='word_1_479' title='bbox 3023 2706 3341 2788; x_wconf 82' lang='lat' dir='ltr'>partium3</span> <span class='ocrx_word' id='word_1_480' title='bbox 3399 2714 3464 2773; x_wconf 89' lang='lat' dir='ltr'>et</span> 
     </span>
     <span class='ocr_line' id='line_1_71' title="bbox 1916 2813 3464 2898; baseline 0.002 -19"><span class='ocrx_word' id='word_1_481' title='bbox 1916 2814 2089 2898; x_wconf 92' lang='lat' dir='ltr'>quod</span> <span class='ocrx_word' id='word_1_482' title='bbox 2111 2833 2262 2892; x_wconf 83' lang='lat' dir='ltr'>non,</span> <span class='ocrx_word' id='word_1_483' title='bbox 2293 2815 2500 2897; x_wconf 91' lang='lat' dir='ltr'>primo</span> <span class='ocrx_word' id='word_1_484' title='bbox 2526 2814 2782 2878; x_wconf 87' lang='lat' dir='ltr'>videtur</span> <span class='ocrx_word' id='word_1_485' title='bbox 2804 2813 3175 2877; x_wconf 88' lang='lat' dir='ltr'>auctoritate</span> <span class='ocrx_word' id='word_1_486' title='bbox 3191 2816 3252 2877; x_wconf 82' lang='lat'>²:</span> <span class='ocrx_word' id='word_1_487' title='bbox 3286 2815 3464 2882; x_wconf 75' lang='lat' dir='ltr'>Vidit</span> 
     </span>
     <span class='ocr_line' id='line_1_72' title="bbox 1916 2920 3462 3003; baseline 0.001 -16"><span class='ocrx_word' id='word_1_488' title='bbox 1916 2924 2085 2987; x_wconf 81' lang='lat' dir='ltr'>Deus</span> <span class='ocrx_word' id='word_1_489' title='bbox 2127 2928 2359 2988; x_wconf 81' lang='lat' dir='ltr'>cuncta</span> <span class='ocrx_word' id='word_1_490' title='bbox 2406 2938 2547 3003; x_wconf 84' lang='lat' dir='ltr'>quoe</span> <span class='ocrx_word' id='word_1_491' title='bbox 2596 2922 2833 3001; x_wconf 72' lang='lat' dir='ltr'>fecerat</span> <span class='ocrx_word' id='word_1_492' title='bbox 2851 2967 2873 2999; x_wconf 87' lang='lat'>‚</span> <span class='ocrx_word' id='word_1_493' title='bbox 2926 2925 2988 2986; x_wconf 84' lang='lat' dir='ltr'>ec</span> <span class='ocrx_word' id='word_1_494' title='bbox 3040 2926 3227 2987; x_wconf 78' lang='lat' dir='ltr'>erant</span> <span class='ocrx_word' id='word_1_495' title='bbox 3274 2920 3462 2988; x_wconf 81' lang='lat' dir='ltr'>valde</span> 
     </span>
     <span class='ocr_line' id='line_1_73' title="bbox 1917 3026 3464 3110; baseline -0.001 -16"><span class='ocrx_word' id='word_1_496' title='bbox 1917 3030 2100 3096; x_wconf 82' lang='lat' dir='ltr'>bona.</span> <span class='ocrx_word' id='word_1_497' title='bbox 2145 3029 2361 3093; x_wconf 90' lang='lat' dir='ltr'>Glossa</span> <span class='ocrx_word' id='word_1_498' title='bbox 2383 3027 2731 3110; x_wconf 85' lang='lat' dir='ltr'>Augustini</span> <span class='ocrx_word' id='word_1_499' title='bbox 2764 3049 2778 3091; x_wconf 92' lang='lat'>:</span> <span class='ocrx_word' id='word_1_500' title='bbox 2818 3048 2851 3088; x_wconf 73' lang='grc' dir='ltr'><strong>α</strong></span> <span class='ocrx_word' id='word_1_501' title='bbox 2885 3026 3154 3106; x_wconf 89' lang='lat' dir='ltr'>Singula</span> <span class='ocrx_word' id='word_1_502' title='bbox 3187 3044 3464 3109; x_wconf 65' lang='lat' dir='ltr'>quaeque</span> 
     </span>
     <span class='ocr_line' id='line_1_74' title="bbox 1915 3133 3463 3216; baseline 0 -15"><span class='ocrx_word' id='word_1_503' title='bbox 1915 3138 2085 3202; x_wconf 90' lang='lat' dir='ltr'>bona</span> <span class='ocrx_word' id='word_1_504' title='bbox 2119 3136 2192 3201; x_wconf 91' lang='lat' dir='ltr'>in</span> <span class='ocrx_word' id='word_1_505' title='bbox 2221 3156 2318 3215; x_wconf 84' lang='lat' dir='ltr'>se3</span> <span class='ocrx_word' id='word_1_506' title='bbox 2350 3136 2458 3200; x_wconf 91' lang='lat' dir='ltr'>sed</span> <span class='ocrx_word' id='word_1_507' title='bbox 2489 3136 2561 3199; x_wconf 90' lang='lat' dir='ltr'>in</span> <span class='ocrx_word' id='word_1_508' title='bbox 2604 3137 2908 3199; x_wconf 88' lang='lat' dir='ltr'>universo</span> <span class='ocrx_word' id='word_1_509' title='bbox 2951 3133 3215 3216; x_wconf 87' lang='lat' dir='ltr'>optima.</span> <span class='ocrx_word' id='word_1_510' title='bbox 3266 3157 3297 3195; x_wconf 77' lang='grc' dir='ltr'>ι)</span> <span class='ocrx_word' id='word_1_511' title='bbox 3337 3133 3463 3201; x_wconf 90' lang='lat' dir='ltr'>Sed</span> 
     </span>
     <span class='ocr_line' id='line_1_75' title="bbox 1916 3242 3104 3327; baseline -0.004 -19"><span class='ocrx_word' id='word_1_512' title='bbox 1916 3243 2158 3327; x_wconf 90' lang='lat' dir='ltr'>optimo</span> <span class='ocrx_word' id='word_1_513' title='bbox 2184 3243 2347 3307; x_wconf 90' lang='lat' dir='ltr'>nihil</span> <span class='ocrx_word' id='word_1_514' title='bbox 2369 3247 2463 3307; x_wconf 89' lang='lat' dir='ltr'>est</span> <span class='ocrx_word' id='word_1_515' title='bbox 2488 3242 2716 3307; x_wconf 88' lang='lat' dir='ltr'>melius</span> <span class='ocrx_word' id='word_1_516' title='bbox 2741 3262 2756 3304; x_wconf 74' lang='grc' dir='ltr'><strong>ε</strong></span> <span class='ocrx_word' id='word_1_517' title='bbox 2777 3259 2960 3321; x_wconf 88' lang='lat' dir='ltr'>erg0‚</span> <span class='ocrx_word' id='word_1_518' title='bbox 2986 3243 3104 3304; x_wconf 89' lang='lat' dir='ltr'>etc.</span> 
     </span>
    </p>

    <p class='ocr_par' dir='ltr' id='par_1_19' title="bbox 1912 3349 3465 4291">
     <span class='ocr_line' id='line_1_76' title="bbox 1997 3349 3464 3433; baseline -0.002 -16"><span class='ocrx_word' id='word_1_519' title='bbox 1997 3353 2154 3417; x_wconf 91' lang='lat' dir='ltr'>Item</span> <span class='ocrx_word' id='word_1_520' title='bbox 2214 3352 2626 3433; x_wconf 87' lang='lat' dir='ltr'>Augustinus</span> <span class='ocrx_word' id='word_1_521' title='bbox 2692 3349 2844 3414; x_wconf 84' lang='lat' dir='ltr'>dicit</span> <span class='ocrx_word' id='word_1_522' title='bbox 2894 3350 2917 3385; x_wconf 81' lang='lat'>⁸</span> <span class='ocrx_word' id='word_1_523' title='bbox 2976 3349 3146 3431; x_wconf 92' lang='lat' dir='ltr'>quod</span> <span class='ocrx_word' id='word_1_524' title='bbox 3208 3371 3238 3410; x_wconf 73' lang='lat' dir='ltr'>a</span> <span class='ocrx_word' id='word_1_525' title='bbox 3299 3349 3464 3414; x_wconf 89' lang='lat' dir='ltr'>alius</span> 
     </span>
     <span class='ocr_line' id='line_1_77' title="bbox 1913 3458 3463 3544; baseline -0.002 -18"><span class='ocrx_word' id='word_1_526' title='bbox 1913 3462 2216 3544; x_wconf 83' lang='lat' dir='ltr'>quamvis</span> <span class='ocrx_word' id='word_1_527' title='bbox 2239 3462 2470 3526; x_wconf 88' lang='lat' dir='ltr'>modus</span> <span class='ocrx_word' id='word_1_528' title='bbox 2489 3463 2724 3524; x_wconf 86' lang='lat' dir='ltr'>nostrae</span> <span class='ocrx_word' id='word_1_529' title='bbox 2746 3458 3141 3522; x_wconf 83' lang='lat' dir='ltr'>liberationis</span> <span class='ocrx_word' id='word_1_530' title='bbox 3158 3462 3319 3522; x_wconf 89' lang='lat' dir='ltr'>esset</span> <span class='ocrx_word' id='word_1_531' title='bbox 3336 3459 3463 3524; x_wconf 90' lang='lat' dir='ltr'>Deo</span> 
     </span>
     <span class='ocr_line' id='line_1_78' title="bbox 1914 3565 3462 3651; baseline -0.002 -18"><span class='ocrx_word' id='word_1_532' title='bbox 1914 3568 2249 3651; x_wconf 76' lang='lat' dir='ltr'>possibiliS,</span> <span class='ocrx_word' id='word_1_533' title='bbox 2279 3568 2496 3632; x_wconf 85' lang='lat' dir='ltr'>nullus</span> <span class='ocrx_word' id='word_1_534' title='bbox 2527 3570 2742 3630; x_wconf 88' lang='lat' dir='ltr'>tamen</span> <span class='ocrx_word' id='word_1_535' title='bbox 2769 3565 2891 3629; x_wconf 85' lang='lat' dir='ltr'>fuit</span> <span class='ocrx_word' id='word_1_536' title='bbox 2916 3569 3149 3629; x_wconf 81' lang='lat' dir='ltr'>nostrae</span> <span class='ocrx_word' id='word_1_537' title='bbox 3173 3565 3462 3631; x_wconf 83' lang='lat' dir='ltr'>levandae</span> 
     </span>
     <span class='ocr_line' id='line_1_79' title="bbox 1915 3671 3465 3758; baseline -0.003 -18"><span class='ocrx_word' id='word_1_538' title='bbox 1915 3677 2189 3741; x_wconf 82' lang='lat' dir='ltr'>miseriae</span> <span class='ocrx_word' id='word_1_539' title='bbox 2218 3675 2695 3758; x_wconf 89' lang='lat' dir='ltr'>congruentior.</span> <span class='ocrx_word' id='word_1_540' title='bbox 2727 3695 2757 3732; x_wconf 80' lang='lat'>»</span> <span class='ocrx_word' id='word_1_541' title='bbox 2793 3672 2915 3737; x_wconf 92' lang='lat' dir='ltr'>Sed</span> <span class='ocrx_word' id='word_1_542' title='bbox 2949 3673 3113 3737; x_wconf 85' lang='lat' dir='ltr'>sicut</span> <span class='ocrx_word' id='word_1_543' title='bbox 3150 3671 3317 3737; x_wconf 91' lang='lat' dir='ltr'>Deus</span> <span class='ocrx_word' id='word_1_544' title='bbox 3342 3673 3465 3737; x_wconf 90' lang='lat' dir='ltr'>fuit</span> 
     </span>
     <span class='ocr_line' id='line_1_80' title="bbox 1913 3780 3461 3867; baseline -0.002 -20"><span class='ocrx_word' id='word_1_545' title='bbox 1913 3784 2415 3866; x_wconf 79' lang='lat' dir='ltr'>sapientissimus</span> <span class='ocrx_word' id='word_1_546' title='bbox 2436 3782 2841 3867; x_wconf 85' lang='lat' dir='ltr'>Redemptor,</span> <span class='ocrx_word' id='word_1_547' title='bbox 2871 3780 2961 3844; x_wconf 84' lang='lat' dir='ltr'>ila</span> <span class='ocrx_word' id='word_1_548' title='bbox 2988 3785 3049 3845; x_wconf 88' lang='lat' dir='ltr'>et</span> <span class='ocrx_word' id='word_1_549' title='bbox 3076 3780 3461 3864; x_wconf 87' lang='lat' dir='ltr'>sapientissi-</span> 
     </span>
     <span class='ocr_line' id='line_1_81' title="bbox 1914 3885 3463 3969; baseline -0.001 -16"><span class='ocrx_word' id='word_1_550' title='bbox 1914 3909 2060 3954; x_wconf 90' lang='lat' dir='ltr'>mus</span> <span class='ocrx_word' id='word_1_551' title='bbox 2089 3890 2384 3954; x_wconf 89' lang='lat' dir='ltr'>Conditor</span> <span class='ocrx_word' id='word_1_552' title='bbox 2426 3908 2443 3951; x_wconf 75' lang='lat' dir='ltr'>t</span> <span class='ocrx_word' id='word_1_553' title='bbox 2483 3885 2639 3969; x_wconf 87' lang='lat' dir='ltr'>e&#39;rgo</span> <span class='ocrx_word' id='word_1_554' title='bbox 2689 3888 2741 3951; x_wconf 87' lang='lat' dir='ltr'>si</span> <span class='ocrx_word' id='word_1_555' title='bbox 2778 3887 3243 3951; x_wconf 87' lang='lat' dir='ltr'>ordinatissime</span> <span class='ocrx_word' id='word_1_556' title='bbox 3277 3888 3463 3952; x_wconf 91' lang='lat' dir='ltr'>rede-</span> 
     </span>
     <span class='ocr_line' id='line_1_82' title="bbox 1913 3994 3461 4080; baseline -0.003 -18"><span class='ocrx_word' id='word_1_557' title='bbox 1913 3999 2053 4075; x_wconf 86' lang='lat' dir='ltr'>mit,</span> <span class='ocrx_word' id='word_1_558' title='bbox 2085 3998 2173 4060; x_wconf 89' lang='lat' dir='ltr'>ita</span> <span class='ocrx_word' id='word_1_559' title='bbox 2198 3996 2371 4080; x_wconf 79' lang='lat' dir='ltr'>quod</span> <span class='ocrx_word' id='word_1_560' title='bbox 2398 3996 2617 4060; x_wconf 91' lang='lat' dir='ltr'>nullus</span> <span class='ocrx_word' id='word_1_561' title='bbox 2644 3995 2878 4060; x_wconf 88' lang='lat' dir='ltr'>modus</span> <span class='ocrx_word' id='word_1_562' title='bbox 2904 3994 3150 4074; x_wconf 90' lang='lat' dir='ltr'>melior,</span> <span class='ocrx_word' id='word_1_563' title='bbox 3180 3995 3285 4059; x_wconf 85' lang='lat' dir='ltr'>vel</span> <span class='ocrx_word' id='word_1_564' title='bbox 3307 4012 3461 4060; x_wconf 91' lang='lat' dir='ltr'>con-</span> 
     </span>
     <span class='ocr_line' id='line_1_83' title="bbox 1914 4102 3458 4187; baseline -0.001 -19"><span class='ocrx_word' id='word_1_565' title='bbox 1914 4105 2248 4187; x_wconf 88' lang='lat' dir='ltr'>gruentior</span> <span class='ocrx_word' id='word_1_566' title='bbox 2274 4122 2409 4167; x_wconf 90' lang='lat' dir='ltr'>esse</span> <span class='ocrx_word' id='word_1_567' title='bbox 2450 4104 2659 4186; x_wconf 85' lang='lat' dir='ltr'>potuit</span> <span class='ocrx_word' id='word_1_568' title='bbox 2680 4153 2699 4181; x_wconf 90' lang='lat'>,</span> <span class='ocrx_word' id='word_1_569' title='bbox 2732 4121 2890 4184; x_wconf 87' lang='lat' dir='ltr'>ergo</span> <span class='ocrx_word' id='word_1_570' title='bbox 2926 4102 3215 4166; x_wconf 89' lang='lat' dir='ltr'>similiter</span> <span class='ocrx_word' id='word_1_571' title='bbox 3242 4121 3310 4166; x_wconf 89' lang='lat' dir='ltr'>se</span> <span class='ocrx_word' id='word_1_572' title='bbox 3332 4102 3458 4166; x_wconf 92' lang='lat' dir='ltr'>ha-</span> 
     </span>
     <span class='ocr_line' id='line_1_84' title="bbox 1912 4210 3199 4291; baseline -0.002 -16"><span class='ocrx_word' id='word_1_573' title='bbox 1912 4213 2052 4276; x_wconf 89' lang='lat' dir='ltr'>buit</span> <span class='ocrx_word' id='word_1_574' title='bbox 2075 4212 2143 4274; x_wconf 91' lang='lat' dir='ltr'>in</span> <span class='ocrx_word' id='word_1_575' title='bbox 2169 4210 2454 4275; x_wconf 84' lang='lat' dir='ltr'>faciendo</span> <span class='ocrx_word' id='word_1_576' title='bbox 2482 4228 2584 4274; x_wconf 84' lang='lat' dir='ltr'>res</span> <span class='ocrx_word' id='word_1_577' title='bbox 2611 4230 2626 4274; x_wconf 87' lang='lat'><strong>:</strong></span> <span class='ocrx_word' id='word_1_578' title='bbox 2655 4210 2832 4274; x_wconf 84' lang='lat' dir='ltr'>etsie</span> <span class='ocrx_word' id='word_1_579' title='bbox 2856 4213 3048 4291; x_wconf 86' lang='lat' dir='ltr'>patet,</span> <span class='ocrx_word' id='word_1_580' title='bbox 3081 4214 3199 4273; x_wconf 90' lang='lat' dir='ltr'>etc.</span> 
     </span>
    </p>

    <p class='ocr_par' dir='ltr' id='par_1_20' title="bbox 1909 4316 3459 5052">
     <span class='ocr_line' id='line_1_85' title="bbox 1994 4316 3457 4398; baseline -0.001 -16"><span class='ocrx_word' id='word_1_581' title='bbox 1994 4318 2173 4398; x_wconf 90' lang='lat' dir='ltr'>Item,</span> <span class='ocrx_word' id='word_1_582' title='bbox 2205 4320 2258 4381; x_wconf 91' lang='lat' dir='ltr'>si</span> <span class='ocrx_word' id='word_1_583' title='bbox 2284 4318 2756 4382; x_wconf 88' lang='lat' dir='ltr'>consideremus</span> <span class='ocrx_word' id='word_1_584' title='bbox 2783 4317 3073 4381; x_wconf 90' lang='lat' dir='ltr'>ordinem</span> <span class='ocrx_word' id='word_1_585' title='bbox 3112 4316 3457 4380; x_wconf 90' lang='lat' dir='ltr'>elemento-</span> 
     </span>
     <span class='ocr_line' id='line_1_86' title="bbox 1910 4422 3459 4506; baseline -0.004 -14"><span class='ocrx_word' id='word_1_586' title='bbox 1910 4446 2062 4493; x_wconf 88' lang='lat' dir='ltr'>rum</span> <span class='ocrx_word' id='word_1_587' title='bbox 2084 4427 2152 4491; x_wconf 91' lang='lat' dir='ltr'>in</span> <span class='ocrx_word' id='word_1_588' title='bbox 2182 4426 2446 4506; x_wconf 86' lang='lat' dir='ltr'>mund0,</span> <span class='ocrx_word' id='word_1_589' title='bbox 2476 4428 2721 4491; x_wconf 86' lang='lat' dir='ltr'>constat</span> <span class='ocrx_word' id='word_1_590' title='bbox 2748 4443 2824 4489; x_wconf 90' lang='lat' dir='ltr'>ea</span> <span class='ocrx_word' id='word_1_591' title='bbox 2849 4423 3088 4506; x_wconf 88' lang='lat' dir='ltr'>optime</span> <span class='ocrx_word' id='word_1_592' title='bbox 3113 4441 3248 4486; x_wconf 87' lang='lat' dir='ltr'>esse</span> <span class='ocrx_word' id='word_1_593' title='bbox 3275 4422 3459 4488; x_wconf 89' lang='lat' dir='ltr'>ordi-</span> 
     </span>
     <span class='ocr_line' id='line_1_87' title="bbox 1911 4528 3458 4615; baseline -0.005 -15"><span class='ocrx_word' id='word_1_594' title='bbox 1911 4540 2090 4613; x_wconf 86' lang='lat' dir='ltr'>nata3</span> <span class='ocrx_word' id='word_1_595' title='bbox 2140 4534 2313 4598; x_wconf 90' lang='lat' dir='ltr'>unde</span> <span class='ocrx_word' id='word_1_596' title='bbox 2365 4550 2497 4597; x_wconf 91' lang='lat' dir='ltr'>non</span> <span class='ocrx_word' id='word_1_597' title='bbox 2551 4536 2756 4615; x_wconf 87' lang='lat' dir='ltr'>potest</span> <span class='ocrx_word' id='word_1_598' title='bbox 2804 4531 3075 4613; x_wconf 87' lang='lat' dir='ltr'>cogitari</span> <span class='ocrx_word' id='word_1_599' title='bbox 3123 4529 3296 4613; x_wconf 88' lang='lat' dir='ltr'>quod</span> <span class='ocrx_word' id='word_1_600' title='bbox 3349 4528 3458 4594; x_wconf 89' lang='lat' dir='ltr'>illa</span> 
     </span>
     <span class='ocr_line' id='line_1_88' title="bbox 1911 4635 3455 4727; baseline -0.006 -19"><span class='ocrx_word' id='word_1_601' title='bbox 1911 4647 2189 4727; x_wconf 90' lang='lat' dir='ltr'>quatuor</span> <span class='ocrx_word' id='word_1_602' title='bbox 2209 4658 2477 4725; x_wconf 88' lang='lat' dir='ltr'>corpora</span> <span class='ocrx_word' id='word_1_603' title='bbox 2502 4639 2881 4704; x_wconf 86' lang='lat' dir='ltr'>ordinentur</span> <span class='ocrx_word' id='word_1_604' title='bbox 2905 4636 3156 4716; x_wconf 75' lang='lat' dir='ltr'>meliuS,</span> <span class='ocrx_word' id='word_1_605' title='bbox 3186 4635 3322 4701; x_wconf 88' lang='lat' dir='ltr'>sive</span> <span class='ocrx_word' id='word_1_606' title='bbox 3348 4653 3455 4699; x_wconf 85' lang='lat' dir='ltr'>se-</span> 
     </span>
     <span class='ocr_line' id='line_1_89' title="bbox 1910 4743 3456 4832; baseline -0.005 -18"><span class='ocrx_word' id='word_1_607' title='bbox 1910 4750 2196 4816; x_wconf 92' lang='lat' dir='ltr'>cundum</span> <span class='ocrx_word' id='word_1_608' title='bbox 2232 4747 2569 4832; x_wconf 86' lang='lat' dir='ltr'>qualitates</span> <span class='ocrx_word' id='word_1_609' title='bbox 2591 4797 2609 4826; x_wconf 88' lang='lat'>,</span> <span class='ocrx_word' id='word_1_610' title='bbox 2642 4746 2777 4811; x_wconf 86' lang='lat' dir='ltr'>sive</span> <span class='ocrx_word' id='word_1_611' title='bbox 2822 4744 3175 4810; x_wconf 90' lang='lat' dir='ltr'>secundum</span> <span class='ocrx_word' id='word_1_612' title='bbox 3217 4743 3456 4807; x_wconf 86' lang='lat' dir='ltr'>formas</span> 
     </span>
     <span class='ocr_line' id='line_1_90' title="bbox 1910 4853 3452 4937; baseline -0.005 -15"><span class='ocrx_word' id='word_1_613' title='bbox 1910 4857 2184 4937; x_wconf 77' lang='lat' dir='ltr'>nobileS,</span> <span class='ocrx_word' id='word_1_614' title='bbox 2215 4857 2350 4920; x_wconf 86' lang='lat' dir='ltr'>sive</span> <span class='ocrx_word' id='word_1_615' title='bbox 2376 4853 2732 4919; x_wconf 89' lang='lat' dir='ltr'>secundum</span> <span class='ocrx_word' id='word_1_616' title='bbox 2759 4854 3201 4936; x_wconf 89' lang='lat' dir='ltr'>proportiones</span> <span class='ocrx_word' id='word_1_617' title='bbox 3219 4868 3452 4915; x_wconf 90' lang='lat' dir='ltr'>nume-</span> 
     </span>
     <span class='ocr_line' id='line_1_91' title="bbox 1909 4957 3453 5052; baseline -0.006 -22"><span class='ocrx_word' id='word_1_618' title='bbox 1909 4966 2074 5030; x_wconf 87' lang='lat' dir='ltr'>rales</span> <span class='ocrx_word' id='word_1_619' title='bbox 2096 5013 2116 5045; x_wconf 91' lang='lat'>,</span> <span class='ocrx_word' id='word_1_620' title='bbox 2158 4957 2322 5028; x_wconf 87' lang='lat' dir='ltr'>sicut</span> <span class='ocrx_word' id='word_1_621' title='bbox 2353 4962 2650 5052; x_wconf 68' lang='lat' dir='ltr'>¹ligantur</span> <span class='ocrx_word' id='word_1_622' title='bbox 2682 4977 2800 5025; x_wconf 82' lang='lat' dir='ltr'>vm</span> <span class='ocrx_word' id='word_1_623' title='bbox 2842 4963 2906 5023; x_wconf 90' lang='lat' dir='ltr'>et</span> <span class='ocrx_word' id='word_1_624' title='bbox 2937 4975 3123 5024; x_wconf 80' lang='lat' dir='ltr'>xxvu</span> <span class='ocrx_word' id='word_1_625' title='bbox 3152 4957 3265 5041; x_wconf 90' lang='lat' dir='ltr'>qui</span> <span class='ocrx_word' id='word_1_626' title='bbox 3300 4960 3453 5022; x_wconf 85' lang='lat' dir='ltr'>sunt</span> 
     </span>
    </p>
   </div>
   <div class='ocr_carea' id='block_1_15' title="bbox 1909 5074 3452 5289">
    <p class='ocr_par' dir='ltr' id='par_1_21' title="bbox 1909 5074 3452 5289">
     <span class='ocr_line' id='line_1_92' title="bbox 1909 5074 3450 5146; baseline -0.006 -12"><span class='ocrx_word' id='word_1_627' title='bbox 1909 5084 2089 5134; x_wconf 88' lang='lat' dir='ltr'>Thom.</span> <span class='ocrx_word' id='word_1_628' title='bbox 2115 5084 2259 5146; x_wconf 62' lang='lat' dir='ltr'>Arg„</span> <span class='ocrx_word' id='word_1_629' title='bbox 2290 5081 2309 5129; x_wconf 94' lang='lat' dir='ltr'>l</span> <span class='ocrx_word' id='word_1_630' title='bbox 2334 5080 2494 5138; x_wconf 71' lang='lat' dir='ltr'>Sent„</span> <span class='ocrx_word' id='word_1_631' title='bbox 2520 5078 2637 5128; x_wconf 87' lang='lat' dir='ltr'>dist.</span> <span class='ocrx_word' id='word_1_632' title='bbox 2662 5088 2805 5139; x_wconf 67' lang='grc' dir='ltr'>κων,</span> <span class='ocrx_word' id='word_1_633' title='bbox 2834 5091 2887 5141; x_wconf 91' lang='lat' dir='ltr'>q.</span> <span class='ocrx_word' id='word_1_634' title='bbox 2906 5089 2945 5138; x_wconf 89' lang='lat'>1,</span> <span class='ocrx_word' id='word_1_635' title='bbox 2971 5080 3067 5127; x_wconf 82' lang='lat' dir='ltr'>art.</span> <span class='ocrx_word' id='word_1_636' title='bbox 3088 5079 3150 5139; x_wconf 82' lang='lat'>33</span> <span class='ocrx_word' id='word_1_637' title='bbox 3180 5076 3360 5126; x_wconf 85' lang='lat' dir='ltr'>Petrus</span> <span class='ocrx_word' id='word_1_638' title='bbox 3385 5074 3450 5125; x_wconf 87' lang='lat' dir='ltr'>de</span> 
     </span>
     <span class='ocr_line' id='line_1_93' title="bbox 1909 5148 3452 5217; baseline -0.003 -15"><span class='ocrx_word' id='word_1_639' title='bbox 1909 5157 2137 5217; x_wconf 59' lang='lat' dir='ltr'>Tarant„</span> <span class='ocrx_word' id='word_1_640' title='bbox 2166 5155 2181 5201; x_wconf 90' lang='grc' dir='ltr'>Ι</span> <span class='ocrx_word' id='word_1_641' title='bbox 2209 5154 2345 5202; x_wconf 82' lang='lat' dir='ltr'>Sent.</span> <span class='ocrx_word' id='word_1_642' title='bbox 2375 5151 2492 5202; x_wconf 88' lang='lat' dir='ltr'>dist.</span> <span class='ocrx_word' id='word_1_643' title='bbox 2512 5161 2654 5211; x_wconf 67' lang='lat' dir='ltr'>XMV,</span> <span class='ocrx_word' id='word_1_644' title='bbox 2683 5164 2734 5213; x_wconf 89' lang='lat' dir='ltr'>q.</span> <span class='ocrx_word' id='word_1_645' title='bbox 2754 5161 2833 5200; x_wconf 76' lang='lat'>111.</span> <span class='ocrx_word' id='word_1_646' title='bbox 2861 5175 2924 5186; x_wconf 96' lang='lat'>—</span> <span class='ocrx_word' id='word_1_647' title='bbox 2949 5149 2969 5178; x_wconf 84' lang='lat'>²</span> <span class='ocrx_word' id='word_1_648' title='bbox 2992 5148 3186 5210; x_wconf 50' lang='lat' dir='ltr'>Genea,</span> <span class='ocrx_word' id='word_1_649' title='bbox 3213 5160 3263 5211; x_wconf 89' lang='lat'>1,</span> <span class='ocrx_word' id='word_1_650' title='bbox 3289 5149 3452 5197; x_wconf 80' lang='lat'>25.—</span> 
     </span>
     <span class='ocr_line' id='line_1_94' title="bbox 1911 5221 3037 5289; baseline -0.007 -12"><span class='ocrx_word' id='word_1_651' title='bbox 1911 5228 1932 5259; x_wconf 83' lang='lat'>⁸</span> <span class='ocrx_word' id='word_1_652' title='bbox 1953 5230 2102 5289; x_wconf 64' lang='lat' dir='ltr'>Aug„</span> <span class='ocrx_word' id='word_1_653' title='bbox 2121 5224 2181 5274; x_wconf 82' lang='lat' dir='ltr'>de</span> <span class='ocrx_word' id='word_1_654' title='bbox 2200 5224 2401 5283; x_wconf 68' lang='lat' dir='ltr'>Tn‘m&#39;t„</span> <span class='ocrx_word' id='word_1_655' title='bbox 2432 5222 2521 5273; x_wconf 90' lang='lat' dir='ltr'>lib.</span> <span class='ocrx_word' id='word_1_656' title='bbox 2545 5221 2691 5284; x_wconf 79' lang='lat' dir='ltr'>x111,</span> <span class='ocrx_word' id='word_1_657' title='bbox 2719 5235 2766 5271; x_wconf 89' lang='lat' dir='ltr'>c.</span> <span class='ocrx_word' id='word_1_658' title='bbox 2787 5233 2854 5283; x_wconf 84' lang='lat' dir='ltr'>x,</span> <span class='ocrx_word' id='word_1_659' title='bbox 2880 5233 2934 5270; x_wconf 88' lang='lat' dir='ltr'>n.</span> <span class='ocrx_word' id='word_1_660' title='bbox 2960 5221 3037 5271; x_wconf 81' lang='lat'>13.</span> 
     </span>
    </p>
   </div>
   <div class='ocr_carea' id='block_1_16' title="bbox 1972 5302 2678 5370">
    <p class='ocr_par' dir='ltr' id='par_1_22' title="bbox 1972 5302 2678 5370">
     <span class='ocr_line' id='line_1_95' title="bbox 1972 5302 2678 5370; baseline -0.006 -14"><span class='ocrx_word' id='word_1_661' title='bbox 1972 5306 2043 5370; x_wconf 79' lang='lat' dir='ltr'>(a)</span> <span class='ocrx_word' id='word_1_662' title='bbox 2075 5306 2196 5358; x_wconf 81' lang='lat' dir='ltr'>Coet.</span> <span class='ocrx_word' id='word_1_663' title='bbox 2217 5305 2338 5355; x_wconf 75' lang='lat' dir='ltr'>edit.</span> <span class='ocrx_word' id='word_1_664' title='bbox 2366 5302 2678 5357; x_wconf 77' lang='lat' dir='ltr'>voluntario.</span> 
     </span>
    </p>
   </div>
  </div>
 </body>
</html>
