4125 6225
1052 414 1246 481 DIST.
1289 416 1501 481 XLIII.
1545 416 1726 482 ART.
1773 418 1822 482 Ι.
1867 417 2167 496 QUAEST.
2213 419 2263 482 l.

155 548 478 616 conservari.
516 546 834 614 Similiter
869 569 990 615 330
1033 557 1348 634 quantum
1377 552 1459 617 ad
1494 571 1651 635 pro-

153 657 459 721 ductionem
511 662 698 722 actus
733 680 749 719 :
809 659 983 722 unde
1029 659 1221 723 habet
1271 659 1652 724 infinitatem

152 764 409 849 passivam
444 764 647 829 etiam
681 766 753 829 in
780 767 1172 883 recipiendo;
1205 770 1269 830 et
1294 766 1437 831 ideo
1471 769 1652 833 nulla

152 878 218 937 est
245 876 373 935 actu
400 871 684 949 infinita,
724 873 837 937 sed
872 874 1079 937 solum
1123 873 1192 937 in
1235 875 1537 957 potentia.
1575 876 1652 940 Et

150 980 263 1063 quia
284 977 609 1043 infinitum
633 980 704 1042 in
723 980 1008 1062 potentia
1032 980 1258 1063 pendet
1283 1001 1366 1047 ex
1399 983 1651 1047 infinito

31 1096 32 1099 ’
149 1088 351 1164 1113013,
371 1086 517 1150 ideo
544 1087 763 1150 omnis
796 1087 1076 1151 infinitas
1094 1087 1445 1153 durationis
1471 1109 1654 1154 crea·-

149 1201 301 1272 turae,
343 1197 402 1257 et
454 1194 886 1276 operationis,
935 1194 1164 1276 pendet
1213 1214 1294 1259 ex
1339 1197 1652 1264 infinitate

147 1302 357 1366 virtutis
381 1300 713 1365 increatae.
740 1301 821 1365 Et
847 1302 969 1367 hoc
994 1307 1089 1367 est
1110 1305 1284 1386 quod
1310 1304 1462 1368 dicit
1492 1304 1653 1369 Phi-

145 1409 396 1491 losophus
432 1408 504 1471 in
549 1408 720 1471 libro
763 1407 843 1474 de
875 1410 1101 1475 causis
1126 1411 1178 1486 ¹,
1216 1411 1390 1494 quod
1431 1430 1654 1477 omnes

146 1517 364 1581 virtutes
399 1517 682 1580 infinitae
717 1517 1062 1599 pendentes
1100 1523 1252 1583 sunt
1285 1537 1399 1601 per
1444 1540 1654 1586 unum

147 1625 420 1687 infinitum
440 1626 762 1707 primum,
787 1625 958 1707 quod
974 1629 1066 1689 est
1081 1626 1286 1691 virtus
1306 1628 1647 1693 virtutum.

147 1731 402 1797 Similiter
425 1750 566 1795 non
593 1737 690 1796 est
718 1733 930 1797 simile
961 1734 1039 1797 de
1063 1733 1482 1816 simplicitate,
1514 1736 1653 1802 sive

31 1880 32 1923 }
147 1840 364 1903 unitate.
387 1840 555 1903 Nam
575 1840 863 1923 potentia
883 1841 1099 1905 divina
1110 1844 1207 1905 est
1223 1844 1484 1907 omnino
1502 1844 1570 1907 in
1585 1864 1653 1910 se

31 1938 32 1971 ³
149 1946 391 2029 simplex,
406 1952 469 2012 et
483 1949 756 2012 omnino
771 1948 965 2012 habet
979 1949 1335 2030 essentiam,
1353 1951 1491 2016 sive
1508 1953 1653 2015 suh-

147 2055 398 2119 stantiam
417 2055 785 2138 simplicem
805 2078 819 2118 :
839 2056 1102 2121 omnino
1120 2056 1311 2121 etiam
1329 2058 1410 2120 ab
1433 2058 1540 2121 illa
1558 2063 1653 2123 est

147 2161 488 2240 indifferens,
506 2167 574 2227 et
589 2162 730 2228 ideo
749 2163 1120 2228 omnimoda
1141 2166 1377 2229 unione
1399 2169 1493 2229 est
1509 2167 1653 2229 uni-

147 2271 362 2350 tis-ima,
381 2278 442 2336 et
460 2273 610 2337 ideo
625 2273 879 2336 infinita
898 2274 1038 2338 :sed
1058 2273 1297 2338 nullius
1315 2277 1646 2354 creaturae,

149 2386 704 2463 quantumcumque
713 2381 966 2460 nobiliS,
987 2381 1268 2464 potentia
1276 2385 1370 2446 est
1386 2383 1653 2448 omnino

150 2491 392 2574 a'mplex,
423 2494 584 2575 quia
618 2492 832 2556 omnis
863 2493 1007 2556 talis
1041 2493 1323 2575 potentia
1356 2494 1506 2559 dicit
1532 2495 1651 2558 ali-

152 2618 300 2680 quem
323 2605 684 2682 respectum
713 2600 1176 2683 dependentiae,
1201 2619 1322 2665 nec
1346 2602 1652 2667 fundatur

31 2772 32 2775 ,
151 2704 203 2768 in
231 2708 568 2772 substantia
607 2708 876 2772 omnino
911 2708 1206 2790 simplici,
1240 2726 1358 2772 nec
1387 2710 1649 2774 omnino

31 2810 32 2875 3
150 2819 220 2875 est
242 2814 598 2880 indifferens
615 2863 632 2892 ,
682 2816 836 2898 quia
863 2815 1042 2878 nulla
1075 2818 1366 2879 creatura
1395 2819 1489 2879 est
1534 2834 1651 2880 sua

31 2998 32 3003 ἵ
149 2923 398 3003 potentia,
421 2923 747 3006 loquendo
773 2923 1208 2987 essentialiter.
1232 2923 1309 2987 Et
1329 2923 1469 2988 ideo
1498 2926 1650 3007 quia

151 3027 314 3093 deficit
326 3032 536 3094 omnis
558 3034 852 3094 creatura
869 3050 908 3093 3
924 3030 1171 3095 ratione
1193 3047 1465 3094 summae
1493 3031 1651 3095 sim:-

152 3135 412 3218 plicitatiS,
433 3142 499 3203 et
525 3138 863 3202 infinitatis
880 3157 993 3221 per
1016 3156 1444 3221 consequens:
1476 3144 1538 3203 et
1560 3141 1651 3205 sic

153 3246 310 3322 patet,
345 3246 514 3327 quod
561 3245 783 3310 divina
814 3246 1092 3327 potentia
1130 3249 1225 3310 est
1261 3246 1541 3326 infinita,
1586 3254 1651 3312 et

31 3423 32 3426 Ἴ
154 3350 281 3429 quod
312 3353 441 3416 sola
466 3351 867 3430 3511363113,
904 3357 966 3415 et
1003 3353 1165 3417 ratio
1192 3352 1524 3420 infinitatis
1556 3361 1651 3420 est

153 3473 357 3521 5111111113
402 3459 804 3541 simplicitas
849 3457 927 3522 Et
980 3464 1151 3542 patet
1189 3462 1513 3542 responsio
1568 3462 1648 3526 ad

157 3563 396 3630 ultimam
453 3569 776 3631 rationem
839 3568 1275 3632 ostendentem
1319 3569 1649 3652 praedictas

159 3672 385 3738 rationes
407 3694 544 3739 non
566 3675 811 3740 valere.

212 3784 259 3842 1.
269 3781 355 3845 Ad
369 3782 525 3847 illud
540 3800 701 3864 ergo
716 3783 888 3864 quod
902 3783 1204 3865 objicitur
1215 3785 1387 3867 quod
1400 3786 1650 3850 invenit

158 3885 473 3970 terminum,
495 3895 559 3955 et
578 3892 753 3974 quod
777 3891 1025 3955 invenit
1044 3910 1374 3957 excessum
1394 3912 1411 3972 ;
1438 3894 1649 3959 dicen-

157 3992 273 4056 dum
284 3999 443 4078 quod
459 3998 678 4063 divina
687 3999 967 4082 potentia
980 4003 1073 4062 est
1092 3999 1341 4064 infinita
1358 4007 1648 4084 respectu

159 4116 333 4165 eorum
354 4123 496 4186 quae
516 4124 696 4188 posse
716 4108 811 4169 est
832 4106 1161 4187 potentiae3
1186 4113 1475 4189 respectu
1498 4109 1649 4173 alio-

159 4222 268 4270 rum
284 4230 419 4292 quae
441 4231 623 4296 posse
641 4216 738 4277 est
755 4214 1167 4295 impotentiae,
1194 4234 1314 4279 nec
1331 4220 1426 4284 est
1443 4216 1643 4296 finita,

159 4329 245 4376 nec
265 4316 519 4394 infinita,
542 4320 696 4402 quia
723 4319 886 4382 nihil
914 4340 995 4385 ex
1020 4322 1111 4385 eis
1134 4326 1357 4404 potest.
1381 4322 1647 4400 Quando

160 4421 292 4483 enim
329 4425 552 4489 dicitur
591 4426 765 4508 quod
819 4426 1066 4492 invenit
1109 4430 1493 4510 terminum,
1544 4433 1649 4497 vel

162 4542 435 4594 excessum
461 4555 479 4609 3
509 4532 855 4596 dicendum
883 4534 1311 4616 quodfalsum
1337 4540 1460 4617 est,
1494 4539 1649 4621 quia

161 4651 420 4719 exeussus,
447 4638 512 4707 'et
539 4643 859 4708 terminus
888 4645 982 4708 rei
1027 4648 1374 4713 attenditur
1415 4667 1647 4715 secun-

162 4741 280 4807 dum
318 4766 386 4811 ea
418 4750 494 4813 ad
533 4768 684 4832 quae
725 4768 828 4814 res
862 4770 929 4815 se
967 4754 1278 4833 extendit,
1322 4760 1387 4819 et
1431 4757 1649 4823 divina

162 4855 390 4929 potentia
408 4876 473 4921 se
490 4857 778 4922 extendit
801 4859 1008 4923 solum
1028 4860 1109 4925 ad
1128 4861 1329 4940 bona3
1352 4867 1415 4927 et
1439 4883 1647 4947 quan-

163 4959 268 5021 tum
288 4963 360 5026 ad
389 4964 530 5042 alia,
566 4984 905 5048 nunquam
932 4971 1025 5032 est
1051 4967 1334 5050 plurium
1363 4972 1641 5050 scientia,

31 5089 32 5160 {
165 5079 318 5144 quam
329 5073 602 5152 potentia
613 5094 633 5150 3
645 5091 784 5152 nec,
797 5079 1109 5156 quantum
1126 5076 1202 5140 ad
1219 5076 1388 5157 talia,
1402 5077 1649 5144 invenit

31 5167 32 5186 ¹
165 5170 457 5237 terminum
484 5198 500 5239 :
533 5181 600 5239 et
623 5176 762 5240 ideo
788 5182 959 5260 patet
982 5179 1161 5243 illud.
1191 5177 1401 5245 Potest
1430 5186 1646 5248 tamen

169 5271 306 5340 aliter
327 5278 463 5361 dici,
490 5281 667 5363 quod
694 5282 1024 5364 dupliciter
1063 5288 1158 5347 est
1197 5282 1372 5367 loqui
1415 5286 1494 5351 de
1528 5306 1646 5370 po·

217 5397 410 5454 mucim-
433 5405 528 5456 111).
555 5403 617 5455 de
636 5405 830 5472 Caum,
862 5421 1011 5472 prop.
1034 5412 1111 5461 ¹6.

3195 429 3311 488 {49

1759 555 1957 618 tentia
1982 559 2046 618 et
2072 553 2366 618 seientia:
2398 556 2515 618 aut
2544 554 2613 618 13
2644 573 2736 633 53,
2766 559 2880 620 331
2906 575 3022 639 per
3043 576 3312 641 compa-

1759 661 2073 727 rationem
2105 659 2186 724 ad
2211 660 2553 744 objectum.
2595 661 2660 727 Si
2684 662 2754 726 in
2780 681 2869 743 se,
2900 664 2992 728 sic
3019 683 3150 728 una
3177 671 3311 730 11011

1762 768 2006 833 excedit
2021 768 2236 844 aliam,
2252 769 2404 851 quia
2418 769 2728 852 quidquid
2741 771 2878 849 scit,
2899 773 3102 853 potest
3111 772 3269 837 scire
3285 796 3305 851 ;

1762 878 1825 939 et
1840 875 2147 958 quidquid
2172 878 2396 957 potest,
2419 876 2540 939 scit
2559 895 2626 940 se
2648 895 2849 958 posse.
2868 874 2983 942 Vel
3000 898 3116 960 per
3133 898 3307 944 com-

1761 983 2153 1067 parationem
2198 982 2279 1046 ad
2327 982 2644 1065 objectum
2662 1032 2680 1063 ,
2732 989 2795 1047 et
2843 984 2932 1048 sic
2991 990 3086 1049 est
3132 986 3310 1070 loqui

1761 1090 2096 1173 dupliciter
2120 1112 2134 1153 :
2158 1093 2271 1155 331
2292 1090 2645 1154 secundum
2670 1090 2966 1172 formam,
3000 1093 3138 1158 sive
3157 1114 3309 1178 spe-

1761 1197 1953 1275 ciem3
1972 1200 2087 1262 aut
2103 1198 2457 1262 secundum
2471 1217 2843 1265 numerum.
2864 1199 2931 1264 Si
2951 1202 3308 1267 secundum

1760 1294 2133 1383 numerum,
2164 1304 2255 1368 510
2293 1324 2441 1369 03111
2477 1306 2759 1387 potentia
2794 1308 2991 1389 possit
3027 1309 3302 1386 infinita,

1762 1429 1893 1476 non
1917 1412 2246 1476 exceditur
2267 1431 2307 1476 a
2325 1412 2603 1477 scientia.
2633 1412 2700 1477 Si
2718 1418 2933 1478 autem
2952 1416 3308 1482 secundum

1760 1519 2055 1600 formam,
2079 1521 2169 1583 sic
2196 1520 2352 1602 (1313
2370 1520 2650 1602 potentia
2669 1525 2763 1585 est
2790 1527 3077 1604 respectu
3102 1524 3308 1589 bono-

1759 1644 1907 1689 rum
1935 1630 2210 1702 tantum,
2250 1626 2509 1690 scientia
2535 1645 2689 1691 vero
2726 1628 3045 1693 bonorum
3072 1634 3136 1693 et
3163 1648 3303 1694 ma-

1758 1731 1993 1811 lorum,
2039 1733 2181 1798 ideo
2227 1733 2589 1798 exceditur:
2624 1739 2839 1799 tamen
2882 1754 2964 1799 ex
3007 1736 3129 1800 hoc
3170 1756 3304 1802 non

1760 1840 2048 1922 sequitur
2082 1842 2241 1924 quin
2267 1842 2347 1905 sit
2371 1842 2655 1906 infinita:
2685 1847 2749 1905 31
2777 1847 2872 1906 351
2905 1845 3299 1927 exemplum.

1761 1945 1830 2010 Si
1848 1949 1993 2030 quis
2016 1949 2409 2030 imaginetur
2431 1950 2591 2014 duas
2613 1949 2812 2013 lineas
2828 1950 3130 2028 infinitas,
3158 1951 3304 2034 plu-

1759 2072 1860 2119 res
1886 2060 2038 2119 sunt
2061 2056 2209 2120 duae
2236 2075 2432 2139 quam
2458 2075 2611 2137 una,
2639 2057 2791 2139 quia
2815 2075 2948 2121 non
2977 2057 3305 2123 habebunt

1758 2180 1957 2225 unam
1982 2162 2363 2227 infinitatem
2401 2163 2756 2227 secundum
2792 2183 3160 2245 numerum,
3192 2166 3303 2231 sed

1757 2268 1966 2332 solum
1998 2270 2351 2334 secundum
2390 2271 2895 2352 longitudinem:
2941 2277 3003 2337 et
3040 2272 3132 2336 sic
3169 2292 3302 2337 non

1756 2379 1908 2439 sunt
1931 2379 2227 2459 majores,
2248 2378 2354 2442 vel
2376 2378 2720 2459 longioreS,
2742 2379 2888 2444 duae
2913 2398 3111 2462 quam
3138 2399 3294 2444 una.

1757 2482 2057 2548 Similiter
2098 2486 2169 2549 in
2214 2486 2532 2569 proposito
2568 2486 2970 2568 intelligitur.
3011 2487 3300 2553 Potentia

1756 2592 1930 2657 enim
1974 2593 2204 2657 dicitur
2250 2594 2501 2657 infinita
2549 2598 2842 2676 respectu
2894 2596 3294 2678 objectorum

1754 2701 2106 2765 secundum
2160 2719 2508 2765 numerum
2526 2750 2545 2780 ,
2597 2702 2705 2765 sed
2754 2720 2887 2765 non
2941 2703 3295 2767 secundum

1755 2812 2157 2894 qualitatem:
2181 2813 2332 2895 quia
2352 2831 2485 2876 non
2506 2816 2709 2895 potest
2732 2813 2802 2876 in
2830 2814 3019 2890 mala,
3045 2815 3149 2879 vel
3172 2816 3297 2898 pri-

1754 2919 2037 2999 vatoria;
2071 2924 2133 2983 et
2155 2938 2268 3001 per
2293 2920 2417 2983 hoc
2442 2923 2615 3002 patet
2650 2921 2936 3003 primum
2962 2925 3030 2985 et
3059 2940 3293 2985 secun-

1755 3026 1933 3091 dum.
1970 3026 2276 3104 Quamvis
2303 3028 2477 3090 enim
2505 3027 2788 3092 inveniat
2815 3028 3162 3093 terminum
3192 3047 3293 3094 re-

1754 3143 1973 3221 spectu
1993 3139 2166 3216 mali,
2192 3157 2325 3203 non
2351 3142 2564 3203 tamen
2578 3144 2869 3223 respectu
2888 3140 3070 3218 boni;
3102 3144 3166 3205 et
3189 3140 3295 3205 ille

1751 3247 2089 3327 terminuS,
2113 3247 2213 3312 vel
2241 3266 2557 3327 excessuS,
2584 3247 2792 3330 potius
2813 3247 2960 3311 facit
2985 3247 3065 3311 ad
3087 3247 3298 3310 infini-

1751 3357 1980 3433 tatem,
2011 3355 2164 3437 quia
2193 3374 2323 3419 303
2349 3360 2443 3419 est
2460 3371 2642 3438 110330
2659 3404 2677 3434 ,
2703 3356 2811 3419 53(1
2836 3370 2967 3420 non
2991 3370 3171 3436 posse
3188 3376 3213 3418 .·
3234 3358 3297 3418 et

1751 3461 1917 3541 ideo,
1956 3462 2255 3544 quamvis
2274 3462 2395 3525 hoc
2418 3462 2708 3526 videatur
2752 3462 2901 3526 dare
2944 3461 3297 3525 terminum

1752 3567 2106 3632 secundum
2142 3569 2451 3632 rationem
2486 3568 2903 3649 intelligendi,
2941 3569 3294 3633 secundum

1752 3674 2084 3738 veritatem
2106 3693 2237 3739 303
2251 3675 2374 3755 dat,
2393 3674 2544 3757 quia
2556 3676 2729 3757 quod
2747 3694 2879 3739 non
2891 3675 3089 3759 possit
3102 3675 3291 3754 mala,

1752 3783 1873 3847 hoc
1888 3787 2095 3847 totum
2114 3787 2208 3846 est
2226 3786 2481 3864 propter
2499 3782 2993 3847 immensitatem
3013 3782 3291 3847 virtutiS.

1833 3896 1893 3955 2.
1934 3891 2032 3955 Ad
2058 3891 2213 3954 illud
2241 3891 2413 3972 quod
2429 3890 2748 3972 objicitur,
2776 3893 2946 3974 quod
2969 3892 3297 3956 infinitum

1751 4004 1846 4064 351
1883 3997 2090 4080 passio
2133 3998 2433 4079 potentiae
2481 3998 2822 4062 materialis
2845 4046 2863 4076 ,
2909 3993 3290 4076 dicendum,

1750 4107 1924 4190 quod
1958 4107 2080 4171 hoc
2114 4122 2343 4169 verum
2377 4108 2473 4168 est
2499 4105 2577 4168 de
2616 4104 2864 4167 infinito
2906 4122 3021 4186 per
3066 4106 3293 4187 priva-

1751 4215 1992 4277 tionem
2017 4211 2473 4295 completionis»,
2501 4211 2637 4275 sive
2659 4211 2954 4295 completi
2981 4231 3156 4277 esse:
3186 4213 3295 4277 sed

1750 4338 1882 4384 non
1911 4324 2006 4383 est
2040 4338 2271 4385 verum
2305 4318 2384 4383 de
2417 4319 2667 4383 infinito
2715 4338 2828 4401 per
2870 4319 3295 4400 privationem

1749 4427 2166 4492 limitationis.
2192 4425 2482 4490 Primum
2503 4426 2679 4490 enim
2704 4429 2799 4490 est
2829 4426 3159 4490 infinitum
3186 4444 3297 4508 po-

1749 4535 1950 4598 tentia
1975 4533 2255 4617 passiva,
2295 4533 2431 4599 sive
2465 4532 2813 4615 receptiva,
2854 4537 2918 4597 et
2952 4534 3040 4597 ita
3082 4534 3294 4616 primo

1751 4646 1917 4710 inest
1943 4644 2248 4709 materiae.
2271 4642 2638 4708 Secundum
2653 4647 2750 4707 est
2772 4645 3096 4709 infinitum
3121 4649 3289 4726 actu,

1751 4755 1814 4814 et
1840 4749 1979 4814 ideo
2015 4751 2084 4814 in
2126 4750 2234 4815 illo
2268 4750 2400 4814 solo
2427 4768 2579 4814 vere
2622 4755 2738 4829 est,
2770 4754 2834 4814 et
2874 4751 3149 4833 proprie,
3180 4750 3294 4832 qui

1750 4861 2004 4923 tantum
2029 4864 2126 4923 est
2155 4863 2355 4939 actus,
2389 4862 2454 4923 et
2481 4862 2660 4922 actus
2692 4839 2919 4941 113135,
2954 4862 3017 4922 31
3050 4858 3291 4941 perfec-

1750 4967 2056 5031 tissimuS.

1832 5077 1891 5137 3.
1936 5072 2034 5137 Ad
2060 5073 2216 5138 illud
2246 5073 2417 5156 quod
2443 5071 2764 5154 objicitur,
2794 5071 2969 5153 quod
2997 5073 3292 5136 creatura

1750 5181 1954 5263 potest
1986 5197 2180 5262 super
2217 5198 2294 5243 ea
2329 5197 2478 5262 quae
2505 5195 2756 5243 summe
2782 5177 3038 5256 distant,
3069 5177 3291 5240 dicen-

1750 5287 1908 5350 dum
1949 5288 2119 5368 quod
2164 5304 2305 5366 ens,
2346 5293 2409 5351 et
2443 5303 2573 5354 non
2617 5302 2760 5363 ena,
2812 5304 2944 5349 non
2992 5284 3294 5349 dicuntur

1751 5412 2010 5459 summe
2028 5394 2324 5461 distantia
2341 5395 2496 5478 quia
2512 5397 2923 5477 opponuntur
2944 5393 3295 5459 contradic-
