4125 6225
773 519 851 580 36
1912 510 2535 579 SENTENTIARUM
2576 513 2724 579 LlB.
2771 514 2821 580 1.

769 650 988 718 locum
1016 649 1288 718 transit:
1321 672 1453 717 non
1482 648 1657 718 enim
1686 648 1968 740 complet
1992 648 2252 716 omnia:
2288 648 2399 716 sed
2427 648 2563 740 ipse
2588 650 2880 742 repletur
2908 673 2948 719 a
2973 648 3247 742 Spiritu.
3273 677 3307 717 »
3341 651 3461 720 Hic
3488 660 3707 744 aperte
3734 662 3943 724 osten·

772 767 951 835 ditur
977 767 1152 857 quod
1179 767 1422 856 Angeli
1447 766 1733 858 quodam
1763 765 1955 833 modo
1983 765 2221 832 locales
2247 773 2425 833 sunt.

564 897 746 970 cqups-e·
859 882 1169 951 Fatemur
1196 883 1417 974 itaque
1458 882 1750 950 divinam
1784 891 2089 949 naturam
2119 903 2236 971 pro
2279 881 2714 949 immensitate
2741 884 2846 950 sui
2887 905 3215 975 nusquam
3253 885 3471 952 deesse
3493 937 3510 970 ‚
3543 908 3820 977 eamque
3847 908 3946 954 so·

534 965 744 1079 ¹:322ss
770 998 903 1065 lam
930 998 1199 1066 omnino
1226 999 1581 1085 illocalem,
1629 1007 1693 1066 et
1719 998 1988 1066 omnino
2021 997 2759 1088 incircumscriptibilem
2784 1052 2801 1084 ,
2839 1000 3026 1067 nullo
3054 1000 3355 1067 concludi
3383 1001 3557 1087 loco,
3588 1002 3699 1070 sed
3741 1025 3784 1069 α
3807 1003 3946 1093 fine

533 1097 745 1190 Νὲζῑζίῗ
771 1137 970 1206 usque
995 1114 1088 1182 ad
1106 1116 1312 1206 finem
1341 1116 1668 1206 attinqere
1692 1123 1709 1157 ¹
1738 1138 1767 1196 ,·
1808 1136 1943 1181 non
1970 1122 2190 1180 tamen
2219 1113 2501 1204 spatiosa
2527 1115 2983 1203 magnitudine
3002 1168 3018 1199 ‚
3052 1137 3171 1182 nec
3198 1116 3390 1183 locali
3419 1125 3601 1184 motu
3627 1170 3644 1202 ,
3684 1118 3796 1185 sed
3825 1117 3946 1184 im·

546 1210 728 1314 ffi‘ssss'
772 1232 1111 1300 mensitate
1138 1241 1337 1324 atque
1361 1231 1816 1299 immobilitate
1838 1253 1975 1297 suae
2003 1229 2321 1298 essentiae.
2344 1229 2535 1298 Unde
2562 1232 2979 1320 Augustinus
2999 1231 3090 1299 ad
3115 1231 3510 1301 Dardanum
3531 1234 3697 1301 ait¹z
3738 1261 3774 1299 t(
3797 1234 3948 1303 Non

531 1335 746 1443 035⁰&-
771 1349 961 1439 quasi
985 1349 1265 1440 spatiosa
1292 1348 1746 1437 magnitudine
1774 1347 2122 1439 opinemur
2161 1346 2377 1415 Deum
2423 1369 2540 1438 per
2582 1356 2815 1416 cuncta
2858 1348 3140 1416 diffundi
3164 1401 3183 1435 ‚
3225 1350 3391 1418 sicut
3416 1349 3673 1437 summ,
3694 1327 3810 1419 aut
3828 1350 3950 1419 lux

531 1462 743 1568 (Ιῖξοζξζθ
768 1463 894 1532 ista
926 1465 1359 1550 diffunditur;
1396 1464 1508 1532 sed
1549 1464 1767 1555 potius
1804 1464 1971 1531 sicut
2014 1463 2087 1530 in
2128 1462 2386 1530 duobus
2426 1463 2865 1556 sapientibus,
2916 1487 3204 1556 quorum
3240 1466 3406 1533 alter
3438 1466 3640 1533 altero
3680 1488 3950 1556 corpore

568 1591 702 1630 ”¹⁰²³-
768 1581 1081 1669 grandior
1106 1589 1202 1649 est
1221 1634 1240 1668 ,
1272 1580 1385 1650 sed
1412 1579 1767 1671 sapientior
1791 1601 1926 1647 non
1953 1587 2080 1664 aet3
2117 1601 2251 1646 una
2277 1579 2596 1669 sapientia
2621 1588 2754 1667 est,
2789 1603 2908 1648 nec
2944 1589 3039 1649 est
3066 1581 3137 1648 in
3165 1581 3411 1672 majore
3441 1582 3673 1673 major,
3708 1604 3830 1650 nec
3875 1582 3950 1649 in

769 1698 1022 1766 minore
1047 1697 1288 1782 minor,
1321 1719 1439 1765 nec
1467 1696 1685 1764 minor
1709 1696 1780 1763 in
1806 1717 1942 1762 uno
1975 1718 2179 1786 quam
2209 1694 2279 1761 in
2310 1694 2573 1762 duobus
2606 1720 2622 1763 ε
2655 1696 2746 1763 ita
2770 1696 2981 1783 Deus,
3012 1696 3152 1764 sine
3181 1696 3405 1765 labore
3431 1719 3665 1785 regens
3691 1706 3756 1766 et
3791 1720 3950 1766 con-

765 1813 980 1882 tinens
1008 1811 1369 1899 mundum,
1397 1813 1469 1880 in
1496 1813 1659 1881 coelo
1693 1819 1868 1880 totns
1895 1819 2023 1897 est,
2058 1812 2129 1877 in
2160 1819 2331 1878 terra
2359 1819 2534 1879 totus
2553 1863 2572 1897 ‚
2604 1820 2668 1880 et
2710 1812 2781 1879 in
2809 1821 3092 1903 utroque
3118 1820 3293 1880 totus
3305 1838 3323 1898 3
3356 1822 3422 1880 et
3460 1814 3648 1882 nullo
3680 1822 3956 1883 conten-

764 1937 873 1999 tus
897 1930 1040 1998 loco
1060 1982 1079 2017 ‚
1110 1928 1221 1997 sed
1249 1929 1320 1996 in
1350 1929 1560 2019 seipso
1592 1927 1841 2019 ubique
1868 1935 2063 1995 totus,
2096 1953 2129 1991 >›
2166 1926 2348 1995 Idem
2378 1949 2645 2018 quoque
2687 1951 2883 2019 super
2918 1929 3224 1997 Psalmos
3249 1929 3340 1997 ait
3365 1930 3386 1964 ³
3418 1954 3435 1996 ε
3470 1956 3504 1995 «
3535 1930 3640 1998 Ad
3667 1931 3950 1999 verbum

764 2044 884 2113 Dei
911 2045 1191 2137 pertinet
1217 2068 1350 2113 non
1378 2067 1514 2113 esse
1541 2044 1613 2112 in
1639 2052 1846 2136 parte,
1878 2042 1989 2111 sed
2021 2042 2268 2134 ubique
2287 2064 2422 2110 esse
2450 2066 2569 2134 per
2598 2043 2914 2135 seipsum.
2946 2044 3104 2112 Haec
3131 2046 3307 2112 enim
3334 2054 3430 2114 est
3455 2047 3772 2138 sapientia
3795 2047 3946 2135 Dei,

765 2184 917 2255 quae
948 2162 1225 2254 attinqit
1254 2185 1298 2230 α
1325 2162 1465 2253 fine
1490 2184 1690 2253 usque
1716 2159 1809 2228 ad
1828 2162 2034 2252 finem
2056 2160 2373 2250 sortiter,·
2408 2183 2543 2228 non
2573 2167 2793 2230 tamen
2836 2172 3021 2229 motu
3060 2161 3294 2247 locali,
3337 2162 3449 2230 sed
3488 2162 3950 2232 immobilitate

765 2279 872 2347 sui
902 2303 918 2345 ε
952 2279 1158 2348 veluti
1185 2278 1242 2345 si
1267 2278 1472 2347 moles
1497 2278 1721 2368 aliqua
1745 2299 1938 2345 saxea
1963 2276 2235 2367 impleat
2265 2276 2556 2368 aliquem
2582 2276 2803 2344 locum
2820 2329 2839 2363 ,
2870 2276 3112 2345 dicitur
3137 2278 3317 2368 quod
3343 2277 3606 2368 attingit
3633 2302 3675 2347 a
3700 2278 3836 2346 fine
3865 2278 3951 2346 il-

765 2395 898 2463 lius
923 2394 1049 2462 loci
1078 2416 1288 2485 usque
1323 2393 1407 2462 ad
1440 2392 1641 2460 finem
1664 2444 1683 2478 ‚
1731 2415 1884 2460 cum
1928 2400 2151 2459 tamen
2187 2392 2469 2459 alterum
2511 2415 2644 2460 non
2681 2392 2970 2479 deserat,
3020 2393 3303 2462 alterum
3345 2394 3744 2485 occupando.
3794 2394 3951 2462 Non

764 2534 921 2601 ergo
948 2510 1143 2579 habet
1166 2518 1420 2579 motum
1448 2509 1723 2578 localem
1749 2508 2028 2578 verbum
2057 2505 2228 2575 illud
2263 2531 2279 2574 ε
2312 2516 2376 2576 et
2402 2508 2722 2599 sapientia
2764 2508 2884 2576 illa
2926 2509 3135 2592 solida
3171 2517 3310 2596 est,
3358 2518 3424 2578 et
3462 2510 3735 2601 ubique.
3764 2535 3800 2576 »
3845 2511 3952 2579 Ex

765 2626 1092 2720 praedictis
1116 2626 1498 2713 innotescit,
1530 2624 1710 2716 quod
1738 2623 1915 2691 Deus
1940 2632 2035 2691 est
2061 2623 2166 2692 ita‘
2182 2623 2434 2714 ubique
2458 2646 2576 2715 per
2603 2624 2950 2693 essentiam
2969 2677 2986 2710 ‚
3019 2624 3199 2717 quod
3228 2648 3363 2694 non
3385 2627 3666 2717 spatiosa
3686 2626 3955 2716 magni-

766 2744 995 2812 tudine
1020 2742 1443 2829 diffunditur‚
1475 2764 1595 2810 nec
1615 2763 1751 2809 uno
1778 2741 2030 2809 deserto
2053 2739 2197 2808 loco
2225 2740 2434 2808 alium
2462 2748 2757 2832 occupat,
2788 2741 2948 2833 quia
2973 2740 3247 2809 localem
3278 2750 3532 2809 motum
3557 2764 3691 2810 non
3717 2741 3944 2812 habet.

766 2860 1050 2952 Ideoque
1073 2858 1482 2948 Augustinus
1502 2911 1521 2946 ,
1553 2858 1780 2927 volens
1804 2855 2231 2948 praescindere
2258 2880 2300 2925 a
2321 2855 2442 2925 Dei
2468 2857 2752 2949 puritate
2779 2879 3043 2925 omnem
3069 2858 3339 2925 localem
3371 2864 3652 2944 motum,
3683 2865 3748 2927 et
3769 2857 3952 2928 loca-

767 2979 898 3046 lem
924 2975 1625 3067 circumscriptionem,
1653 2973 1871 3066 potius
1898 2973 2057 3040 dicit
2089 2972 2311 3041 omnia
2338 2995 2475 3042 esse
2512 2973 2586 3042 in
2623 2974 2742 3042 illo
2764 3025 2784 3059 ‚
2832 2996 3033 3064 quam
3069 2972 3290 3064 ipsum
3327 2996 3461 3041 esse
3507 2974 3783 3060 alicubi,
3824 2997 3951 3044 nec

769 3103 992 3163 tamen
1018 3092 1234 3184 ipsum
1269 3114 1405 3161 esse
1432 3091 1678 3180 locum,
1709 3089 1827 3184 qui
1853 3111 1987 3158 non
2018 3097 2114 3158 est
2143 3089 2216 3159 in
2239 3089 2409 3178 1000,
2437 3089 2510 3158 in
2536 3089 2708 3159 libro
2742 3092 3111 3158 LXXXIII
3151 3091 3397 3174 Quoest.
3428 3089 3522 3159 ita
3542 3089 3889 3183 inquiens*
3925 3116 3943 3159 z

776 3237 813 3277 ιι
835 3209 1013 3278 Deus
1039 3231 1176 3278 non
1202 3208 1445 3277 alicubi
1471 3217 1588 3277 est.
1621 3189 1814 3291 Quod
1843 3216 2067 3277 autem
2091 3206 2336 3276 alicubi
2364 3215 2461 3275 est
2484 3259 2503 3293 ‚
2533 3207 2906 3275 continetur
2930 3206 3074 3275 loco
3105 3230 3123 3273 ε
3152 3206 3330 3297 quod
3357 3206 3730 3276 continetur
3759 3207 3908 3278 loeo
3925 3258 3945 3294 ‚

764 3348 1002 3419 corpus
1027 3333 1125 3393 est
1151 3350 1168 3392 ε
1198 3323 1375 3393 Deus
1399 3333 1620 3393 autem
1646 3347 1781 3394 non
1811 3333 1907 3393 est
1930 3346 2168 3416 corpus
2201 3347 2217 3390 ε
2253 3344 2387 3391 non
2415 3344 2569 3410 ergo
2598 3322 2841 3391 alicubi
2867 3330 2962 3390 est
2994 3348 3010 3390 ε
3043 3330 3108 3391 et
3132 3329 3354 3391 tamen
3391 3323 3551 3414 quia
3587 3330 3718 3410 est,
3760 3331 3827 3391 et
3869 3323 3950 3392 in

764 3443 908 3514 loco
933 3464 1068 3511 non
1094 3448 1234 3529 est,
1264 3440 1339 3509 in
1362 3440 1482 3509 illo
1509 3450 1665 3509 sunt
1704 3440 1924 3532 potius
1950 3441 2173 3509 omnia
2198 3462 2402 3531 quam
2428 3439 2542 3507 ille
2569 3438 2811 3508 alicubi
2835 3465 2854 3526 ;
2888 3462 3007 3507 nec
3033 3448 3254 3508 tamen
3281 3440 3374 3509 ita
3399 3439 3472 3507 in
3498 3439 3615 3508 illo
3645 3492 3664 3526 ‚
3695 3447 3774 3507 ut
3802 3440 3946 3532 ipse

763 3561 849 3629 sit
872 3561 1077 3631 locus.
1108 3562 1322 3631 Locus
1346 3561 1525 3630 enim
1550 3561 1624 3628 in
1650 3559 1858 3651 spatio
1901 3565 1998 3626 est
2020 3608 2038 3644 ,
2073 3557 2251 3647 quod
2286 3556 2701 3645 longitudine
2718 3608 2740 3644 ,
2785 3563 2852 3624 et
2876 3556 3226 3624 latitudine
3249 3609 3269 3643 ,
3314 3565 3379 3625 et
3420 3554 3770 3623 altitudine
3802 3576 3949 3624 cor-

763 3678 940 3771 poris
966 3686 1360 3770 occupatur3
1392 3699 1512 3745 nec
1537 3676 1713 3744 Deus
1738 3675 1868 3744 tale
1896 3672 2153 3765 aliquid
2180 3680 2300 3741 est.
2328 3672 2413 3740 Et
2439 3673 2662 3741 omnia
2687 3695 2842 3762 ergo
2869 3672 2943 3741 in
2969 3673 3110 3765 ipso
3137 3680 3317 3760 sunt,
3342 3679 3407 3740 et
3430 3672 3611 3740 locus
3639 3694 3777 3739 non
3805 3680 3940 3739 est:

763 3796 946 3864 locus
969 3803 1190 3863 tamen
1217 3793 1374 3882 Dei,
1403 3792 1515 3862 sed
1539 3790 1896 3884 improprie
1915 3842 1934 3877 ,
1965 3788 2208 3857 dicitur
2232 3789 2556 3879 templum
2605 3788 2765 3875 Dei,
2811 3788 2990 3880 quod
3026 3811 3103 3857 eo
3146 3788 3579 3857 contineatur.
3612 3787 3686 3855 Id
3716 3796 3945 3856 autem

763 3910 933 3980 nihil
960 3912 1199 3979 melius
1224 3933 1427 4004 quam
1455 3909 1678 3978 anima
1710 3905 1962 3975 munda
2003 3905 2419 3994 intelligitur.
2457 3929 2492 3970 >³
2520 3904 2682 3973 Ecce
2718 3904 2826 3973 hic
2860 3904 3018 3973 dicit
3067 3904 3274 3973 Deum
3311 3927 3446 3972 non
3484 3926 3619 3971 esse
3656 3903 3732 3971 in
3767 3904 3937 3974 1000.

762 4027 893 4098 Sed
916 4026 1425 4117 intelligendum
1452 4038 1547 4093 est
1571 4046 1727 4093 eum
1754 4045 1890 4093 non
1918 4044 2053 4091 esse
2080 4022 2153 4090 in
2178 4020 2322 4091 loco
2367 4020 2660 4091 localiter
2693 4073 2712 4107 ‚
2760 4020 3004 4090 scilicet
3047 4021 3206 4112 quia
3242 4043 3363 4090 nec
3394 4020 3947 4112 circumscriptio·

761 4167 916 4214 nem
934 4197 953 4232 ,
982 4166 1103 4212 nec
1126 4144 1402 4212 localem
1428 4150 1682 4211 motum
1710 4139 1928 4207 habet.

540 4286 724 4345 opposa-
848 4261 955 4331 Ad
983 4261 1108 4330 hoc
1129 4270 1350 4330 autem
1379 4259 1542 4327 solet
1568 4256 1810 4349 opponi
1832 4255 1924 4323 sic
1958 4278 1974 4322 ε
2004 4254 2311 4336 Quotidie
2334 4253 2507 4322 fiunt
2534 4259 2880 4340 creaturae,
2924 4274 3077 4345 quae
3120 4258 3272 4321 ante
3310 4274 3447 4321 non
3490 4261 3680 4322 erant
3715 4276 3732 4320 τ
3766 4261 3832 4322 et
3865 4251 3943 4323 in

522 4352 734 4458 ‘ividem'
762 4378 854 4449 eis
879 4379 1055 4448 Deus
1080 4386 1212 4465 est,
1251 4398 1404 4445 cum
1430 4382 1584 4444 ante
1609 4396 1745 4442 non
1773 4379 1938 4441 esset
1962 4371 2035 4439 in
2081 4371 2175 4440 eis
2207 4395 2223 4437 τ
2259 4378 2355 4439 est
2381 4392 2538 4460 ergo
2565 4369 2682 4437 ubi
2709 4377 2860 4437 ante
2904 4390 3042 4436 non
3074 4376 3248 4455 erat3
3279 4368 3561 4462 ideoque
3599 4370 3944 4439 mutabilis

540 4478 715 4594 Ρξζᾞῑ
762 4517 898 4565 esse
923 4495 1211 4565 videtur.
1242 4491 1372 4561 Sed
1398 4488 1869 4583 licet„quotidie
1892 4488 2165 4579 incipiat
2188 4509 2324 4555 esse
2363 4486 2437 4555 in
2464 4485 2808 4573 creaturiS,
2837 4485 2910 4552 in
2938 4484 3179 4577 quibus
3204 4494 3355 4554 ante
3382 4508 3519 4554 non
3545 4494 3686 4555 erat
3709 4538 3731 4574 ‚
3783 4487 3943 4577 quia

533 4601 722 4707 ωῗξζυ,
758 4613 895 4682 illae
923 4635 1058 4681 non
1086 4618 1309 4697 erant3
1341 4607 1465 4677 hoc
1491 4615 1707 4674 tamen
1738 4605 1816 4673 fit
1841 4605 1983 4674 sine
2024 4604 2133 4673 sui
2165 4603 2558 4690 mutatione,
2600 4602 2883 4693 qualiter
2928 4600 3002 4670 in
3033 4601 3282 4671 mundo
3323 4602 3520 4694 coepit
3560 4624 3698 4671 esse
3737 4624 3942 4695 quem

572 4726 683 4771 ¹⁰⁶⁰·
760 4730 952 4817 fecit,
994 4738 1215 4796 tamen
1251 4725 1392 4795 sine
1427 4724 1534 4793 sui
1571 4722 2007 4791 mutabilitate
2049 4746 2066 4787 :
2105 4728 2172 4789 et
2205 4719 2510 4788 similiter
2547 4717 2786 4787 desinit
2817 4740 2954 4786 esse
2985 4719 3056 4786 in
3100 4718 3345 4809 quibus
3382 4727 3534 4789 ante
3568 4726 3749 4807 erat,
3796 4719 3941 4788 sine

761 4849 866 4917 sui
894 4845 1256 4915 mutatione
1268 4869 1289 4930 ;
1319 4863 1439 4910 nec
1468 4849 1685 4909 tamen
1709 4840 1848 4931 ipse
1876 4837 2112 4907 deserit
2134 4836 2355 4906 locum
2370 4889 2392 4922 ,
2425 4836 2538 4905 sed
2566 4835 2750 4904 locus
2776 4834 3017 4904 desinit
3039 4858 3200 4903 esse.

586 4980 734 5056 Ερῐιοτ
846 4963 996 5034 Jam
1021 4959 1420 5030 sufficienter
1443 4957 1962 5025 demonstratum
1991 4977 2127 5023 esse
2153 4953 2441 5041 videtur,
2487 4975 2621 5044 quo
2650 4951 2846 5021 modo
2891 4952 3113 5020 omnia
3147 4950 3451 5020 dicantur
3477 4973 3613 5020 esse
3660 4952 3736 5020 in
3761 4952 3934 5040 Deo,

523 5045 731 5163 ‘2¹:603'
760 5090 825 5151 et
851 5081 1026 5149 neus
1055 5079 1125 5147 in
1153 5074 1462 5145 omnibus
1492 5098 1509 5142 ι
1543 5055 1753 5165 quam'
1771 5070 2304 5163 disceptationem
2345 5069 2536 5162 quasi
2573 5068 2936 5138 incidenter
2973 5068 3409 5160 ⁵⁰⁵02Pim¹¹⁸²
3450 5069 3611 5159 ‘1⁰5³
3654 5068 3723 5138 ³⁴¹
3756 5070 3939 5138 Vide·

518 5174 589 5211 tur
602 5182 734 5224 quare

542 5230 587 5274 ὴ.
607 5245 715 5287 μη.
760 5197 957 5267 batur
982 5194 1313 5290 postulare
1336 5214 1441 5262 res
1459 5241 1481 5280 ,
1518 5189 1687 5259 circa
1714 5211 1917 5281 quam
1960 5196 2182 5258 noster
2206 5186 2593 5258 versabatur
2621 5207 2859 5255 sermo.
2889 5184 3381 5256 Disserebamus
3407 5185 3589 5254 enim
3624 5184 3708 5255 de
3732 5185 3940 5256 scien-

824 5450 999 5514 ¹Sap.‚
1023 5457 1137 5510 vm,
1159 5445 1489 5508 1.—¹Aug.,
1512 5442 1677 5506 Epist.
1699 5452 1841 5504 nvn,
1873 5439 1940 5491 al.
1970 5450 2247 5503 cnxxxvn,
2276 5454 2322 5489 c.
2352 5449 2461 5503 ΧΠ,
2490 5452 2548 5489 n.
2584 5441 2638 5491 11
2653 5477 2672 5504 ,
2699 5441 2775 5490 14.
2801 5464 2862 5477 -
2886 5439 2909 5475 ⁸
2940 5440 3090 5504 Aug„
3122 5438 3309 5490 Enarr.
3347 5437 3402 5489 in
3438 5440 3523 5489 Ps.
3557 5448 3738 5503 cnm,
3779 5447 3933 5504 super

756 5520 911 5573 illud:
950 5518 1189 5570 velociter
1207 5518 1401 5578 currit,
1427 5519 1526 5565 etc.
1545 5539 1610 5552 —
1627 5514 1649 5549 δ
1666 5514 1821 5577 Aug„
1845 5510 1906 5562 de
1923 5511 2176 5564 LXXXIII
2195 5512 2397 5573 Quoest„
2427 5524 2482 5576 q.
2499 5522 2592 5565 xx·
