4125 6225
1643 356 2023 429 DISTINC'I'.
2063 360 2171 426 XI.

250 497 345 559 oet
358 493 626 559 interius
642 496 707 558 et
721 494 1026 575 exterius,
1051 494 1131 578 (a)
1152 494 1242 559 ita
1269 498 1364 559 est
1391 511 1600 561 sermo
1623 495 1789 561 inte-

248 602 381 667 rior
403 605 468 666 et
485 602 785 667 exterior.
818 602 898 667 Et
921 621 1132 667 sermo
1158 603 1295 669 sive
1322 603 1594 670 verbum
1620 605 1787 669 inte-

248 711 387 776 rius
411 728 544 775 non
577 714 782 792 potest
806 728 942 775 esse
967 710 1138 775 idem
1169 729 1320 776 cum
1354 729 1650 777 sermone
1683 713 1788 777 vel

249 816 447 881 verbo
497 817 751 898 angeli3
804 819 915 882 sed
966 837 1178 884 sermo
1232 819 1510 884 exterior
1559 823 1782 903 potest.

250 923 475 989 Sermo
500 924 675 989 enim
706 924 970 990 interior
994 925 1127 1006 Dei,
1157 927 1290 993 sive
1318 928 1592 992 verbum
1620 928 1781 1009 ejus,

248 1036 340 1095 est
365 1034 500 1114 ipse
531 1030 695 1097 Deus
730 1055 744 1097 ε
776 1050 985 1098 sermo
1012 1052 1167 1100 vero
1195 1034 1471 1100 exterior
1496 1038 1591 1100 est
1617 1033 1787 1099 illius

245 1137 425 1203 verbi
449 1138 731 1207 effectus.

327 1248 386 1311 3.
427 1245 528 1311 Ad
558 1245 752 1327 aliud,
779 1246 1125 1327 dicendum
1151 1248 1324 1331 quod
1355 1248 1558 1332 loqui,
1595 1252 1787 1332 prout

247 1349 413 1415 Deus
434 1352 667 1417 dicitur
686 1354 864 1437 loqui
883 1374 996 1438 per
1024 1356 1354 1436 angelum,
1378 1374 1511 1420 non
1537 1375 1784 1440 compa-

244 1462 427 1523 ratur
453 1459 533 1524 ad
559 1459 758 1526 Deum
787 1462 951 1527 sicut
967 1463 1047 1528 ad
1074 1463 1456 1545 subjectum,
1486 1465 1596 1529 sed
1620 1464 1786 1528 sicut

244 1567 326 1631 ad
347 1586 628 1632 causam.
650 1567 788 1634 Non
807 1570 980 1635 enim
1007 1571 1238 1635 dicitur
1262 1570 1372 1634 illa
1397 1571 1631 1636 locutio
1648 1589 1785 1637 esse

243 1673 395 1755 Dei,
424 1676 579 1758 quia
602 1676 686 1741 sit
710 1677 821 1742 Dei
847 1677 1169 1761 dispositio
1190 1726 1206 1756 ,
1246 1679 1356 1743 sed
1392 1679 1545 1762 quia
1577 1682 1672 1744 est
1700 1680 1782 1743 ab

243 1784 385 1864 ejus
401 1784 670 1867 imperio
695 1807 710 1848 ε
733 1785 868 1868 ipse
891 1788 1109 1851 autem
1133 1786 1352 1869 objicit
1368 1786 1445 1851 de
1465 1787 1783 1853 locutione

244 1880 495 1955 interna
519 1893 583 1956 et
605 1891 914 1973 increata,
943 1892 1021 1957 de
1047 1912 1177 1976 qua
1198 1893 1360 1957 nihil
1385 1894 1468 1959 ad
1492 1895 1781 1979 proposi-

242 2000 408 2061 tum.

320 2108 384 2168 4.
410 2104 510 2171 Ad
534 2106 691 2172 illud
718 2108 888 2190 quod
913 2107 1230 2190 objicitur,
1265 2109 1436 2191 quod
1460 2128 1543 2174 ex
1567 2109 1693 2175 alia
1717 2114 1783 2175 et

240 2211 367 2276 alia
388 2216 566 2295 parte
591 2214 876 2297 loquitur
900 2215 1069 2280 Deus
1104 2219 1169 2280 et
1206 2215 1508 2298 angelus3
1556 2217 1778 2282 dicen-

238 2322 400 2387 dum
421 2323 592 2406 quod
619 2324 886 2407 objectio
919 2324 1028 2389 illa
1058 2325 1339 2408 procedit
1358 2325 1436 2391 de
1461 2326 1778 2393 locutione

237 2430 594 2495 secundum
619 2431 878 2496 tertium
905 2432 1193 2497 modum.

321 2540 383 2602 5.
405 2536 502 2602 Ad
520 2537 679 2602 illud
697 2538 869 2620 quod
881 2538 1217 2621 quaeritur,
1242 2543 1468 2603 utrum
1486 2539 1778 2606 similiter

240 2647 559 2728 competat
596 2643 658 2709 ei
694 2644 945 2710 adorari
989 2664 1073 2711 ex
1122 2663 1388 2730 persona
1422 2645 1572 2727 Dei,
1612 2648 1779 2713 sicut

239 2751 541 2836 competit
568 2769 649 2816 ex
675 2771 945 2835 persona
972 2753 1083 2817 Dei
1125 2772 1429 2837 apparere
1454 2757 1518 2818 et
1555 2755 1773 2837 loqui;

238 2858 581 2924 dicendum
610 2860 781 2942 quod
798 2907 817 2937 ‚
852 2860 1015 2925 sicut
1057 2878 1266 2925 sermo
1310 2878 1504 2944 quem
1546 2863 1778 2927 format

238 2966 512 3047 angelus
529 2967 601 3030 in
618 2967 900 3048 subjecta
920 2972 1208 3033 creatura
1226 2968 1559 3051 dupliciter
1573 2974 1777 3053 potest

236 3073 461 3138 referri
486 3072 566 3138 ad
604 3072 803 3138 Deum
821 3123 839 3154 ,
870 3077 983 3139 aut
1028 3074 1299 3140 mediate
1319 3124 1338 3155 ,
1385 3078 1501 3141 aut
1545 3076 1775 3142 imme-

237 3180 401 3245 diate
433 3203 447 3244 ε
480 3180 843 3245 immediate
864 3230 882 3262 ,
912 3199 1062 3246 eum
1100 3182 1370 3264 angelus
1405 3183 1775 3266 pronuntiat

235 3291 543 3371 tanquam
594 3288 650 3352 si
704 3287 868 3353 Deus
918 3291 1397 3372 pronuntiaret;
1458 3290 1729 3354 mediate
1749 3340 1768 3371 ,

236 3395 491 3477 quando
517 3396 786 3477 angelus
812 3398 1185 3479 pronuntiat
1213 3401 1288 3463 ut
1312 3398 1579 3462 nuntius
1604 3397 1716 3462 Dei
1751 3420 1767 3464 :

234 3503 326 3568 sic
361 3503 850 3585 intelligendum
890 3508 986 3569 est
1014 3506 1084 3569 in
1126 3505 1520 3588 apparitione
1564 3505 1771 3570 sensi-

3320 362 3437 424 501

1893 496 2006 561 bili
2024 543 2042 574 ‚
2088 495 2242 579 quia
2273 494 2481 560 forma
2506 492 2617 558 illa
2645 496 2758 558 aut
2800 491 3239 577 principaliter
3268 492 3445 558 ducit

1893 602 1964 667 in
1990 603 2298 686 angelum
2324 602 2438 685 qui
2470 605 2565 666 est
2590 600 2859 666 nuntius
2888 599 3034 681 Dei,
3063 602 3177 665 aut
3202 599 3443 684 princi-

1894 711 2118 795 paliter
2142 710 2320 776 ducit
2336 710 2404 774 in
2432 708 2636 774 Deum
2660 730 2676 773 ε
2698 712 2763 774 et
2783 707 2995 792 primo
3021 707 3212 773 modo
3237 711 3442 791 potest

1893 817 2144 882 adorari
2175 816 2383 894 dulia3
2415 820 2479 882 et
2504 815 2784 881 secundo
2812 815 3003 881 modo
3039 817 3249 898 potest
3279 815 3439 881 ado-

1892 922 2022 986 rari
2046 922 2254 1002 latria,
2280 922 2444 986 sicut
2470 921 2759 986 adoravit
2782 922 3132 988 Abraham.

1972 1033 2033 1094 6.
2064 1029 2164 1095 Ad
2186 1030 2345 1095 illud
2368 1028 2540 1112 quod
2568 1028 2797 1093 ultimo
2825 1029 3140 1113 quaeritur
3167 1050 3184 1094 z
3216 1033 3440 1095 utrum

1890 1137 2007 1219 huj
2014 1136 2268 1202 usmodi
2295 1135 2743 1220 apparitiones,
2772 1139 2837 1200 et
2863 1136 3216 1202 locutiones
3238 1137 3438 1203 sensi-

1891 1244 2047 1309 biles
2063 1293 2082 1324 ,
2112 1246 2274 1309 fiant
2298 1261 2549 1327 semper
2574 1243 2895 1309 mediante
2935 1244 3289 1310 ministerio
3319 1264 3440 1311 an-

1889 1352 2058 1434 geli3
2097 1351 2177 1416 de
2205 1352 2329 1416 hoc
2361 1350 2555 1416 dubie
2589 1352 2925 1434 respondet
2949 1352 3360 1433 Augustinus
3391 1354 3434 1433 ¹,

1888 1460 1958 1524 in
1998 1459 2159 1525 libro
2187 1458 2375 1526 Inde
2410 1460 2748 1527 fflnitate.
2781 1458 2988 1542 Magis
3016 1463 3236 1524 tamen
3269 1459 3438 1527 hanc

1889 1571 2138 1650 partem
2163 1567 2419 1647 innuit,
2461 1568 2633 1650 quod
2659 1585 2883 1634 omnes
2928 1568 3091 1633 flant
3116 1568 3438 1635 mediante

1889 1675 2182 1756 angelico
2224 1675 2580 1740 ministerio
2597 1724 2616 1757 ,
2658 1675 2794 1743 sive
2835 1677 3074 1742 fuerint
3119 1677 3189 1741 in
3232 1679 3438 1743 veteri

1886 1787 2287 1860 testamento,
2318 1783 2556 1847 sivein
2581 1801 2774 1849 novo.
2807 1782 2929 1849 Sed
2960 1783 3308 1866 Gregorius
3327 1803 3438 1850 ex-

1887 1892 2167 1975 pressius
2185 1892 2307 1956 hoc
2332 1891 2632 1971 affirmat,
2661 1892 2835 1975 quod
2863 1910 3086 1957 omnes
3112 1894 3271 1958 flant
3296 1911 3466 1975 me·-

1887 1999 2103 2065 diante
2133 1998 2426 2063 rationali
2452 1998 2669 2082 aliqua
2697 2002 3021 2078 creatura;
3044 1999 3135 2064 ait
3156 2000 3327 2064 enim
3348 2001 3439 2065 sic

1887 2106 1958 2171 in
1982 2106 2333 2173 Moralibus
2359 2108 2383 2142 ²
2404 2126 2429 2168 .·
2463 2128 2494 2168 α
2518 2104 2641 2172 Per
2665 2107 2974 2189 angelum
3000 2107 3285 2190 loquitur
3313 2107 3438 2173 Do-

1887 2215 2126 2292 minus,
2157 2233 2308 2280 cum
2329 2232 2626 2299 supernae
2649 2215 3055 2281 revelationis
3088 2215 3290 2280 verba
3315 2233 3439 2281 au-

1882 2322 2194 2404 diuntur3
2230 2322 2393 2388 sicut
2417 2323 2653 2389 dicitur
2688 2323 2757 2388 in
2800 2324 3045 2392 Ioanne
3072 2324 3096 2360 ⁸
3118 2346 3147 2389 .·
3178 2323 3439 2405 Clarifl-

1884 2433 2068 2509 cavi,
2127 2438 2186 2499 et
2239 2433 2474 2498 iterum
2525 2431 2916 2513 clarificabo.
2980 2429 3201 2514 Neque
3262 2432 3438 2497 enim

1884 2537 2078 2620 Deus,
2111 2538 2224 2623 qui
2241 2589 2260 2619 ,
2297 2538 2438 2604 sine
2465 2541 2753 2622 tempore
2770 2587 2789 2619 ,
2817 2538 2885 2602 vi
2919 2538 3166 2604 intimae
3189 2537 3437 2622 impul-

1884 2647 2084 2711 sionis
2105 2645 2358 2722 clamat,
2384 2647 2452 2710 in
2479 2650 2658 2730 parte
2686 2663 2911 2712 vocem
2937 2663 3126 2710 suam
3155 2663 3269 2730 per
3288 2646 3437 2711 sub-

1883 2754 2180 2818 stantiam
2207 2754 2433 2832 edidit,
2454 2772 2651 2837 quam
2683 2753 3234 2836 circumscriptam
3271 2755 3436 2818 tem-

1882 2880 2036 2944 pore
2082 2879 2197 2943 per
2246 2861 2536 2925 humana
2587 2861 2787 2928 verba
2833 2859 3155 2941 distinxit3
3204 2860 3314 2927 sed
3353 2861 3434 2926 de

1883 2968 2241 3033 coelestibus
2265 2969 2553 3051 loquens,
2575 2969 2773 3035 verba
2793 2986 2911 3033 sua
2937 2986 3083 3051 quae
3108 2968 3317 3033 audiri
3350 2968 3433 3033 ab

1880 3076 2250 3143 hominibus
2307 3077 2552 3158 voluit,
2601 3076 2896 3142 rationali
2941 3074 3428 3141 administrante

1881 3189 2172 3249 creatura
2192 3232 2208 3262 ,
2240 3184 2561 3249 formavit.
2595 3205 2627 3244 n
2659 3182 2746 3248 De
2769 3183 2872 3247 his
2897 3186 3112 3248 autem
3152 3182 3434 3266 apertius

1880 3291 2171 3355 habitum
2193 3296 2288 3356 est
2310 3291 2379 3355 in
2407 3291 2617 3374 primo
2638 3290 2829 3371 libro,
2859 3289 3262 3355 distinctione
3284 3308 3424 3368 xvr,

1879 3399 1992 3463 ubi
2022 3398 2319 3463 habitum
2348 3401 2443 3463 est
2478 3398 2555 3463 de
2584 3398 3002 3482 apparitione,
3028 3397 3164 3463 sive
3190 3396 3430 3464 visibili

1879 3524 2211 3571 mlsslone.

1289 3747 2132 3846 DISTINCTIO
2210 3751 2358 3848 XI

228 3977 394 4033 QUOD
433 3977 702 4033 QUAEQUE
747 3976 942 4025 ANmA
984 3977 1188 4024 mm
1233 3976 1522 4025 ANGELUM
1564 3978 1772 4025 BONUM
1813 3980 1898 4026 AD
1943 3979 2040 4026 sm
2085 3978 2431 4026 cusromut
2473 3976 2841 4024 DELEGATUU
2864 4007 2883 4043 ,
2933 3977 3011 4023 ΕΤ
3066 3975 3286 4024 namu
3342 3978 3424 4025 An

314 4086 688 4133 tuncrum
720 4088 736 4131 ζ
767 4086 845 4132 ΕΤ
886 4087 1092 4134 mauu
1134 4086 1278 4133 BONI
1322 4087 1679 4134 PROFICIANT
1722 4088 1788 4135 IN
1828 4088 2057 4136 ummo
2077 4118 2096 4154 ,
2145 4089 2222 4134 m·
2266 4088 2332 4135 IN
2374 4088 2613 4135 Pssffllo
2660 4086 2856 4142 usouss
2900 4087 2981 4133 AD
3024 4086 3329 4134 mmmm.

314 4258 494 4329 Illud
522 4282 787 4352 quoque
812 4258 1149 4329 sciendum
1174 4267 1293 4346 est,
1326 4260 1505 4353 quod
1545 4262 1764 4351 angeli
1808 4262 1968 4332 boni
2011 4261 2306 4355 deputati
2333 4268 2489 4331 sunt
2515 4259 2597 4329 ad
2622 4259 2984 4330 custodiam
3012 4258 3363 4328 hominum
3394 4311 3412 4344 ,
3445 4277 3660 4385 Dssssg*

224 4374 321 4444 ita
352 4375 733 4468 utquisque
759 4376 1117 4446 electorum
1143 4376 1379 4446 habeat
1406 4378 1740 4467 angelum,
1768 4377 1851 4447 ad
1888 4378 1994 4448 sui
2021 4378 2387 4470 profectum
2429 4385 2629 4469 atque
2656 4375 3021 4446 custodiam
3049 4374 3417 4469 specialiter
3459 4403 3647 4477 misi-te-

226 4490 627 4580 delegatum.
659 4491 850 4561 Unde
876 4492 949 4560 in
992 4492 1354 4582 Evangelio
1380 4494 1641 4564 Veritas
1684 4518 1725 4563 a
1768 4495 2166 4587 pusillorum
2210 4494 2512 4563 scandalo
2548 4493 2925 4587 prohibens,
2957 4493 3052 4561 ait
3079 4491 3103 4528 ⁶
3133 4516 3150 4559 ε
3180 4492 3421 4583 Anyeli
3471 4472 3637 4574 1323.

3461 4603 3516 4633 ne
3529 4624 3542 4647 ,
3562 4604 3644 4647 per

230 4630 455 4676 eorum
498 4629 750 4700 semper
786 4606 1015 4677 vident
1048 4609 1303 4701 faciem
1325 4611 1575 4680 Patris·
1635 4611 1925 4701 Angelos
1967 4610 2125 4680 dicit
2150 4633 2382 4680 eorum
2435 4632 2606 4698 esse,
2643 4610 2885 4702 quibus
2926 4608 3008 4678 ad
3055 4607 3416 4678 custodiam

228 4723 526 4815 deputati
569 4731 746 4793 sunt.
797 4723 1011 4817 Super
1062 4748 1261 4817 quem
1314 4726 1535 4796 locum
1587 4727 2034 4820 Hieronymus
2078 4727 2277 4796 tradit
2311 4734 2358 4813 ³,
2393 4747 2937 4818 unamquamque
2989 4723 3279 4793 animam
3333 4724 3417 4792 ab

230 5072 376 5143 lum
424 5072 823 5163 delegatum.
861 5098 897 5139 >2
947 5072 1306 5164 Gregorius
1348 5098 1614 5169 quoque
1663 5077 1819 5147 dicit
1843 5078 1888 5162 ⁸,
1918 5067 2099 5170 quod
2152 5076 2434 5169 quisque
2486 5074 2739 5143 bonum
2792 5072 3106 5163 angelum
3158 5073 3286 5142 sibi
3336 5073 3419 5143 ad

300 5226 488 5290 ¹Aug.,
516 5225 577 5275 de
616 5226 818 5287 Triuia,
855 5226 945 5276 lib.
974 5227 1073 5289 111,
1104 5241 1153 5278 c.
1174 5239 1209 5277 1
1237 5231 1290 5278 et
1310 5240 1383 5280 11.
1409 5256 1471 5266 —
1497 5230 1521 5264 ²
1540 5231 1777 5294 Gregor„
1800 5229 1983 5293 Moral,
2009 5229 2103 5280 lib.
2132 5229 2334 5281 XXVIII
2350 5263 2370 5289 ,
2399 5241 2444 5278 c.
2467 5237 2529 5277 11.
2547 5250 2606 5262 —
2629 5209 2831 5287 Unam:
2852 5236 2932 5277 xn
2952 5264 2969 5288 ‚
2992 5227 3073 5277 28.
3091 5252 3155 5263 —
3175 5224 3425 5277 *Martha

235 5306 403 5361 xvm,
428 5299 503 5346 10.
526 5322 586 5333 —
605 5297 876 5360 ⁸,Hieron.,
910 5296 1181 5349 Commeat.
1210 5299 1299 5350 lib.
1324 5300 1427 5365 111,
1457 5300 1522 5351 ad
1564 5315 1677 5366 cap.
1700 5312 1837 5352 xvm
1862 5300 2044 5352 matth.
2070 5326 2125 5337 —
2156 5300 2178 5335 ⁸
2195 5300 2311 5352 Non
2337 5296 2593 5363 reperitur
2618 5295 2756 5361 apud
2782 5296 3084 5361 Gregorium
3112 5332 3131 5363 ‚
3167 5297 3261 5351 sed
3284 5298 3422 5364 apud

238 5367 445 5433 lingon.
470 5366 537 5418 de
564 5367 753 5420 Sancto
776 5367 1004 5434 Victore,
1032 5369 1170 5423 Sent.
1199 5368 1289 5423 lib.
1310 5371 1399 5425 111.
1428 5396 1491 5411 —-
1518 5372 1578 5436 (a)
1609 5370 1750 5425 Edit.
1786 5371 1900 5424 Ven.
1920 5369 2036 5424 add.
2067 5373 2136 5424 et.

3462 4666 3639 4711 compa-

3451 4717 3659 4761 rationem

3444 4779 3499 4822 ad
3518 4780 3657 4824 honi-

231 4839 502 4909 exordio
521 4841 880 4911 nativitatis
904 4841 1145 4911 habere
1171 4842 1485 4933 angelum
1511 4844 1594 4912 ad
1623 4845 1727 4914 sui
1752 4844 2114 4913 custodiam
2141 4843 2552 4935 deputatum,
2578 4840 2888 4933 inquiens
2914 4840 3006 4909 ita
3044 4865 3061 4908 ε
3111 4866 3147 4906 (ι
3178 4840 3420 4930 Magna
3454 4843 3646 4914 ⁸²¹⁸&

3471 4904 3621 4948 mimn-

229 4957 520 5048 dignitas
548 4957 921 5040 animarum
955 4966 1074 5045 est,
1105 4966 1186 5027 ut
1211 4981 1629 5053 unaquaeque
1658 4961 1894 5030 habeat
1920 4961 2002 5030 ab
2030 4970 2182 5030 ortu
2209 4958 2567 5030 nativitatis
2593 4957 2668 5025 in
2692 4954 3058 5026 custodiam
3085 4956 3194 5026 sui
3221 4978 3420 5047 ange·
3447 4967 3574 5011 t‘²¹¹²‘-
