<?xml version="1.0" encoding="UTF-8"?>
<!DOCTYPE html PUBLIC "-//W3C//DTD XHTML 1.0 Transitional//EN"
    "http://www.w3.org/TR/xhtml1/DTD/xhtml1-transitional.dtd">
<html xmlns="http://www.w3.org/1999/xhtml" xml:lang="en" lang="en">
 <head>
  <title>
</title>
<meta http-equiv="Content-Type" content="text/html;charset=utf-8" />
  <meta name='ocr-system' content='tesseract 3.04.00' />
  <meta name='ocr-capabilities' content='ocr_page ocr_carea ocr_par ocr_line ocrx_word'/>
</head>
<body>
  <div class='ocr_page' id='page_1' title='image "./srecardinalissb01peltgoog_0044.png"; bbox 0 0 4125 6225; ppageno 0'>
   <div class='ocr_carea' id='block_1_1' title="bbox 728 416 2759 504">
    <p class='ocr_par' dir='ltr' id='par_1_1' title="bbox 728 416 2759 504">
     <span class='ocr_line' id='line_1_1' title="bbox 728 416 2759 504; baseline 0.001 -3"><span class='ocrx_word' id='word_1_1' title='bbox 728 441 821 501; x_wconf 70' lang='lat'><strong>34.</strong></span> <span class='ocrx_word' id='word_1_2' title='bbox 1835 416 2471 503; x_wconf 79' lang='lat' dir='ltr'><strong>&#39;SENTENTIARUM</strong></span> <span class='ocrx_word' id='word_1_3' title='bbox 2513 438 2663 504; x_wconf 76' lang='lat' dir='ltr'><strong>Lm.</strong></span> <span class='ocrx_word' id='word_1_4' title='bbox 2709 440 2759 504; x_wconf 92' lang='lat'><strong>1.</strong></span> 
     </span>
    </p>
   </div>
   <div class='ocr_carea' id='block_1_2' title="bbox 565 571 3894 2531">
    <p class='ocr_par' dir='ltr' id='par_1_2' title="bbox 724 571 3894 2416">
     <span class='ocr_line' id='line_1_2' title="bbox 725 571 3860 671; baseline 0.004 -32"><span class='ocrx_word' id='word_1_5' title='bbox 725 573 818 640; x_wconf 89' lang='lat' dir='ltr'><strong>ris</strong></span> <span class='ocrx_word' id='word_1_6' title='bbox 831 572 1256 640; x_wconf 80' lang='lat' dir='ltr'><strong>essentialiter</strong></span> <span class='ocrx_word' id='word_1_7' title='bbox 1271 571 1451 657; x_wconf 89' lang='lat' dir='ltr'><strong>insit,</strong></span> <span class='ocrx_word' id='word_1_8' title='bbox 1470 596 1591 641; x_wconf 84' lang='lat' dir='ltr'><strong>nec</strong></span> <span class='ocrx_word' id='word_1_9' title='bbox 1604 579 1819 641; x_wconf 88' lang='lat' dir='ltr'><strong>tamen</strong></span> <span class='ocrx_word' id='word_1_10' title='bbox 1834 574 2225 666; x_wconf 88' lang='lat' dir='ltr'><strong>cujusquam</strong></span> <span class='ocrx_word' id='word_1_11' title='bbox 2245 576 2337 643; x_wconf 91' lang='lat' dir='ltr'><strong>rei</strong></span> <span class='ocrx_word' id='word_1_12' title='bbox 2355 575 2656 644; x_wconf 88' lang='lat' dir='ltr'><strong>sordibus</strong></span> <span class='ocrx_word' id='word_1_13' title='bbox 2668 575 3174 659; x_wconf 85' lang='lat' dir='ltr'><strong>contaminatur,</strong></span> <span class='ocrx_word' id='word_1_14' title='bbox 3194 577 3299 644; x_wconf 86' lang='lat' dir='ltr'><strong>vel</strong></span> <span class='ocrx_word' id='word_1_15' title='bbox 3320 577 3715 666; x_wconf 86' lang='lat' dir='ltr'><strong>contingitur</strong></span> <span class='ocrx_word' id='word_1_16' title='bbox 3733 579 3807 671; x_wconf 74' lang='lat' dir='ltr'><strong>(a)</strong></span> <span class='ocrx_word' id='word_1_17' title='bbox 3823 591 3860 651; x_wconf 89' lang='lat'><strong>¹.</strong></span> 
     </span>
     <span class='ocr_line' id='line_1_3' title="bbox 724 687 3868 789; baseline 0.003 -32"><span class='ocrx_word' id='word_1_18' title='bbox 724 687 913 757; x_wconf 88' lang='lat' dir='ltr'><strong>Unde</strong></span> <span class='ocrx_word' id='word_1_19' title='bbox 937 688 1354 775; x_wconf 77' lang='lat' dir='ltr'>Augustinus</span> <span class='ocrx_word' id='word_1_20' title='bbox 1381 690 1452 757; x_wconf 91' lang='lat' dir='ltr'><strong>in</strong></span> <span class='ocrx_word' id='word_1_21' title='bbox 1488 690 1659 759; x_wconf 87' lang='lat' dir='ltr'><strong>libro</strong></span> <span class='ocrx_word' id='word_1_22' title='bbox 1687 689 1768 758; x_wconf 83' lang='lat' dir='ltr'><strong>de</strong></span> <span class='ocrx_word' id='word_1_23' title='bbox 1809 703 2057 759; x_wconf 78' lang='lat' dir='ltr'><strong>natura</strong></span> <span class='ocrx_word' id='word_1_24' title='bbox 2107 692 2261 760; x_wconf 83' lang='lat' dir='ltr'><strong>boni</strong></span> <span class='ocrx_word' id='word_1_25' title='bbox 2287 692 2310 726; x_wconf 83' lang='lat'><strong>¹</strong></span> <span class='ocrx_word' id='word_1_26' title='bbox 2364 718 2379 760; x_wconf 73' lang='grc' dir='ltr'><strong><em>ε</em></strong></span> <span class='ocrx_word' id='word_1_27' title='bbox 2430 693 2656 762; x_wconf 83' lang='lat' dir='ltr'><strong>«Cum</strong></span> <span class='ocrx_word' id='word_1_28' title='bbox 2696 693 2764 760; x_wconf 91' lang='lat' dir='ltr'><strong>in</strong></span> <span class='ocrx_word' id='word_1_29' title='bbox 2799 693 2933 761; x_wconf 86' lang='lat' dir='ltr'><strong>Deo</strong></span> <span class='ocrx_word' id='word_1_30' title='bbox 2958 745 2975 777; x_wconf 93' lang='lat'><strong>,</strong></span> <span class='ocrx_word' id='word_1_31' title='bbox 3020 693 3269 783; x_wconf 89' lang='lat' dir='ltr'><strong>inquit,</strong></span> <span class='ocrx_word' id='word_1_32' title='bbox 3317 694 3448 762; x_wconf 87' lang='lat' dir='ltr'><strong>sint</strong></span> <span class='ocrx_word' id='word_1_33' title='bbox 3482 696 3696 764; x_wconf 90' lang='lat' dir='ltr'><strong>omnia</strong></span> <span class='ocrx_word' id='word_1_34' title='bbox 3737 720 3868 789; x_wconf 81' lang='lat' dir='ltr'><strong>quae</strong></span> 
     </span>
     <span class='ocr_line' id='line_1_4' title="bbox 728 804 3870 903; baseline 0.003 -31"><span class='ocrx_word' id='word_1_35' title='bbox 728 804 1061 892; x_wconf 89' lang='lat' dir='ltr'><strong>condidit,</strong></span> <span class='ocrx_word' id='word_1_36' title='bbox 1094 829 1228 874; x_wconf 91' lang='lat' dir='ltr'><strong>non</strong></span> <span class='ocrx_word' id='word_1_37' title='bbox 1257 814 1474 875; x_wconf 86' lang='lat' dir='ltr'><strong>tamen</strong></span> <span class='ocrx_word' id='word_1_38' title='bbox 1504 806 1859 898; x_wconf 90' lang='lat' dir='ltr'><strong>inquinant</strong></span> <span class='ocrx_word' id='word_1_39' title='bbox 1886 830 2036 875; x_wconf 92' lang='lat' dir='ltr'><strong>eum</strong></span> <span class='ocrx_word' id='word_1_40' title='bbox 2074 807 2174 875; x_wconf 89' lang='lat' dir='ltr'><strong>illi</strong></span> <span class='ocrx_word' id='word_1_41' title='bbox 2203 807 2318 900; x_wconf 89' lang='lat' dir='ltr'><strong>qui</strong></span> <span class='ocrx_word' id='word_1_42' title='bbox 2351 819 2635 899; x_wconf 85' lang='lat' dir='ltr'><strong>peccant.</strong></span> <span class='ocrx_word' id='word_1_43' title='bbox 2670 836 2703 873; x_wconf 83' lang='lat'>»</span> <span class='ocrx_word' id='word_1_44' title='bbox 2759 809 2850 876; x_wconf 87' lang='lat' dir='ltr'><strong>De</strong></span> <span class='ocrx_word' id='word_1_45' title='bbox 2877 809 3066 900; x_wconf 86' lang='lat' dir='ltr'><strong>cujus</strong></span> <span class='ocrx_word' id='word_1_46' title='bbox 3106 809 3301 876; x_wconf 80' lang='lat' dir='ltr'><strong>etiam</strong></span> <span class='ocrx_word' id='word_1_47' title='bbox 3332 810 3683 901; x_wconf 79' lang='lat' dir='ltr'><strong>sapientia,</strong></span> <span class='ocrx_word' id='word_1_48' title='bbox 3737 836 3870 903; x_wconf 80' lang='lat' dir='ltr'><strong>quae</strong></span> 
     </span>
     <span class='ocr_line' id='line_1_5' title="bbox 729 921 3876 1019; baseline 0.003 -30"><span class='ocrx_word' id='word_1_49' title='bbox 729 922 1009 1014; x_wconf 76' lang='lat' dir='ltr'><strong>attinqz&#39;t</strong></span> <span class='ocrx_word' id='word_1_50' title='bbox 1036 946 1079 990; x_wconf 86' lang='lat' dir='ltr'><strong>a</strong></span> <span class='ocrx_word' id='word_1_51' title='bbox 1102 923 1243 1013; x_wconf 81' lang='lat' dir='ltr'><strong>fine</strong></span> <span class='ocrx_word' id='word_1_52' title='bbox 1266 946 1468 1014; x_wconf 81' lang='lat' dir='ltr'><strong>usque</strong></span> <span class='ocrx_word' id='word_1_53' title='bbox 1503 921 1597 991; x_wconf 83' lang='lat' dir='ltr'><strong>ad</strong></span> <span class='ocrx_word' id='word_1_54' title='bbox 1621 924 1831 1014; x_wconf 80' lang='lat' dir='ltr'><strong>finem</strong></span> <span class='ocrx_word' id='word_1_55' title='bbox 1869 924 2166 1015; x_wconf 83' lang='lat' dir='ltr'><strong>fortiter,</strong></span> <span class='ocrx_word' id='word_1_56' title='bbox 2208 925 2448 994; x_wconf 88' lang='lat' dir='ltr'><strong>dicitur</strong></span> <span class='ocrx_word' id='word_1_57' title='bbox 2475 938 2496 973; x_wconf 81' lang='lat'><strong>³</strong></span> <span class='ocrx_word' id='word_1_58' title='bbox 2530 952 2546 995; x_wconf 72' lang='grc' dir='ltr'><strong><em>ι</em></strong></span> <span class='ocrx_word' id='word_1_59' title='bbox 2578 927 2872 1018; x_wconf 73' lang='lat' dir='ltr'><strong>Attinqit</strong></span> <span class='ocrx_word' id='word_1_60' title='bbox 2911 927 3141 995; x_wconf 82' lang='lat' dir='ltr'><strong>omnia</strong></span> <span class='ocrx_word' id='word_1_61' title='bbox 3166 939 3439 1019; x_wconf 83' lang='lat' dir='ltr'><strong>propter</strong></span> <span class='ocrx_word' id='word_1_62' title='bbox 3474 950 3660 996; x_wconf 81' lang='lat' dir='ltr'><strong>suam</strong></span> <span class='ocrx_word' id='word_1_63' title='bbox 3701 953 3876 998; x_wconf 80' lang='lat' dir='ltr'><strong>mun-</strong></span> 
     </span>
     <span class='ocr_line' id='line_1_6' title="bbox 727 1038 3871 1137; baseline 0.001 -30"><span class='ocrx_word' id='word_1_64' title='bbox 727 1038 999 1125; x_wconf 84' lang='lat' dir='ltr'><strong>ditiam,</strong></span> <span class='ocrx_word' id='word_1_65' title='bbox 1031 1051 1095 1107; x_wconf 84' lang='lat' dir='ltr'><strong>et</strong></span> <span class='ocrx_word' id='word_1_66' title='bbox 1127 1040 1299 1108; x_wconf 73' lang='lat' dir='ltr'><strong>nihil</strong></span> <span class='ocrx_word' id='word_1_67' title='bbox 1323 1040 1752 1131; x_wconf 82' lang='lat' dir='ltr'><strong>inquinatum</strong></span> <span class='ocrx_word' id='word_1_68' title='bbox 1788 1041 1861 1109; x_wconf 82' lang='lat' dir='ltr'><strong>in</strong></span> <span class='ocrx_word' id='word_1_69' title='bbox 1902 1065 2052 1109; x_wconf 83' lang='lat' dir='ltr'><strong>eam</strong></span> <span class='ocrx_word' id='word_1_70' title='bbox 2102 1042 2411 1110; x_wconf 80' lang='lat' dir='ltr'><strong>incurrit.</strong></span> <span class='ocrx_word' id='word_1_71' title='bbox 2443 1044 2707 1112; x_wconf 82' lang='lat' dir='ltr'><strong>Timent</strong></span> <span class='ocrx_word' id='word_1_72' title='bbox 2748 1044 3052 1135; x_wconf 89' lang='lat' dir='ltr'><strong>quidam,</strong></span> <span class='ocrx_word' id='word_1_73' title='bbox 3084 1046 3258 1137; x_wconf 83' lang='lat' dir='ltr'><strong>quod</strong></span> <span class='ocrx_word' id='word_1_74' title='bbox 3289 1046 3429 1113; x_wconf 88' lang='lat' dir='ltr'><strong>fieri</strong></span> <span class='ocrx_word' id='word_1_75' title='bbox 3469 1068 3598 1113; x_wconf 88' lang='lat' dir='ltr'><strong>uon</strong></span> <span class='ocrx_word' id='word_1_76' title='bbox 3646 1054 3871 1136; x_wconf 88' lang='lat' dir='ltr'><strong>potest,</strong></span> 
     </span>
     <span class='ocr_line' id='line_1_7' title="bbox 733 1156 3874 1253; baseline 0.002 -30"><span class='ocrx_word' id='word_1_77' title='bbox 733 1157 978 1225; x_wconf 91' lang='lat' dir='ltr'><strong>scilicet</strong></span> <span class='ocrx_word' id='word_1_78' title='bbox 1005 1181 1086 1225; x_wconf 90' lang='lat' dir='ltr'><strong>ne</strong></span> <span class='ocrx_word' id='word_1_79' title='bbox 1114 1156 1405 1226; x_wconf 85' lang='lat' dir='ltr'><strong>bumana</strong></span> <span class='ocrx_word' id='word_1_80' title='bbox 1430 1180 1625 1226; x_wconf 89' lang='lat' dir='ltr'><strong>carne</strong></span> <span class='ocrx_word' id='word_1_81' title='bbox 1655 1157 1892 1226; x_wconf 86' lang='lat' dir='ltr'><strong>veritas</strong></span> <span class='ocrx_word' id='word_1_82' title='bbox 1917 1166 1981 1227; x_wconf 89' lang='lat' dir='ltr'><strong>et</strong></span> <span class='ocrx_word' id='word_1_83' title='bbox 2007 1158 2371 1228; x_wconf 89' lang='lat' dir='ltr'><strong>substantia</strong></span> <span class='ocrx_word' id='word_1_84' title='bbox 2391 1159 2509 1228; x_wconf 92' lang='lat' dir='ltr'><strong>Dei</strong></span> <span class='ocrx_word' id='word_1_85' title='bbox 2542 1161 2953 1252; x_wconf 85' lang='lat' dir='ltr'><strong>inquinetur,</strong></span> <span class='ocrx_word' id='word_1_86' title='bbox 2985 1169 3049 1229; x_wconf 90' lang='lat' dir='ltr'><strong>et</strong></span> <span class='ocrx_word' id='word_1_87' title='bbox 3076 1171 3294 1229; x_wconf 88' lang='lat' dir='ltr'><strong>tamen</strong></span> <span class='ocrx_word' id='word_1_88' title='bbox 3319 1161 3670 1253; x_wconf 85' lang='lat' dir='ltr'><strong>praedicant</strong></span> <span class='ocrx_word' id='word_1_89' title='bbox 3693 1162 3874 1230; x_wconf 87' lang='lat' dir='ltr'><strong>istum</strong></span> 
     </span>
     <span class='ocr_line' id='line_1_8' title="bbox 727 1273 3880 1368; baseline 0.001 -26"><span class='ocrx_word' id='word_1_90' title='bbox 727 1273 1053 1342; x_wconf 82' lang='lat' dir='ltr'><strong>visibilem</strong></span> <span class='ocrx_word' id='word_1_91' title='bbox 1083 1274 1285 1343; x_wconf 87' lang='lat' dir='ltr'><strong>solem</strong></span> <span class='ocrx_word' id='word_1_92' title='bbox 1314 1275 1530 1344; x_wconf 87' lang='lat' dir='ltr'><strong>radios</strong></span> <span class='ocrx_word' id='word_1_93' title='bbox 1558 1297 1710 1344; x_wconf 91' lang='lat' dir='ltr'><strong>suos</strong></span> <span class='ocrx_word' id='word_1_94' title='bbox 1737 1298 1855 1366; x_wconf 90' lang='lat' dir='ltr'><strong>per</strong></span> <span class='ocrx_word' id='word_1_95' title='bbox 1882 1298 2109 1344; x_wconf 91' lang='lat' dir='ltr'><strong>omnes</strong></span> <span class='ocrx_word' id='word_1_96' title='bbox 2136 1276 2325 1344; x_wconf 83' lang='lat' dir='ltr'><strong>faeces</strong></span> <span class='ocrx_word' id='word_1_97' title='bbox 2352 1285 2415 1344; x_wconf 90' lang='lat' dir='ltr'><strong>et</strong></span> <span class='ocrx_word' id='word_1_98' title='bbox 2440 1277 2660 1345; x_wconf 87' lang='lat' dir='ltr'><strong>sordes</strong></span> <span class='ocrx_word' id='word_1_99' title='bbox 2687 1298 2988 1368; x_wconf 88' lang='lat' dir='ltr'><strong>spargere</strong></span> <span class='ocrx_word' id='word_1_100' title='bbox 3005 1328 3023 1362; x_wconf 94' lang='lat'><strong>,</strong></span> <span class='ocrx_word' id='word_1_101' title='bbox 3054 1286 3119 1344; x_wconf 90' lang='lat' dir='ltr'><strong>et</strong></span> <span class='ocrx_word' id='word_1_102' title='bbox 3154 1299 3263 1344; x_wconf 90' lang='lat' dir='ltr'><strong>eos</strong></span> <span class='ocrx_word' id='word_1_103' title='bbox 3300 1276 3580 1345; x_wconf 89' lang='lat' dir='ltr'><strong>mundos</strong></span> <span class='ocrx_word' id='word_1_104' title='bbox 3606 1285 3668 1345; x_wconf 88' lang='lat' dir='ltr'><strong>et</strong></span> <span class='ocrx_word' id='word_1_105' title='bbox 3692 1277 3880 1344; x_wconf 86' lang='lat' dir='ltr'><strong>since-</strong></span> 
     </span>
     <span class='ocr_line' id='line_1_9' title="bbox 731 1390 3879 1485; baseline 0.002 -28"><span class='ocrx_word' id='word_1_106' title='bbox 731 1412 838 1458; x_wconf 89' lang='lat' dir='ltr'><strong>ros</strong></span> <span class='ocrx_word' id='word_1_107' title='bbox 862 1391 1134 1460; x_wconf 88' lang='lat' dir='ltr'><strong>servari.</strong></span> <span class='ocrx_word' id='word_1_108' title='bbox 1170 1390 1240 1459; x_wconf 90' lang='lat' dir='ltr'><strong>Si</strong></span> <span class='ocrx_word' id='word_1_109' title='bbox 1267 1393 1422 1481; x_wconf 82' lang='lat' dir='ltr'><strong>ergo</strong></span> <span class='ocrx_word' id='word_1_110' title='bbox 1452 1392 1734 1461; x_wconf 87' lang='lat' dir='ltr'><strong>visibilia</strong></span> <span class='ocrx_word' id='word_1_111' title='bbox 1775 1393 2020 1461; x_wconf 90' lang='lat' dir='ltr'><strong>munda</strong></span> <span class='ocrx_word' id='word_1_112' title='bbox 2057 1416 2099 1462; x_wconf 86' lang='lat' dir='ltr'><strong>a</strong></span> <span class='ocrx_word' id='word_1_113' title='bbox 2123 1394 2495 1462; x_wconf 80' lang='lat' dir='ltr'><strong>visibilibus</strong></span> <span class='ocrx_word' id='word_1_114' title='bbox 2527 1394 2890 1463; x_wconf 91' lang='lat' dir='ltr'><strong>immundis</strong></span> <span class='ocrx_word' id='word_1_115' title='bbox 2926 1394 3230 1482; x_wconf 83' lang='lat' dir='ltr'><strong>contingi·</strong></span> <span class='ocrx_word' id='word_1_116' title='bbox 3258 1394 3335 1484; x_wconf 79' lang='lat' dir='ltr'><strong>(b)</strong></span> <span class='ocrx_word' id='word_1_117' title='bbox 3364 1403 3654 1485; x_wconf 90' lang='lat' dir='ltr'><strong>possunt,</strong></span> <span class='ocrx_word' id='word_1_118' title='bbox 3673 1404 3732 1461; x_wconf 90' lang='lat' dir='ltr'><strong>et</strong></span> <span class='ocrx_word' id='word_1_119' title='bbox 3757 1416 3879 1462; x_wconf 90' lang='lat' dir='ltr'><strong>non</strong></span> 
     </span>
     <span class='ocr_line' id='line_1_10' title="bbox 728 1505 3884 1601; baseline 0.002 -27"><span class='ocrx_word' id='word_1_120' title='bbox 728 1505 1067 1599; x_wconf 88' lang='lat' dir='ltr'><strong>inquinari</strong></span> <span class='ocrx_word' id='word_1_121' title='bbox 1092 1560 1111 1593; x_wconf 89' lang='lat'><strong>,</strong></span> <span class='ocrx_word' id='word_1_122' title='bbox 1152 1516 1402 1599; x_wconf 88' lang='lat' dir='ltr'><strong>quanto</strong></span> <span class='ocrx_word' id='word_1_123' title='bbox 1441 1508 1651 1598; x_wconf 87' lang='lat' dir='ltr'><strong>magis</strong></span> <span class='ocrx_word' id='word_1_124' title='bbox 1691 1509 2047 1576; x_wconf 87' lang='lat' dir='ltr'><strong>invisibilis</strong></span> <span class='ocrx_word' id='word_1_125' title='bbox 2085 1517 2148 1577; x_wconf 88' lang='lat' dir='ltr'><strong>et</strong></span> <span class='ocrx_word' id='word_1_126' title='bbox 2187 1510 2744 1579; x_wconf 88' lang='lat' dir='ltr'><strong>incommutabilis</strong></span> <span class='ocrx_word' id='word_1_127' title='bbox 2772 1510 3045 1578; x_wconf 81' lang='lat' dir='ltr'><strong>veritas!</strong></span> <span class='ocrx_word' id='word_1_128' title='bbox 3090 1511 3426 1578; x_wconf 80' lang='lat' dir='ltr'><strong>Postremo</strong></span> <span class='ocrx_word' id='word_1_129' title='bbox 3471 1509 3884 1601; x_wconf 85' lang='lat' dir='ltr'><strong>respondeant</strong></span> 
     </span>
     <span class='ocr_line' id='line_1_11' title="bbox 733 1621 3883 1719; baseline 0.001 -29"><span class='ocrx_word' id='word_1_130' title='bbox 733 1621 893 1714; x_wconf 89' lang='lat' dir='ltr'><strong>quid</strong></span> <span class='ocrx_word' id='word_1_131' title='bbox 923 1624 1138 1714; x_wconf 88' lang='lat' dir='ltr'><strong>potius</strong></span> <span class='ocrx_word' id='word_1_132' title='bbox 1168 1623 1248 1691; x_wconf 94' lang='lat' dir='ltr'><strong>de</strong></span> <span class='ocrx_word' id='word_1_133' title='bbox 1276 1624 1410 1692; x_wconf 91' lang='lat' dir='ltr'><strong>Deo</strong></span> <span class='ocrx_word' id='word_1_134' title='bbox 1437 1624 1964 1717; x_wconf 87' lang='lat' dir='ltr'><strong>respondendum</strong></span> <span class='ocrx_word' id='word_1_135' title='bbox 1998 1624 2404 1714; x_wconf 83' lang='lat' dir='ltr'><strong>existiment,</strong></span> <span class='ocrx_word' id='word_1_136' title='bbox 2439 1627 2544 1694; x_wconf 87' lang='lat' dir='ltr'><strong>vel</strong></span> <span class='ocrx_word' id='word_1_137' title='bbox 2574 1626 2753 1719; x_wconf 90' lang='lat' dir='ltr'><strong>quod</strong></span> <span class='ocrx_word' id='word_1_138' title='bbox 2780 1650 3108 1718; x_wconf 89' lang='lat' dir='ltr'><strong>nusquam</strong></span> <span class='ocrx_word' id='word_1_139' title='bbox 3139 1649 3254 1717; x_wconf 91' lang='lat' dir='ltr'><strong>per</strong></span> <span class='ocrx_word' id='word_1_140' title='bbox 3281 1626 3624 1694; x_wconf 85' lang='lat' dir='ltr'><strong>essentiam</strong></span> <span class='ocrx_word' id='word_1_141' title='bbox 3650 1627 3759 1712; x_wconf 87' lang='lat' dir='ltr'><strong>sit,</strong></span> <span class='ocrx_word' id='word_1_142' title='bbox 3787 1627 3883 1694; x_wconf 84' lang='lat' dir='ltr'><strong>vel</strong></span> 
     </span>
     <span class='ocr_line' id='line_1_12' title="bbox 732 1739 3883 1835; baseline 0 -27"><span class='ocrx_word' id='word_1_143' title='bbox 732 1740 912 1831; x_wconf 89' lang='lat' dir='ltr'><strong>quod</strong></span> <span class='ocrx_word' id='word_1_144' title='bbox 940 1739 1188 1832; x_wconf 91' lang='lat' dir='ltr'><strong>ubique</strong></span> <span class='ocrx_word' id='word_1_145' title='bbox 1209 1794 1225 1826; x_wconf 92' lang='lat'><strong>,</strong></span> <span class='ocrx_word' id='word_1_146' title='bbox 1257 1743 1365 1811; x_wconf 88' lang='lat' dir='ltr'><strong>vel</strong></span> <span class='ocrx_word' id='word_1_147' title='bbox 1392 1742 1668 1828; x_wconf 86' lang='lat' dir='ltr'><strong>alicubi,</strong></span> <span class='ocrx_word' id='word_1_148' title='bbox 1699 1742 1794 1811; x_wconf 88' lang='lat' dir='ltr'><strong>ita</strong></span> <span class='ocrx_word' id='word_1_149' title='bbox 1821 1741 1999 1832; x_wconf 91' lang='lat' dir='ltr'><strong>quod</strong></span> <span class='ocrx_word' id='word_1_150' title='bbox 2027 1764 2161 1811; x_wconf 88' lang='lat' dir='ltr'><strong>non</strong></span> <span class='ocrx_word' id='word_1_151' title='bbox 2192 1743 2478 1835; x_wconf 76' lang='lat' dir='ltr'><strong>ubique‘l</strong></span> <span class='ocrx_word' id='word_1_152' title='bbox 2510 1743 2637 1812; x_wconf 86' lang='lat' dir='ltr'><strong>Sed</strong></span> <span class='ocrx_word' id='word_1_153' title='bbox 2666 1743 2817 1835; x_wconf 90' lang='lat' dir='ltr'><strong>quis</strong></span> <span class='ocrx_word' id='word_1_154' title='bbox 2855 1743 3092 1812; x_wconf 85' lang='lat' dir='ltr'><strong>audeat</strong></span> <span class='ocrx_word' id='word_1_155' title='bbox 3119 1743 3331 1810; x_wconf 79' lang='lat' dir='ltr'><strong>dicere</strong></span> <span class='ocrx_word' id='word_1_156' title='bbox 3368 1741 3545 1834; x_wconf 90' lang='lat' dir='ltr'><strong>quod</strong></span> <span class='ocrx_word' id='word_1_157' title='bbox 3573 1765 3883 1833; x_wconf 83' lang='lat' dir='ltr'><strong>nusquam</strong></span> 
     </span>
     <span class='ocr_line' id='line_1_13' title="bbox 731 1856 3892 1951; baseline 0 -26"><span class='ocrx_word' id='word_1_158' title='bbox 731 1856 957 1925; x_wconf 84' lang='lat' dir='ltr'><strong>divina</strong></span> <span class='ocrx_word' id='word_1_159' title='bbox 985 1858 1262 1926; x_wconf 85' lang='lat' dir='ltr'><strong>essentia</strong></span> <span class='ocrx_word' id='word_1_160' title='bbox 1289 1859 1398 1944; x_wconf 90' lang='lat' dir='ltr'><strong>sit,</strong></span> <span class='ocrx_word' id='word_1_161' title='bbox 1430 1859 1536 1927; x_wconf 89' lang='lat' dir='ltr'><strong>vel</strong></span> <span class='ocrx_word' id='word_1_162' title='bbox 1564 1859 1742 1950; x_wconf 89' lang='lat' dir='ltr'><strong>quod</strong></span> <span class='ocrx_word' id='word_1_163' title='bbox 1772 1858 2041 1944; x_wconf 90' lang='lat' dir='ltr'><strong>alicubi,</strong></span> <span class='ocrx_word' id='word_1_164' title='bbox 2072 1867 2137 1927; x_wconf 90' lang='lat' dir='ltr'><strong>et</strong></span> <span class='ocrx_word' id='word_1_165' title='bbox 2163 1881 2298 1928; x_wconf 90' lang='lat' dir='ltr'><strong>non</strong></span> <span class='ocrx_word' id='word_1_166' title='bbox 2325 1859 2572 1951; x_wconf 90' lang='lat' dir='ltr'><strong>ubique</strong></span> <span class='ocrx_word' id='word_1_167' title='bbox 2599 1860 2719 1927; x_wconf 78' lang='lat' dir='ltr'><strong>sit?</strong></span> <span class='ocrx_word' id='word_1_168' title='bbox 2752 1860 2823 1929; x_wconf 89' lang='lat' dir='ltr'><strong>Si</strong></span> <span class='ocrx_word' id='word_1_169' title='bbox 2852 1860 3027 1929; x_wconf 89' lang='lat' dir='ltr'><strong>enim</strong></span> <span class='ocrx_word' id='word_1_170' title='bbox 3057 1860 3149 1927; x_wconf 90' lang='lat' dir='ltr'><strong>ita</strong></span> <span class='ocrx_word' id='word_1_171' title='bbox 3175 1867 3270 1926; x_wconf 81' lang='lat' dir='ltr'><strong>est</strong></span> <span class='ocrx_word' id='word_1_172' title='bbox 3296 1858 3537 1926; x_wconf 91' lang='lat' dir='ltr'><strong>alicubi</strong></span> <span class='ocrx_word' id='word_1_173' title='bbox 3566 1858 3740 1949; x_wconf 91' lang='lat' dir='ltr'><strong>quod</strong></span> <span class='ocrx_word' id='word_1_174' title='bbox 3767 1881 3892 1926; x_wconf 67' lang='lat' dir='ltr'><strong>non&#39;</strong></span> 
     </span>
     <span class='ocr_line' id='line_1_14' title="bbox 731 1973 3884 2068; baseline 0 -27"><span class='ocrx_word' id='word_1_175' title='bbox 731 1973 980 2064; x_wconf 89' lang='lat' dir='ltr'><strong>ubique</strong></span> <span class='ocrx_word' id='word_1_176' title='bbox 997 2027 1014 2060; x_wconf 91' lang='lat'><strong>,</strong></span> <span class='ocrx_word' id='word_1_177' title='bbox 1046 1997 1202 2065; x_wconf 91' lang='lat' dir='ltr'><strong>ergo</strong></span> <span class='ocrx_word' id='word_1_178' title='bbox 1229 1974 1453 2043; x_wconf 87' lang='lat' dir='ltr'><strong>localis</strong></span> <span class='ocrx_word' id='word_1_179' title='bbox 1479 1983 1596 2043; x_wconf 88' lang='lat' dir='ltr'><strong>est.</strong></span> <span class='ocrx_word' id='word_1_180' title='bbox 1631 1975 1744 2043; x_wconf 91' lang='lat' dir='ltr'><strong>Est</strong></span> <span class='ocrx_word' id='word_1_181' title='bbox 1772 1997 1928 2063; x_wconf 89' lang='lat' dir='ltr'><strong>ergo</strong></span> <span class='ocrx_word' id='word_1_182' title='bbox 1959 1974 2209 2066; x_wconf 88' lang='lat' dir='ltr'><strong>ubique</strong></span> <span class='ocrx_word' id='word_1_183' title='bbox 2243 1982 2376 2044; x_wconf 90' lang='lat' dir='ltr'><strong>tota</strong></span> <span class='ocrx_word' id='word_1_184' title='bbox 2397 2030 2416 2064; x_wconf 90' lang='lat'><strong>,</strong></span> <span class='ocrx_word' id='word_1_185' title='bbox 2452 1998 2602 2068; x_wconf 83' lang='lat' dir='ltr'><strong>quae</strong></span> <span class='ocrx_word' id='word_1_186' title='bbox 2628 1976 2917 2060; x_wconf 89' lang='lat' dir='ltr'><strong>continet</strong></span> <span class='ocrx_word' id='word_1_187' title='bbox 2943 1984 3154 2044; x_wconf 89' lang='lat' dir='ltr'><strong>totum</strong></span> <span class='ocrx_word' id='word_1_188' title='bbox 3178 2027 3197 2061; x_wconf 89' lang='lat'><strong>,</strong></span> <span class='ocrx_word' id='word_1_189' title='bbox 3230 1983 3294 2043; x_wconf 92' lang='lat' dir='ltr'><strong>et</strong></span> <span class='ocrx_word' id='word_1_190' title='bbox 3322 1982 3613 2067; x_wconf 85' lang='lat' dir='ltr'><strong>penetrat</strong></span> <span class='ocrx_word' id='word_1_191' title='bbox 3643 1983 3843 2042; x_wconf 88' lang='lat' dir='ltr'><strong>totum</strong></span> <span class='ocrx_word' id='word_1_192' title='bbox 3867 2027 3884 2061; x_wconf 88' lang='lat'><strong>,</strong></span> 
     </span>
     <span class='ocr_line' id='line_1_15' title="bbox 731 2084 3891 2183; baseline 0 -25"><span class='ocrx_word' id='word_1_193' title='bbox 731 2112 879 2182; x_wconf 83' lang='lat' dir='ltr'><strong>quae</strong></span> <span class='ocrx_word' id='word_1_194' title='bbox 908 2113 1027 2160; x_wconf 88' lang='lat' dir='ltr'><strong>uec</strong></span> <span class='ocrx_word' id='word_1_195' title='bbox 1053 2114 1171 2182; x_wconf 88' lang='lat' dir='ltr'><strong>pro</strong></span> <span class='ocrx_word' id='word_1_196' title='bbox 1204 2092 1308 2159; x_wconf 91' lang='lat' dir='ltr'><strong>sui</strong></span> <span class='ocrx_word' id='word_1_197' title='bbox 1336 2092 1750 2183; x_wconf 82' lang='lat' dir='ltr'><strong>simplicitate</strong></span> <span class='ocrx_word' id='word_1_198' title='bbox 1777 2090 2020 2176; x_wconf 90' lang='lat' dir='ltr'><strong>dividi,</strong></span> <span class='ocrx_word' id='word_1_199' title='bbox 2053 2113 2173 2159; x_wconf 90' lang='lat' dir='ltr'><strong>nec</strong></span> <span class='ocrx_word' id='word_1_200' title='bbox 2201 2114 2318 2181; x_wconf 87' lang='lat' dir='ltr'><strong>pro</strong></span> <span class='ocrx_word' id='word_1_201' title='bbox 2347 2092 2452 2160; x_wconf 90' lang='lat' dir='ltr'><strong>sui</strong></span> <span class='ocrx_word' id='word_1_202' title='bbox 2479 2093 2760 2182; x_wconf 86' lang='lat' dir='ltr'><strong>puritate</strong></span> <span class='ocrx_word' id='word_1_203' title='bbox 2791 2092 3146 2177; x_wconf 84' lang='lat' dir='ltr'><strong>maculari,</strong></span> <span class='ocrx_word' id='word_1_204' title='bbox 3191 2113 3308 2158; x_wconf 90' lang='lat' dir='ltr'><strong>nec</strong></span> <span class='ocrx_word' id='word_1_205' title='bbox 3348 2113 3464 2182; x_wconf 88' lang='lat' dir='ltr'><strong>pro</strong></span> <span class='ocrx_word' id='word_1_206' title='bbox 3491 2090 3601 2158; x_wconf 91' lang='lat' dir='ltr'><strong>sui</strong></span> <span class='ocrx_word' id='word_1_207' title='bbox 3628 2084 3891 2158; x_wconf 63' lang='lat' dir='ltr'><strong>immenss</strong></span> 
     </span>
     <span class='ocr_line' id='line_1_16' title="bbox 732 2205 3894 2299; baseline -0 -24"><span class='ocrx_word' id='word_1_208' title='bbox 732 2207 920 2275; x_wconf 85' lang='lat' dir='ltr'><strong>sitate</strong></span> <span class='ocrx_word' id='word_1_209' title='bbox 947 2206 1088 2275; x_wconf 91' lang='lat' dir='ltr'><strong>ullo</strong></span> <span class='ocrx_word' id='word_1_210' title='bbox 1118 2216 1311 2276; x_wconf 87' lang='lat' dir='ltr'><strong>modo</strong></span> <span class='ocrx_word' id='word_1_211' title='bbox 1337 2207 1801 2299; x_wconf 83' lang='lat' dir='ltr'><strong>comprehendi</strong></span> <span class='ocrx_word' id='word_1_212' title='bbox 1833 2214 2058 2299; x_wconf 85' lang='lat' dir='ltr'><strong>potest.</strong></span> <span class='ocrx_word' id='word_1_213' title='bbox 2104 2205 2296 2276; x_wconf 92' lang='lat' dir='ltr'><strong>Unde</strong></span> <span class='ocrx_word' id='word_1_214' title='bbox 2339 2210 2756 2298; x_wconf 82' lang='lat' dir='ltr'><strong>Augustinus</strong></span> <span class='ocrx_word' id='word_1_215' title='bbox 2781 2225 2806 2260; x_wconf 69' lang='lat'>⁶</span> <span class='ocrx_word' id='word_1_216' title='bbox 2836 2233 2852 2276; x_wconf 75' lang='grc' dir='ltr'><strong><em>ε</em></strong></span> <span class='ocrx_word' id='word_1_217' title='bbox 2901 2234 2937 2274; x_wconf 73' lang='grc' dir='ltr'><strong>(ι</strong></span> <span class='ocrx_word' id='word_1_218' title='bbox 2960 2208 3137 2277; x_wconf 89' lang='lat' dir='ltr'><strong>Deus</strong></span> <span class='ocrx_word' id='word_1_219' title='bbox 3175 2207 3423 2299; x_wconf 88' lang='lat' dir='ltr'><strong>ubique</strong></span> <span class='ocrx_word' id='word_1_220' title='bbox 3451 2214 3588 2294; x_wconf 90' lang='lat' dir='ltr'><strong>est,</strong></span> <span class='ocrx_word' id='word_1_221' title='bbox 3626 2206 3731 2275; x_wconf 88' lang='lat' dir='ltr'><strong>cui</strong></span> <span class='ocrx_word' id='word_1_222' title='bbox 3769 2229 3894 2275; x_wconf 92' lang='lat' dir='ltr'><strong>non</strong></span> 
     </span>
     <span class='ocr_line' id='line_1_17' title="bbox 732 2322 2107 2416; baseline -0.003 -26"><span class='ocrx_word' id='word_1_223' title='bbox 732 2322 923 2408; x_wconf 64' lang='lat' dir='ltr'><strong>locis»,</strong></span> <span class='ocrx_word' id='word_1_224' title='bbox 954 2322 1066 2391; x_wconf 90' lang='lat' dir='ltr'><strong>sed</strong></span> <span class='ocrx_word' id='word_1_225' title='bbox 1095 2323 1459 2396; x_wconf 78' lang='lat' dir='ltr'><strong>actionibus</strong></span> <span class='ocrx_word' id='word_1_226' title='bbox 1494 2324 2034 2416; x_wconf 78' lang='lat' dir='ltr'><strong>propinquamus,</strong></span> <span class='ocrx_word' id='word_1_227' title='bbox 2074 2349 2107 2386; x_wconf 68' lang='grc' dir='ltr'><strong>ι)</strong></span> 
     </span>
    </p>

    <p class='ocr_par' dir='ltr' id='par_1_3' title="bbox 565 2438 3888 2531">
     <span class='ocr_line' id='line_1_18' title="bbox 565 2438 3888 2531; baseline 0.001 -26"><span class='ocrx_word' id='word_1_228' title='bbox 565 2452 690 2505; x_wconf 80' lang='lat' dir='ltr'><strong>Quod</strong></span> <span class='ocrx_word' id='word_1_229' title='bbox 821 2438 1121 2531; x_wconf 87' lang='lat' dir='ltr'><strong>Cumque</strong></span> <span class='ocrx_word' id='word_1_230' title='bbox 1149 2440 1376 2509; x_wconf 89' lang='lat' dir='ltr'><strong>divina</strong></span> <span class='ocrx_word' id='word_1_231' title='bbox 1404 2449 1638 2509; x_wconf 88' lang='lat' dir='ltr'><strong>natura</strong></span> <span class='ocrx_word' id='word_1_232' title='bbox 1667 2441 1983 2509; x_wconf 86' lang='lat' dir='ltr'><strong>veraciter</strong></span> <span class='ocrx_word' id='word_1_233' title='bbox 2008 2448 2074 2507; x_wconf 91' lang='lat' dir='ltr'><strong>et</strong></span> <span class='ocrx_word' id='word_1_234' title='bbox 2101 2439 2528 2509; x_wconf 87' lang='lat' dir='ltr'><strong>essentialiter</strong></span> <span class='ocrx_word' id='word_1_235' title='bbox 2555 2441 2639 2509; x_wconf 90' lang='lat' dir='ltr'><strong>sit</strong></span> <span class='ocrx_word' id='word_1_236' title='bbox 2678 2440 2748 2508; x_wconf 91' lang='lat' dir='ltr'><strong>in</strong></span> <span class='ocrx_word' id='word_1_237' title='bbox 2777 2441 2958 2509; x_wconf 91' lang='lat' dir='ltr'><strong>omni</strong></span> <span class='ocrx_word' id='word_1_238' title='bbox 2987 2440 3128 2508; x_wconf 91' lang='lat' dir='ltr'><strong>loco</strong></span> <span class='ocrx_word' id='word_1_239' title='bbox 3170 2447 3234 2507; x_wconf 90' lang='lat' dir='ltr'><strong>et</strong></span> <span class='ocrx_word' id='word_1_240' title='bbox 3268 2438 3338 2506; x_wconf 91' lang='lat' dir='ltr'><strong>in</strong></span> <span class='ocrx_word' id='word_1_241' title='bbox 3367 2440 3548 2507; x_wconf 91' lang='lat' dir='ltr'><strong>omni</strong></span> <span class='ocrx_word' id='word_1_242' title='bbox 3575 2446 3888 2531; x_wconf 82' lang='lat' dir='ltr'><strong>tempore3</strong></span> 
     </span>
    </p>
   </div>
   <div class='ocr_carea' id='block_1_3' title="bbox 542 2514 658 2558">
    <p class='ocr_par' dir='ltr' id='par_1_4' title="bbox 542 2514 658 2558">
     <span class='ocr_line' id='line_1_19' title="bbox 542 2514 658 2558; baseline 0.009 -1"><span class='ocrx_word' id='word_1_243' title='bbox 542 2514 658 2558; x_wconf 78' lang='lat' dir='ltr'><strong>Deus</strong></span> 
     </span>
    </p>
   </div>
   <div class='ocr_carea' id='block_1_4' title="bbox 491 2556 3897 2766">
    <p class='ocr_par' dir='ltr' id='par_1_5' title="bbox 491 2556 3897 2766">
     <span class='ocr_line' id='line_1_20' title="bbox 515 2556 3897 2651; baseline 0.001 -31"><span class='ocrx_word' id='word_1_244' title='bbox 515 2578 680 2651; x_wconf 47' lang='lat' dir='ltr'><strong>absque</strong></span> <span class='ocrx_word' id='word_1_245' title='bbox 733 2578 867 2623; x_wconf 90' lang='lat' dir='ltr'><strong>non</strong></span> <span class='ocrx_word' id='word_1_246' title='bbox 906 2564 1121 2626; x_wconf 87' lang='lat' dir='ltr'><strong>tamen</strong></span> <span class='ocrx_word' id='word_1_247' title='bbox 1152 2566 1454 2626; x_wconf 81' lang='lat' dir='ltr'><strong>movetur</strong></span> <span class='ocrx_word' id='word_1_248' title='bbox 1477 2581 1593 2649; x_wconf 89' lang='lat' dir='ltr'><strong>per</strong></span> <span class='ocrx_word' id='word_1_249' title='bbox 1621 2557 1761 2625; x_wconf 88' lang='lat' dir='ltr'><strong>loca</strong></span> <span class='ocrx_word' id='word_1_250' title='bbox 1782 2610 1800 2644; x_wconf 94' lang='lat'><strong>,</strong></span> <span class='ocrx_word' id='word_1_251' title='bbox 1832 2556 1938 2626; x_wconf 76' lang='lat' dir='ltr'><strong>vel</strong></span> <span class='ocrx_word' id='word_1_252' title='bbox 1970 2579 2085 2648; x_wconf 88' lang='lat' dir='ltr'><strong>per</strong></span> <span class='ocrx_word' id='word_1_253' title='bbox 2129 2566 2450 2648; x_wconf 89' lang='lat' dir='ltr'><strong>tempora,</strong></span> <span class='ocrx_word' id='word_1_254' title='bbox 2491 2580 2610 2626; x_wconf 89' lang='lat' dir='ltr'><strong>nec</strong></span> <span class='ocrx_word' id='word_1_255' title='bbox 2651 2558 2913 2644; x_wconf 75' lang='lat' dir='ltr'><strong>localiS,</strong></span> <span class='ocrx_word' id='word_1_256' title='bbox 2947 2581 3065 2625; x_wconf 91' lang='lat' dir='ltr'><strong>uec</strong></span> <span class='ocrx_word' id='word_1_257' title='bbox 3104 2557 3473 2648; x_wconf 83' lang='lat' dir='ltr'><strong>temporalis</strong></span> <span class='ocrx_word' id='word_1_258' title='bbox 3500 2564 3619 2625; x_wconf 85' lang='lat' dir='ltr'><strong>est.</strong></span> <span class='ocrx_word' id='word_1_259' title='bbox 3657 2556 3897 2624; x_wconf 86' lang='lat' dir='ltr'><strong>Localis</strong></span> 
     </span>
     <span class='ocr_line' id='line_1_21' title="bbox 491 2644 3895 2766; baseline -0.001 -21"><span class='ocrx_word' id='word_1_260' title='bbox 491 2644 701 2745; x_wconf 50' lang='lat' dir='ltr'><strong>mb&#39;miiim</strong></span> <span class='ocrx_word' id='word_1_261' title='bbox 731 2695 865 2740; x_wconf 90' lang='lat' dir='ltr'><strong>non</strong></span> <span class='ocrx_word' id='word_1_262' title='bbox 892 2682 1025 2759; x_wconf 86' lang='lat' dir='ltr'><strong>est,</strong></span> <span class='ocrx_word' id='word_1_263' title='bbox 1057 2674 1216 2765; x_wconf 91' lang='lat' dir='ltr'><strong>quia</strong></span> <span class='ocrx_word' id='word_1_264' title='bbox 1245 2675 1503 2764; x_wconf 89' lang='lat' dir='ltr'><strong>penitus</strong></span> <span class='ocrx_word' id='word_1_265' title='bbox 1531 2698 1662 2743; x_wconf 91' lang='lat' dir='ltr'><strong>non</strong></span> <span class='ocrx_word' id='word_1_266' title='bbox 1689 2673 2251 2743; x_wconf 85' lang='lat' dir='ltr'><strong>circumscribitur</strong></span> <span class='ocrx_word' id='word_1_267' title='bbox 2289 2675 2462 2760; x_wconf 90' lang='lat' dir='ltr'><strong>loco;</strong></span> <span class='ocrx_word' id='word_1_268' title='bbox 2497 2675 2656 2766; x_wconf 90' lang='lat' dir='ltr'><strong>quia</strong></span> <span class='ocrx_word' id='word_1_269' title='bbox 2689 2698 2807 2744; x_wconf 89' lang='lat' dir='ltr'><strong>nec</strong></span> <span class='ocrx_word' id='word_1_270' title='bbox 2832 2676 2925 2744; x_wconf 81' lang='lat' dir='ltr'><strong>ita</strong></span> <span class='ocrx_word' id='word_1_271' title='bbox 2950 2685 3046 2743; x_wconf 87' lang='lat' dir='ltr'><strong>est</strong></span> <span class='ocrx_word' id='word_1_272' title='bbox 3073 2675 3144 2742; x_wconf 93' lang='lat' dir='ltr'><strong>in</strong></span> <span class='ocrx_word' id='word_1_273' title='bbox 3180 2698 3315 2743; x_wconf 93' lang='lat' dir='ltr'><strong>uno</strong></span> <span class='ocrx_word' id='word_1_274' title='bbox 3342 2675 3486 2744; x_wconf 92' lang='lat' dir='ltr'><strong>loco</strong></span> <span class='ocrx_word' id='word_1_275' title='bbox 3510 2727 3527 2760; x_wconf 91' lang='lat'><strong>,</strong></span> <span class='ocrx_word' id='word_1_276' title='bbox 3565 2673 3744 2765; x_wconf 92' lang='lat' dir='ltr'><strong>quod</strong></span> <span class='ocrx_word' id='word_1_277' title='bbox 3773 2697 3895 2742; x_wconf 91' lang='lat' dir='ltr'><strong>non</strong></span> 
     </span>
    </p>
   </div>
   <div class='ocr_carea' id='block_1_5' title="bbox 489 2767 3897 2885">
    <p class='ocr_par' dir='ltr' id='par_1_6' title="bbox 489 2767 3897 2885">
     <span class='ocr_line' id='line_1_22' title="bbox 489 2767 3897 2885; baseline -0.001 -25"><span class='ocrx_word' id='word_1_278' title='bbox 489 2767 699 2870; x_wconf 51' lang='lat'><strong>‘3322’</strong></span> <span class='ocrx_word' id='word_1_279' title='bbox 729 2790 811 2858; x_wconf 87' lang='lat' dir='ltr'><strong>sit</strong></span> <span class='ocrx_word' id='word_1_280' title='bbox 839 2789 910 2858; x_wconf 91' lang='lat' dir='ltr'><strong>in</strong></span> <span class='ocrx_word' id='word_1_281' title='bbox 938 2791 1101 2879; x_wconf 90' lang='lat' dir='ltr'><strong>alio;</strong></span> <span class='ocrx_word' id='word_1_282' title='bbox 1142 2815 1356 2885; x_wconf 89' lang='lat' dir='ltr'><strong>neque</strong></span> <span class='ocrx_word' id='word_1_283' title='bbox 1401 2791 1875 2860; x_wconf 88' lang='lat' dir='ltr'><strong>dimensionem</strong></span> <span class='ocrx_word' id='word_1_284' title='bbox 1918 2790 2148 2878; x_wconf 90' lang='lat' dir='ltr'><strong>babet,</strong></span> <span class='ocrx_word' id='word_1_285' title='bbox 2194 2791 2360 2860; x_wconf 89' lang='lat' dir='ltr'><strong>sicut</strong></span> <span class='ocrx_word' id='word_1_286' title='bbox 2403 2814 2672 2883; x_wconf 81' lang='lat' dir='ltr'><strong>corpuS,</strong></span> <span class='ocrx_word' id='word_1_287' title='bbox 2721 2792 2828 2860; x_wconf 87' lang='lat' dir='ltr'><strong>cui</strong></span> <span class='ocrx_word' id='word_1_288' title='bbox 2872 2791 3233 2860; x_wconf 85' lang='lat' dir='ltr'><strong>secundum</strong></span> <span class='ocrx_word' id='word_1_289' title='bbox 3276 2791 3496 2859; x_wconf 90' lang='lat' dir='ltr'><strong>locum</strong></span> <span class='ocrx_word' id='word_1_290' title='bbox 3537 2790 3897 2878; x_wconf 88' lang='lat' dir='ltr'><strong>assignatur</strong></span> 
     </span>
    </p>
   </div>
   <div class='ocr_carea' id='block_1_6' title="bbox 487 2890 3899 3120">
    <p class='ocr_par' dir='ltr' id='par_1_7' title="bbox 487 2890 3899 3120">
     <span class='ocr_line' id='line_1_23' title="bbox 490 2890 3899 3008; baseline -0.001 -31"><span class='ocrx_word' id='word_1_291' title='bbox 490 2901 606 2995; x_wconf 51' lang='lat' dir='ltr'><strong>,¹2³1ssss</strong></span> <span class='ocrx_word' id='word_1_292' title='bbox 620 2890 699 3008; x_wconf 44' lang='lat'><strong>‘¹221’</strong></span> <span class='ocrx_word' id='word_1_293' title='bbox 730 2907 1165 3000; x_wconf 87' lang='lat' dir='ltr'><strong>principium,</strong></span> <span class='ocrx_word' id='word_1_294' title='bbox 1202 2907 1493 2977; x_wconf 91' lang='lat' dir='ltr'><strong>medium</strong></span> <span class='ocrx_word' id='word_1_295' title='bbox 1541 2917 1605 2976; x_wconf 89' lang='lat' dir='ltr'><strong>et</strong></span> <span class='ocrx_word' id='word_1_296' title='bbox 1647 2907 1834 2994; x_wconf 89' lang='lat' dir='ltr'><strong>finis,</strong></span> <span class='ocrx_word' id='word_1_297' title='bbox 1882 2915 1946 2976; x_wconf 90' lang='lat' dir='ltr'><strong>et</strong></span> <span class='ocrx_word' id='word_1_298' title='bbox 1978 2917 2129 2975; x_wconf 89' lang='lat' dir='ltr'><strong>ante</strong></span> <span class='ocrx_word' id='word_1_299' title='bbox 2157 2915 2221 2975; x_wconf 90' lang='lat' dir='ltr'><strong>et</strong></span> <span class='ocrx_word' id='word_1_300' title='bbox 2255 2916 2430 2976; x_wconf 86' lang='lat' dir='ltr'><strong>retro</strong></span> <span class='ocrx_word' id='word_1_301' title='bbox 2451 2960 2469 2994; x_wconf 92' lang='lat'>‚</span> <span class='ocrx_word' id='word_1_302' title='bbox 2500 2908 2806 2977; x_wconf 84' lang='lat' dir='ltr'><strong>dextrum</strong></span> <span class='ocrx_word' id='word_1_303' title='bbox 2835 2915 2899 2977; x_wconf 91' lang='lat' dir='ltr'><strong>et</strong></span> <span class='ocrx_word' id='word_1_304' title='bbox 2925 2908 3295 2995; x_wconf 87' lang='lat' dir='ltr'><strong>sinistrum,</strong></span> <span class='ocrx_word' id='word_1_305' title='bbox 3330 2929 3598 2975; x_wconf 89' lang='lat' dir='ltr'><strong>sursum</strong></span> <span class='ocrx_word' id='word_1_306' title='bbox 3628 2915 3693 2972; x_wconf 89' lang='lat' dir='ltr'><strong>et</strong></span> <span class='ocrx_word' id='word_1_307' title='bbox 3725 2906 3899 2974; x_wconf 88' lang='lat' dir='ltr'><strong>deor-</strong></span> 
     </span>
     <span class='ocr_line' id='line_1_24' title="bbox 487 3019 3898 3120; baseline -0.001 -28"><span class='ocrx_word' id='word_1_308' title='bbox 487 3019 698 3120; x_wconf 57' lang='lat' dir='ltr'><strong>n⁰2¹unf²{&#39;·</strong></span> <span class='ocrx_word' id='word_1_309' title='bbox 731 3045 912 3110; x_wconf 90' lang='lat' dir='ltr'><strong>sum,</strong></span> <span class='ocrx_word' id='word_1_310' title='bbox 943 3024 1122 3117; x_wconf 89' lang='lat' dir='ltr'><strong>quod</strong></span> <span class='ocrx_word' id='word_1_311' title='bbox 1149 3024 1254 3093; x_wconf 87' lang='lat' dir='ltr'><strong>sui</strong></span> <span class='ocrx_word' id='word_1_312' title='bbox 1281 3023 1774 3117; x_wconf 85' lang='lat' dir='ltr'><strong>interpositione</strong></span> <span class='ocrx_word' id='word_1_313' title='bbox 1806 3022 1960 3091; x_wconf 86' lang='lat' dir='ltr'><strong>facit</strong></span> <span class='ocrx_word' id='word_1_314' title='bbox 1987 3023 2363 3092; x_wconf 90' lang='lat' dir='ltr'><strong>distantiam</strong></span> <span class='ocrx_word' id='word_1_315' title='bbox 2393 3023 2978 3093; x_wconf 87' lang='lat' dir='ltr'><strong>circumstantium.</strong></span> <span class='ocrx_word' id='word_1_316' title='bbox 3010 3023 3284 3092; x_wconf 91' lang='lat' dir='ltr'><strong>Duobus</strong></span> <span class='ocrx_word' id='word_1_317' title='bbox 3319 3046 3609 3115; x_wconf 89' lang='lat' dir='ltr'><strong>namque</strong></span> <span class='ocrx_word' id='word_1_318' title='bbox 3638 3022 3742 3090; x_wconf 89' lang='lat' dir='ltr'><strong>his</strong></span> <span class='ocrx_word' id='word_1_319' title='bbox 3771 3044 3898 3090; x_wconf 90' lang='lat' dir='ltr'><strong>mo-</strong></span> 
     </span>
    </p>
   </div>
   <div class='ocr_carea' id='block_1_7' title="bbox 491 3130 3899 3234">
    <p class='ocr_par' dir='ltr' id='par_1_8' title="bbox 491 3130 3899 3234">
     <span class='ocr_line' id='line_1_25' title="bbox 491 3130 3899 3234; baseline 0 -29"><span class='ocrx_word' id='word_1_320' title='bbox 491 3140 706 3195; x_wconf 64' lang='lat' dir='ltr'><strong>⁸⁰⁶Pfib³·</strong></span> <span class='ocrx_word' id='word_1_321' title='bbox 731 3139 832 3207; x_wconf 87' lang='lat' dir='ltr'><strong>dis</strong></span> <span class='ocrx_word' id='word_1_322' title='bbox 857 3140 1099 3209; x_wconf 88' lang='lat' dir='ltr'><strong>dicitur</strong></span> <span class='ocrx_word' id='word_1_323' title='bbox 1124 3141 1195 3210; x_wconf 92' lang='lat' dir='ltr'><strong>in</strong></span> <span class='ocrx_word' id='word_1_324' title='bbox 1224 3141 1565 3234; x_wconf 85' lang='lat' dir='ltr'><strong>Scriptura</strong></span> <span class='ocrx_word' id='word_1_325' title='bbox 1624 3140 1877 3233; x_wconf 88' lang='lat' dir='ltr'><strong>aliquid</strong></span> <span class='ocrx_word' id='word_1_326' title='bbox 1917 3140 2125 3209; x_wconf 88' lang='lat' dir='ltr'><strong>locale</strong></span> <span class='ocrx_word' id='word_1_327' title='bbox 2145 3193 2162 3228; x_wconf 91' lang='lat'><strong><em>‚</em></strong></span> <span class='ocrx_word' id='word_1_328' title='bbox 2193 3142 2332 3209; x_wconf 91' lang='lat' dir='ltr'><strong>sive</strong></span> <span class='ocrx_word' id='word_1_329' title='bbox 2369 3142 2510 3210; x_wconf 91' lang='lat' dir='ltr'><strong>loco</strong></span> <span class='ocrx_word' id='word_1_330' title='bbox 2537 3141 3140 3233; x_wconf 85' lang='lat' dir='ltr'><strong>circumscriptibile</strong></span> <span class='ocrx_word' id='word_1_331' title='bbox 3163 3130 3278 3225; x_wconf 82' lang='lat' dir='ltr'><strong>,et</strong></span> <span class='ocrx_word' id='word_1_332' title='bbox 3320 3164 3355 3209; x_wconf 91' lang='lat' dir='ltr'><strong>e</strong></span> <span class='ocrx_word' id='word_1_333' title='bbox 3389 3163 3707 3209; x_wconf 88' lang='lat' dir='ltr'><strong>converso</strong></span> <span class='ocrx_word' id='word_1_334' title='bbox 3741 3164 3758 3207; x_wconf 73' lang='grc' dir='ltr'><strong><em>ε</em></strong></span> <span class='ocrx_word' id='word_1_335' title='bbox 3788 3140 3899 3206; x_wconf 90' lang='lat' dir='ltr'><strong>sci-</strong></span> 
     </span>
    </p>
   </div>
   <div class='ocr_carea' id='block_1_8' title="bbox 505 3201 689 3253">
    <p class='ocr_par' dir='ltr' id='par_1_9' title="bbox 505 3201 689 3253">
     <span class='ocr_line' id='line_1_26' title="bbox 505 3201 689 3253; baseline 0.011 -10"><span class='ocrx_word' id='word_1_336' title='bbox 505 3201 586 3253; x_wconf 74' lang='lat' dir='ltr'><strong>lis.</strong></span> <span class='ocrx_word' id='word_1_337' title='bbox 608 3215 689 3245; x_wconf 85' lang='lat' dir='ltr'><strong>nec</strong></span> 
     </span>
    </p>
   </div>
   <div class='ocr_carea' id='block_1_9' title="bbox 488 3256 3919 5213">
    <p class='ocr_par' dir='ltr' id='par_1_10' title="bbox 488 3256 3919 5213">
     <span class='ocr_line' id='line_1_27' title="bbox 491 3256 3899 3381; baseline 0 -58"><span class='ocrx_word' id='word_1_338' title='bbox 491 3263 703 3381; x_wconf 42' lang='grc' dir='ltr'>11ζῖρὲιέ</span> <span class='ocrx_word' id='word_1_339' title='bbox 731 3256 918 3343; x_wconf 90' lang='lat' dir='ltr'><strong>licet,</strong></span> <span class='ocrx_word' id='word_1_340' title='bbox 947 3257 1053 3326; x_wconf 86' lang='lat' dir='ltr'><strong>vel</strong></span> <span class='ocrx_word' id='word_1_341' title='bbox 1086 3257 1245 3350; x_wconf 89' lang='lat' dir='ltr'><strong>quia</strong></span> <span class='ocrx_word' id='word_1_342' title='bbox 1269 3257 1747 3327; x_wconf 90' lang='lat' dir='ltr'><strong>dimensionem</strong></span> <span class='ocrx_word' id='word_1_343' title='bbox 1787 3257 2052 3349; x_wconf 86' lang='lat' dir='ltr'><strong>capiens</strong></span> <span class='ocrx_word' id='word_1_344' title='bbox 2079 3258 2550 3346; x_wconf 79' lang='lat' dir='ltr'><strong>longitudinis,</strong></span> <span class='ocrx_word' id='word_1_345' title='bbox 2583 3257 2950 3326; x_wconf 89' lang='lat' dir='ltr'><strong>altitudinis</strong></span> <span class='ocrx_word' id='word_1_346' title='bbox 2983 3266 3045 3326; x_wconf 90' lang='lat' dir='ltr'><strong>et</strong></span> <span class='ocrx_word' id='word_1_347' title='bbox 3072 3258 3439 3326; x_wconf 85' lang='lat' dir='ltr'><strong>latitudinis</strong></span> <span class='ocrx_word' id='word_1_348' title='bbox 3461 3310 3479 3344; x_wconf 85' lang='lat'><strong>,</strong></span> <span class='ocrx_word' id='word_1_349' title='bbox 3519 3256 3899 3326; x_wconf 87' lang='lat' dir='ltr'><strong>distantiam</strong></span> 
     </span>
     <span class='ocr_line' id='line_1_28' title="bbox 488 3372 3901 3467; baseline 0 -28"><span class='ocrx_word' id='word_1_350' title='bbox 488 3392 701 3432; x_wconf 77' lang='lat' dir='ltr'><strong>movetur·</strong></span> <span class='ocrx_word' id='word_1_351' title='bbox 729 3372 882 3440; x_wconf 85' lang='lat' dir='ltr'><strong>facit</strong></span> <span class='ocrx_word' id='word_1_352' title='bbox 907 3373 977 3440; x_wconf 92' lang='lat' dir='ltr'><strong>in</strong></span> <span class='ocrx_word' id='word_1_353' title='bbox 1005 3372 1147 3442; x_wconf 90' lang='lat' dir='ltr'><strong>loco</strong></span> <span class='ocrx_word' id='word_1_354' title='bbox 1166 3426 1184 3459; x_wconf 93' lang='lat'><strong>,</strong></span> <span class='ocrx_word' id='word_1_355' title='bbox 1216 3382 1291 3442; x_wconf 87' lang='lat' dir='ltr'><strong>ut</strong></span> <span class='ocrx_word' id='word_1_356' title='bbox 1317 3397 1591 3466; x_wconf 86' lang='lat' dir='ltr'><strong>corpus;</strong></span> <span class='ocrx_word' id='word_1_357' title='bbox 1628 3374 1733 3443; x_wconf 87' lang='lat' dir='ltr'><strong>vel</strong></span> <span class='ocrx_word' id='word_1_358' title='bbox 1762 3374 1922 3465; x_wconf 89' lang='lat' dir='ltr'><strong>quia</strong></span> <span class='ocrx_word' id='word_1_359' title='bbox 1960 3372 2104 3441; x_wconf 82' lang='lat' dir='ltr'><strong>loco</strong></span> <span class='ocrx_word' id='word_1_360' title='bbox 2133 3374 2475 3459; x_wconf 85' lang='lat' dir='ltr'><strong>definitur,</strong></span> <span class='ocrx_word' id='word_1_361' title='bbox 2511 3397 2584 3442; x_wconf 91' lang='lat' dir='ltr'><strong>ac</strong></span> <span class='ocrx_word' id='word_1_362' title='bbox 2613 3373 3113 3460; x_wconf 80' lang='lat' dir='ltr'><strong>determinatur,</strong></span> <span class='ocrx_word' id='word_1_363' title='bbox 3147 3373 3460 3467; x_wconf 83' lang='lat' dir='ltr'><strong>quoniam</strong></span> <span class='ocrx_word' id='word_1_364' title='bbox 3487 3396 3643 3441; x_wconf 88' lang='lat' dir='ltr'><strong>cum</strong></span> <span class='ocrx_word' id='word_1_365' title='bbox 3679 3373 3763 3440; x_wconf 88' lang='lat' dir='ltr'><strong>sit</strong></span> <span class='ocrx_word' id='word_1_366' title='bbox 3787 3372 3901 3440; x_wconf 90' lang='lat' dir='ltr'><strong>ali-</strong></span> 
     </span>
     <span class='ocr_line' id='line_1_29' title="bbox 729 3488 3901 3583; baseline 0 -27"><span class='ocrx_word' id='word_1_367' title='bbox 729 3488 919 3575; x_wconf 85' lang='lat' dir='ltr'><strong>cubi,</strong></span> <span class='ocrx_word' id='word_1_368' title='bbox 950 3511 1084 3557; x_wconf 90' lang='lat' dir='ltr'><strong>non</strong></span> <span class='ocrx_word' id='word_1_369' title='bbox 1115 3490 1359 3583; x_wconf 87' lang='lat' dir='ltr'><strong>ubique</strong></span> <span class='ocrx_word' id='word_1_370' title='bbox 1387 3490 1727 3559; x_wconf 86' lang='lat' dir='ltr'><strong>invenitur</strong></span> <span class='ocrx_word' id='word_1_371' title='bbox 1757 3515 1773 3557; x_wconf 74' lang='grc' dir='ltr'>ε</span> <span class='ocrx_word' id='word_1_372' title='bbox 1812 3490 1992 3582; x_wconf 90' lang='lat' dir='ltr'><strong>quod</strong></span> <span class='ocrx_word' id='word_1_373' title='bbox 2036 3513 2171 3558; x_wconf 92' lang='lat' dir='ltr'><strong>non</strong></span> <span class='ocrx_word' id='word_1_374' title='bbox 2212 3491 2426 3559; x_wconf 90' lang='lat' dir='ltr'><strong>solum</strong></span> <span class='ocrx_word' id='word_1_375' title='bbox 2465 3490 2760 3583; x_wconf 88' lang='lat' dir='ltr'><strong>corpori,</strong></span> <span class='ocrx_word' id='word_1_376' title='bbox 2797 3491 2912 3559; x_wconf 91' lang='lat' dir='ltr'><strong>sed</strong></span> <span class='ocrx_word' id='word_1_377' title='bbox 2954 3490 3150 3559; x_wconf 88' lang='lat' dir='ltr'><strong>etiam</strong></span> <span class='ocrx_word' id='word_1_378' title='bbox 3188 3490 3370 3558; x_wconf 91' lang='lat' dir='ltr'><strong>omni</strong></span> <span class='ocrx_word' id='word_1_379' title='bbox 3399 3498 3615 3557; x_wconf 90' lang='lat' dir='ltr'><strong>creato</strong></span> <span class='ocrx_word' id='word_1_380' title='bbox 3647 3488 3901 3582; x_wconf 88' lang='lat' dir='ltr'><strong>spiritui</strong></span> 
     </span>
     <span class='ocr_line' id='line_1_30' title="bbox 729 3605 3903 3700; baseline -0.001 -23"><span class='ocrx_word' id='word_1_381' title='bbox 729 3609 1056 3699; x_wconf 86' lang='lat' dir='ltr'><strong>congruit.</strong></span> <span class='ocrx_word' id='word_1_382' title='bbox 1090 3606 1301 3677; x_wconf 89' lang='lat' dir='ltr'><strong>Omne</strong></span> <span class='ocrx_word' id='word_1_383' title='bbox 1329 3631 1483 3699; x_wconf 90' lang='lat' dir='ltr'><strong>ergo</strong></span> <span class='ocrx_word' id='word_1_384' title='bbox 1508 3631 1746 3700; x_wconf 88' lang='lat' dir='ltr'><strong>corpus</strong></span> <span class='ocrx_word' id='word_1_385' title='bbox 1770 3608 1952 3677; x_wconf 91' lang='lat' dir='ltr'><strong>omni</strong></span> <span class='ocrx_word' id='word_1_386' title='bbox 1992 3607 2187 3676; x_wconf 90' lang='lat' dir='ltr'><strong>modo</strong></span> <span class='ocrx_word' id='word_1_387' title='bbox 2226 3606 2431 3676; x_wconf 51' lang='lat' dir='ltr'><strong>locafe</strong></span> <span class='ocrx_word' id='word_1_388' title='bbox 2459 3615 2576 3675; x_wconf 91' lang='lat' dir='ltr'><strong>est.</strong></span> <span class='ocrx_word' id='word_1_389' title='bbox 2611 3607 2898 3698; x_wconf 84' lang='lat' dir='ltr'><strong>Spiritus</strong></span> <span class='ocrx_word' id='word_1_390' title='bbox 2925 3629 3079 3675; x_wconf 90' lang='lat' dir='ltr'><strong>vero</strong></span> <span class='ocrx_word' id='word_1_391' title='bbox 3106 3613 3361 3674; x_wconf 85' lang='lat' dir='ltr'><strong>creatus</strong></span> <span class='ocrx_word' id='word_1_392' title='bbox 3396 3605 3688 3698; x_wconf 90' lang='lat' dir='ltr'><strong>quodam</strong></span> <span class='ocrx_word' id='word_1_393' title='bbox 3719 3606 3903 3675; x_wconf 88' lang='lat' dir='ltr'><strong>modo</strong></span> 
     </span>
     <span class='ocr_line' id='line_1_31' title="bbox 731 3722 3904 3819; baseline -0.001 -26"><span class='ocrx_word' id='word_1_394' title='bbox 731 3734 826 3793; x_wconf 90' lang='lat' dir='ltr'><strong>est</strong></span> <span class='ocrx_word' id='word_1_395' title='bbox 865 3725 1118 3812; x_wconf 80' lang='lat' dir='ltr'><strong>localis,</strong></span> <span class='ocrx_word' id='word_1_396' title='bbox 1152 3735 1216 3795; x_wconf 91' lang='lat' dir='ltr'><strong>et</strong></span> <span class='ocrx_word' id='word_1_397' title='bbox 1242 3726 1529 3819; x_wconf 89' lang='lat' dir='ltr'><strong>quodam</strong></span> <span class='ocrx_word' id='word_1_398' title='bbox 1574 3725 1769 3795; x_wconf 91' lang='lat' dir='ltr'><strong>modo</strong></span> <span class='ocrx_word' id='word_1_399' title='bbox 1810 3747 1946 3794; x_wconf 91' lang='lat' dir='ltr'><strong>non</strong></span> <span class='ocrx_word' id='word_1_400' title='bbox 1987 3733 2083 3792; x_wconf 87' lang='lat' dir='ltr'><strong>est</strong></span> <span class='ocrx_word' id='word_1_401' title='bbox 2119 3723 2343 3792; x_wconf 89' lang='lat' dir='ltr'><strong>localis</strong></span> <span class='ocrx_word' id='word_1_402' title='bbox 2373 3749 2388 3791; x_wconf 90' lang='lat'>:</span> <span class='ocrx_word' id='word_1_403' title='bbox 2418 3722 2644 3791; x_wconf 90' lang='lat' dir='ltr'><strong>localis</strong></span> <span class='ocrx_word' id='word_1_404' title='bbox 2685 3723 2955 3816; x_wconf 84' lang='lat' dir='ltr'><strong>quidem</strong></span> <span class='ocrx_word' id='word_1_405' title='bbox 2996 3722 3264 3806; x_wconf 88' lang='lat' dir='ltr'><strong>dicitur,</strong></span> <span class='ocrx_word' id='word_1_406' title='bbox 3315 3722 3476 3813; x_wconf 89' lang='lat' dir='ltr'><strong>quia</strong></span> <span class='ocrx_word' id='word_1_407' title='bbox 3520 3722 3904 3791; x_wconf 85' lang='lat' dir='ltr'><strong>definitione</strong></span> 
     </span>
     <span class='ocr_line' id='line_1_32' title="bbox 728 3839 3906 3935; baseline -0.001 -26"><span class='ocrx_word' id='word_1_408' title='bbox 728 3841 853 3910; x_wconf 89' lang='lat' dir='ltr'><strong>loci</strong></span> <span class='ocrx_word' id='word_1_409' title='bbox 884 3843 1297 3926; x_wconf 89' lang='lat' dir='ltr'><strong>terminatur,</strong></span> <span class='ocrx_word' id='word_1_410' title='bbox 1321 3842 1636 3935; x_wconf 88' lang='lat' dir='ltr'><strong>quoniam</strong></span> <span class='ocrx_word' id='word_1_411' title='bbox 1664 3865 1817 3910; x_wconf 89' lang='lat' dir='ltr'><strong>cum</strong></span> <span class='ocrx_word' id='word_1_412' title='bbox 1845 3841 2089 3910; x_wconf 90' lang='lat' dir='ltr'><strong>alicubi</strong></span> <span class='ocrx_word' id='word_1_413' title='bbox 2119 3863 2405 3932; x_wconf 83' lang='lat' dir='ltr'><strong>praesens</strong></span> <span class='ocrx_word' id='word_1_414' title='bbox 2431 3840 2539 3924; x_wconf 92' lang='lat' dir='ltr'><strong>sit,</strong></span> <span class='ocrx_word' id='word_1_415' title='bbox 2569 3849 2745 3909; x_wconf 88' lang='lat' dir='ltr'><strong>totus</strong></span> <span class='ocrx_word' id='word_1_416' title='bbox 2771 3839 2930 3907; x_wconf 90' lang='lat' dir='ltr'><strong>alibi</strong></span> <span class='ocrx_word' id='word_1_417' title='bbox 2959 3862 3093 3907; x_wconf 89' lang='lat' dir='ltr'><strong>non</strong></span> <span class='ocrx_word' id='word_1_418' title='bbox 3123 3839 3498 3925; x_wconf 87' lang='lat' dir='ltr'><strong>invenitur;</strong></span> <span class='ocrx_word' id='word_1_419' title='bbox 3530 3861 3670 3908; x_wconf 90' lang='lat' dir='ltr'><strong>non</strong></span> <span class='ocrx_word' id='word_1_420' title='bbox 3693 3850 3906 3909; x_wconf 83' lang='lat' dir='ltr'><strong>autem</strong></span> 
     </span>
     <span class='ocr_line' id='line_1_33' title="bbox 728 3955 3911 4049; baseline -0.001 -24"><span class='ocrx_word' id='word_1_421' title='bbox 728 3957 822 4026; x_wconf 91' lang='lat' dir='ltr'><strong>ita</strong></span> <span class='ocrx_word' id='word_1_422' title='bbox 846 3957 1068 4026; x_wconf 85' lang='lat' dir='ltr'><strong>localis</strong></span> <span class='ocrx_word' id='word_1_423' title='bbox 1095 3970 1226 4045; x_wconf 89' lang='lat' dir='ltr'><strong>est,</strong></span> <span class='ocrx_word' id='word_1_424' title='bbox 1261 3968 1335 4027; x_wconf 89' lang='lat' dir='ltr'><strong>ut</strong></span> <span class='ocrx_word' id='word_1_425' title='bbox 1364 3959 1840 4028; x_wconf 88' lang='lat' dir='ltr'><strong>dimensionem</strong></span> <span class='ocrx_word' id='word_1_426' title='bbox 1884 3958 2150 4049; x_wconf 89' lang='lat' dir='ltr'><strong>capiens</strong></span> <span class='ocrx_word' id='word_1_427' title='bbox 2171 4010 2188 4041; x_wconf 94' lang='lat'><strong>,</strong></span> <span class='ocrx_word' id='word_1_428' title='bbox 2220 3957 2594 4025; x_wconf 78' lang='lat' dir='ltr'><strong>distantiam</strong></span> <span class='ocrx_word' id='word_1_429' title='bbox 2636 3956 2706 4023; x_wconf 93' lang='lat' dir='ltr'><strong>in</strong></span> <span class='ocrx_word' id='word_1_430' title='bbox 2733 3957 2875 4025; x_wconf 91' lang='lat' dir='ltr'><strong>loco</strong></span> <span class='ocrx_word' id='word_1_431' title='bbox 2912 3956 3127 4024; x_wconf 84' lang='lat' dir='ltr'><strong>faciat.</strong></span> <span class='ocrx_word' id='word_1_432' title='bbox 3177 3955 3418 4023; x_wconf 88' lang='lat' dir='ltr'><strong>Divina</strong></span> <span class='ocrx_word' id='word_1_433' title='bbox 3455 3978 3612 4044; x_wconf 85' lang='lat' dir='ltr'><strong>ergo</strong></span> <span class='ocrx_word' id='word_1_434' title='bbox 3651 3957 3791 4024; x_wconf 90' lang='lat' dir='ltr'><strong>sola</strong></span> <span class='ocrx_word' id='word_1_435' title='bbox 3821 3978 3911 4023; x_wconf 91' lang='lat' dir='ltr'><strong>es-</strong></span> 
     </span>
     <span class='ocr_line' id='line_1_34' title="bbox 730 4073 3910 4164; baseline -0 -23"><span class='ocrx_word' id='word_1_436' title='bbox 730 4074 937 4142; x_wconf 85' lang='lat' dir='ltr'><strong>sentia</strong></span> <span class='ocrx_word' id='word_1_437' title='bbox 972 4074 1244 4143; x_wconf 85' lang='lat' dir='ltr'><strong>omnino</strong></span> <span class='ocrx_word' id='word_1_438' title='bbox 1288 4074 1562 4143; x_wconf 87' lang='lat' dir='ltr'><strong>illocalis</strong></span> <span class='ocrx_word' id='word_1_439' title='bbox 1590 4085 1653 4142; x_wconf 90' lang='lat' dir='ltr'><strong>et</strong></span> <span class='ocrx_word' id='word_1_440' title='bbox 1681 4073 2380 4164; x_wconf 87' lang='lat' dir='ltr'><strong>incircumscriptibilis</strong></span> <span class='ocrx_word' id='word_1_441' title='bbox 2413 4080 2704 4164; x_wconf 80' lang='lat' dir='ltr'><strong>est,quae</strong></span> <span class='ocrx_word' id='word_1_442' title='bbox 2748 4073 3039 4141; x_wconf 88' lang='lat' dir='ltr'><strong>neclocis</strong></span> <span class='ocrx_word' id='word_1_443' title='bbox 3084 4082 3388 4141; x_wconf 83' lang='lat' dir='ltr'><strong>movetur</strong></span> <span class='ocrx_word' id='word_1_444' title='bbox 3427 4073 3656 4163; x_wconf 88' lang='lat' dir='ltr'><strong>aliquo</strong></span> <span class='ocrx_word' id='word_1_445' title='bbox 3697 4073 3910 4157; x_wconf 90' lang='lat' dir='ltr'><strong>mod0,</strong></span> 
     </span>
     <span class='ocr_line' id='line_1_35' title="bbox 729 4187 3917 4280; baseline -0.001 -23"><span class='ocrx_word' id='word_1_446' title='bbox 729 4190 1006 4275; x_wconf 88' lang='lat' dir='ltr'><strong>scilicet,</strong></span> <span class='ocrx_word' id='word_1_447' title='bbox 1068 4190 1176 4261; x_wconf 88' lang='lat' dir='ltr'><strong>vel</strong></span> <span class='ocrx_word' id='word_1_448' title='bbox 1233 4190 1775 4259; x_wconf 84' lang='lat' dir='ltr'><strong>determinatione</strong></span> <span class='ocrx_word' id='word_1_449' title='bbox 1832 4190 2021 4257; x_wconf 89' lang='lat' dir='ltr'><strong>finita</strong></span> <span class='ocrx_word' id='word_1_450' title='bbox 2040 4242 2057 4277; x_wconf 91' lang='lat'><strong><em>‚</em></strong></span> <span class='ocrx_word' id='word_1_451' title='bbox 2106 4190 2210 4257; x_wconf 88' lang='lat' dir='ltr'><strong>vel</strong></span> <span class='ocrx_word' id='word_1_452' title='bbox 2257 4189 2664 4257; x_wconf 85' lang='lat' dir='ltr'><strong>dimensione</strong></span> <span class='ocrx_word' id='word_1_453' title='bbox 2712 4197 3005 4280; x_wconf 89' lang='lat' dir='ltr'><strong>suscepta</strong></span> <span class='ocrx_word' id='word_1_454' title='bbox 3036 4241 3054 4274; x_wconf 93' lang='lat'><strong>,</strong></span> <span class='ocrx_word' id='word_1_455' title='bbox 3100 4211 3217 4256; x_wconf 87' lang='lat' dir='ltr'><strong>nec</strong></span> <span class='ocrx_word' id='word_1_456' title='bbox 3257 4187 3669 4279; x_wconf 86' lang='lat' dir='ltr'><strong>temporibus</strong></span> <span class='ocrx_word' id='word_1_457' title='bbox 3691 4241 3710 4275; x_wconf 90' lang='lat'><strong>,</strong></span> <span class='ocrx_word' id='word_1_458' title='bbox 3749 4188 3917 4257; x_wconf 89' lang='lat' dir='ltr'><strong>scili-</strong></span> 
     </span>
     <span class='ocr_line' id='line_1_36' title="bbox 728 4304 3916 4397; baseline -0.001 -22"><span class='ocrx_word' id='word_1_459' title='bbox 728 4317 829 4375; x_wconf 90' lang='lat' dir='ltr'><strong>cet</strong></span> <span class='ocrx_word' id='word_1_460' title='bbox 854 4306 1092 4375; x_wconf 80' lang='lat' dir='ltr'><strong>affectu</strong></span> <span class='ocrx_word' id='word_1_461' title='bbox 1117 4316 1181 4376; x_wconf 89' lang='lat' dir='ltr'><strong>et</strong></span> <span class='ocrx_word' id='word_1_462' title='bbox 1207 4309 1578 4397; x_wconf 84' lang='lat' dir='ltr'><strong>cognitione</strong></span> <span class='ocrx_word' id='word_1_463' title='bbox 1610 4316 1935 4378; x_wconf 88' lang='lat' dir='ltr'><strong>movetur.</strong></span> <span class='ocrx_word' id='word_1_464' title='bbox 1966 4308 2088 4374; x_wconf 89' lang='lat' dir='ltr'><strong>His</strong></span> <span class='ocrx_word' id='word_1_465' title='bbox 2116 4308 2291 4375; x_wconf 91' lang='lat' dir='ltr'><strong>enim</strong></span> <span class='ocrx_word' id='word_1_466' title='bbox 2321 4307 2582 4374; x_wconf 89' lang='lat' dir='ltr'><strong>duobus</strong></span> <span class='ocrx_word' id='word_1_467' title='bbox 2620 4306 2832 4374; x_wconf 86' lang='lat' dir='ltr'><strong>modis</strong></span> <span class='ocrx_word' id='word_1_468' title='bbox 2856 4358 2873 4391; x_wconf 92' lang='lat'><strong>,</strong></span> <span class='ocrx_word' id='word_1_469' title='bbox 2904 4305 3147 4372; x_wconf 79' lang='lat' dir='ltr'><strong>scilicet</strong></span> <span class='ocrx_word' id='word_1_470' title='bbox 3173 4305 3314 4372; x_wconf 92' lang='lat' dir='ltr'><strong>loco</strong></span> <span class='ocrx_word' id='word_1_471' title='bbox 3347 4305 3451 4371; x_wconf 89' lang='lat' dir='ltr'><strong>vel</strong></span> <span class='ocrx_word' id='word_1_472' title='bbox 3483 4311 3812 4396; x_wconf 85' lang='lat' dir='ltr'><strong>tempore,</strong></span> <span class='ocrx_word' id='word_1_473' title='bbox 3844 4304 3916 4371; x_wconf 88' lang='lat' dir='ltr'><strong>fit</strong></span> 
     </span>
     <span class='ocr_line' id='line_1_37' title="bbox 730 4421 3912 4517; baseline -0.001 -24"><span class='ocrx_word' id='word_1_474' title='bbox 730 4424 1006 4493; x_wconf 88' lang='lat' dir='ltr'><strong>mutatio</strong></span> <span class='ocrx_word' id='word_1_475' title='bbox 1033 4431 1348 4493; x_wconf 83' lang='lat' dir='ltr'><strong>creatnrae</strong></span> <span class='ocrx_word' id='word_1_476' title='bbox 1381 4450 1396 4492; x_wconf 72' lang='grc' dir='ltr'><strong>ε</strong></span> <span class='ocrx_word' id='word_1_477' title='bbox 1428 4448 1577 4517; x_wconf 82' lang='lat' dir='ltr'><strong>quae</strong></span> <span class='ocrx_word' id='word_1_478' title='bbox 1606 4425 1798 4515; x_wconf 87' lang='lat' dir='ltr'><strong>louge</strong></span> <span class='ocrx_word' id='word_1_479' title='bbox 1827 4434 1922 4493; x_wconf 91' lang='lat' dir='ltr'><strong>est</strong></span> <span class='ocrx_word' id='word_1_480' title='bbox 1951 4448 1990 4492; x_wconf 89' lang='lat' dir='ltr'><strong>a</strong></span> <span class='ocrx_word' id='word_1_481' title='bbox 2015 4425 2341 4493; x_wconf 88' lang='lat' dir='ltr'><strong>Creatore.</strong></span> <span class='ocrx_word' id='word_1_482' title='bbox 2375 4423 2565 4490; x_wconf 91' lang='lat' dir='ltr'><strong>Unde</strong></span> <span class='ocrx_word' id='word_1_483' title='bbox 2591 4424 3003 4513; x_wconf 84' lang='lat' dir='ltr'><strong>Augustinus</strong></span> <span class='ocrx_word' id='word_1_484' title='bbox 3021 4445 3213 4513; x_wconf 82' lang='lat' dir='ltr'><strong>super</strong></span> <span class='ocrx_word' id='word_1_485' title='bbox 3236 4421 3544 4490; x_wconf 81' lang='lat' dir='ltr'><strong>Genesim</strong></span> <span class='ocrx_word' id='word_1_486' title='bbox 3565 4434 3628 4487; x_wconf 81' lang='lat'><strong>⁸:</strong></span> <span class='ocrx_word' id='word_1_487' title='bbox 3663 4450 3699 4487; x_wconf 66' lang='grc' dir='ltr'><strong>ιι</strong></span> <span class='ocrx_word' id='word_1_488' title='bbox 3722 4422 3912 4507; x_wconf 81' lang='lat' dir='ltr'><strong>Deus,</strong></span> 
     </span>
     <span class='ocr_line' id='line_1_38' title="bbox 729 4537 3917 4632; baseline -0.001 -24"><span class='ocrx_word' id='word_1_489' title='bbox 729 4539 982 4632; x_wconf 88' lang='lat' dir='ltr'><strong>inquit,</strong></span> <span class='ocrx_word' id='word_1_490' title='bbox 1015 4541 1427 4632; x_wconf 89' lang='lat' dir='ltr'><strong>omnipotens</strong></span> <span class='ocrx_word' id='word_1_491' title='bbox 1454 4541 1981 4610; x_wconf 86' lang='lat' dir='ltr'><strong>incommutabili</strong></span> <span class='ocrx_word' id='word_1_492' title='bbox 2007 4540 2403 4625; x_wconf 84' lang='lat' dir='ltr'><strong>aeternitate,</strong></span> <span class='ocrx_word' id='word_1_493' title='bbox 2441 4540 2803 4625; x_wconf 87' lang='lat' dir='ltr'><strong>voluntate,</strong></span> <span class='ocrx_word' id='word_1_494' title='bbox 2836 4539 3106 4608; x_wconf 83' lang='lat' dir='ltr'><strong>veritate</strong></span> <span class='ocrx_word' id='word_1_495' title='bbox 3127 4590 3144 4623; x_wconf 93' lang='lat'><strong>,</strong></span> <span class='ocrx_word' id='word_1_496' title='bbox 3177 4559 3432 4629; x_wconf 88' lang='lat' dir='ltr'><strong>semper</strong></span> <span class='ocrx_word' id='word_1_497' title='bbox 3460 4537 3670 4624; x_wconf 89' lang='lat' dir='ltr'><strong>idem,</strong></span> <span class='ocrx_word' id='word_1_498' title='bbox 3700 4546 3917 4608; x_wconf 83' lang='lat' dir='ltr'><strong>movet</strong></span> 
     </span>
     <span class='ocr_line' id='line_1_39' title="bbox 728 4656 3918 4750; baseline -0 -25"><span class='ocrx_word' id='word_1_499' title='bbox 728 4680 846 4750; x_wconf 87' lang='lat' dir='ltr'><strong>per</strong></span> <span class='ocrx_word' id='word_1_500' title='bbox 875 4666 1130 4750; x_wconf 89' lang='lat' dir='ltr'><strong>tempus</strong></span> <span class='ocrx_word' id='word_1_501' title='bbox 1155 4665 1520 4725; x_wconf 84' lang='lat' dir='ltr'><strong>creaturam</strong></span> <span class='ocrx_word' id='word_1_502' title='bbox 1548 4657 1960 4749; x_wconf 85' lang='lat' dir='ltr'><strong>spiritualem</strong></span> <span class='ocrx_word' id='word_1_503' title='bbox 1995 4682 2010 4725; x_wconf 74' lang='grc' dir='ltr'>ε</span> <span class='ocrx_word' id='word_1_504' title='bbox 2049 4666 2267 4725; x_wconf 91' lang='lat' dir='ltr'><strong>movet</strong></span> <span class='ocrx_word' id='word_1_505' title='bbox 2291 4656 2489 4724; x_wconf 88' lang='lat' dir='ltr'><strong>etiam</strong></span> <span class='ocrx_word' id='word_1_506' title='bbox 2520 4679 2636 4747; x_wconf 88' lang='lat' dir='ltr'><strong>per</strong></span> <span class='ocrx_word' id='word_1_507' title='bbox 2663 4664 2921 4746; x_wconf 88' lang='lat' dir='ltr'><strong>tempus</strong></span> <span class='ocrx_word' id='word_1_508' title='bbox 2957 4664 3022 4722; x_wconf 90' lang='lat' dir='ltr'><strong>et</strong></span> <span class='ocrx_word' id='word_1_509' title='bbox 3049 4656 3268 4723; x_wconf 86' lang='lat' dir='ltr'><strong>locum</strong></span> <span class='ocrx_word' id='word_1_510' title='bbox 3295 4662 3667 4723; x_wconf 86' lang='lat' dir='ltr'><strong>creaturam</strong></span> <span class='ocrx_word' id='word_1_511' title='bbox 3695 4677 3918 4747; x_wconf 89' lang='lat' dir='ltr'><strong>corpo-</strong></span> 
     </span>
     <span class='ocr_line' id='line_1_40' title="bbox 725 4770 3918 4865; baseline -0 -23"><span class='ocrx_word' id='word_1_512' title='bbox 725 4774 934 4842; x_wconf 84' lang='lat' dir='ltr'><strong>ralem</strong></span> <span class='ocrx_word' id='word_1_513' title='bbox 951 4824 970 4860; x_wconf 89' lang='lat'><strong>,</strong></span> <span class='ocrx_word' id='word_1_514' title='bbox 1003 4781 1180 4842; x_wconf 89' lang='lat' dir='ltr'><strong>uteo</strong></span> <span class='ocrx_word' id='word_1_515' title='bbox 1210 4781 1392 4841; x_wconf 88' lang='lat' dir='ltr'><strong>motu</strong></span> <span class='ocrx_word' id='word_1_516' title='bbox 1422 4781 1691 4841; x_wconf 82' lang='lat' dir='ltr'><strong>naturas</strong></span> <span class='ocrx_word' id='word_1_517' title='bbox 1718 4797 1883 4865; x_wconf 85' lang='lat' dir='ltr'><strong>quas</strong></span> <span class='ocrx_word' id='word_1_518' title='bbox 1912 4772 2203 4841; x_wconf 89' lang='lat' dir='ltr'><strong>condidit</strong></span> <span class='ocrx_word' id='word_1_519' title='bbox 2230 4771 2661 4841; x_wconf 86' lang='lat' dir='ltr'><strong>administret.</strong></span> <span class='ocrx_word' id='word_1_520' title='bbox 2693 4770 2860 4840; x_wconf 88' lang='lat' dir='ltr'><strong>Cum</strong></span> <span class='ocrx_word' id='word_1_521' title='bbox 2889 4792 3045 4860; x_wconf 88' lang='lat' dir='ltr'><strong>ergo</strong></span> <span class='ocrx_word' id='word_1_522' title='bbox 3090 4771 3218 4838; x_wconf 90' lang='lat' dir='ltr'><strong>tale</strong></span> <span class='ocrx_word' id='word_1_523' title='bbox 3258 4771 3512 4861; x_wconf 91' lang='lat' dir='ltr'><strong>aliquid</strong></span> <span class='ocrx_word' id='word_1_524' title='bbox 3558 4772 3739 4859; x_wconf 89' lang='lat' dir='ltr'><strong>agit,</strong></span> <span class='ocrx_word' id='word_1_525' title='bbox 3787 4795 3918 4841; x_wconf 90' lang='lat' dir='ltr'><strong>non</strong></span> 
     </span>
     <span class='ocr_line' id='line_1_41' title="bbox 729 4887 3919 4982; baseline -0.001 -22"><span class='ocrx_word' id='word_1_526' title='bbox 729 4890 1045 4960; x_wconf 88' lang='lat' dir='ltr'><strong>debemus</strong></span> <span class='ocrx_word' id='word_1_527' title='bbox 1071 4889 1328 4980; x_wconf 87' lang='lat' dir='ltr'><strong>opinari</strong></span> <span class='ocrx_word' id='word_1_528' title='bbox 1358 4891 1414 4980; x_wconf 87' lang='lat' dir='ltr'><strong>ej</strong></span> <span class='ocrx_word' id='word_1_529' title='bbox 1427 4912 1500 4958; x_wconf 91' lang='lat' dir='ltr'><strong>us</strong></span> <span class='ocrx_word' id='word_1_530' title='bbox 1526 4888 1962 4958; x_wconf 80' lang='lat' dir='ltr'><strong>substantiam</strong></span> <span class='ocrx_word' id='word_1_531' title='bbox 1989 4941 2007 4976; x_wconf 91' lang='lat'><strong>,</strong></span> <span class='ocrx_word' id='word_1_532' title='bbox 2040 4913 2176 4982; x_wconf 89' lang='lat' dir='ltr'><strong>qua</strong></span> <span class='ocrx_word' id='word_1_533' title='bbox 2205 4889 2380 4957; x_wconf 91' lang='lat' dir='ltr'><strong>Deus</strong></span> <span class='ocrx_word' id='word_1_534' title='bbox 2409 4897 2504 4957; x_wconf 90' lang='lat' dir='ltr'><strong>est</strong></span> <span class='ocrx_word' id='word_1_535' title='bbox 2525 4940 2543 4973; x_wconf 90' lang='lat'><strong>,</strong></span> <span class='ocrx_word' id='word_1_536' title='bbox 2574 4888 2980 4979; x_wconf 86' lang='lat' dir='ltr'><strong>temporibus</strong></span> <span class='ocrx_word' id='word_1_537' title='bbox 3007 4887 3299 4979; x_wconf 87' lang='lat' dir='ltr'><strong>locisque</strong></span> <span class='ocrx_word' id='word_1_538' title='bbox 3329 4888 3748 4975; x_wconf 81' lang='lat' dir='ltr'><strong>mutabilem,</strong></span> <span class='ocrx_word' id='word_1_539' title='bbox 3787 4890 3919 4959; x_wconf 81' lang='lat' dir='ltr'><strong>sive</strong></span> 
     </span>
     <span class='ocr_line' id='line_1_42' title="bbox 730 5003 3913 5100; baseline -0.001 -25"><span class='ocrx_word' id='word_1_540' title='bbox 730 5029 846 5100; x_wconf 87' lang='lat' dir='ltr'><strong>per</strong></span> <span class='ocrx_word' id='word_1_541' title='bbox 872 5017 1165 5098; x_wconf 88' lang='lat' dir='ltr'><strong>tempora</strong></span> <span class='ocrx_word' id='word_1_542' title='bbox 1191 5014 1253 5074; x_wconf 91' lang='lat' dir='ltr'><strong>et</strong></span> <span class='ocrx_word' id='word_1_543' title='bbox 1280 5005 1423 5074; x_wconf 87' lang='lat' dir='ltr'><strong>loca</strong></span> <span class='ocrx_word' id='word_1_544' title='bbox 1453 5005 1795 5091; x_wconf 87' lang='lat' dir='ltr'><strong>mobilem,</strong></span> <span class='ocrx_word' id='word_1_545' title='bbox 1826 5028 1977 5074; x_wconf 90' lang='lat' dir='ltr'><strong>cum</strong></span> <span class='ocrx_word' id='word_1_546' title='bbox 2007 5007 2090 5074; x_wconf 89' lang='lat' dir='ltr'><strong>sit</strong></span> <span class='ocrx_word' id='word_1_547' title='bbox 2119 5006 2256 5098; x_wconf 87' lang='lat' dir='ltr'><strong>ipse</strong></span> <span class='ocrx_word' id='word_1_548' title='bbox 2283 5013 2347 5074; x_wconf 91' lang='lat' dir='ltr'><strong>et</strong></span> <span class='ocrx_word' id='word_1_549' title='bbox 2373 5004 2646 5073; x_wconf 88' lang='lat' dir='ltr'><strong>interior</strong></span> <span class='ocrx_word' id='word_1_550' title='bbox 2675 5005 2856 5073; x_wconf 90' lang='lat' dir='ltr'><strong>omni</strong></span> <span class='ocrx_word' id='word_1_551' title='bbox 2883 5027 2977 5089; x_wconf 93' lang='lat' dir='ltr'><strong>re,</strong></span> <span class='ocrx_word' id='word_1_552' title='bbox 3009 5004 3169 5095; x_wconf 89' lang='lat' dir='ltr'><strong>quia</strong></span> <span class='ocrx_word' id='word_1_553' title='bbox 3195 5003 3266 5070; x_wconf 90' lang='lat' dir='ltr'><strong>in</strong></span> <span class='ocrx_word' id='word_1_554' title='bbox 3295 5003 3433 5093; x_wconf 92' lang='lat' dir='ltr'><strong>ipso</strong></span> <span class='ocrx_word' id='word_1_555' title='bbox 3463 5013 3618 5071; x_wconf 89' lang='lat' dir='ltr'><strong>sunt</strong></span> <span class='ocrx_word' id='word_1_556' title='bbox 3647 5006 3913 5093; x_wconf 87' lang='lat' dir='ltr'><strong>omnia;</strong></span> 
     </span>
     <span class='ocr_line' id='line_1_43' title="bbox 732 5119 3917 5213; baseline 0 -22"><span class='ocrx_word' id='word_1_557' title='bbox 732 5131 796 5191; x_wconf 89' lang='lat' dir='ltr'><strong>et</strong></span> <span class='ocrx_word' id='word_1_558' title='bbox 820 5123 1103 5191; x_wconf 83' lang='lat' dir='ltr'><strong>exterior</strong></span> <span class='ocrx_word' id='word_1_559' title='bbox 1128 5122 1310 5191; x_wconf 91' lang='lat' dir='ltr'><strong>omni</strong></span> <span class='ocrx_word' id='word_1_560' title='bbox 1335 5144 1436 5207; x_wconf 87' lang='lat' dir='ltr'><strong>re,</strong></span> <span class='ocrx_word' id='word_1_561' title='bbox 1469 5122 1628 5212; x_wconf 89' lang='lat' dir='ltr'><strong>quia</strong></span> <span class='ocrx_word' id='word_1_562' title='bbox 1653 5122 1790 5213; x_wconf 87' lang='lat' dir='ltr'><strong>ipse</strong></span> <span class='ocrx_word' id='word_1_563' title='bbox 1815 5129 1913 5190; x_wconf 90' lang='lat' dir='ltr'><strong>est</strong></span> <span class='ocrx_word' id='word_1_564' title='bbox 1939 5145 2137 5213; x_wconf 88' lang='lat' dir='ltr'><strong>super</strong></span> <span class='ocrx_word' id='word_1_565' title='bbox 2165 5121 2389 5191; x_wconf 87' lang='lat' dir='ltr'><strong>omnia</strong></span> <span class='ocrx_word' id='word_1_566' title='bbox 2412 5146 2430 5207; x_wconf 91' lang='lat'>;</span> <span class='ocrx_word' id='word_1_567' title='bbox 2462 5130 2526 5188; x_wconf 91' lang='lat' dir='ltr'><strong>et</strong></span> <span class='ocrx_word' id='word_1_568' title='bbox 2551 5120 2887 5212; x_wconf 84' lang='lat' dir='ltr'><strong>antiquior</strong></span> <span class='ocrx_word' id='word_1_569' title='bbox 2913 5120 3224 5189; x_wconf 87' lang='lat' dir='ltr'><strong>omnihus</strong></span> <span class='ocrx_word' id='word_1_570' title='bbox 3241 5170 3260 5205; x_wconf 93' lang='lat'><strong>,</strong></span> <span class='ocrx_word' id='word_1_571' title='bbox 3292 5119 3451 5210; x_wconf 90' lang='lat' dir='ltr'><strong>quia</strong></span> <span class='ocrx_word' id='word_1_572' title='bbox 3475 5120 3611 5211; x_wconf 85' lang='lat' dir='ltr'><strong>ipse</strong></span> <span class='ocrx_word' id='word_1_573' title='bbox 3639 5131 3736 5192; x_wconf 84' lang='lat' dir='ltr'><strong>est</strong></span> <span class='ocrx_word' id='word_1_574' title='bbox 3765 5130 3917 5191; x_wconf 82' lang='lat' dir='ltr'><strong>ante</strong></span> 
     </span>
    </p>
   </div>
   <div class='ocr_carea' id='block_1_10' title="bbox 730 5254 3916 5401">
    <p class='ocr_par' dir='ltr' id='par_1_11' title="bbox 730 5254 3916 5401">
     <span class='ocr_line' id='line_1_44' title="bbox 798 5254 3916 5321; baseline 0.001 -15"><span class='ocrx_word' id='word_1_575' title='bbox 798 5257 994 5307; x_wconf 85' lang='lat' dir='ltr'><strong>¹1dem.</strong></span> <span class='ocrx_word' id='word_1_576' title='bbox 1022 5256 1178 5307; x_wconf 87' lang='lat' dir='ltr'><strong>habet</strong></span> <span class='ocrx_word' id='word_1_577' title='bbox 1194 5262 1355 5321; x_wconf 61' lang='lat' dir='ltr'><strong>Aug„</strong></span> <span class='ocrx_word' id='word_1_578' title='bbox 1382 5255 1442 5305; x_wconf 83' lang='lat' dir='ltr'><strong>de</strong></span> <span class='ocrx_word' id='word_1_579' title='bbox 1461 5255 1631 5320; x_wconf 75' lang='lat' dir='ltr'><strong>Aqone</strong></span> <span class='ocrx_word' id='word_1_580' title='bbox 1653 5255 1875 5317; x_wconf 61' lang='lat' dir='ltr'><strong>Christ„</strong></span> <span class='ocrx_word' id='word_1_581' title='bbox 1903 5270 1948 5307; x_wconf 90' lang='lat' dir='ltr'><strong>c.</strong></span> <span class='ocrx_word' id='word_1_582' title='bbox 1970 5268 2122 5320; x_wconf 79' lang='lat' dir='ltr'><strong>xv111,</strong></span> <span class='ocrx_word' id='word_1_583' title='bbox 2150 5270 2205 5306; x_wconf 89' lang='lat' dir='ltr'><strong>n.</strong></span> <span class='ocrx_word' id='word_1_584' title='bbox 2222 5260 2369 5307; x_wconf 76' lang='lat'><strong>2⁰.—</strong></span> <span class='ocrx_word' id='word_1_585' title='bbox 2391 5257 2413 5289; x_wconf 82' lang='lat'>²</span> <span class='ocrx_word' id='word_1_586' title='bbox 2433 5257 2585 5320; x_wconf 68' lang='lat' dir='ltr'><strong>Aug„</strong></span> <span class='ocrx_word' id='word_1_587' title='bbox 2609 5254 2670 5305; x_wconf 84' lang='lat' dir='ltr'><strong>de</strong></span> <span class='ocrx_word' id='word_1_588' title='bbox 2695 5256 2818 5306; x_wconf 81' lang='lat' dir='ltr'><strong>Nat.</strong></span> <span class='ocrx_word' id='word_1_589' title='bbox 2840 5254 2981 5315; x_wconf 79' lang='lat' dir='ltr'><strong>boni,</strong></span> <span class='ocrx_word' id='word_1_590' title='bbox 3009 5270 3056 5305; x_wconf 87' lang='lat' dir='ltr'><strong>c.</strong></span> <span class='ocrx_word' id='word_1_591' title='bbox 3079 5265 3290 5304; x_wconf 82' lang='lat' dir='ltr'><strong>xxlx.--</strong></span> <span class='ocrx_word' id='word_1_592' title='bbox 3307 5255 3328 5288; x_wconf 80' lang='lat'><strong>³</strong></span> <span class='ocrx_word' id='word_1_593' title='bbox 3348 5254 3490 5317; x_wconf 67' lang='lat' dir='ltr'><strong>Sap„</strong></span> <span class='ocrx_word' id='word_1_594' title='bbox 3519 5266 3623 5318; x_wconf 83' lang='lat' dir='ltr'><strong>vn,</strong></span> <span class='ocrx_word' id='word_1_595' title='bbox 3646 5259 3732 5314; x_wconf 73' lang='lat'><strong>24,</strong></span> <span class='ocrx_word' id='word_1_596' title='bbox 3755 5261 3835 5309; x_wconf 81' lang='lat'><strong>25.</strong></span> <span class='ocrx_word' id='word_1_597' title='bbox 3856 5282 3916 5294; x_wconf 92' lang='lat'>—</span> 
     </span>
     <span class='ocr_line' id='line_1_45' title="bbox 730 5324 3915 5401; baseline -0 -23"><span class='ocrx_word' id='word_1_598' title='bbox 730 5327 755 5362; x_wconf 69' lang='lat'><strong>⁶</strong></span> <span class='ocrx_word' id='word_1_599' title='bbox 774 5330 926 5394; x_wconf 65' lang='lat' dir='ltr'><strong>Aug„</strong></span> <span class='ocrx_word' id='word_1_600' title='bbox 952 5328 1010 5378; x_wconf 76' lang='lat' dir='ltr'><strong>dc</strong></span> <span class='ocrx_word' id='word_1_601' title='bbox 1042 5330 1210 5378; x_wconf 78' lang='lat' dir='ltr'><strong>Doctr.</strong></span> <span class='ocrx_word' id='word_1_602' title='bbox 1228 5327 1429 5388; x_wconf 69' lang='lat' dir='ltr'><strong>christ„</strong></span> <span class='ocrx_word' id='word_1_603' title='bbox 1454 5326 1542 5377; x_wconf 82' lang='lat' dir='ltr'><strong>lib.</strong></span> <span class='ocrx_word' id='word_1_604' title='bbox 1568 5328 1621 5390; x_wconf 81' lang='grc' dir='ltr'><strong>Ι,</strong></span> <span class='ocrx_word' id='word_1_605' title='bbox 1644 5342 1696 5401; x_wconf 63' lang='lat' dir='ltr'><strong>c.</strong></span> <span class='ocrx_word' id='word_1_606' title='bbox 1718 5339 1771 5393; x_wconf 78' lang='lat' dir='ltr'><strong>x,</strong></span> <span class='ocrx_word' id='word_1_607' title='bbox 1799 5341 1854 5377; x_wconf 89' lang='lat' dir='ltr'><strong>u.</strong></span> <span class='ocrx_word' id='word_1_608' title='bbox 1878 5332 1956 5392; x_wconf 86' lang='lat'><strong>10,</strong></span> <span class='ocrx_word' id='word_1_609' title='bbox 1985 5329 2158 5392; x_wconf 87' lang='lat' dir='ltr'><strong>quoad</strong></span> <span class='ocrx_word' id='word_1_610' title='bbox 2182 5342 2477 5380; x_wconf 87' lang='lat' dir='ltr'><strong>sensum.—-</strong></span> <span class='ocrx_word' id='word_1_611' title='bbox 2504 5328 2693 5393; x_wconf 80' lang='lat' dir='ltr'><strong>⁸Aug.,</strong></span> <span class='ocrx_word' id='word_1_612' title='bbox 2720 5327 2778 5377; x_wconf 76' lang='lat' dir='ltr'><strong>dc</strong></span> <span class='ocrx_word' id='word_1_613' title='bbox 2809 5326 2979 5379; x_wconf 74' lang='lat' dir='ltr'><strong>Genes.</strong></span> <span class='ocrx_word' id='word_1_614' title='bbox 3003 5325 3074 5377; x_wconf 83' lang='lat' dir='ltr'><strong>ad</strong></span> <span class='ocrx_word' id='word_1_615' title='bbox 3095 5326 3221 5390; x_wconf 64' lang='lat' dir='ltr'><strong>citt„</strong></span> <span class='ocrx_word' id='word_1_616' title='bbox 3246 5324 3487 5390; x_wconf 59' lang='lat' dir='ltr'><strong>imvm,</strong></span> <span class='ocrx_word' id='word_1_617' title='bbox 3517 5340 3564 5378; x_wconf 89' lang='lat' dir='ltr'><strong>c.</strong></span> <span class='ocrx_word' id='word_1_618' title='bbox 3583 5338 3735 5391; x_wconf 78' lang='lat' dir='ltr'><strong>xxn,</strong></span> <span class='ocrx_word' id='word_1_619' title='bbox 3760 5342 3816 5380; x_wconf 85' lang='lat' dir='ltr'><strong>n.</strong></span> <span class='ocrx_word' id='word_1_620' title='bbox 3834 5329 3915 5379; x_wconf 76' lang='lat'><strong>48.</strong></span> 
     </span>
    </p>
   </div>
   <div class='ocr_carea' id='block_1_11' title="bbox 794 5410 2162 5485">
    <p class='ocr_par' dir='ltr' id='par_1_12' title="bbox 794 5410 2162 5485">
     <span class='ocr_line' id='line_1_46' title="bbox 794 5410 2162 5485; baseline 0.001 -18"><span class='ocrx_word' id='word_1_621' title='bbox 794 5420 859 5484; x_wconf 87' lang='grc' dir='ltr'><strong>(α)</strong></span> <span class='ocrx_word' id='word_1_622' title='bbox 889 5410 1033 5469; x_wconf 69' lang='grc' dir='ltr'><strong>Εάιι.</strong></span> <span class='ocrx_word' id='word_1_623' title='bbox 1066 5416 1180 5467; x_wconf 81' lang='lat' dir='ltr'><strong>Ven.</strong></span> <span class='ocrx_word' id='word_1_624' title='bbox 1208 5417 1553 5484; x_wconf 80' lang='lat' dir='ltr'><strong>contangitur.</strong></span> <span class='ocrx_word' id='word_1_625' title='bbox 1570 5443 1633 5479; x_wconf 59' lang='lat'><strong>-,-</strong></span> <span class='ocrx_word' id='word_1_626' title='bbox 1655 5416 1719 5483; x_wconf 83' lang='lat' dir='ltr'><strong>(b)</strong></span> <span class='ocrx_word' id='word_1_627' title='bbox 1748 5418 1874 5469; x_wconf 64' lang='lat' dir='ltr'><strong>Item</strong></span> <span class='ocrx_word' id='word_1_628' title='bbox 1899 5418 2162 5485; x_wconf 75' lang='lat' dir='ltr'><strong>contangi.</strong></span> 
     </span>
    </p>
   </div>
  </div>
 </body>
</html>
