4125 6225
28 4980 235 5027 Pudnu.

1234 516 1433 583 DIST.
1470 512 1575 583 xl.
1618 512 1801 581 ΛΒΤ.
1844 514 1926 580 11.
1970 514 2274 594 QUAEST.
2320 514 2397 581 11.

213 666 342 741 θεῖ,
376 678 497 744 pro
533 658 776 723 delictis
807 654 1179 738 increpare¹
1227 671 1245 717 t
1289 650 1595 719 Ascendit
1635 667 1754 716 an-

210 766 386 851 qelus
413 767 676 833 Domini
694 764 772 831 de
807 762 1076 846 Galqala
1101 761 1192 829 ad
1210 762 1413 828 locum
1430 759 1753 842 flentium,

214 881 275 942 et
302 877 441 941 ait:
466 872 696 940 Eduxi
714 888 825 939 vos
848 870 928 937 de
957 878 1134 938 terra
1151 870 1417 953 AEqypzz'
1435 888 1461 949 ;
1488 872 1551 932 et
1575 870 1756 949 post:

214 982 361 1049 Non
391 981 675 1049 audistis
714 996 926 1046 vocem
950 995 1178 1045 meam.
1218 976 1551 1043 Secundus
1591 976 1687 1037 est
1722 990 1762 1036 a

217 1089 492 1153 vinculis
535 1092 938 1170 peccatorum
982 1086 1312 1150 absolvere
1349 1090 1373 1124 ²
1415 1103 1432 1147 z
1472 1079 1762 1164 Anqelus

218 1198 438 1264 astitit
452 1215 481 1278 ;
519 1200 584 1259 et
603 1199 745 1278 post
773 1217 789 1258 z
825 1193 1206 1260 Ceciderunt
1233 1196 1474 1259 catenoe
1500 1189 1578 1255 dc
1617 1204 1760 1255 ma·

220 1304 414 1371 nibus
459 1304 598 1385 ejus
632 1325 654 1366 .-
691 1303 814 1367 hoc
867 1307 1086 1366 tamen
1131 1297 1623 1380 intelligendum
1671 1296 1768 1358 θεῖ

221 1412 615 1495 dispositive.
658 1408 912 1474 Tertius
952 1414 1045 1472 est
1080 1405 1496 1490 impedientia
1535 1403 1613 1467 ad
1648 1402 1768 1467 bo»-

223 1537 387 1583 num
443 1518 694 1584 auferre
717 1565 736 1597 ,
791 1516 965 1599 quod
997 1514 1292 1595 signatur
1344 1513 1413 1576 in
1454 1508 1683 1576 Exodo
1713 1508 1763 1588 ⁸,

224 1626 340 1691 ubi
369 1626 642 1707 angelus
672 1623 986 1707 percussit
1016 1620 1450 1704 primogenita
1478 1615 1763 1699 AEgypti.

227 1732 507 1810 Quartus
542 1736 638 1795 est
661 1730 988 1794 daemones
1021 1743 1237 1791 arcere
1265 1731 1287 1766 ⁴
1324 1743 1341 1789 z
1371 1724 1770 1790 Doemonium

224 1841 307 1908 ab
351 1854 552 1907 uxore
591 1854 734 1903 mea
767 1835 1186 1918 compescuit,
1235 1831 1387 1896 dicit
1419 1830 1651 1895 Tobias
1695 1828 1774 1893 de

230 1944 569 2028 Raphaele.
597 1944 872 2022 Quintus
888 1947 983 2007 est
1014 1942 1238 2006 docere
1255 1940 1277 1973 ⁸
1302 1960 1317 2003 ε
1344 1937 1530 2002 Nunc
1560 1951 1775 2018 eqres-

229 2068 342 2118 sus
362 2068 507 2117 sum
526 2056 600 2118 ut
618 2049 904 2117 docerem
920 2055 1001 2127 te,
1029 2054 1089 2113 et
1114 2045 1518 2126 intelliqeres.
1543 2041 1777 2106 Sextus

230 2161 325 2221 est
397 2159 639 2220 secreta
672 2153 956 2218 revelare
988 2151 1011 2185 ⁸
1054 2167 1070 2211 z
1102 2155 1229 2214 tres
1271 2147 1486 2229 angeli
1536 2149 1779 2229 myste-

235 2264 410 2327 rium
445 2261 524 2344 (a)
556 2259 881 2324 Trinitatis
905 2263 967 2322 θῖ
994 2256 1266 2321 Unitatis
1292 2258 1774 2338 expresserunt,

234 2374 299 2433 et
347 2368 585 2432 ibidem
649 2367 937 2448 sequitur
988 2385 1003 2425 :
1051 2365 1221 2431 Num
1272 2362 1475 2429 celare
1518 2377 1781 2444 possum

236 2474 583 2551 Abraham,
604 2477 722 2536 etc.
746 2471 1067 2554 Septimus
1083 2475 1180 2536 est
1193 2469 1505 2535 consolari
1521 2469 1543 2503 '¹
1570 2490 1587 2533 z
1604 2468 1785 2534 Fortz‘

237 2583 456 2648 animo
492 2589 620 2648 esto
641 2629 658 2656 ,
700 2583 776 2647 in
798 2580 1101 2663 promimo
1137 2586 1234 2645 esc
1268 2586 1343 2645 uc
1379 2595 1422 2643 a
1453 2580 1576 2643 Deo
1603 2591 1786 2641 cure-

239 2690 370 2769 ri8,
406 2694 525 2755 etc.
560 2689 833 2755 Octavus
859 2688 1048 2751 estin
1073 2687 1179 2751 via
1198 2685 1308 2749 Dei
1339 2683 1681 2749 confortari
1707 2683 1729 2718 ⁸
1765 2704 1780 2748 ε

240 2798 448 2882 Surae
466 2844 486 2876 ‚
517 2804 577 2865 et
611 2795 856 2863 comede
884 2817 907 2858 .-
931 2794 1202 2879 qrandis
1238 2795 1407 2860 enim
1444 2793 1567 2860 tibi
1592 2796 1789 2859 restat

240 2912 375 2977 via.
418 2907 642 2973 Nonus
677 2914 773 2972 est
808 2909 881 2970 in
912 2908 1020 2971 via
1045 2905 1356 2970 deducere
1374 2952 1393 2984 ,
1438 2909 1504 2968 θῖ
1543 2902 1788 2967 condu-

242 3036 385 3081 cere
411 3022 434 3057 ⁹
473 3036 487 3077 :
520 3018 655 3100 qu
689 3015 964 3092 ducam,
1002 3023 1065 3083 et
1091 3013 1395 3081 reducam
1433 3027 1607 3090 eum,
1666 3014 1785 3074 etc.

244 3125 542 3190 Decimus
560 3129 656 3190 θεῖ
681 3124 894 3189 hostes
920 3122 1189 3206 dejicere
1214 3122 1264 3161 ¹⁰
1289 3143 1305 3187 ε
1334 3123 1650 3203 Eqressus
1675 3135 1793 3185 an·

244 3231 420 3314 aelus
459 3232 724 3297 Domini
749 3233 1068 3313 percussit
1099 3232 1175 3296 in
1204 3232 1437 3296 castris
1480 3228 1788 3309 Assyrio-

246 3355 393 3406 rum
414 3385 436 3418 ,
460 3343 577 3402 etc.
610 3336 1011 3418 Undecimus,
1034 3336 1413 3402 tentationes
1439 3334 1739 3415 mitigare
1771 3350 1790 3398 t

249 3448 314 3510 θῖ
355 3446 479 3510 hoc
532 3445 901 3526 assignatur
950 3445 1019 3507 in
1071 3444 1294 3509 Genesi
1332 3442 1395 3521 ²¹,
1445 3439 1559 3505 uhi
1601 3438 1795 3505 Jacob

250 3552 529 3617 luctatus
568 3556 663 3617 est
696 3570 846 3616 cum
874 3550 1110 3632 angelo
1132 3599 1152 3631 ,
1196 3550 1312 3615 ubi
1355 3547 1794 3613 benedictione

252 3665 510 3743 accepta
533 3659 924 3725 confortatus
942 3663 1035 3722 est
1052 3661 1194 3740 post
1214 3658 1477 3736 luctam,
1506 3661 1572 3720 et
1588 3672 1794 3720 emar-

253 3768 387 3832 cuit
425 3786 664 3833 nervus
702 3765 961 3831 femoris
1013 3767 1176 3848 ejus.
1229 3763 1654 3829 Duodecimus
1708 3768 1799 3828 est

253 3892 435 3940 orare
457 3923 475 3953 ,
506 3877 571 3937 et
603 3873 919 3938 orationes
948 3871 1191 3936 deferre
1216 3872 1262 3908 ²²
1294 3893 1310 3935 z
1348 3869 1615 3944 Quando
1641 3885 1797 3938 ora-

254 3985 365 4051 bas
392 4000 536 4049 cum
563 3981 910 4065 lachrymis
930 4028 952 4062 ‚
982 3995 1092 4063 eqo
1124 3979 1358 4060 obtuli,
1386 3984 1504 4044 etc.
1536 3978 1618 4043 Hi
1644 3996 1794 4043 om·

252 4112 369 4158 nes
390 4097 545 4157 sunt
571 4090 833 4156 effectus
857 4088 1162 4155 custodiae
1181 4088 1395 4170 angeli
1414 4134 1434 4168 ,
1455 4105 1538 4152 θι
1555 4087 1794 4169 quibus

254 4200 557 4265 omnibus
596 4202 731 4263 tam
762 4195 922 4278 Dec,
966 4215 1165 4281 quam
1205 4194 1457 4279 angelis
1492 4195 1799 4260 debemus

255 4326 391 4374 οεεθ
415 4307 685 4374 obnoxii
708 4311 777 4371 et
804 4304 998 4388 grati.

792 4544 1149 4625 QUAESTlo
1190 4544 1268 4610 11.

296 4705 393 4761 An
429 4702 622 4773 anqelo
664 4700 986 4757 custodienti
1021 4700 1384 4773 amplificetur
1409 4702 1672 4772 qaudium
1701 4719 1769 4761 ea·

661 4789 1054 4863 beatificatione
1091 4787 1346 4847 custoditi
1360 4787 1424 4846 ¹⁸.

348 4952 575 5019 Utrum
619 4970 704 5017 ex
742 4950 1206 5016 beatificatione
1244 4950 1542 5016 custoditi
1574 4950 1807 5034 angelo

263 5060 645 5128 custodienti
683 5059 1108 5143 amplificetur
1136 5058 1493 5141 gaudium3
1537 5061 1603 5124 et
1633 5058 1810 5142 quod

329 5223 352 5259 ¹
369 5221 553 5284 Mc„
578 5233 651 5283 11,
672 5225 720 5285 1,
738 5220 1054 5284 2.·-²Act.,
1078 5231 1183 5283 ιιι,
1203 5222 1253 5270 7.
1270 5220 1373 5258 —⁸
1390 5219 1573 5287 Exod„
1594 5232 1706 5284 ιιι,
1728 5224 1808 5273 29.

266 5295 367 5333 -δ
387 5293 522 5356 roa,
545 5305 656 5354 ιιι,
680 5297 729 5344 3.
750 5294 852 5333 —⁸
870 5294 1021 5357 Dan„
1048 5303 1123 5355 ιι,
1146 5295 1229 5344 22.
1259 5318 1307 5329 -
1334 5294 1354 5320 ⁸
1372 5293 1566 5358 Genea,
1588 5305 1741 5359 xvm,
1759 5296 1810 5358 2,

271 5368 326 5430 3,
363 5369 439 5419 17.
460 5366 566 5403 —7
589 5363 723 5430 Tob„
756 5376 819 5430 v,
847 5367 922 5415 13.
941 5363 1048 5402 ——0
1070 5365 1136 5415 111
1165 5365 1303 5429 Κεφ,
1331 5376 1452 5428 ιιι,
1478 5367 1527 5416 7.
1546 5391 1609 5403 -
1629 5366 1652 5401 ⁹
1678 5365 1809 5428 Tob„

268 5451 323 5503 v,
346 5443 424 5491 ¹5.
442 5461 507 5477 -
524 5438 702 5502 wlco„
718 5448 919 5500 xxxva,
943 5437 1155 5488 36.—-²¹
1174 5437 1316 5497 Gen„
1337 5448 1505 5496 ιιιιι,
1531 5440 1612 5500 24,
1633 5440 1712 5501 25,
1732 5441 1815 5502 29,

273 5508 656 5574 81.-²⁸Tob.‚
679 5521 793 5574 ιιι,
827 5512 904 5561 12.
928 5534 993 5548 —
1025 5509 1068 5545 ¹⁸
1090 5508 1173 5572 Cf.
1202 5509 1348 5562 Alex.
1375 5509 1603 5574 alensis,
1647 5525 1700 5574 p.
1731 5511 1812 5574 n,

3283 519 3403 584 515

1862 651 1975 728 sic,
2007 651 2261 716 videtur
2287 650 2329 687 ¹⁸
2359 669 2375 711 ε
2411 649 2735 717 Gaudium
2759 656 2853 717 est
2875 655 3127 735 anystis
3152 656 3272 720 Dei
3292 671 3410 721 su-

1862 773 1978 840 per
1994 775 2122 825 uno
2136 765 2459 842 peccatore
2474 760 2923 842 poenitentiam
2944 768 3191 844 cyente,
3212 780 3408 846 quam

1867 882 2056 948 super
2073 869 2431 950 nonaqintc
2447 884 2672 935 novem
2688 852 2915 949 justis,
2947 868 3045 933 Ex
3065 869 3200 935 box
3222 875 3408 935 textu

1869 975 2044 1056 patet
2064 974 2237 1057 quod
2258 994 2340 1039 ex
2361 975 2778 1040 conversione
2799 976 3144 1058 peccatoris
3162 976 3410 1060 angelis

1870 1080 1980 1146 Dei
2018 1083 2317 1147 accrescit
2356 1082 2715 1164 gaudium:
2747 1100 2905 1166 ergo
2943 1083 3147 1149 multo
3185 1084 3412 1149 fortius

1872 1187 1950 1253 de
1990 1188 2451 1253 beatificatione
2475 1188 2787 1271 ejusdem.

1955 1294 2115 1361 Item
2141 1295 2413 1378 angelus
2452 1296 2520 1360 in
2548 1295 2968 1362 ministrando
3004 1297 3256 1361 homini
3297 1297 3414 1362 ali-

1873 1404 2028 1487 quid
2069 1407 2398 1469 meretur:
2430 1404 2539 1468 sed
2565 1421 2700 1468 non
2733 1407 3019 1469 meretur
3051 1403 3211 1469 illud
3242 1404 3415 1488 quod

1877 1511 2099 1589 habet,
2128 1510 2293 1575 sicut
2329 1510 2673 1594 probatum
2699 1516 2794 1575 θεῖ
2819 1529 3016 1593 supra
3044 1529 3063 1575 ε
3093 1527 3252 1593 ergo
3281 1528 3415 1577 me-

1877 1625 2056 1687 retur
2098 1620 2469 1684 habendum
2507 1641 2523 1683 :
2553 1619 2663 1684 sed
2689 1619 2856 1703 quod
2883 1618 3265 1684 retribuitur
3300 1636 3419 1703 pro

1881 1726 2107 1792 merito
2128 1775 2143 1803 ,
2195 1727 2320 1791 hoc
2368 1731 2463 1790 est
2513 1725 2828 1809 gaudium
2870 1747 2887 1791 ε
2930 1744 3090 1808 ergo
3131 1730 3422 1792 meretur

1880 1836 2094 1918 majus
2119 1835 2457 1916 gaudium.

1963 1944 2124 2009 Item
2137 1943 2410 2026 angelus
2423 1944 2619 2008 habet
2636 1943 2979 2027 perfectam
3002 1944 3376 2010 charitatem
3399 1967 3416 2010 t

1885 2071 2041 2135 ergo
2083 2052 2293 2134 diligit
2332 2053 2702 2135 proximum
2745 2052 2912 2116 sicut
2950 2053 3234 2136 seipsum
3267 2071 3284 2117 ε
3315 2038 3426 2118 sed

1886 2159 1999 2224 ubi
2031 2163 2125 2225 est
2167 2178 2285 2243 par
2325 2160 2576 2225 dilectio
2616 2162 2695 2226 de
2737 2161 2875 2244 pari
2925 2161 3094 2226 bono
3115 2209 3134 2240 ,
3178 2166 3275 2225 est
3311 2178 3429 2243 par

1889 2268 2203 2350 gaudium
2244 2288 2258 2329 :
2307 2267 2365 2330 si
2410 2285 2569 2349 ergo
2618 2267 2889 2350 angelus
2952 2266 3165 2349 diligit
3208 2266 3393 2332 illum
3410 2314 3429 2345 ,

1890 2392 2085 2457 quem
2103 2373 2396 2453 custodit,
2416 2373 2581 2437 sicut
2597 2373 2899 2456 seipsum,
2920 2376 3173 2438 tantum
3194 2375 3437 2456 gaudet

1891 2481 1971 2545 de
2010 2481 2156 2562 ejus
2194 2479 2545 2545 salvatione
2563 2527 2581 2558 ,
2613 2484 2930 2563 quantum
2964 2479 3044 2545 de
3079 2498 3197 2544 sna
3228 2501 3244 2543 ι
3274 2497 3434 2562 ergo

1892 2586 2150 2653 videtur
2175 2588 2318 2669 ejus
2346 2586 2663 2667 gaudium
2695 2586 3030 2669 duplicari.

1975 2691 2134 2757 Item
2153 2741 2173 2770 ,
2204 2692 2593 2776 ubicumque
2619 2697 2714 2757 est
2737 2693 3029 2759 desiderii
3059 2693 3396 2776 completio
3415 2742 3434 2774 ,

1894 2801 1985 2865 ibi
2012 2805 2109 2865 θεῖ
2137 2800 2456 2882 gaudium
2484 2804 2548 2865 θῖ
2580 2800 2908 2866 delectatio
2937 2820 2954 2862 ε
2982 2819 3142 2884 ergo
3159 2850 3177 2882 ,
3219 2802 3333 2867 ubi
3360 2802 3439 2867 de

1896 2925 2067 2973 novo
2089 2907 2446 2991 completur
2463 2909 2719 2993 aliquod
2736 2908 3146 2990 desiderium,
3167 2909 3251 2975 de
3268 2927 3439 2975 novo

1897 3015 2194 3080 accrescit
2230 3015 2548 3097 gaudium
2592 3037 2608 3080 ε
2657 3016 2767 3081 sed
2816 3017 3088 3099 angelus
3132 3016 3443 3083 desiderat

1898 3123 2085 3189 illum
2106 3171 2125 3203 ,
2154 3141 2352 3208 quem
2385 3124 2700 3202 custodit,
2729 3123 2964 3190 salvari
2999 3143 3204 3209 :ergo
3224 3172 3246 3205 ,
3288 3145 3440 3191 cum

1900 3230 2207 3310 salvatur,
2236 3249 2492 3296 necesse
2521 3234 2618 3296 est
2640 3231 2857 3314 ipsum
2890 3232 3174 3313 gaudere
3197 3233 3276 3298 de
3303 3235 3445 3316 ejus

1902 3337 2107 3403 salute
2134 3357 2152 3403 ε
2181 3338 2291 3403 sed
2314 3339 2494 3423 prius
2520 3339 2599 3403 de
2615 3338 2740 3403 hoc
2759 3357 2891 3405 non
2919 3339 3263 3421 gaudebat,
3293 3340 3447 3424 quia

1902 3463 2037 3510 non
2068 3449 2205 3509 erat
2242 3467 2257 3509 ε
2300 3464 2460 3528 ergo
2492 3445 2750 3511 videtur
2789 3446 2963 3530 quod
2997 3465 3249 3514 novum
3276 3465 3447 3530 gau-

1903 3552 2088 3618 dium
2113 3552 2233 3616 sibi
2258 3556 2591 3618 accrescat.

1984 3659 2148 3725 Item
2189 3661 2260 3725 in
2288 3660 2535 3742 angelis
2574 3660 3081 3728 custodientibus
3117 3661 3411 3728 homines
3427 3710 3447 3744 ,

1906 3785 2186 3833 crescere
2224 3772 2429 3850 potest
2456 3769 2739 3851 cognitio
2760 3817 2779 3849 ,
2808 3769 2974 3835 sicut
2995 3768 3227 3853 probat
3251 3770 3320 3833 in
3346 3769 3448 3835 lit·

1907 3880 2044 3940 tera
2070 3871 2371 3957 Magister
2395 3893 2412 3936 ε
2436 3875 2546 3941 sed
2563 3894 2696 3961 qua
2715 3877 2962 3942 ratione
2985 3877 3209 3942 crescit
3230 3874 3453 3959 cogni-

1910 3983 2030 4064 tio,
2066 3984 2284 4050 eadem
2314 3984 2561 4049 ratione
2582 3989 2646 4048 et
2670 3982 2920 4049 dilectio
2951 4002 2968 4045 ε
3000 3985 3142 4050 etsi
3170 3983 3446 4063 dilectio,

1910 4109 2072 4175 ergo
2099 4092 2415 4174 gaudium
2443 4095 2507 4156 et
2534 4091 2886 4158 delectatio·

1992 4198 2154 4263 Item
2197 4199 2268 4263 in
2314 4217 2392 4264 eo
2447 4197 2564 4281 qui
2612 4197 2902 4263 ordinate
2955 4198 3229 4281 gaudet,
3288 4198 3456 4264 sicut

1912 4306 2136 4372 crescit
2157 4305 2422 4371 materia
2452 4305 2777 4388 gaudendi
2796 4354 2813 4385 ,
2842 4307 2932 4371 ita
2960 4307 3186 4372 crescit
3209 4310 3274 4371 et
3292 4323 3457 4389 gau-

1915 4414 2097 4480 dium
2131 4437 2146 4479 z
2178 4414 2288 4478 sed
2324 4414 2395 4477 in
2421 4432 2699 4498 superna
2735 4411 3133 4479 Hierusalem
3169 4415 3369 4481 crevit
3394 4419 3460 4479 et

1916 4523 2139 4587 crescit
2152 4522 2418 4587 materia
2425 4521 2652 4603 gaudii
2666 4540 2748 4586 ex
2768 4519 3011 4587 Christo
3027 4527 3091 4587 et
3102 4524 3244 4605 ejus
3259 4539 3460 4587 mem·

1915 4630 2074 4709 bris,
2106 4629 2343 4713 quibus
2381 4630 2746 4694 ministrant
2786 4629 3001 4713 angeli
3045 4630 3214 4695 beati
3249 4648 3265 4694 ε
3297 4648 3455 4713 ergo

1914 4735 2174 4801 videtur
2199 4735 2372 4819 quod
2394 4735 2466 4799 in
2489 4735 2615 4799 illis
2643 4742 2880 4801 crescat
2906 4735 3245 4819 gaudium.
3276 4736 3461 4815 Quod

1921 4848 2139 4909 autem
2150 4844 2415 4908 materia
2434 4844 2658 4926 gaudii
2675 4846 2899 4925 crevit,
2920 4849 3092 4929 patet
3108 4851 3251 4910 tum
3259 4864 3459 4930 prop-

1920 4957 2019 5018 ter
2044 4951 2272 5016 Christi
2294 4950 2767 5031 exaltationem,
2802 4957 2944 5016 tum
2973 4956 3232 5036 propter
3255 4953 3462 5019 ruinae

1923 5125 2104 5178 q.11.1,
2133 5112 2325 5163 memb.
2347 5114 2376 5162 6
2386 5127 2404 5176 3
2434 5113 2487 5164 S.
2511 5111 2716 5174 Thous„
2749 5112 2789 5161 ΙΙ
2820 5110 2982 5170 Sem„
3020 5111 3139 5161 dist.
3169 5124 3253 5176 ιι,
3281 5117 3379 5163 art.
3404 5114 3462 5176 2,

1925 5199 1976 5249 q.
2013 5197 2060 5250 ¹3
2100 5184 2269 5248 AEgid.
2302 5185 2475 5249 Rom„
2513 5185 2557 5235 11
2588 5185 2747 5246 sent„
2778 5181 2900 5233 dist.
2939 5194 3027 5244 ιι,
3057 5197 3109 5247 q.
3135 5194 3215 5246 11,
3265 5189 3364 5233 art.
3400 5189 3463 5250 13

1924 5256 2184 5320 Richard„
2211 5258 2246 5306 ΙΙ
2274 5258 2433 5320 Seni„
2450 5256 2567 5307 dist.
2589 5267 2662 5316 ιι,
2686 5258 2783 5304 art.
2809 5258 2858 5317 2,
2879 5267 2933 5320 q.
2951 5266 2993 5305 11
3006 5270 3024 5318 3
3050 5254 3231 5319 steph.
3251 5254 3466 5322 Brulel„

1926 5329 1967 5379 11
1994 5330 2153 5392 sent„
2179 5328 2298 5379 dist.
2321 5340 2397 5393 ιι,
2424 5342 2477 5393 q.
2506 5339 2589 5391 ιν,
2621 5326 2774 5377 Gabr.
2807 5325 2942 5391 Biel,
2970 5326 3013 5376 11
3041 5327 3208 5392 sent„
3244 5327 3361 5379 dist.
3387 5340 3465 5394 ιι,

1924 5415 1979 5466 q.
2007 5413 2048 5465 1,
2076 5401 2200 5451 dub.
2219 5403 2270 5450 2.
2289 5425 2352 5439 —
2371 5401 2564 5462 ’δίνου
2591 5410 2677 5464 xv,
2701 5401 2779 5449 10.

1989 5509 2053 5573 (a)
2084 5505 2207 5558 Cat.
2227 5504 2352 5555 edit.
2381 5502 2739 5554 ministerium.
