4125 6225
1017 425 1211 491 DIST.
1248 422 1412 491 Vm.
1457 421 1690 489 PART.
1733 420 1817 487 11.
1861 418 2042 486 ART.
2084 420 2133 485 Ι.
2179 420 2477 500 QUAEST.
2525 422 2577 488 1.

209 558 386 624 litera
423 576 617 642 super
651 558 809 625 illud
849 559 1151 627 Actorum
1187 560 1204 595 ¹
1237 583 1262 625 .·
1289 560 1417 625 Gur
1456 559 1748 641 implevit

209 669 484 733 Satanas
514 669 876 734 cortuum?
900 667 1178 752 «Implet
1209 667 1474 734 Satanas
1508 683 1619 730 cor
1639 665 1750 729 ali-

210 774 397 854 cujus
415 821 431 850 ,
463 792 595 837 non
622 773 885 856 quidem
913 775 1282 857 ingrediens
1306 775 1378 837 13
1409 791 1556 837 eum
1577 821 1594 849 ‚
1628 790 1747 835 nec

209 879 276 943 in
289 899 550 945 sensum
568 882 710 964 ejus
732 901 748 946 ε
770 901 801 941 ι»
829 901 986 964 ergo
1011 901 1145 948 non
1164 882 1419 948 videtur
1431 879 1604 964 quod
1623 881 1748 944 dae-

210 1005 362 1052 mon
384 988 781 1070 ingrediatur
797 990 1152 1055 secundum
1171 988 1588 1054 substantiam
1604 1006 1748 1053 cor-

209 1114 334 1178 pus
357 1096 629 1179 alicuius
652 1097 957 1163 hominia.

290 1208 353 1269 3.
393 1204 552 1269 Item
588 1207 806 1269 anima
845 1206 1068 1271 unitur
1106 1206 1356 1289 corpori
1398 1208 1472 1269 ut
1512 1207 1745 1284 motor,

207 1316 323 1383 aut
366 1315 442 1376 ut
478 1312 774 1395 perfectio
806 1335 821 1377 ε
865 1314 977 1378 sed
1015 1312 1167 1396 quia
1206 1315 1347 1396 conj
1356 1311 1630 1394 ungitur
1678 1314 1751 1375 ut

211 1419 509 1503 perfectio
522 1468 540 1500 ,
579 1420 971 1503 impossibile
998 1424 1091 1485 est
1126 1422 1197 1485 in
1226 1421 1448 1486 eodem
1486 1435 1749 1500 corpore

213 1543 350 1591 esse
371 1526 561 1591 aliam
585 1531 883 1593 naturam
910 1528 1386 1611 perficientem:
1416 1545 1573 1609 ergo
1601 1544 1750 1590 cum

141 1679 148 1686 -
214 1635 357 1716 conj
368 1637 651 1715 ungatur
673 1638 749 1698 ut
774 1639 1005 1715 motor,
1032 1634 1422 1718 impossibile
1441 1634 1622 1698 estin
1644 1651 1751 1698 eo-

211 1740 361 1805 dem
390 1758 651 1823 corpore
678 1758 813 1805 esse
831 1741 1036 1806 alium
1061 1742 1364 1825 spiritum
1382 1746 1457 1806 ut
1481 1759 1750 1807 moven-

212 1850 345 1912 tem
369 1864 387 1909 z
407 1849 462 1911 si
474 1866 634 1930 ergo
655 1849 910 1913 daemon
932 1848 1003 1913 in
1019 1867 1281 1932 corpore
1307 1850 1594 1913 humano
1619 1866 1750 1912 non

213 1958 421 2037 potest
448 1974 584 2020 esse
619 1974 740 2020 nec
771 1959 847 2021 ut
887 1959 1117 2037 motor,
1164 1975 1284 2022 nec
1317 1961 1391 2021 ut
1416 1956 1715 2040 perfectio
1728 2004 1747 2036 ,

214 2078 375 2142 ergo
403 2061 582 2126 nullo
609 2062 821 2126 modo.

293 2173 357 2232 4.
399 2167 593 2250 Item,
641 2170 807 2234 sicut
836 2188 1033 2253 supra
1054 2173 1077 2206 ⁸
1120 2169 1360 2234 dictum
1395 2172 1528 2250 est,
1572 2168 1752 2234 nullo

213 2276 408 2341 modo
425 2278 734 2361 competit
759 2279 920 2343 duos
956 2278 1217 2361 spiritus
1253 2278 1576 2359 angelicos
1620 2297 1755 2344 aese

213 2382 410 2447 simul
453 2383 524 2447 in
563 2380 787 2448 eodem
823 2384 962 2448 loco
989 2385 1200 2467 primo
1234 2406 1249 2448 ε
1292 2402 1450 2466 ergo
1477 2384 1616 2467 pari
1647 2405 1755 2449 ra-

213 2488 392 2554 tione
413 2508 547 2554 non
572 2490 826 2555 videtur
852 2490 1022 2573 quod
1043 2490 1114 2555 in
1139 2490 1362 2555 eodem
1390 2492 1527 2556 loco
1546 2492 1756 2574 primo

214 2597 412 2677 possit
438 2614 573 2661 esse
605 2597 820 2661 anima
842 2600 907 2662 et
931 2597 1205 2680 angelus
1235 2621 1251 2662 ι
1283 2598 1392 2663 sed
1424 2599 1641 2664 anima
1663 2603 1760 2664 est

215 2701 288 2765 in
315 2706 451 2768 toto
478 2721 741 2787 corpore
768 2722 920 2783 suo,
947 2704 1115 2769 sicut
1135 2705 1277 2770 vult
1300 2704 1705 2787 Augustinus
1737 2727 1754 2770 ε

215 2826 376 2891 ergo
411 2810 481 2875 in
507 2810 686 2877 nulla
711 2814 890 2896 parte
926 2811 1208 2896 corporis
1238 2816 1601 2896 potestesse
1617 2814 1760 2879 ‹1ae-

217 2934 401 2982 mon.

764 3042 1213 3110 CONCLUSIO.

213 3168 493 3226 Daemones
512 3174 736 3242 possum
772 3174 837 3227 in
863 3172 1114 3228 humanis
1140 3170 1448 3244 corporibus
1473 3170 1724 3228 habitare
1740 3211 1758 3240 ,

288 3274 628 3329 commovere,
660 3260 997 3329 conturbare,
1023 3264 1079 3318 et
1100 3276 1169 3318 aa
1194 3260 1449 3330 obsidere,
1475 3263 1589 3318 nisi
1615 3276 1652 3317 a
1672 3276 1763 3318 su-

279 3353 498 3422 periori
518 3354 725 3408 virtute
743 3352 1158 3425 prohibeantur.

299 3477 490 3562 Resp.
547 3480 629 3544 ad
684 3480 845 3562 Arg.
909 3480 1260 3546 Dicendum
1318 3478 1493 3562 quod
1509 3527 1527 3556 ,
1595 3479 1763 3544 sicut

213 3585 438 3651 innuit
477 3590 692 3650 textus
748 3587 1192 3669 evangelicus,
1241 3590 1304 3651 et
1356 3586 1765 3667 Augustinus

214 3695 418 3759 etiam
459 3693 528 3758 in
583 3694 747 3759 libro
778 3694 857 3761 de
904 3695 1321 3761 Divinatione
1360 3694 1761 3770 Daemonum,

215 3800 551 3866 daemones
568 3848 587 3880 ,
627 3819 744 3884 per
782 3805 1083 3865 naturam
1124 3819 1258 3865 suae
1301 3800 1660 3864 subtilitatis
1703 3803 1767 3864 et

216 3905 716 3992 spiritualitatis,
755 3912 1022 3991 possunt
1048 3926 1473 3991 quaecumque
1501 3926 1767 3992 corpora

215 4020 562 4098 penetrare
577 4062 596 4093 ,
626 4018 687 4078 et
712 4014 785 4077 in
817 4014 909 4079 eis
936 4015 1072 4080 sine
1107 4015 1321 4098 aliquo
1357 4016 1676 4080 obstaculo
1704 4021 1768 4080 et

214 4121 684 4204 impedimento
722 4121 1063 4186 subsistere
1096 4144 1110 4186 ε
1141 4122 1390 4187 ratione
1430 4141 1585 4187 vero
1629 4142 1763 4188 suae

213 4231 581 4315 potestatis,
630 4233 898 4312 possunt
938 4249 1015 4295 ea
1059 4247 1360 4313 corpora,
1406 4231 1476 4294 in
1527 4231 1768 4314 quibus

214 4344 381 4406 sunt
396 4389 415 4421 ,
441 4355 850 4405 commovere
876 4341 940 4402 et
961 4339 1359 4404 conturbare.
1391 4337 1571 4404 Sicut
1592 4340 1766 4404 enim

211 4447 491 4531 spiritus
515 4445 770 4530 spiritui
793 4446 1204 4528 penetrabilis
1230 4464 1365 4511 esse
1381 4465 1514 4512 non
1537 4450 1762 4530 potest,

212 4556 314 4619 sic
338 4571 466 4619 nec
489 4569 720 4637 corpus
753 4556 960 4636 potest
982 4552 1269 4618 resistere
1294 4554 1546 4637 spiritui
1576 4576 1593 4619 t
1625 4555 1767 4620 ideo

211 4665 553 4730 daemones
571 4712 589 4741 ‚
619 4666 939 4746 quantum
964 4666 1060 4727 est
1090 4662 1168 4727 de
1193 4667 1498 4746 potestate
1525 4667 1588 4728 et
1612 4664 1764 4729 sub-

211 4772 454 4836 tilitate
469 4774 720 4835 naturae
732 4816 751 4847 ,
782 4772 1052 4852 possunt
1069 4787 1341 4852 corpora
1357 4769 1645 4834 humana
1664 4770 1768 4833 in-

212 4883 401 4944 trare
421 4927 439 4957 ,
471 4883 736 4962 possunt
762 4878 955 4943 etiam
981 4882 1048 4943 et
1085 4895 1352 4958 vexare,
1385 4877 1512 4941 nisi
1541 4879 1763 4962 prohi-

215 4987 511 5052 beantur
535 5004 578 5049 a
597 4985 914 5068 superiori
941 4984 1178 5049 virtute
1207 4989 1313 5049 :et
1337 5002 1487 5048 cum
1508 4986 1789 5068 permit--

209 5097 462 5158 tuntur
473 5092 745 5156 introire
764 5095 830 5156 et
845 5109 1104 5172 vexare,
1128 5097 1281 5155 tunc
1304 5091 1610 5156 dicuntur
1633 5111 1770 5158 cor-

211 5201 712 5287 poraobsidere.
729 5199 1049 5265 Permittit
1063 5203 1280 5265 autem
1296 5199 1421 5265 hoc
1436 5199 1764 5282 Dominus,

290 5363 314 5399 ¹
350 5362 487 5429 Act,
512 5373 564 5425 v,
593 5364 642 5428 3,
685 5361 775 5412 ubi
813 5362 1025 5412 tentavit
1060 5359 1247 5426 legitur
1282 5360 1399 5412 loco
1427 5360 1668 5426 implevit.
1711 5387 1768 5400 —

217 5435 404 5487 ¹Dist.
421 5447 481 5498 11,
503 5438 635 5499 part.
657 5433 724 5500 11,
745 5436 842 5485 art.
865 5435 915 5498 2,
936 5447 989 5498 q.
1009 5442 1083 5498 n,
1109 5447 1161 5497 p.
1185 5435 1297 5484 3⁰3.

3272 430 3391 490 ⁴4⁷

1855 558 1992 622 sive
2035 558 2118 621 ad
2153 558 2378 639 gloriae
2421 577 2559 624 suae
2605 560 3034 627 ostensionem
3049 608 3068 639 ,
3125 561 3260 627 sive
3311 561 3393 627 ad

1854 664 2095 748 peccati
2136 665 2541 749 punitionem
2555 713 2574 743 ,
2621 668 2757 732 sive
2799 668 2883 732 ad
2906 668 3224 752 peccantis
3252 686 3394 733 cor-

1856 771 2201 836 rectionem
2220 820 2238 851 ,
2288 772 2423 836 sive
2482 773 2561 837 ad
2610 777 2894 838 nostram
2945 774 3391 839 eruditionem.

1857 876 1978 941 Sed
1990 896 2072 940 ex
2091 897 2217 960 qua
2231 877 2499 943 istarum
2515 898 2857 945 causarum
2875 881 3288 947 determinate
3312 881 3391 963 (α)

1856 985 2216 1066 permittat,
2257 985 2408 1049 latet
2433 986 2556 1050 hoc
2592 986 2948 1053 humanam
2970 988 3393 1069 industriam,

1856 1096 2115 1175 propter
2149 1093 2272 1157 hoc
2326 1095 2498 1176 quod
2534 1097 2783 1160 occulta
2806 1100 2959 1161 sunt
2983 1095 3093 1160 Dei
3112 1096 3393 1178 judicia:

1857 1199 1977 1264 hoc
2016 1205 2233 1265 tamen
2260 1201 2527 1284 planum
2555 1207 2678 1284 est,
2727 1204 2900 1287 quod
2945 1222 3077 1267 non
3106 1208 3257 1268 sunt
3290 1204 3397 1267 in-

1850 1309 2027 1389 justa
2061 1312 2163 1373 :et
2179 1309 2319 1374 ideo
2344 1328 2477 1375 non
2498 1311 2810 1393 permittit
2833 1311 2987 1375 talia
3011 1311 3148 1376 sine
3177 1330 3392 1377 causa.

1860 1416 2284 1481 Conoedendae
2300 1422 2453 1482 sunt
2469 1418 2672 1499 igitur
2686 1419 2961 1483 rationes
2968 1418 3145 1500 quod
3160 1418 3398 1484 daemo-

1857 1540 1972 1587 nes
1990 1528 2252 1606 possunt
2268 1524 2556 1589 humana
2568 1543 2844 1608 corpora
2868 1525 3248 1591 subintrare.

1937 1635 1998 1694 1.
2027 1631 2128 1694 Ad
2145 1630 2301 1696 illud
2319 1632 2492 1714 quod
2523 1632 2821 1714 objicitur
2847 1631 2924 1697 de
2948 1631 3194 1712 Glossa,
3220 1633 3398 1715 quod

1858 1738 2242 1804 intrinsecus
2268 1758 2403 1805 esse
2430 1759 2563 1806 non
2589 1744 2828 1822 potest,
2869 1743 2989 1806 etc.
3011 1760 3028 1820 3
3061 1740 3399 1805 dicendum

1860 1847 2031 1929 quod
2070 1865 2205 1912 esse
2230 1847 2610 1913 intrinsecus
2641 1848 2711 1911 in
2757 1847 3008 1931 aliqu0,
3047 1848 3170 1912 hoc
3195 1851 3403 1932 potest

1860 1972 1995 2019 esse
2029 1955 2366 2038 dupliciter
2416 1978 2431 2020 ε
2481 1960 2596 2022 aut
2639 1956 2803 2021 sicut
2844 1961 3212 2021 contentum
3267 1974 3399 2020 res-

1860 2060 2049 2140 pectu
2086 2059 2467 2124 continentis
2480 2106 2499 2138 ,
2544 2062 2618 2123 ut
2655 2077 2825 2141 aqua
2863 2061 3151 2141 respectu
3192 2058 3361 2123 vasis
3378 2103 3396 2134 ,

1861 2168 1926 2229 et
1957 2165 2049 2228 sic
2073 2165 2328 2231 daemon
2344 2166 2507 2230 bene
2533 2169 2737 2248 potest
2762 2183 2899 2230 esse
2923 2165 3305 2230 intrinsecus
3331 2165 3400 2229 in

1859 2273 2298 2353 simulachris3
2329 2274 2454 2339 alio
2477 2274 2666 2338 modo
2693 2293 2831 2338 esse
2846 2274 3225 2339 intrinsecus
3245 2273 3403 2338 dici-

1862 2383 1973 2445 tm·
2013 2382 2254 2464 aliquid
2270 2431 2290 2462 ,
2329 2382 2499 2466 quod
2542 2382 2755 2447 influit
2798 2382 2869 2445 in
2894 2383 3121 2447 intima
3164 2381 3294 2461 rei,
3338 2385 3404 2445 et

1863 2487 2190 2553 influendo
2215 2492 2567 2566 conservat,
2593 2493 2656 2553 et
2677 2490 2924 2573 perficit
2947 2512 2963 2555 ι
2991 2495 3053 2554 et
3071 2489 3193 2554 hoc
3212 2488 3402 2554 modo

1864 2615 1997 2662 non
2021 2598 2323 2679 congruit
2356 2598 2663 2677 daemoni,
2712 2617 2832 2663 nec
2872 2602 3161 2681 respectu
3187 2598 3404 2663 simu-

1864 2705 2099 2783 lachri,
2128 2724 2245 2770 nec
2268 2710 2559 2790 respectu
2583 2706 2885 2787 hominis,
2914 2710 2977 2771 et
3002 2706 3092 2770 sic
3118 2705 3404 2788 loquitur

1865 2812 1974 2877 illa
2001 2811 2240 2878 Glossa.

1950 2929 2011 2988 2.
2046 2925 2146 2988 Ad
2167 2924 2322 2990 illud
2349 2926 2522 3009 quod
2550 2926 2847 3007 objicitur
2875 2926 2952 2991 de
2999 2924 3201 3003 Beda,
3228 2926 3404 3009 quod

1867 3051 2000 3098 non
2017 3033 2381 3116 ingreditur
2405 3035 2478 3098 in
2503 3034 2859 3112 hominem,
2886 3038 3033 3115 etc.;
3060 3034 3405 3120 dicendum

1865 3141 2041 3223 quod
2066 3160 2199 3206 non
2231 3142 2517 3225 loquitur
2542 3143 2621 3208 de
2647 3144 2944 3225 ingressu
2967 3144 3039 3207 in
3073 3142 3409 3208 hominem

1865 3248 1982 3331 qui
2010 3249 2357 3314 attenditur
2382 3268 2464 3334 ex
2496 3255 2669 3332 parte
2695 3252 3006 3334 corporiS,
3036 3251 3146 3317 sed
3173 3251 3286 3335 qui
3318 3255 3407 3316 at-

1867 3356 2148 3421 tenditur
2173 3375 2257 3421 ex
2280 3361 2457 3439 parte
2476 3358 2741 3440 spiritus
2770 3358 3122 3424 rationalis.

1950 3466 1989 3526 3
2007 3466 2072 3527 et
2088 3466 2150 3527 4.
2176 3463 2275 3528 Ad
2293 3463 2446 3529 illud
2470 3465 2643 3547 quod
2658 3466 2976 3549 objicitur,
2999 3466 3171 3548 quod
3190 3464 3409 3530 anima

1869 3574 2277 3653 comparatur
2301 3571 2381 3635 ad
2407 3589 2667 3656 corpus,
2707 3577 2781 3639 ut
2804 3574 3104 3656 perfectio
3119 3622 3139 3653 ,
3178 3577 3240 3638 et
3266 3591 3409 3640 mo·-

1869 3679 1995 3754 tor,
2024 3682 2169 3757 etc.;
2214 3678 2557 3744 dicendum
2580 3680 2751 3761 quod
2777 3699 2910 3745 non
2950 3684 3046 3745 est
3080 3680 3286 3744 simile
3330 3680 3411 3744 de

1873 3784 2344 3868 comparatione
2391 3805 2506 3869 per
2541 3788 2808 3852 modum
2850 3788 3146 3867 motoris,
3188 3793 3257 3852 et
3296 3805 3412 3871 per

1873 3892 2140 3957 modum
2166 3893 2567 3975 perfectionis
2585 3943 2603 3974 ,
2637 3895 2792 3977 quia
2820 3896 3018 3960 unius
3044 3895 3408 3978 perfectibi-

1872 3999 1954 4063 lis
1980 4018 2114 4064 una
2135 4000 2269 4065 sola
2303 4003 2398 4065 est
2424 4002 2757 4084 perfecti03
2788 4002 3085 4086 perfectio
3104 4003 3281 4067 enim
3306 4020 3413 4085 ap-

1874 4111 2157 4195 propriat
2185 4111 2305 4175 sibi
2329 4113 2715 4194 perfectibile
2731 4162 2748 4193 ,
2773 4117 2838 4178 et
2860 4132 2898 4178 e
2923 4132 3230 4179 converso
3262 4114 3413 4178 :sed

1873 4219 2073 4283 unius
2098 4218 2350 4283 mobilis
2386 4223 2590 4302 potest
2613 4238 2749 4285 esse
2787 4221 3124 4304 multiplex
3177 4225 3411 4300 motor,

1875 4330 1940 4390 et
1953 4345 2130 4391 unus
2150 4329 2359 4391 motor
2375 4327 2582 4391 multa
2599 4332 2803 4411 potest
2826 4347 3110 4408 movere,
3132 4328 3415 4393 maxime

1871 4434 2137 4517 quando
2188 4433 2298 4498 illa
2358 4434 2597 4499 habent·
2641 4435 2921 4519 aliquem
2972 4437 3282 4502 ordinem.
3337 4435 3415 4500 Et

1876 4540 2028 4623 quia
2053 4539 2275 4605 divino
2297 4541 2537 4623 iudicio
2563 4544 2780 4608 anima
2808 4545 3124 4627 peccatrix
3150 4542 3414 4625 subjici-

1875 4650 1984 4710 tur
2004 4646 2283 4710 daemoni
2319 4648 2673 4728 obsidenti,
2716 4651 2880 4716 sicut
2905 4651 3129 4716 tortori
3154 4655 3221 4716 et
3245 4650 3414 4715 affli-

1877 4754 2082 4835 genti,
2102 4753 2254 4818 hinc
2276 4758 2375 4819 est
2400 4756 2573 4838 qaod
2591 4757 2784 4822 simul
2807 4758 2878 4821 in
2902 4759 3126 4822 eodem
3152 4776 3415 4842 corpore

1878 4879 2014 4925 esse
2040 4865 2307 4944 possunt
2337 4867 2447 4927 :et
2484 4882 2598 4947 per
2632 4865 2757 4930 hoc
2776 4869 2952 4949 patet
2973 4868 3304 4950 responsio
3334 4867 3416 4932 ad

1876 4969 2185 5033 ultimum
2230 4971 2403 5053 quod
2433 4972 2850 5054 objiciebatur
2895 4973 2973 5038 de
3007 4975 3417 5040 coexistentia

1871 5078 2155 5142 duorum
2173 5078 2543 5161 spirituum.
2566 5077 2711 5145 Non
2728 5082 2907 5145 enim
2922 5085 3017 5146 est
3039 5082 3243 5147 simile
3255 5130 3274 5161 ‚
3297 5101 3416 5166 pro

1875 5201 1956 5249 eo
1980 5185 2155 5267 quod
2180 5184 2272 5248 1111
2288 5234 2308 5267 ,
2336 5188 2629 5269 utsupra
2656 5187 2909 5253 dictum
2937 5193 3063 5269 at,
3095 5193 3416 5273 repugnat

1880 5296 2036 5361 ordo
2054 5296 2515 5376 universitatis;
2545 5296 2701 5362 huic
2725 5304 2943 5366 autem
2971 5305 3279 5368 consonat
3302 5319 3417 5368 or-

1939 5433 2021 5500 (a)
2048 5432 2137 5486 Δι.
2156 5434 2531 5502 ammianus,
2558 5436 2727 5490 mna.
