4125 6225
660 397 781 459 m

660 529 923 610 faciunt,
943 529 1153 614 primo
1178 548 1294 614 per
1311 530 1536 614 virgas
1561 530 1902 613 Magorum
1927 554 1945 612 3
1981 533 2198 598 dicen-

661 636 810 702 dum
837 637 1009 720 quod
1035 638 1272 702 veritas
1287 642 1382 703 est
1400 688 1419 719 ,
1440 639 1612 722 quod
1639 638 1874 704 Glossae
1900 640 2205 706 videntur

662 743 783 809 sibi
810 744 1070 809 obviare
1097 744 1336 810 ibidem
1368 752 1863 812 :verumtamen
1905 747 2030 812 hoe
2057 766 2205 812 ma-

662 851 768 935 gis
798 855 1066 930 sonant,
1096 853 1269 935 quod
1306 870 1493 917 veros
1535 859 1856 937 serpentes
1881 856 2201 936 fecerunt3

666 962 730 1023 et
753 957 1167 1024 denominant
1191 959 1277 1023 ibi
1309 963 1629 1043 serpentes
1659 979 1698 1025 a
1725 960 1991 1026 materia
2035 980 2208 1045 prae-

668 1065 1000 1146 existente,
1029 1066 1194 1131 sicut
1218 1070 1577 1150 serpentem
1601 1066 1801 1151 Moysi
1817 1074 2052 1135 vocant
2078 1071 2209 1134 vir-

668 1192 824 1256 gam
847 1222 864 1253 ‚
911 1174 1056 1238 licet
1092 1193 1289 1241 verus
1325 1178 1489 1241 esset
1530 1194 1792 1259 serpens
1840 1198 1857 1241 ε
1891 1177 1981 1242 sic
2021 1182 2086 1242 et
2129 1178 2209 1243 de

666 1281 809 1346 aliis
829 1280 1336 1363 intelligendum.

751 1393 811 1453 ὅ.
861 1389 961 1454 Ad
1000 1389 1159 1455 illud
1216 1391 1386 1474 quod
1442 1390 1746 1474 objicitur
1763 1439 1780 1469 ‚
1812 1391 1986 1475 quod
2032 1391 2212 1456 Anti-

672 1506 944 1571 christus
987 1507 1176 1572 faciet
1222 1507 1411 1590 signa
1459 1508 1824 1588 mendacia3
1869 1507 2213 1572 dicendum

672 1613 844 1696 quod
873 1612 1028 1678 illud
1058 1613 1472 1695 intelligitur,
1505 1631 1637 1678 non
1673 1613 1828 1697 quia
1865 1633 1997 1680 non
2026 1614 2215 1680 faciet

673 1719 887 1802 aliqua
915 1718 1105 1802 signa
1133 1720 1387 1785 veracia
1417 1720 1769 1785 secundum
1819 1724 2212 1786 transmuta-

673 1828 916 1892 tionem
944 1827 1289 1892 formarum
1310 1849 1329 1907 3
1348 1826 1457 1892 sed
1480 1845 1613 1893 non
1626 1829 1898 1908 veracia,
1925 1828 2215 1894 habendo

676 1940 991 2019 aspectum
1032 1935 1135 2000 vel
1173 1939 1535 2018 respectum
1572 1936 1651 2000 ad
1687 1936 1887 2000 finem
1909 1985 1928 2016 ,
1959 1937 2097 2001 sive
2135 1937 2218 2002 ad

674 2042 1096 2107 intentionem
1128 2061 1145 2106 ε
1180 2043 1333 2125 quia
1359 2043 1441 2107 ad
1466 2043 1590 2107 hoc
1614 2043 1823 2121 faciet,
1858 2047 1931 2108 ut
1959 2045 2218 2108 menda-

678 2151 852 2215 cium
883 2154 948 2215 et
974 2150 1203 2215 falsum
1235 2150 1631 2233 persuadeat.

760 2262 822 2323 6.
852 2258 952 2323 Ad
988 2258 1145 2322 illud
1174 2258 1346 2340 quod
1375 2257 1673 2340 objicitur
1717 2258 1795 2321 de
1835 2257 2047 2339 glossa
2081 2258 2217 2323 Au-

682 2366 960 2449 gustini,
1011 2365 1353 2431 dicendum
1400 2365 1573 2448 quod
1630 2365 2033 2447 Augustinus
2090 2385 2221 2430 non

684 2478 883 2556 negat
932 2475 1092 2558 quin
1122 2472 1359 2557 aliquid
1387 2473 1585 2557 possit
1614 2473 2017 2537 daemonibus
2043 2473 2223 2537 attri-

683 2583 798 2647 bui
815 2605 833 2662 ;
881 2584 988 2649 sed
1039 2582 1208 2666 quod
1263 2599 1397 2646 non
1447 2581 1666 2645 omnia
1721 2584 1872 2645 sunt
1921 2580 2012 2645 eis
2041 2581 2224 2645 attri-

682 2690 965 2768 buenda,
998 2690 1199 2754 immo
1234 2688 1530 2773 quaedam
1573 2686 2012 2753 attribuuntur
2038 2687 2226 2752 bonis

683 2798 952 2880 angelis.

765 2911 803 2971 7
843 2911 904 2971 et
940 2910 1001 2971 8.
1053 2905 1150 2970 Ad
1192 2905 1351 2970 duas
1393 2908 1726 2988 sequentes
1768 2903 2043 2968 rationes
2092 2922 2228 2968 non

686 3018 933 3100 oportet
976 3012 1409 3097 respondere:
1449 3030 1682 3077 verum
1739 3011 1914 3077 enim
1966 3010 2228 3075 conclu-

687 3125 870 3202 dunt,
903 3122 1133 3188 scilicet
1174 3123 1346 3204 quod
1383 3120 1654 3203 angelus
1692 3120 1950 3203 propria
1988 3120 2229 3185 virtute

688 3251 820 3299 non
862 3236 1066 3316 potest
1115 3231 1351 3294 formas
1402 3226 1723 3292 naturales
1775 3231 2224 3304 transmutare,

690 3341 825 3406 sive
854 3340 1177 3418 inducere,
1210 3336 1316 3402 vel
1353 3335 1664 3399 adducere
1712 3334 1790 3399 de
1836 3332 2120 3416 potentia
2158 3333 2231 3397 in

690 3451 926 3512 actum.

772 3561 833 3620 9.
852 3554 951 3619 Ad
968 3553 1125 3618 illud
1142 3552 1315 3635 quod
1328 3551 1556 3615 ultimo
1573 3550 1872 3634 objicitur
1894 3572 1909 3614 :
1943 3573 1975 3611 (t
1989 3549 2057 3613 Si
2081 3566 2231 3614 vere

693 3662 926 3738 educit,
977 3678 1128 3725 vere
1158 3659 1306 3724 facit
1332 3658 1673 3737 miracula3
1718 3676 1875 3739 ergo
1923 3657 2233 3721 miracula

695 3774 845 3835 sunt
871 3768 1057 3850 signa
1083 3767 1367 3832 fallibilia
1396 3788 1413 3833 ς
1441 3784 1598 3848 ergo
1625 3784 1759 3830 non
1784 3769 1937 3829 sunt
1954 3765 2234 3829 efficacia

695 3883 930 3943 nostrae
955 3876 1103 3941 fidei
1129 3875 1490 3940 testimonia
1513 3895 1529 3954 ;
1556 3896 1586 3936 n
1618 3873 1959 3939 dicendum
1983 3872 2064 3936 ad
2087 3873 2230 3952 hoc,

696 3987 868 4071 quod
898 3985 1018 4050 etsi
1043 3985 1172 4049 sint
1193 4002 1346 4049 vera
1389 4001 1583 4066 opera
1601 4030 1619 4063 ,
1650 4000 1782 4046 non
1823 3986 2041 4046 tamen
2084 3987 2238 4045 sunt

698 4112 851 4159 vera
879 4092 1187 4158 miracula
1215 4140 1233 4169 ,
1264 4090 1569 4174 quoniam
1601 4089 1910 4154 miracula
1928 4106 2060 4153 non
2084 4092 2238 4153 sunt

698 4223 812 4288 per
837 4203 974 4270 vim
1016 4206 1264 4267 naturae
1280 4241 1318 4282 ,·
1344 4199 1453 4264 sed
1482 4217 1597 4283 per
1633 4198 1769 4264 vim
1811 4216 2006 4281 supra
2048 4202 2237 4263 natu-

698 4331 863 4390 ram,
894 4328 1041 4394 quae
1071 4314 1165 4376 est
1189 4308 1440 4391 agentis
1464 4306 1688 4391 primi;
1724 4312 1871 4372 sunt
1922 4307 2096 4371 enim
2125 4327 2234 4372 su-

699 4437 817 4503 pra
856 4418 1207 4483 facultatem
1260 4419 1533 4496 naturae,
1562 4418 1630 4480 et
1680 4415 1823 4480 ideo
1866 4417 2242 4478 attestantur

701 4525 1176 4608 omnipotentiae
1205 4523 1490 4588 facientis
1541 4545 1557 4586 :
1611 4523 1722 4587 sed
1753 4541 1948 4605 opera
1975 4539 2125 4604 quae
2153 4522 2244 4585 fa-

703 4635 884 4700 ciunt
940 4633 1267 4698 daemones
1289 4678 1306 4710 ,
1343 4630 1460 4694 etsi
1514 4629 1824 4694 miracula
1868 4629 2239 4710 videantur,

703 4745 860 4830 quia
884 4745 1051 4808 flunt
1081 4742 1148 4806 in
1172 4743 1459 4823 tempore
1486 4757 1619 4803 non
1642 4737 2075 4822 perceptibili,
2110 4754 2242 4801 non

702 4858 919 4919 tamen
946 4855 1098 4916 sunt
1120 4867 1275 4915 vera
1292 4846 1627 4923 miracula,
1660 4846 1814 4929 quia
1840 4847 2007 4910 flunt
2033 4844 2100 4908 vi
2134 4864 2244 4909 na-

705 4968 894 5030 turae.
927 4961 1227 5025 Attamen
1253 4957 1307 5021 si
1336 4956 1617 5039 objicias,
1649 4956 1820 5037 quod
1849 4960 2085 5020 natura
2111 4973 2243 5019 non

706 5077 910 5158 potest
921 5070 1008 5134 ita
1028 5069 1150 5133 cito
1164 5066 1435 5151 operari,
1456 5064 1802 5130 dicendum
1821 5062 1993 5146 quod
2009 5082 2243 5129 verum

708 5184 806 5247 est
831 5180 909 5243 de
936 5178 1057 5241 hac
1094 5181 1326 5240 natura
1359 5189 1484 5258 ‘per
1521 5192 1622 5251 se;
1653 5170 1764 5236 sed
1804 5171 2014 5236 taliter
2042 5176 2249 5255 potest

709 5305 846 5353 esse
871 5285 1089 5370 adjuta
1118 5289 1181 5348 et
1208 5284 1588 5362 confortata,
1619 5280 1724 5346 vel
1767 5280 2007 5344 consita
2053 5282 2248 5346 rebus

711 5392 1258 5473 convenientibus,
1291 5396 1364 5458 ut
1386 5390 1572 5478 quasi
1595 5397 1856 5474 repente
1872 5395 2251 5474 prorumpat

1805 396 2426 465 SENTENTIARUM
2459 399 2610 465 LIB.
2650 400 2732 467 11.

2306 536 2375 600 in
2403 536 2723 615 effectum,
2755 538 2920 604 sicut
2961 543 3133 623 patet
3168 539 3249 605 de
3296 539 3708 622 generatione
3742 559 3834 605 ra·

2312 661 2549 709 narum
2564 694 2582 723 ,
2610 664 2771 729 quas
2792 648 2872 711 de
2897 647 3285 730 quibusdam
3309 646 3479 712 foliis
3504 647 3574 709 in
3600 646 3835 713 modico

2312 756 2598 836 tempore
2642 755 2817 818 nasci
2868 754 3207 837 contingit.
3251 753 3319 820 Si
3354 759 3574 819 autem
3600 772 3839 836 quaeras

2312 879 2444 943 quo
2464 862 2652 926 modo
2668 862 3109 927 discernantur
3122 862 3494 946 hujusmodi
3512 861 3836 939 miracula,

2314 968 2657 1034 dicendum
2685 970 2882 1053 quod,
2912 971 3029 1034 etsi
3051 970 3440 1036 conveniant
3466 971 3537 1033 in
3564 972 3837 1049 materia,

2314 1075 2618 1141 differunt
2634 1081 2852 1141 tamen
2878 1096 2961 1142 ex
2988 1082 3164 1161 parte
3186 1077 3559 1161 principalis
3579 1078 3841 1158 agentis,

2314 1189 2379 1248 et
2420 1202 2503 1247 ex
2535 1189 2714 1267 parte
2759 1184 3054 1265 ministri,
3104 1204 3187 1249 ex
3226 1191 3402 1268 parte
3453 1185 3603 1248 finis
3626 1232 3645 1260 ,
3676 1188 3738 1247 et
3774 1202 3849 1248 ex

2316 1294 2494 1373 parte
2542 1292 2712 1355 facti.
2761 1291 2857 1356 Ex
2902 1297 3082 1375 parte
3128 1293 3498 1376 principalis
3549 1293 3796 1375 agentis
3829 1312 3845 1356 :

2317 1417 2471 1463 nam
2500 1400 2569 1462 in
2597 1400 2924 1464 miraculis
2941 1400 3174 1465 divinis
3196 1405 3495 1484 operatur
3521 1418 3726 1481 agens
3743 1418 3853 1483 po-

2317 1507 2533 1571 tentiae
2560 1507 2854 1587 infinitae,
2883 1512 2949 1572 et
2977 1527 3172 1591 supra
3204 1512 3541 1587 naturam;
3572 1509 3643 1571 in
3672 1509 3850 1573 mira-

2319 1613 2478 1677 culis
2503 1613 2872 1677 daemonum
2893 1617 3194 1697 operatur
3213 1615 3415 1680 virtus
3438 1621 3696 1679 naturae
3710 1614 3853 1680 mul·

2316 1720 2616 1802 tipliciter
2650 1720 2869 1803 adjuta
2906 1739 3022 1804 per
3060 1726 3321 1785 naturas
3348 1722 3525 1785 alias.
3560 1720 3663 1786 Ex
3692 1726 3854 1804 parte

2322 1828 2596 1891 ministri
2626 1845 2817 1892 :nam
2842 1827 2950 1891 Dei
2978 1829 3285 1893 miracula
3308 1830 3477 1892 flunt
3505 1847 3623 1911 per
3655 1829 3854 1910 publi-

2322 1951 2463 1998 cam
2482 1934 2801 2016 justitiam
2837 1935 3192 1999 secundum
3219 1937 3593 2013 veritatem,
3642 1935 3745 2000 vel
3770 1955 3855 1999 se·

2325 2042 2612 2107 cundum
2640 2044 3113 2126 apparentiam3
3148 2043 3257 2107 sed
3296 2043 3609 2107 miracula
3634 2043 3856 2108 daemo-

2325 2168 2484 2213 num
2520 2150 2689 2214 fiunt
2717 2170 2831 2234 per
2860 2150 3141 2233 privatos
3166 2154 3559 2227 contractuS,
3602 2157 3671 2215 et
3696 2170 3857 2233 quae-

2327 2258 2478 2323 dam
2507 2277 2762 2323 arcana.
2794 2257 2874 2322 Et
2898 2258 3022 2323 boc
3049 2260 3340 2342 estquod
3371 2236 3524 2323 dicit
3547 2260 3858 2341 Augusti·
3974 2246 3979 2250 ’
4106 2232 4109 2263 Ϋ

2328 2384 2453 2429 nus
2470 2414 2489 2445 ,
2520 2366 2692 2448 quod
2717 2367 2870 2431 boni
2906 2366 3145 2430 faciunt
3177 2366 3484 2431 miracula
3508 2385 3624 2449 per
3652 2367 3858 2449 publi-

2332 2491 2474 2537 cam
2495 2474 2846 2556 justitiam,
2882 2473 3006 2539 hoc
3041 2480 3165 2554 est,
3206 2494 3319 2558 per
3363 2475 3560 2539 fldem
3606 2494 3855 2554 veram,

2330 2599 2478 2664 quae
2517 2599 2669 2645 vere
2689 2583 3033 2664 justificat,
3073 2601 3270 2665 quam
3309 2584 3546 2647 veritas
3571 2584 3862 2648 omnibus

2331 2689 2666 2772 praedicat3
2700 2690 2853 2753 mali
2878 2691 3205 2755 christiani
3237 2710 3351 2774 per
3378 2691 3572 2773 signa
3600 2690 3861 2773 publicae

2323 2797 2591 2878 justitiae
2609 2845 2627 2875 ,
2650 2795 2804 2879 quia
2827 2796 3017 2862 fldem
3046 2798 3310 2876 habent,
3342 2801 3408 2861 et
3431 2797 3741 2863 videntur
3763 2797 3865 2860 ha-

2332 2903 2483 2967 bere
2514 2921 2741 2985 opera;
2777 2904 2885 2967 sed
2913 2905 3090 2985 magi
3132 2923 3247 2986 per
3276 2905 3561 2987 privatos
3585 2909 3867 2968 contrac-

2335 3014 2459 3089 tuS,
2489 3016 2555 3073 et
2593 3009 2716 3073 hoc
2741 3010 3034 3093 estquod
3064 3011 3297 3075 dicitur
3331 3010 3401 3074 in
3436 3009 3660 3075 Exodo
3690 3019 3735 3090 ²,
3764 3028 3870 3093 per

2333 3120 2840 3198 incantationes,
2884 3125 2945 3185 et
2994 3136 3237 3185 arcana
3292 3118 3612 3202 quoedam.
3666 3118 3871 3202 HuJus

2334 3226 2602 3306 signum
2623 3230 2740 3300 est,
2760 3227 3039 3309 quodibi
3059 3232 3210 3291 sunt
3226 3228 3636 3291 tenebrarum
3659 3246 3867 3311 opera,

2334 3333 2488 3416 quia
2511 3335 2672 3416 'qui
2710 3334 2871 3399 male
2908 3336 3083 3416 aqit,
3125 3334 3266 3401 odit
3310 3334 3530 3400 lucem.
3572 3333 3673 3398 Ex
3702 3339 3872 3417 parte

2334 3442 2483 3506 finis
2521 3441 2825 3506 differunt
2863 3440 3173 3521 similiter,
3223 3441 3376 3524 quia
3413 3442 3732 3506 miracula
3770 3441 3873 3505 Dei

2337 3550 2506 3614 flunt
2530 3547 2610 3613 ad
2636 3547 3002 3628 utilitatem,
3030 3552 3095 3612 et
3118 3549 3404 3615 divinam
3432 3550 3749 3630 gloriam3
3773 3547 3875 3612 sed

2339 3675 2717 3738 magorum,
2752 3656 2831 3719 ad
2871 3656 3304 3738 deceptionem
3339 3660 3401 3719 et
3442 3655 3726 3737 gloriam
3767 3674 3877 3718 va-

2339 3781 2525 3839 nam,
2554 3767 2616 3826 et
2643 3762 3082 3826 excellentiam
3113 3784 3128 3826 :
3159 3763 3331 3827 unde
3349 3770 3500 3827 sunt
3523 3764 3711 3845 quasi
3741 3765 3875 3826 inu-

2340 3870 2494 3934 tilia.
2542 3869 2855 3934 Differunt
2908 3871 3102 3934 etiam
3152 3889 3235 3934 ex
3274 3875 3454 3951 parte
3497 3870 3643 3934 facti
3665 3919 3683 3947 ,
3732 3872 3879 3953 quia

2343 3980 2667 4043 daemones
2693 3980 2933 4043 faciunt
2968 3978 3340 4060 hujusmodi
3373 3978 3527 4041 vilia
3573 3985 3636 4041 et
3680 3979 3876 4042 inuti-

2340 4086 2459 4165 lia;
2505 4086 2814 4150 miracula
2838 4104 2993 4150 vero
3020 4085 3236 4150 divina
3270 4090 3422 4149 sunt
3460 4086 3644 4150 valde
3673 4105 3880 4151 neces·

2344 4193 2512 4257 saria
2535 4197 2601 4257 et
2639 4192 2838 4257 utilia.
2886 4191 3059 4256 Unde
3100 4191 3423 4257 daemones
3464 4194 3749 4257 maxime
3789 4194 3880 4257 sa-

2347 4311 2526 4376 ciunt
2558 4329 2747 4374 ranas
2773 4314 2836 4373 et
2862 4314 3184 4391 serpentes
3202 4358 3219 4385 ,
3248 4302 3403 4391 q'uia
3433 4309 3574 4373 baec
3604 4310 3684 4375 de
3720 4311 3882 4375 facili

2349 4418 2793 4501 producuntur
2847 4416 3210 4499 operatione
3259 4420 3510 4479 naturae
3529 4465 3547 4493 ,
3612 4423 3677 4481 et
3735 4421 3885 4501 quia

2350 4527 2571 4592 divino
2588 4526 2829 4608 judicio
2846 4524 3057 4604 magis
3081 4523 3539 4606 permittuntur
3556 4525 3638 4590 ad
3657 4528 3887 4609 prioris

2349 4635 2496 4700 facti
2524 4634 2921 4698 memoriam.
2945 4630 3123 4696 Unde
3145 4632 3236 4695 sic
3253 4629 3419 4695 Deus
3440 4634 3757 4715 temperat
3780 4654 3887 4717 po·

2350 4741 2614 4805 tentiam
2648 4745 2712 4804 et
2740 4741 3039 4804 astutiam
3079 4738 3454 4803 diabolicam
3470 4788 3489 4818 ,
3548 4746 3621 4803 ut
3656 4742 3748 4805 sic
3776 4762 3884 4823 pa-

2351 4848 2546 4912 tiatur
2571 4866 2724 4912 eum
2757 4864 3053 4930 perverse
3080 4846 3346 4923 imitari,
3377 4849 3450 4909 ut
3475 4846 3545 4909 in
3576 4847 3717 4929 ipsa
3742 4849 3888 4911 imi-

2351 4957 2592 5021 tatione
2623 4957 2863 5039 possint
2891 4956 3188 5020 seducere
3221 4954 3421 5017 malos
3444 4958 3635 5036 juxta
3661 4975 3884 5021 eorum

2354 5064 2582 5127 merita
2633 5062 2833 5141 mala,
2890 5062 3132 5145 possint
3177 5064 3371 5125 etiam
3416 5062 3805 5144 deprehendi
3847 5083 3885 5127 a

2356 5171 2575 5251 boniS,
2608 5176 2673 5234 et
2711 5173 2787 5235 ut
2814 5170 2970 5233 fides
3002 5169 3195 5232 simul
3220 5187 3369 5231 cum
3408 5169 3732 5233 miraculis
3764 5169 3886 5232 ha-

2356 5280 2503 5344 beat
2525 5278 2762 5343 locum.
2796 5276 2864 5342 Si
2891 5276 3068 5342 enim
3094 5276 3263 5341 solus
3281 5275 3446 5341 Deus
3461 5281 3526 5342 et
3546 5279 3686 5360 ejus
3708 5276 3874 5341 servi

2426 5403 2760 5470 ¹Ea=od0‚vn‚
2782 5403 3162 5468 tim-Um„
3184 5409 3265 5466 111,
3288 5403 3368 5452 2⁰.
