4125 6225
1202 464 1394 540 DIST.
1432 464 1614 539 an.
1656 462 1838 538 ΛΒΤ.
1882 461 1932 539 l.
1976 462 2274 551 QUAEST.
2319 462 2399 541 Ῐῐ.

241 614 456 683 tandum
479 618 576 681 oet
597 613 770 698 quod
798 626 982 697 posse
1006 611 1200 692 aliud,
1231 611 1365 675 sive
1389 611 1460 674 in
1486 608 1659 674 aliud
1682 620 1722 673 a

239 744 305 803 se,
324 725 428 789 hoc
451 729 545 787 est
583 721 920 806 dupliciter
949 743 965 783 t
1013 724 1127 784 aut
1156 720 1226 783 in
1264 716 1436 784 aliud
1463 719 1627 783 sicut
1651 718 1722 782 in

237 836 554 899 distinctum
595 831 675 915 (a)
713 830 1067 895 secundum
1103 829 1470 908 essentiam,
1519 831 1583 893 et
1628 846 1724 892 re-

239 946 440 1006 motum
476 939 831 1005 secundum
870 937 1233 1003 distantiam
1258 985 1275 1014 ,
1312 938 1475 1001 sicut
1515 955 1723 1002 unum

238 1047 578 1112 contrarium
624 1048 766 1129 agit
794 1047 865 1109 111
910 1046 1112 1123 aliud,
1157 1046 1311 1129 quia
1336 1045 1720 1129 impossihile

237 1154 306 1219 εἰ
327 1155 438 1218 duo
455 1154 770 1218 contraria
799 1171 936 1217 esse
962 1154 1030 1217 in
1053 1150 1276 1218 eodem
1306 1152 1587 1236 subjecto
1615 1172 1630 1216 ε
1662 1157 1727 1216 et

235 1258 328 1324 hoc
357 1261 537 1325 modo
575 1279 757 1344 posse
796 1261 868 1324 in
902 1256 1078 1325 aliud
1112 1264 1207 1325 est
1242 1280 1357 1344 per
1394 1278 1725 1343 egressum

234 1368 487 1448 potentiae
528 1388 566 1432 a
598 1369 950 1433 substantia
969 1419 985 1446 ‚
1014 1374 1077 1434 et
1116 1370 1260 1434 ideo
1295 1374 1389 1434 est
1429 1369 1518 1432 ibi
1544 1367 1725 1432 elon-

236 1477 373 1555 gatio
420 1480 479 1539 et
517 1475 836 1540 distantia.
872 1475 952 1540 Et
977 1476 1130 1559 qnia
1154 1475 1494 1558 elongatur
1536 1494 1577 1539 a
1610 1493 1728 1541 sua

233 1583 560 1663 mhstantia,
585 1582 728 1648 ideo
745 1584 978 1667 pendet
1001 1603 1041 1648 a
1065 1584 1415 1649 substantia
1437 1584 1507 1647 in
1530 1603 1727 1668 quam

236 1690 388 1770 agit:
427 1694 484 1755 et
523 1691 668 1755 ideo
703 1696 800 1756 est
843 1692 933 1755 ibi
968 1691 1387 1775 dependentia
1416 1714 1430 1756 :
1476 1696 1541 1758 et
1576 1694 1729 1776 quia

234 1796 486 1862 distantia
509 1803 571 1862 et
593 1798 1047 1882 dependentia,
1072 1794 1214 1864 ideo
1253 1794 1643 1883 imperfectio
1665 1804 1728 1865 et

233 1903 564 1986 indigentia.
586 1905 722 1971 Hoc
749 1907 939 1972 modo
966 1908 1232 1991 possein
1251 1908 1424 1973 aliud
1445 1907 1573 1973 Deo
1597 1927 1730 1973 non

233 2015 490 2096 competit
513 2018 768 2097 propter
794 2018 923 2079 tres
957 2014 1345 2080 conditiones
1368 2016 1719 2100 medietas,

235 2119 371 2184 sicut
405 2125 718 2186 ostensum
764 2126 901 2201 est;
938 2124 1094 2204 quia
1126 2126 1450 2206 repugnat
1493 2118 1729 2190 divinae

234 2226 515 2309 potentiae,
546 2228 711 2293 sicut
735 2229 1059 2307 distantia,
1086 2228 1523 2313 dependentia,
1550 2236 1615 2296 et
1639 2231 1730 2295 in-

235 2331 496 2416 digentia.
532 2334 674 2400 Auo
720 2337 913 2401 modo
954 2346 1137 2420 posse
1179 2338 1248 2401 in
1291 2337 1464 2403 aliud
1500 2338 1732 2404 dicitur

236 2441 370 2507 sicut
401 2444 463 2508 in
503 2445 784 2511 divisum
834 2446 908 2529 (b)
959 2446 1313 2510 secundum
1360 2446 1635 2512 sormam
1669 2450 1733 2511 et

236 2554 558 2632 essentiam,
598 2564 734 2619 non
779 2558 998 2618 tamen
1034 2556 1103 2618 in
1145 2558 1464 2620 remotum
1496 2570 1730 2620 secun-

237 2655 367 2723 dum
402 2660 669 2743 aliquam
715 2662 1079 2728 distantiam
1105 2710 1122 2740 ‚
1164 2663 1316 2746 quia
1365 2662 1583 2728 divina
1631 2678 1731 2728 es-

240 2769 435 2848 sentia,
464 2770 612 2835 dum
633 2775 966 2853 operatur,
994 2771 1223 2835 intime
1252 2775 1346 2835 est
1380 2773 1452 2835 in
1481 2771 1590 2836 illo
1623 2791 1639 2836 ε
1668 2770 1733 2836 et

242 2871 340 2937 hoc
361 2877 531 2940 modo
554 2892 672 2942 nec
701 2879 882 2960 ponit
906 2878 1266 2943 distantiam
1292 2928 1309 2958 ,
1337 2880 1459 2943 ‘nec
1489 2878 1731 2962 depen-

241 2979 497 3062 dentiam,
522 3000 637 3050 nec
656 2984 1101 3067 indigentiam.
1131 2985 1291 3052 Cum
1318 2987 1491 3050 enim
1510 2986 1732 3052 divina

244 3092 470 3156 &sentia
501 3092 580 3158 sit
601 3094 780 3159 omni
808 3094 1190 3178 perfecflone
1209 3095 1504 3178 perfecta,
1533 3099 1597 3160 et
1623 3100 1732 3178 po-

245 3198 403 3262 tentia
438 3202 572 3283 ejus
610 3202 693 3265 sit
732 3201 1103 3267 omnimoda
1144 3201 1524 3268 indivisione
1555 3201 1728 3266 indi—

249 3303 371 3383 visa,
396 3325 432 3371 a
459 3308 634 3373 nulio
662 3307 789 3374 alio
819 3308 1130 3392 dependet
1147 3359 1165 3391 ,
1198 3311 1376 3375 nullo
1408 3307 1538 3376 aiio
1571 3311 1731 3375 indi-

253 3417 371 3492 get:
394 3413 509 3481 hoc
528 3436 683 3500 ergo
708 3416 898 3482 modo
923 3417 1289 3500 ponendum
1313 3468 1331 3500 ,
1371 3417 1542 3502 quod
1565 3417 1734 3484 Dens

255 3526 409 3600 potat
438 3523 501 3586 in
539 3525 713 3589 aliud
750 3543 793 3589 a
820 3524 1088 3606 se,sive
1111 3521 1284 3591 aliud
1322 3535 1476 3593 ase.
1508 3521 1735 3593 Exhis

259 3632 383 3708 patet
403 3632 601 3714 primo
631 3631 975 3715 objectum.

311 3735 360 3794 t.
386 3732 550 3809 Quod
579 3736 756 3798 enim
795 3729 1032 3817 objicit,
1067 3758 1099 3798 α
1121 3734 1406 3801 Potentia
1446 3747 1594 3820 (111ae
1639 3739 1735 3805 est

260 3833 465 3904 inaliud
490 3841 818 3923 egreditur
845 3842 927 3906 ab
970 3845 1202 3925 agente
1243 3844 1314 3907 in
1357 3857 1618 3927 passum
1641 3893 1658 3922 ,
1687 3859 1720 3906 n

259 3939 536 4011 dicendum
557 3949 728 4031 qnod
748 3949 872 4013 hoc
896 3965 1128 4015 verum
1150 3953 1265 4030 est,
1302 3951 1415 4015 11111
1441 3967 1641 4034 agens
1658 3951 1730 4016 in

260 4051 387 4118 aliud
420 4071 543 4120 non
574 4061 670 4122 est
699 4058 770 4122 in
810 4058 922 4122 iilo
958 4059 1310 4124 secundum
1355 4061 1727 4140 veritatem3

258 4157 340 4222 ubi
370 4168 570 4228 autem
600 4169 700 4230 est
730 4166 994 4230 omnino
1015 4213 1035 4246 ,
1059 4165 1239 4231 nulia
1276 4166 1613 4232 necessitas
1636 4172 1730 4231 est

258 4266 580 4343 egrediendi.

315 4373 364 4437 1,
384 4375 470 4441 Ad
505 4377 657 4442 iilud
685 4376 861 4461 quod
890 4377 1223 4460 objicitur,
1253 4377 1425 4460 quod
1447 4377 1729 4460 potentia

261 4485 372 4559 quae
393 4486 477 4546 aet
510 4484 576 4548 in
610 4483 784 4550 atiud
828 4485 1063 4568 pendet
1092 4495 1175 4549 ex
1206 4484 1317 4548 iilo
1337 4531 1357 4564 ,
1391 4484 1731 4549 dicendum

264 4587 393 4666 quod
425 4590 534 4656 hoc
555 4605 782 4657 verum
827 4594 905 4657 de
934 4592 1043 4657 illo
1063 4641 1082 4672 ,
1111 4594 1298 4676 cnjus
1340 4593 1503 4657 actio
1542 4593 1730 4659 estin

267 4691 396 4761 atiud
412 4704 695 4784 tanquam
735 4701 807 4765 in
839 4703 1195 4766 sustentans
1225 4700 1486 4767 :divina
1510 4703 1729 4766 autem

267 4807 491 4883 potentia
512 4821 638 4875 non
673 4809 928 4892 indiget
951 4803 1078 4874 aiio
1098 4811 1487 4876 sustentante
1504 4827 1522 4891 ;
1552 4809 1728 4894 quod

270 4915 419 4994 patet,
440 4918 574 5000 quia
593 4929 723 4983 non
741 4917 988 5000 indiget
1009 4915 1270 4981 materia
1294 4917 1597 5000 subjecta,
1618 4917 1728 4982 sed

277 5012 693 5092 tacitexnihiio.
720 5024 799 5091 Et
823 5024 988 5091 ratio
1011 5023 1209 5108 hujus
1230 5027 1362 5105 est,
1393 5028 1550 5107 qma
1574 5031 1725 5090 cnm

331 5163 423 5229 ¹cs.
445 5165 564 5219 Alex,
589 5171 804 5234 Mensis,
841 5184 893 5234 p.
921 5171 974 5232 1,
1005 5179 1057 5235 q.
1078 5180 1201 5232 xxi,
1237 5168 1428 5219 memb.
1454 5163 1475 5218 1
1499 5206 1516 5231 ,
1541 5172 1637 5219 art.
1660 5165 1720 5231 25
1829 5157 1834 5164 ’

3243 459 3353 541 isi

1830 611 2110 692 potentia
2140 614 2236 675 est
2269 611 2533 676 omnino
2564 606 2929 677 indifferens
2956 617 3021 676 et
3043 612 3125 676 ah
3155 628 3362 678 essen-

1829 717 1917 781 tia
1947 722 2008 782 et
2035 718 2118 781 ab
2149 718 2220 801 (c)
2257 723 2434 801 actu,
2456 716 2618 785 sicut
2654 720 2921 785 essentia
2946 702 3086 785 ‘non
3116 719 3363 801 indiget

1829 827 2243 904 sustentante,
2274 826 2363 890 sic
2387 844 2504 891 nec
2525 828 2824 910 potentia.
3229 833 3233 839 '

1913 935 1973 995 3.
2010 932 2109 995 Ad
2149 932 2306 997 illud
2345 934 2515 1018 quod
2554 935 2851 1019 objicitur
2889 933 3059 1017 quod
3086 932 3365 1016 potentia

1831 1054 1978 1122 quae
2005 1039 2190 1104 estin
2218 1040 2390 1106 aliud
2417 1041 2607 1106 habet
2630 1041 3026 1125 perfectionis
3065 1041 3365 1122 indigen-

1831 1148 1988 1211 tiam
2015 1196 2034 1227 ,
2079 1147 2419 1213 dicendum
2472 1149 2645 1233 quod
2692 1150 2971 1232 potentia
3031 1160 3231 1231 agens
3296 1148 3367 1211 in

1833 1255 2008 1320 aliud
2050 1260 2145 1321 est
2192 1256 2473 1339 duplex:
2515 1258 2846 1340 quaedam,
2889 1274 3036 1340 quae
3082 1258 3177 1320 est
3210 1268 3367 1320 suus

1833 1369 2041 1447 actua„
2073 1370 2136 1431 et
2162 1368 2306 1433 talis
2333 1368 2497 1432 nihil
2530 1368 2675 1450 plns
2707 1367 2900 1431 habet
2935 1364 3190 1447 quando
3232 1362 3369 1446 agit

1831 1473 1902 1537 in
1939 1473 2113 1539 aliud
2130 1524 2149 1553 ,
2188 1490 2384 1559 quam
2431 1475 2685 1559 quando
2728 1486 2858 1538 non
2902 1473 3039 1554 agit
3056 1520 3075 1552 ,
3125 1476 3189 1535 et
3230 1470 3370 1535 haec

1834 1581 2011 1646 nullo
2038 1584 2229 1648 modo
2259 1583 2507 1666 indiget
2534 1605 2550 1647 t
2582 1587 2646 1646 et
2668 1582 2814 1646 talis
2839 1584 2934 1644 est
2962 1578 3242 1663 potentia
3262 1575 3367 1640 di-

1835 1694 1989 1760 vina
2007 1743 2024 1773 ‚
2053 1698 2313 1779 propter
2347 1710 2669 1759 summam
2709 1693 3202 1777 simplicitatem.
3226 1689 3369 1753 Alia

1835 1800 1930 1866 est
1971 1803 2251 1886 potentia
2296 1815 2494 1884 agens
2531 1802 2601 1864 in
2636 1801 2811 1865 aliud
2851 1817 2965 1884 per
2991 1802 3207 1864 actum
3235 1806 3274 1862 a
3298 1815 3366 1862 se

1836 1902 2271 1973 differentem:
2313 1906 2456 1973 talis
2496 1908 2639 1992 plus
2679 1906 2874 1972 hahet
2909 1906 3168 1990 quando
3198 1904 3369 1987 agit,

1837 2030 2034 2099 quam
2061 2014 2318 2099 quando
2344 2035 2475 2081 non
2500 2016 2638 2098 agit
2662 2022 2679 2079 t
2713 2016 2778 2079 et
2800 2010 2942 2079 talis
2968 2014 3062 2079 est
3083 2022 3231 2097 quae
3254 2008 3373 2077 ha-

1836 2120 1944 2189 bet
1984 2120 2406 2206 indigentiam
2454 2122 2670 2207 aliquo
2705 2121 2895 2187 modo
2915 2170 2934 2202 ,
2977 2123 3051 2187 ut
3094 2121 3376 2204 potentia

1837 2234 2046 2297 creata
2077 2250 2094 2297 :
2132 2246 2260 2297 non
2301 2232 2389 2296 sic
2430 2235 2525 2297 est
2559 2231 2637 2297 de
2673 2230 2954 2313 potentia
2990 2220 3207 2295 divina
3239 2242 3258 2292 t
3306 2230 3370 2292 et

1837 2328 1977 2403 ideo
1995 2339 2290 2422 quamvis
2316 2341 2398 2405 sit
2430 2339 2503 2404 in
2526 2336 2721 2415 aliud,
2761 2338 2932 2423 qnod
2958 2348 3090 2401 non
3117 2352 3367 2419 semper

1837 2453 1932 2512 est
1958 2458 2259 2531 praeseuS,
2280 2454 2541 2533 propter
2563 2449 2687 2513 hoc
2711 2450 2928 2512 tamen
2944 2454 3063 2510 nec
3081 2443 3379 2527 indigens

1838 2557 1953 2635 est,
1977 2566 2096 2621 nec
2125 2557 2527 2640 incompleta.

1918 2662 1979 2730 4.
2024 2664 2126 2731 Ad
2166 2665 2468 2729 ultimum
2497 2661 2833 2729 dicendum
2878 2658 3049 2745 quod
3092 2656 3375 2743 potentia

1839 2777 2138 2839 connotat
2179 2773 2473 2857 possibile
2502 2793 2518 2838 z
2577 2775 2639 2836 et
2682 2766 2981 2853 possibile
3027 2766 3374 2850 ampliatur

1838 2880 1917 2948 ad
1947 2898 2060 2947 ens
2084 2882 2148 2945 et
2170 2874 2250 2946 ad
2274 2896 2406 2946 non
2425 2891 2540 2945 ens
2566 2898 2583 2943 ε
2614 2883 2678 2945 et
2700 2879 2862 2943 sicut
2888 2874 3181 2960 passima
3220 2882 3369 2938 am-

1838 2989 2074 3073 pliatur
2093 3036 2111 3067 ‚
2139 2986 2229 3053 ita
2269 2994 2331 3054 et
2367 2984 2698 3054 diversitas
2732 2983 3054 3051 connotati
3083 2996 3101 3046 ·.’
3131 2985 3194 3047 et
3227 2980 3369 3045 ideo

1838 3108 1973 3162 non
1999 3096 2254 3162 tantum
2280 3097 2512 3162 dicitur
2537 3104 2719 3181 posse
2744 3095 2814 3158 in
2846 3084 3044 3172 aliud,
3082 3090 3235 3175 qnia
3256 3104 3377 3172 poa

1838 3207 1960 3271 test
2000 3205 2072 3271 in
2109 3206 2284 3271 aliud
2318 3197 2489 3289 quod
2527 3209 2659 3286 est;
2703 3204 2810 3268 sed
2859 3193 3013 3285 quia
3056 3195 3260 3283 potest
3303 3197 3373 3260 in

1839 3307 2006 3379 aliud
2032 3311 2206 3398 quod
2230 3316 2435 3398 potest
2459 3319 2592 3379 esse
2617 3334 2632 3378 :
2664 3309 2827 3377 neus
2849 3311 3067 3374 antem
3089 3315 3130 3373 a
3156 3319 3229 3371 se
3244 3307 3375 3369 noti

1839 3424 2041 3504 potest
2072 3439 2208 3488 esse
2230 3415 2407 3487 aliud
2436 3433 2454 3486 2
2484 3417 2627 3486 ideo
2656 3423 2829 3504 patet
2853 3413 3035 3482 mad.

2338 3635 2747 3732 QUAESTIO
2790 3635 2880 3714 ii.

1840 3801 1935 3860 An
1963 3804 2102 3861 Dm
2120 3804 2295 3876 possit
2319 3805 2383 3860 in
2406 3818 2576 3875 omne,
2602 3804 2674 3926 in¹
2687 3801 2829 3875 quod
2844 3803 3026 3876 potest
3051 3814 3215 3871 aqam
3231 3813 3380 3857 crea·

2523 3896 2637 3949 tum
2679 3930 2695 3947 .

1920 4057 2148 4124 Utrum
2164 4058 2331 4124 Dens
2356 4059 2551 4143 poss'rt
2583 4058 2653 4123 111
2676 4073 2867 4124 omne
2891 4053 3071 4138 illud,
3096 4058 3166 4121 in
3190 4053 3367 4140 quod
3410 4088 3618 4133 mam.

1838 4169 2042 4248 potest
2061 4183 2253 4233 omne
2279 4184 2478 4251 agens
2504 4171 2817 4247 ereatum3
2849 4170 2913 4231 et
2932 4166 3109 4250 qood
3131 4166 3243 4243 sic,
3271 4166 3375 4230 vi-¹

1839 4271 2045 4338 detur.
2082 4273 2206 4352 Qui
2245 4276 2419 4339 enim
2443 4289 2635 4339 omne
2669 4251 3051 4350 dieit‚'11ihil
3085 4272 3369 4353 nespas

1839 4382 1948 4448 sed
1974 4395 2107 4448 non
2137 4386 2388 4447 tantum
2414 4382 2686 4448 dicimus
2728 4384 2799 4447 et
2823 4381 3141 4446 credimus
3171 4378 3374 4444 Deum

1838 4494 2161 4574 potentem
2179 4538 2199 4571 ,
2252 4490 2362 4555 sed
2416 4490 2619 4555 Deum
2665 4490 3166 4574 omffipotentem
3194 4509 3212 4553 t
3262 4501 3368 4551 ora

1841 4612 1953 4681 gn,
1974 4601 2094 4663 etc.

1920 4706 2077 4772 item
2098 4754 2118 4787 ,
2150 4705 2303 4789 quia
2328 4705 2617 4771 Densest
2642 4703 3054 4783 omnisciens,
3084 4702 3228 4767 ideo
3256 4701 3377 4765 seit

1839 4815 2058 4881 omnia
2111 4821 2538 4897 quaecumque
2586 4812 2702 4876 scit
2750 4811 2921 4876 alius
2962 4810 3164 4875 sciens
3203 4811 3273 4889 ¹3
3318 4807 3374 4870 si

1838 4925 2015 4990 enim·
2043 4922 2276 5006 aliquis
2310 4922 2498 4988 sciret
2530 4921 2770 5004 aliquid
2805 4919 2979 5004 quod
3016 4936 3149 4983 non
3187 4918 3374 4982 sciret

1837 5032 2004 5099 Deus
2019 5080 2037 5112 ,
2072 5029 2236 5096 Deus
2262 5046 2394 5095 non
2420 5029 2733 5095 diceretur
2757 5025 3138 5091 omnisciens
3162 5046 3179 5089 z
3213 5041 3370 5106 ergo

285 5230 563 5304 s‘umwp·
583 5243 617 5306 ¹²
638 5255 688 5306 q·
705 5253 829 5306 ΠΥ»
854 5246 951 5292 ω·
972 5242 1031 5305 33
1064 5245 1117 5290 εἴ
1137 5239 1197 5289 ‘¹‘
1217 5240 1430 5303 Pam&
1448 5252 1556 5305 ‘1⁴¹’
1577 5243 1673 5291 m·
1694 5245 1723 5291 ⁶
1833 5265 2092 5331 menard,
2132 5265 2151 5315 l
2190 5264 2349 5327 Seni„
2390 5262 2509 5314 dist.
2536 5273 2648 5314 xm
2666 5298 2681 5326 ,
2724 5273 2775 5325 q.
2805 5271 2867 5311 111
2883 5273 2902 5322 ;
2941 5256 3119 5323 Steph.
3156 5255 3364 5320 Brutos„

291 5305 551 5374 et'531ssgid.
586 5315 794 5378 Rom.,1
835 5313 994 5376 sent„
1032 5311 1148 5363 dist.
1187 5323 1331 5376 xm,
1370 5327 1421 5375 p·
1453 5313 1534 5374 ¹¹2
1573 5326 1625 5376 <1-
1659 5325 1713 5378 13

343 5391 393 5457 (ιη
415 5398 511 5449 σαι.
527 5403 629 5455 edit.
659 5403 1024 5456 indistinctum.
1042 5427 1108 5444 -
1132 5402 1204 5468 (ὁ)
1228 5399 1352 5453 cat.
1373 5402 1495 5456 eun.
1533 5403 1724 5456 indivi-

302 5475 511 5535 Q··(⁶)
538 5477 639 5528 Coet.
654 5478 776 5528 edit.
800 5478 934 5528 deest
959 5480 1042 5530 ab.
1589 5491 1598 5500 ·

1837 5343 1857 5391 1
1887 5342 2050 5402 Seni„
2086 5338 2200 5390 dist.
2223 5349 2332 5389 xm
2353 5372 2369 5399 ,
2410 5352 2462 5402 q.
2483 5350 2555 5400 11;
2600 5338 2777 5387 Petrus
2807 5333 2873 5384 de
2900 5333 3126 5392 Tarant„
3162 5331 3179 5381 Ι
3206 5335 3365 5397 sent„

1834 5413 1953 5463 dist.
1974 5422 2101 5474 xm,
2124 5423 2175 5474 q.
2200 5421 2290 5472 v113
2322 5407 2449 5458 Gab.
2483 5410 2607 5472 Biei,
2639 5408 2657 5457 l
2683 5403 2844 5466 Sena,
2875 5405 2990 5455 dist.
3013 5413 3145 5466 1211,
3174 5417 3226 5466 q.
3258 5418 3368 5465 un„

1833 5485 1953 5536 dub.
1979 5489 2024 5535 1.
2048 5510 2101 5522 --
2122 5483 2146 5518 ²
2164 5481 2336 5544 Arist„
2362 5481 2423 5530 de
2449 5481 2596 5538 Coelo‚
2629 5479 2725 5529 liin
2747 5482 2760 5528 Ι
2773 5509 2795 5544 5
2819 5483 2955 5530 comt.
2977 5477 3054 5525 99.
