4125 6225
1305 430 1502 498 DIST.
1546 432 1650 498 XI.
1695 431 1882 500 ΛΒΤ.
1925 433 1975 499 1.
2027 433 2326 513 QUAEST.
2371 437 2423 504 1.

269 565 436 631 sicut
460 564 610 631 dicit
635 565 935 649 Magister
955 566 1026 631 in
1052 567 1298 647 littera;
1330 568 1630 651 objicitur
1656 587 1809 635 con-

268 675 369 738 tra
395 673 519 737 hoc
550 696 566 739 ε
597 672 811 738 Unum
838 674 1046 739 solum
1073 678 1168 739 est
1198 675 1380 753 illud,
1414 677 1586 760 quod
1612 680 1705 742 est
1731 678 1810 742 de

270 781 541 845 essentia
576 780 796 846 salutis
836 802 853 846 z
899 800 1056 863 ergo
1094 801 1230 849 non
1279 784 1534 849 deberet
1575 785 1806 867 dicere,

268 892 515 957 ratione
540 892 734 971 illius,
756 892 927 975 quod
958 894 1175 959 omnia
1200 894 1421 972 sciant,
1451 897 1634 978 quasi
1652 898 1811 962 bea-

269 999 476 1064 titudo
528 1002 689 1063 esset
732 999 804 1063 in
847 1000 1088 1064 multis.
1146 1001 1463 1067 Praeterea
1480 1052 1497 1078 ‚
1549 1004 1601 1068 si
1648 1005 1807 1072 illud

269 1105 597 1188 exemplar
622 1106 918 1173 divinum
945 1109 1040 1170 est
1068 1108 1235 1173 ratio
1261 1109 1580 1190 omnium,
1610 1116 1674 1175 et
1699 1113 1810 1194 qui

269 1213 596 1294 cognoscit
612 1213 923 1278 rationem
947 1213 1063 1289 rei,
1082 1214 1408 1296 cognoscit
1423 1215 1629 1298 ipsam
1646 1236 1807 1299 rem,

268 1321 524 1390 videtur
583 1321 751 1404 quod
807 1322 1079 1403 angelus
1132 1338 1357 1386 omnes
1417 1340 1521 1386 res
1572 1328 1813 1390 creatas

270 1430 631 1509 cognoscat,
666 1428 825 1492 dum
849 1427 1008 1492 illud
1033 1446 1241 1493 unum
1271 1429 1616 1510 cognoscit.
1648 1429 1728 1494 Et
1754 1432 1812 1495 si

268 1536 674 1620 profecerunt
697 1534 1053 1599 secundum
1078 1552 1447 1618 processum
1473 1536 1777 1617 temporis
1790 1585 1808 1614 ‚

272 1660 429 1724 ergo
454 1640 708 1707 videtur
725 1642 900 1724 quod
935 1660 1160 1707 eorum
1179 1642 1458 1724 cognitio
1490 1643 1813 1725 subjaceat
1840 1678 1847 1684 ·

270 1750 785 1815 transmutationi
818 1748 1151 1834 temporali
1167 1798 1185 1831 ,
1238 1751 1304 1814 et
1340 1749 1431 1814 ita
1471 1768 1604 1815 non
1632 1750 1814 1816 vide-

269 1859 497 1921 rentur
517 1874 651 1921 esse
677 1856 867 1921 beati.
1086 1930 1091 1937 ‚

350 1966 541 2049 Resp.
583 1966 932 2032 Dicendum
959 1965 1130 2049 quod
1156 1965 1435 2048 cognitio
1466 1966 1535 2029 in
1569 1964 1815 2047 angelis

271 2074 568 2159 quaedam
596 2079 689 2139 est
734 2094 774 2140 a
813 2078 1046 2139 natura
1067 2122 1085 2153 ,
1128 2072 1429 2156 quaedam
1464 2090 1620 2137 vero
1655 2075 1751 2136 est
1776 2090 1816 2137 a

270 2182 499 2267 gratia.
526 2183 815 2265 Cognitio
841 2200 996 2249 vero
1031 2199 1181 2263 quae
1212 2183 1306 2244 est
1330 2199 1370 2244 a
1394 2182 1627 2245 natura
1640 2227 1657 2256 ‚
1690 2179 1816 2244 du-

270 2290 419 2373 plex
447 2293 543 2353 est
570 2308 587 2352 ε
626 2289 924 2372 quaedam
960 2288 1133 2353 enim
1176 2287 1407 2351 dicitur
1445 2304 1581 2351 esse
1623 2306 1663 2350 a
1691 2305 1812 2351 na-

272 2400 418 2461 tura
438 2443 456 2473 ,
492 2395 645 2478 quia
686 2394 1061 2460 naturaliter
1098 2393 1335 2458 inserta
1355 2442 1373 2471 ‚
1419 2396 1493 2458 ut
1535 2394 1816 2475 cognitio

274 2520 501 2568 eorum
526 2520 676 2585 quae
703 2506 852 2566 sunt
892 2501 970 2565 de
1008 2500 1218 2583 prima
1256 2492 1484 2564 mu'ndi
1510 2501 1817 2565 constitu-

272 2611 445 2676 tione
470 2629 487 2675 :
512 2614 576 2675 et
601 2615 915 2693 quantum
943 2608 1022 2673 ad
1048 2609 1235 2687 hanc,
1268 2606 1481 2689 angeli
1507 2625 1641 2671 non
1667 2626 1815 2691 pro-

271 2720 518 2799 ficiunt,
549 2736 670 2784 nec
699 2717 1025 2797 deficiunt,
1052 2716 1205 2799 quia
1221 2719 1538 2798 quantum
1555 2716 1637 2781 ad
1652 2716 1819 2779 hanc

271 2826 514 2893 habent
561 2824 954 2890 universales
1009 2823 1247 2906 species
1299 2822 1614 2886 omnium.
1675 2822 1819 2886 Alio

277 2935 470 2998 modo
487 2934 770 3016 cognitio
800 2951 839 2996 a
863 2935 1096 2996 natura
1117 2930 1348 2996 dicitur
1371 2930 1652 3012 cognitio
1668 2948 1818 3013 quae

277 3044 371 3105 est
397 3059 515 3124 per
538 3039 897 3104 naturalem
916 3037 1290 3123 potentiam,
1312 3038 1450 3102 sive
1467 3038 1551 3101 sit
1575 3037 1815 3116 innata,

275 3151 410 3216 sive
436 3150 518 3215 sit
544 3149 853 3232 acquisita
886 3171 902 3213 ε
933 3150 997 3213 et
1020 3150 1340 3231 quantum
1363 3145 1443 3211 ad
1470 3145 1638 3211 hanc
1668 3164 1819 3229 pro-

276 3259 563 3323 fecerunt
594 3256 811 3338 angeli
850 3254 1203 3320 secundum
1245 3272 1610 3336 processum
1649 3256 1821 3318 tem-

277 3366 448 3450 poris
518 3382 633 3448 per
689 3362 1109 3446 multiplicem
1181 3361 1643 3444 experientiam
1675 3408 1693 3441 ‚
1757 3366 1822 3427 et

278 3473 760 3539 conversionem
786 3489 981 3554 super
1006 3469 1108 3533 his
1135 3486 1282 3552 quae
1310 3469 1387 3533 de
1426 3487 1597 3533 novo
1628 3470 1814 3534 flunt.

279 3580 583 3648 Similiter
606 3577 889 3661 cognitio
914 3595 956 3641 a
977 3577 1188 3659 gratia
1220 3575 1458 3659 duplex
1487 3580 1618 3641 est:
1645 3595 1821 3660 quae-

278 3687 426 3752 dam
453 3705 495 3751 a
518 3686 727 3767 gratia
751 3686 904 3763 fixa,
932 3684 1230 3767 quaedam
1258 3701 1298 3747 a
1325 3683 1532 3763 gratia
1557 3684 1816 3750 fluente.

279 3793 454 3859 Sicut
465 3794 640 3858 enim
651 3793 722 3856 in
733 3792 1039 3857 membris
1052 3790 1485 3874 corporalibus
1492 3796 1822 3873 ponuntur

279 3902 577 3986 quaedam
618 3902 891 3966 virtutes
932 3900 1203 3963 fluentes
1223 3946 1241 3977 ,
1291 3899 1589 3981 quaedam
1631 3900 1814 3980 fixae3

278 4009 415 4074 sive
445 4008 579 4072 vita
604 4007 898 4091 quasdam
922 4006 1152 4086 fluens»,
1189 4005 1488 4088 quaedam
1520 4006 1654 4070 fixa
1689 4030 1703 4071 :
1732 4007 1822 4072 sic

278 4114 769 4198 intelligendum
811 4116 905 4178 est
940 4116 1005 4177 et
1047 4112 1115 4176 in
1144 4112 1579 4195 spiritualibus
1613 4131 1817 4177 mem-

277 4222 413 4287 bris
431 4270 450 4300 ‚
498 4221 636 4287 sive
676 4220 1004 4304 spiritibus
1047 4218 1353 4300 angelicis
1369 4267 1387 4298 ,
1426 4218 1579 4301 quia
1613 4219 1821 4300 gratia

279 4329 410 4393 fixa
449 4327 681 4392 dicitur
724 4344 860 4392 esse
899 4327 1105 4407 gratia
1143 4325 1662 4391 confirmationis.
1703 4326 1819 4391 Co·

278 4436 485 4519 gnitio
537 4436 882 4518 procedens
935 4436 1017 4499 ab
1078 4434 1200 4498 hac
1255 4433 1462 4515 gratia
1514 4435 1610 4498 est
1659 4432 1822 4498 visio

281 4547 541 4609 aeternae
564 4542 727 4608 lucis
742 4591 761 4622 ‚
792 4542 863 4606 in
892 4559 1022 4625 qua
1050 4559 1169 4606 nec
1199 4541 1543 4623 proficiunt
1569 4541 1784 4622 angeli
1799 4590 1818 4622 ‚

281 4669 399 4717 nec
456 4650 858 4729 decrescunt3
912 4648 1190 4731 cognitio
1237 4666 1392 4714 vero
1453 4667 1602 4731 quas
1644 4653 1737 4714 aet
1783 4668 1824 4714 a

281 4759 491 4843 gratia
520 4758 783 4837 fluente,
805 4763 902 4823 aet
922 4756 1203 4840 cognitio
1227 4755 1656 4836 revelationis,
1676 4776 1824 4841 quae

282 4870 425 4935 ideo
453 4871 721 4933 vocatur
737 4867 966 4945 fluens,
986 4865 1140 4948 quia
1162 4883 1293 4928 non
1313 4881 1564 4947 semper
1585 4863 1826 4930 revelat

283 4977 451 5042 Deus
478 4973 783 5058 mysteria
803 5022 822 5052 ‚
856 4972 965 5037 sed
995 4990 1112 5055 pro
1136 4972 1275 5037 loco
1300 4975 1366 5036 et
1389 4975 1674 5055 tempore
1711 4994 1728 5037 ε
1761 4975 1826 5038 et

284 5083 639 5151 secundum
678 5082 845 5145 hanc
886 5079 1187 5161 intelligit
1224 5077 1522 5161 Magister
1560 5079 1825 5161 angelos

348 5210 539 5274 ¹Aug.‚
565 5206 627 5257 de
656 5205 797 5257 Geta·
817 5203 889 5255 ad
903 5204 1031 5266 litt„
1053 5203 1142 5254 lib.
1166 5204 1310 5264 vin,
1339 5218 1386 5254 c.
1406 5215 1490 5266 xx,
1519 5214 1652 5268 xxn,
1670 5216 1823 5255 xxm.

285 5283 372 5321 —2
388 5281 470 5345 Cf.
501 5277 748 5330 Alexand.
776 5277 993 5341 Alensis,
1016 5290 1070 5341 p.
1096 5277 1141 5327 11
1159 5313 1177 5342 ,
1212 5290 1261 5341 q.
1290 5287 1399 5341 m,
1422 5276 1609 5326 memb.
1632 5280 1656 5327 1
1687 5280 1739 5326 et
1762 5279 1791 5326 2
1805 5292 1824 5340 3

286 5355 340 5408 S.
367 5355 574 5415 Thom.‚
603 5365 657 5414 p.
683 5350 738 5413 Ι,
765 5364 816 5415 q.
843 5361 971 5401 cx111
990 5385 1004 5410 ,
1033 5351 1127 5399 art.
1162 5354 1180 5399 ι
1202 5364 1219 5412 ;
1250 5349 1369 5401 etl!
1401 5348 1563 5413 Sene„
1595 5347 1715 5399 dist.
1736 5360 1824 5414 11,

287 5441 337 5493 q.
360 5439 398 5495 1,
423 5431 518 5478 art.
542 5429 603 5489 13
625 5426 787 5490 scot„
810 5424 852 5475 ΙΙ
878 5423 1039 5486 sent„
1060 5422 1177 5473 dist.
1198 5434 1274 5488 ιι,
1304 5436 1355 5494 q.
1382 5435 1431 5485 13
1461 5422 1629 5490 AEgid.
1651 5423 1821 5487 Rom.,

3341 446 3462 509 505

1917 571 2132 653 magis
2160 572 2516 655 profecisse,
2548 593 2681 641 non
2709 577 2864 660 quia
2886 578 3167 662 apertius
3185 577 3466 644 viderint

1914 679 2197 746 Verbum
2219 731 2237 760 ‚
2273 683 2381 747 sed
2409 684 2561 767 quia
2583 686 2888 752 revelatio
2916 687 3130 771 aliqua
3164 688 3329 752 facta
3370 692 3466 754 est

1916 787 2007 851 eis
2042 807 2082 852 a
2123 786 2353 854 Verbo.
2396 791 2497 856 Ad
2535 792 2692 858 illud
2719 793 2889 876 quod
2931 794 3251 876 objicitur,
3289 795 3462 877 quod

1914 913 2047 960 non
2072 897 2442 978 proficiunt,
2475 899 2630 981 quia
2663 900 2882 965 vident
2911 902 3160 981 omnia,
3188 902 3463 969 videndo

1916 1000 2232 1081 Verbum3
2277 1003 2614 1070 dicendum
2650 1008 2822 1090 quod
2861 1008 3019 1073 illud
3073 1008 3315 1074 dictum
3369 1014 3464 1075 est

1915 1125 2047 1171 non
2085 1127 2199 1191 per
2240 1110 2689 1193 proprietatem
2707 1162 2725 1193 ,
2757 1113 2867 1179 sed
2909 1132 3025 1197 per
3069 1113 3463 1197 aequivalen-

1914 1212 2073 1277 tiam
2114 1219 2177 1279 et
2211 1216 2654 1283 sufficientiam
2681 1268 2698 1298 ,
2745 1220 2903 1302 quia
2948 1220 3228 1303 cognitio
3269 1220 3463 1286 solius

1917 1317 2110 1384 Verbi
2138 1321 2296 1387 adeo
2321 1323 2554 1388 sufficit
2576 1325 2822 1407 angelis
2838 1375 2857 1405 ‚
2886 1325 3051 1391 sicut
3075 1327 3131 1390 si
3157 1326 3465 1393 haberent

1917 1426 2351 1508 cognitionem
2379 1428 2589 1493 omnis
2613 1430 2728 1510 rei,
2758 1431 2950 1495 etiam
2973 1431 3043 1495 in
3071 1432 3459 1515 particulari.

1916 1531 2015 1597 Ad
2044 1532 2202 1597 illud
2225 1534 2399 1617 quod
2425 1535 2743 1618 obiicitur,
2764 1537 2938 1620 quod
2964 1537 3183 1603 vident
3200 1557 3462 1606 omnem

1918 1639 2253 1720 rationem,
2266 1633 2791 1725 dicendum'quod
2801 1645 3131 1725 speculum
3144 1648 3464 1712 aeternum

1919 1751 2012 1811 est
2035 1748 2367 1831 speculum
2391 1749 2851 1832 voluntarium,
2873 1756 2937 1817 et
2948 1754 3277 1837 exemplar
3308 1754 3464 1821 illud

1919 1857 2014 1918 est
2047 1854 2409 1919 voluntarie
2449 1856 2784 1922 ductivum
2827 1882 2842 1923 :
2887 1858 3029 1924 ideo
3051 1909 3069 1940 ,
3115 1866 3461 1944 quantum-

1918 1980 2198 2044 cumque
2223 1963 2370 2044 quis
2392 1963 2461 2026 in
2495 1982 2571 2029 eo
2597 1965 2880 2047 aspiciat,
2904 1966 3066 2030 nihil
3084 1967 3153 2032 in
3170 1987 3247 2034 eo
3264 1970 3459 2049 videt,

1919 2070 2044 2134 nisi
2073 2074 2393 2154 quantum
2433 2071 2575 2137 vult
2620 2072 2925 2137 revelare.
2965 2074 3065 2139 Ad
3110 2075 3269 2140 illud
3308 2095 3465 2142 vero

1920 2177 2091 2260 quod
2123 2177 2419 2261 objicitur
2445 2177 2523 2243 de
2557 2180 3085 2245 transmutatione
3121 2184 3425 2265 temporis
3441 2234 3460 2264 ‚

1920 2284 2261 2349 dicendum
2315 2285 2487 2368 quod
2543 2286 2661 2350 etsi
2725 2287 3005 2369 cognitio
3060 2289 3467 2355 beatitudinis

1921 2392 2196 2474 tempori
2225 2410 2355 2457 non
2383 2394 2743 2476 subjaceat,
2773 2397 2985 2459 tamen
3025 2395 3423 2477 cognitiones
3443 2445 3462 2477 ,
3500 2450 3505 2455 .

1921 2501 1986 2562 et
2011 2498 2373 2564 affectiones
2393 2548 2412 2580 ,
2447 2503 2513 2564 et
2537 2500 2731 2587 etiam
2758 2502 3172 2583 cogitationes
3198 2503 3466 2586 angelo-

1922 2622 2071 2673 rum
2100 2604 2267 2669 circa
2307 2623 2410 2670 res
2454 2610 2694 2671 creatas
2731 2607 2896 2671 nihil
2923 2608 3191 2691 impedit
3229 2609 3467 2676 variari

1922 2729 2032 2795 per
2056 2714 2366 2795 tempora.
2401 2713 2558 2778 Dicit
2583 2714 2757 2778 enim
2779 2714 3184 2796 Augustinus
3201 2723 3246 2797 ¹,
3275 2734 3469 2800 super

1929 2818 2219 2885 Genesim
2247 2819 2338 2886 ad
2363 2819 2663 2898 litteram,
2684 2822 2856 2904 quod
2883 2820 3051 2887 Deus
3076 2823 3466 2907 spiritualem

1924 2930 2282 2992 creaturam
2308 2931 2525 2993 movet
2550 2946 2664 3011 per
2687 2932 2999 3013 tempora,
3022 2948 3155 2995 non
3172 2949 3286 3014 per
3302 2931 3462 2998 loca.

1925 3031 2002 3098 Et
2029 3035 2171 3099 haec
2197 3034 2274 3100 de
2299 3035 2548 3118 angelis
2574 3034 2741 3100 dicta
2764 3037 3104 3103 sufficiant.

2400 3288 2890 3359 ARTICULUS
2935 3291 2987 3359 Ι.

2006 3464 2105 3530 Ad
2135 3465 2620 3549 intelligentiam
2660 3468 2862 3551 hujus
2903 3469 3099 3552 partis
3129 3471 3293 3536 circa
3339 3471 3469 3538 duo
3507 3545 3514 3554 ‚

1926 3572 2150 3639 incidit
2183 3574 2324 3638 haec
2350 3574 2658 3640 dubitatio
2702 3594 2719 3639 ε
2753 3576 2965 3658 primo
3008 3577 3176 3642 circa
3203 3580 3471 3661 angelo-

1927 3699 2079 3746 rum
2120 3681 2498 3762 custodiam;
2550 3683 2828 3749 secundo
2869 3685 3037 3749 circa
3083 3687 3143 3750 ei
3193 3705 3468 3753 annexa.

1928 3789 2256 3866 Quantum
2273 3789 2354 3853 ad
2371 3790 2656 3872 primum
2675 3795 3059 3874 quaeruntur
3079 3793 3202 3857 tria
3225 3817 3240 3859 ε
3264 3794 3473 3877 primo

1927 3896 2244 3979 quaeritur
2282 3900 2507 3961 utrum
2544 3898 2758 3978 angeli
2804 3899 3098 3982 deputari
3140 3900 3474 3965 debuerint

1928 4003 2009 4067 ad
2027 4002 2376 4068 custodiam
2393 4004 2673 4067 hominis
2686 4004 2843 4087 lapsi
2858 4024 2876 4085 ;
2899 4006 3203 4086 secundo,
3223 4010 3468 4085 utrum,

1929 4108 1984 4172 si
2024 4109 2220 4174 homo
2254 4111 2558 4191 stetisset,
2589 4111 2872 4195 deputati
2907 4112 3179 4178 fuissent
3211 4114 3292 4178 ad
3318 4133 3472 4179 cus-

1928 4217 2168 4283 todiam
2231 4217 2512 4283 hominis
2568 4218 2843 4284 instituti
2874 4240 2892 4296 ;
2957 4220 3142 4286 tertio
3165 4269 3184 4301 ‚
3249 4225 3473 4285 utrum

1929 4325 2159 4408 aliquis
2186 4326 2458 4407 angelus
2502 4325 2845 4410 deputatus
2883 4327 2966 4391 sit
3002 4327 3084 4393 ad
3122 4328 3473 4393 custodiam

1929 4431 2182 4498 Christi.

2460 4582 2817 4661 QUAESTIO
2860 4584 2909 4650 1.

1935 4729 2029 4787 An
2056 4731 2243 4802 anqeli
2270 4729 2549 4786 debuerint
2583 4730 2841 4850 deputgm’
2868 4730 2943 4788 ad
2962 4730 3259 4789 custodiam
3296 4734 3472 4792 homi-

2622 4834 2710 4875 ms
2770 4861 2784 4875 .

2013 4969 2190 5036 Circa
2226 4988 2422 5053 quam
2459 4971 2549 5035 sic
2587 4971 2973 5053 proceditur,
3020 4974 3085 5037 et
3121 4974 3477 5040 ostenditur
3510 5002 3579 5048 Aa
3611 5016 3714 5060 opp.

1933 5077 2109 5161 quod
2134 5078 2352 5159 angeli
2376 5096 2506 5143 non
2538 5077 2871 5143 debuerint
2902 5078 3194 5161 deputari
3218 5081 3298 5146 ad
3327 5099 3478 5147 cus-

1936 5277 1980 5328 11
2014 5275 2173 5342 Sene„
2205 5275 2322 5328 dist.
2341 5287 2431 5342 11,
2459 5290 2510 5341 q.
2531 5288 2574 5339 1,
2600 5277 2698 5326 art.
2719 5280 2779 5339 13
2811 5275 3222 5343 Altisiodorens„
3249 5279 3293 5330 11
3318 5279 3479 5343 Seni„

1936 5353 2081 5401 met.
2105 5361 2181 5413 w,
2213 5365 2258 5401 c.
2283 5362 2367 5414 1v;
2395 5350 2574 5414 Steph.
2595 5348 2804 5412 Brulet„
2832 5352 2876 5401 Π
2906 5350 3068 5416 Sent„
3094 5351 3213 5404 dist.
3232 5355 3291 5403 Χῖ
3309 5388 3327 5417 ,
3350 5367 3402 5418 q.
3424 5365 3474 5418 1;

1939 5422 2092 5476 Gabr.
2115 5421 2255 5485 Biel,
2285 5422 2328 5473 ll
2355 5423 2515 5486 Sem„
2542 5421 2659 5474 dist.
2688 5432 2741 5471 xt
2760 5458 2779 5492 ‚
2808 5435 2859 5487 q.
2881 5434 2919 5478 1.
